2533 3808
158 253 207 286 53
891 235 1143 274 SCHOLIA
1179 235 1239 273 IN
1275 235 1537 283 EQUITES.

154 336 225 374 τοῖς
241 327 389 381 βοϊδίοις.
406 328 426 371 ἡ
440 324 505 377 γὰρ
520 326 581 361 τοῦ
601 321 676 374 βοὸς
697 318 812 358 κοιλία
839 318 973 370 βόλιτον
988 318 1075 370 ἔχει.
1092 317 1187 369 λέγει

156 387 191 426 δὲ
207 387 348 441 φαύλοις
364 381 555 430 εἴδεσιν[ἐν
573 380 703 429 αὐτοῖς]
731 377 942 427 ἡττώμενος.
961 376 1125 427 [Ἀττικοὶ
1153 376 1188 414 δὲ

154 445 243 483 οὕτω
258 443 395 493 λέγουσι
419 439 524 491 χωρὶς
541 441 600 475 τοῦ
629 440 660 488 β,
686 436 769 488 ὅπερ
791 438 893 485 ἡμεῖς
922 435 1080 487 βόλὸιτον
1093 434 1189 486 λέγο-

155 519 228 553 μεν.
248 501 392 552 βολίτοις
406 498 440 535 δὲ
452 528 461 544 ,
482 496 532 534 ὅτι
549 495 627 548 περὶ
646 497 734 546 βοῶν
757 496 774 531 ὃ
798 493 907 544 λόγος·
924 492 983 531 καὶ
999 492 1187 545 παροιμία,

115 583 132 608 5
156 560 290 612 βολίτου
305 558 394 603 δίκη,
408 556 490 608 πρὸς
507 554 583 597 τοὺς
603 553 659 591 ἐπὶ
680 557 813 604 μικροῖς
830 552 927 595 δίκας
949 551 1151 602 ὑπέχοντας·
1170 554 1188 588 ὁ

150 617 215 669 γὰρ
231 616 387 658 Σόλωνος
403 614 505 664 νόμος
521 612 580 650 καὶ
603 611 680 654 τοὺς
709 611 844 663 βόλιτον
872 611 1099 663 ὑφελομένους
1125 625 1187 647 κο-

148 676 255 719 λάζει.
282 672 536 726 ὑπερηκόντισα
563 670 616 717 δὲ,
644 670 807 717 ἐνίκησα,
831 671 870 707 ἐκ
896 674 1092 722 μεταφορᾶς
1119 671 1187 705 τῶν

148 739 218 776 τοῖς
234 731 399 774 ἀκοντίοις
413 730 612 781 νικώντων]

199 811 262 836 660.
292 800 335 849 τῇ
362 797 390 833 δ’
414 793 599 847 Ἀγροτέρᾳ
626 807 634 832 :
660 794 715 844 Τῇ
734 790 918 843 Ἀρτέμιδι.
945 790 1037 834 ἰδίως
1062 789 1129 841 γὰρ
1155 792 1186 828 οἱ

95 877 128 903 10
147 856 318 902 Ἀθηναῖοι
343 853 482 892 σέὸουσι
511 852 571 890 καὶ
599 854 727 902 τιμῶσι
752 849 815 896 τὴν
835 849 1036 903 Ἀγροτέραν
1066 848 1185 902 Ἄρτε-

147 930 218 965 μιν.
274 913 418 955 Ἄλλως.
437 910 471 955 ἐξ
490 909 655 962 ἱστορίας.
672 908 902 960 Καλλίμαχος
927 911 944 946 ὃ
961 907 1185 960 πολέμαρχος

144 971 282 1022 λέγεται
307 969 468 1014 εὔξασθαι
501 971 544 1020 τῇ
563 967 739 1020 Ἀρτέμιδι
761 966 931 1009 τοσαύτας
959 970 1039 1018 βοῦς
1065 970 1185 1014 θῦσαι,

145 1030 242 1074 ὅσους
259 1029 300 1067 διν
317 1027 464 1082 φονεύσῃ
494 1025 689 1079 βαρδάρους
710 1027 743 1063 ἐν
768 1027 972 1078 Μαραθῶνι.
1003 1024 1120 1069 ἐπειδὴ
1148 1024 1183 1061 δὲ

145 1088 268 1127 πολλοὶ
292 1086 532 1140 ἐφονεύθησαν,
562 1084 610 1135 μὴ
635 1083 818 1134 δυνάμενος
844 1081 1013 1126 τοσαύτας
1039 1085 1116 1134 βοῦς
1133 1085 1185 1119 θῦ-

92 1173 126 1199 15
147 1163 227 1194 σαι,
257 1147 353 1184 ἔθυσε
384 1143 565 1197 χιμαίρας.
598 1142 779 1195 παρῄνεσα
813 1141 867 1188 δὲ,
909 1141 1183 1188 συνεὲούλευσα,

145 1205 388 1257 εἰσηγησάμην
412 1200 611 1248 Ἀθηναίοις.
632 1225 684 1230 -
705 1200 743 1238 τὸ
761 1201 795 1238 δὲ
825 1201 947 1251 χιλιῶν
974 1202 1183 1252 περισπῶσι.

143 1272 226 1302 Ven.

195 1336 258 1360 662.
290 1323 325 1359 αἱ
345 1319 493 1373 τριχίδες
517 1331 525 1356 2
546 1311 647 1361 Εἶδος
668 1316 804 1369 ἰχθύων,
833 1316 873 1360 ἃς
891 1316 1031 1369 θρίσσας
1050 1317 1182 1353 καλοῦ-

144 1396 219 1431 μεν.
238 1379 296 1417 καὶ
314 1380 467 1429 ἀλλαχοῦ
490 1379 590 1428 [Ε661.
614 1377 662 1426 56]
700 1394 715 1408 «
743 1374 868 1421 ἔὸηττε
896 1373 959 1420 τὴν
981 1373 1074 1425 νύχθ’
1096 1372 1180 1419 ὅλην

89 1455 125 1490 2‘0
145 1438 306 1492 τριχίδων
326 1436 579 1486 πεπλησμένος.
594 1454 608 1468 n

194 1516 257 1540 663.
287 1500 541 1553 ἐκαραδόκησεν
577 1512 586 1538 :
622 1498 712 1536 Ἀντὶ
744 1500 802 1534 τοῦ
835 1496 1038 1547 ἐπέὸλεψεν.
1060 1494 1082 1541 ἢ
1104 1494 1181 1544 ἐμοὶ

141 1560 345 1613 προσέθεντο
381 1559 444 1605 τὴν
490 1557 644 1611 κεφαλὴν
683 1554 964 1607 μετεωρίσαντες.
1008 1552 1106 1606 παρὰ
1143 1553 1182 1591 τὸ

142 1617 334 1671 (Ομηρικὸν
367 1623 420 1664 [ΙΙ.
456 1625 498 1664 Σ,
526 1621 591 1662 488]
619 1634 634 1648 u
660 1614 719 1652 καί
739 1615 768 1651 τ’
795 1613 950 1666 Ὠρίωνα
976 1611 1135 1663 [δοκεύει.
1166 1630 1180 1646 υ

139 1675 319 1729 ἐφληνάφα
340 1675 388 1723 δὲ,
410 1674 590 1728 ἐφλυάρει,
609 1672 829 1723 ἐξηυτέλιζε].

193 1755 255 1779 665.
286 1735 361 1793 κᾷθ’
397 1735 508 1778 εἷλκον
539 1739 642 1777 αὐτὸν
673 1751 682 1777 :
723 1731 813 1776 Εἶτα
849 1730 961 1774 εἷλκον
988 1736 1091 1773 αὐτὸν
1120 1734 1180 1773 καὶ

140 1799 282 1844 ἐξώθουν
302 1803 363 1845 τῆς
385 1800 521 1850 βουλῆς.

161 1878 169 1885 ·
192 1866 222 1902 οἱ
240 1863 423 1916 πρυτάνεις
447 1876 455 1901 ;
472 1864 518 1901 Οἳ
539 1862 753 1913 προεστῶτες
773 1862 834 1906 τῆς
855 1857 1022 1904 σιτήσεως
1044 1857 1179 1896 καὶτοῦ

140 1922 251 1973 δήμου
279 1922 440 1975 ἄρχοντες
456 1919 639 1972 ὑπηρέται.

192 2001 255 2025 663.
285 1985 327 2023 ἵν’
358 1986 465 2023 άτθίἳ
492 1984 598 2037 κῆρυξ
626 1997 634 2022 :
656 1985 780 2021 Ταῦτα
808 1983 854 2024 εἷς
875 1980 937 2026 τὴν
961 1980 1100 2026 ἀπάτην
1121 1985 1180 2019 τοῦ

84 2072 119 2096 31»
143 2044 299 2088 Κλέωνος
318 2044 379 2091 τὴν
399 2046 445 2087 εἰς
466 2043 523 2081 τὸν
542 2044 663 2093 δῆμον.
683 2041 716 2085 ἐξ
736 2040 887 2092 ἱστορίας
915 2039 950 2077 δὲ
969 2043 1081 2078 τοῦτο.
1105 2042 1182 2078 Λα-

138 2101 375 2154 κεδαιμονίους
405 2101 472 2154 γὰρ
503 2100 583 2152 περὶ
618 2099 755 2151 εἰρήνης
790 2097 1088 2149 πρεσὸευομένους
1119 2100 1180 2136 οὐκ

138 2162 295 2205 ἐδέξαντο
314 2159 470 2202 Κλέωνος
485 2157 715 2200 κωλύσαντος.

87 1773 120 1797 25

190 2240 253 2264 670.
292 2224 326 2269 ἐξ
365 2224 437 2267 ἑνὸς
471 2221 643 2273 στόματος
677 2234 685 2260 :
726 2218 971 2271 Ὁμοθυμαδὸν
1009 2218 1070 2257 καὶ
1116 2226 1179 2272 μιᾷ

137 2299 246 2336 φωνῃ.
1155 2329 1175 2337 ...

190 2356 251 2380 671.
283 2335 310 2379 ῶ
348 2340 430 2391 μέλε
468 2354 477 2379 :
512 2338 752 2393 Πρόσφθεγμα
784 2336 938 2376 Ἀττικὸν
968 2335 1043 2374 ἀντὶ
1067 2339 1127 2374 τοῦ
1150 2339 1178 2374 ὠ

137 2401 301 2447 κάκιστε,
322 2398 343 2445 ἢ
364 2398 726 2448 κακοδαιμονέστατε,
749 2396 771 2443 ἢ
798 2395 1011 2448 οἷκτρότατε.
1041 2394 1178 2448 παρέλ-

138 2474 190 2496 κει
205 2457 240 2495 δὲ
260 2458 298 2495 τὸ
319 2452 346 2495 ῶ
365 2457 460 2508 μέλε.
481 2457 594 2508 [ἀξίας
609 2456 664 2503 δὲ,
687 2454 859 2504 εὐώνους]

83 2383 116 2407 35

189 2535 253 2560 672.
298 2520 544 2566 ἐπυνθάνοντο,
563 2520 702 2570 ἔμαθον,
725 2518 747 2564 ἢ
768 2518 935 2569 ἔγνωσαν.
954 2522 994 2552 V.

190 2594 255 2619 673.
287 2583 304 2617 ὃ
332 2579 483 2629 πόλεμος
516 2578 648 2630 ἑρπέτω
676 2592 685 2616 z
722 2577 900 2629 Γράφεται
927 2574 1072 2627 ἐρρέτω,
1099 2590 1179 2612 του-

136 2637 230 2676 τέστι
251 2637 424 2690 χαιρέτω,
442 2636 462 2674 δ’
488 2638 594 2683 ἐστιν,
623 2635 786 2685 οὐδεμίαν
811 2633 974 2686 φροντίδα
993 2636 1052 2669 τοῦ
1075 2632 1179 2670 πολέ-

137 2712 201 2746 μου
225 2700 403 2746 ποιοῦμεν.

188 2774 251 2799 675.
300 2758 525 2810 ὑπερεπήδων
557 2771 565 2796 :
601 2756 674 2796 Καὶ
708 2755 805 2799 εὐθὺς
841 2753 1076 2807 ὑπερήλλοντο
1114 2752 1175 2790 καὶ

82 2870 86 2873 ι
137 2818 380 2870 ὑπερεπήδων,
402 2816 560 2855 τουτέστι
580 2818 740 2868 δρομαῒοι
760 2812 956 2864 ἠπείγοντο.
979 2810 1035 2849 διὰ
1060 2811 1095 2848 δὲ
1117 2815 1178 2858 τῆς

137 2877 286 2922 σπουδῆς
301 2875 364 2922 τὴν
383 2874 536 2927 λιχνείαν
564 2874 770 2912 ἐνδείκνυσιν
788 2873 913 2909 αὐτῶν.

189 2939 265 2982 τοὺς
288 2939 499 2992 δρυφάκτους
519 2953 527 2977 :
557 2938 614 2977 Τὰ
643 2942 700 2975 νῦν
717 2935 937 2986 ταὸλώματα
962 2933 1175 2984 καλούμενα.

82 3007 117 3040 45
136 2997 179 3035 τὰ
201 3000 268 3035 τῶν
287 2997 575 3048 οἰκοδομημάτων
596 2996 758 3048 ἐξέχοντα
782 2995 879 3039 ξύλα·
905 2993 928 3040 ἢ
943 2992 986 3031 τὰ
1009 2992 1176 3043 κάγκελα,

137 3055 347 3108 δρυόφακτός
372 3071 423 3098 τις
442 3055 501 3093 ὤν.
529 3058 559 3092 οἱ
587 3054 653 3107 γὰρ
675 3057 816 3106 ἀρχαῖοι
843 3059 913 3090 πᾶν
941 3051 1076 3104 δένδρον
1099 3052 1178 3103 δρῦν

138 3114 298 3160 ἐκάλουν,
319 3112 436 3165 ὥσπερ
460 3113 519 3150 καὶ
537 3113 707 3165 ἀκρόδρυα
727 3113 771 3149 τὰ
801 3111 892 3163 ἄκρα
923 3112 990 3148 τῶν
1020 3108 1177 3162 δένδρων.

136 3171 314 3219 τουτέστιν,
332 3174 350 3209 ὁ
373 3173 412 3208 ἐκ
440 3171 536 3223 δρυὸς
561 3170 731 3223 φραγμός.

191 3250 255 3275 677.
285 3235 408 3286 γήτεια
427 3248 435 3273 ;
456 3229 556 3277 Εἶδος
577 3234 731 3285 λαχάνου
750 3233 890 3286 ἀγρίου,
907 3230 1091 3283 παρεοικὸς
1110 3236 1180 3273 τοῖς

85 3301 118 3327 50
137 3296 269 3337 λευκοῖς
302 3293 458 3345 πράσοις.
493 3292 552 3330 καὶ
582 3297 684 3330 τοῦτο
716 3291 857 3341 ἥδυσμα
892 3293 938 3332 ὡς
961 3290 1000 3327 τὸ
1025 3288 1179 3339 ἀμπελό-

138 3367 282 3406 πρασον.

193 3425 256 3451 678.
288 3410 416 3450 ἐδίδουν
443 3409 655 3460 ἦδύσματαῖ
684 3406 902 3460 Ἀρτύματα,
929 3404 1046 3459 φησὶν,
1065 3404 1180 3447 αὐτοῖς

1247 320 1471 372 ἐχαριζόμην.
1502 319 1632 364 οἰκείως
1658 319 1693 358 δὲ
1714 322 1759 365 ὡς
1784 321 1947 374 μάγειρος
1977 321 2088 360 ἐδίδου
2113 322 2157 361 τὰ
2179 323 2284 376 ἀρτύ-

1247 392 1354 427 ματα.

1298 447 1362 473 680.
1393 435 1724 494 ὑπερεπππάζοντο
1756 436 1960 488 εΓράφεται
1983 437 2044 475 καὶ
2061 438 2283 490 ὃπερεπλήσ-

1245 492 1346 530 σοντό
1370 508 1430 542 με,
1453 497 1523 531 οἷον
1542 494 1826 540 κατεπλήσσοντό
1853 510 1896 544 με
1920 495 1980 533 καὶ
1998 495 2060 542 τὴν
2084 496 2284 549 φιλοτιμίαν

1246 550 1439 601 ἐθαύμαζον
1472 550 1535 597 τὴν
1562 551 1663 601 ἐμήν.
1694 551 1847 603 διασύρει
1879 552 1914 589 δὲ
1946 553 2067 597 αὐτοὺς
2096 557 2141 597 ὡς
2166 570 2283 607 μικρο-
2302 575 2318 599 5

1246 608 1463 659 θαυμάστους
1496 608 1556 646 καὶ
1591 608 1727 660 ταχέως
1763 610 2012 660 ἀπατωμένους
2046 611 2151 664 ὀλίγῳ
2184 613 2284 662 λήμ-

1246 683 1343 718 [Λατῑ.

1299 725 1590 778 ὑπερεπύππαζον
1603 738 1612 764 :
1626 724 1781 769 Πύππαξ
1792 724 2002 778 ἐπεφώνουν,
2011 725 2028 763 δ
2038 727 2139 777 ἡμεῖς
2150 728 2287 765 ποππύ-

1245 786 1312 828 ζειν
1328 783 1488 836 λέγομεν.

1296 857 1360 882 682.
1400 842 1588 880 ἀναλαὸὼν
1618 855 1627 881 :
1655 841 1912 893 Συναρπάσας,
1941 841 2126 895 κουφίσας,
2158 858 2285 892 μετεω-
2309 863 2341 888 10

1245 901 1358 951 ρίσας,
1376 901 1551 939 τουτέστιν
1575 903 1620 944 εἷς
1641 900 1792 951 ἐμαυτὸν
1811 903 1853 952 τῇ
1881 900 1996 954 εὐνοία
2015 899 2138 943 πείσας
2157 900 2284 954 ῥέπειν.

1243 962 1368 1003 ἱκανῶς
1383 959 1417 997 δὲ
1432 958 1644 1012 ἐκωμῴδησε
1663 958 1739 1001 τοὺς
1753 958 1963 1004 Ἀθηναίους.
1987 957 2169 1011 [κορίαννα
2185 958 2221 996 δὲ
2238 961 2287 996 εἶ·-

1244 1019 1297 1062 δος
1333 1018 1498 1070 βοτάνης,
1525 1018 1583 1055 τὸν
1614 1021 1672 1054 νῦν
1696 1017 1926 1070 κολίανδρον.]

1295 1090 1358 1115 683.
1390 1077 1513 1123 διπλῆ,
1539 1075 1590 1113 ὅτι
1610 1075 1730 1113 ἕπεται
1753 1079 1774 1121 ἡ
1801 1075 2024 1127 ἀντίστροφος
2042 1077 2104 1121 τῆς
2125 1091 2288 1128 προαπο-

1243 1134 1437 1185 δεδομένης.
1452 1136 1498 1174 V.
1529 1135 1563 1185 [ὃ
1578 1138 1772 1185 πανοῦργος
1791 1147 1799 1172 :
1817 1133 1862 1172 ‘O
1887 1132 2009 1172 Κλέων
2036 1133 2094 1170 τὸν
2118 1135 2287 1171 ἀλλαντο-
2310 1152 2341 1176 15

1241 1192 1376 1238 πώλην.
1403 1192 1617 1242 κεκασμένον
1644 1191 1698 1238 δὲ,
1728 1191 2006 1242 κεκοσμημένον.
2034 1191 2204 1236 ποικίλοις
2223 1191 2284 1242 δὲ,

1241 1253 1381 1294 πολλοῖς
1404 1251 1463 1288 καὶ
1491 1251 1678 1303 διαφόροις.
1702 1249 1875 1300 αἱμυλίοις
1915 1249 1970 1298 δὲ,
1999 1254 2069 1293 τοῖς
2096 1250 2288 1302 προσηνέσι

1241 1309 1300 1346 καὶ
1320 1310 1513 1359 ἐπαγωγοῖς
1532 1307 1553 1353 ἢ
1575 1309 1831 1359 ἀπατητικοῗς.]

1294 1380 1356 1404 685.
1387 1368 1527 1409 πολλοῖς
1544 1366 1602 1403 καὶ
1621 1365 1804 1418 διαφόροις.
1826 1372 1866 1402 V.

1293 1439 1356 1464 686.
1387 1428 1456 1468 τοῖς
1482 1423 1671 1477 προσηνέσι
1693 1423 1753 1461 καὶ
1775 1426 1979 1474 ἐπαγωγοῖς.
2008 1423 2031 1470 ἢ
2054 1424 2124 1467 τοῖς
2141 1424 2279 1471 ἀπατη-
2305 1440 2340 1465 20

1240 1489 1355 1526 τικοῖς.
1376 1490 1416 1519 V.

1293 1554 1355 1579 691.
1385 1540 1445 1579 καὶ
1463 1538 1531 1591 μὴν
1549 1542 1566 1578 ὃ
1588 1538 1794 1592 Παφλαγὼν
1817 1553 1825 1578 :
1847 1541 1964 1586 Διπλῆ
1985 1539 2045 1577 καὶ
2071 1538 2216 1582 εἵσθεσις
2239 1541 2287 1583 εἷς

1241 1598 1388 1648 ἰάμὸους
1415 1597 1616 1651 τριμέτρους
1646 1596 1910 1643 ἀκαταλήκτους
1934 1597 1993 1642 ξε’.
2022 1596 2098 1648 [ἐπὶ
2123 1599 2174 1650 τῷ
2196 1596 2287 1635 τέλει

1240 1656 1411 1710 κορωνίς.]

1293 1728 1357 1753 692.
1385 1715 1565 1764 κολόκυμα
1581 1727 1590 1753 2
1609 1713 1661 1752 Τὸ
1677 1713 1822 1751 κολοὸὸν
1840 1716 1936 1763 κῦμα
1948 1743 1960 1762 ,
1979 1712 2064 1765 δ’περ
2079 1712 2206 1766 τυφλὸν
2226 1714 2284 1752 διὰ
2301 1730 2336 1755 25

1240 1772 1278 1810 τὸ
1300 1772 1348 1823 μὴ
1369 1772 1558 1825 καχλάζειν
1584 1772 1757 1823 λέγουσιν.
1779 1771 1801 1818 ἢ
1823 1771 1862 1809 τὸ
1885 1773 2002 1809 κυλῖον
2025 1771 2084 1809 καὶ
2111 1771 2284 1825 ἐπιφέρον.

1240 1831 1370 1883 ὑψηλὸν
1393 1835 1489 1881 κῦμα
1517 1831 1577 1868 καὶ
1604 1830 1694 1881 μέγα
1725 1830 1794 1867 ἀπὸ
1817 1833 1879 1867 τοῦ
1908 1833 2139 1883 κορυφοῦσθαι
2164 1829 2286 1868 κυλιό-

1241 1905 1354 1940 μενον.
1371 1893 1471 1927 τοῦτο
1492 1888 1527 1926 δὲ
1552 1891 1597 1931 ὡς
1619 1888 1704 1941 πρὸς
1725 1888 1865 1938 ἄνεμον.
1922 1887 2067 1931 Ἄλλως.
2088 1886 2173 1940 ὅπερ
2197 1904 2285 1933 τινες

1239 1948 1355 2001 κωφὸν
1374 1949 1537 1995 καλοῦσι,
1564 1947 1603 1985 τὸ
1623 1947 1671 1998 μὴ
1699 1949 1850 1998 ἐπηχοῦν
1875 1946 1963 1997 μηδὲ
1988 1946 2176 1998 καχλάζον.
2200 1948 2286 2001 πρὸς

1238 2006 1300 2053 τὴν
1319 2006 1572 2059 προειρημένην
1590 2005 1626 2044 δὲ
1647 2005 1795 2052 ἀπειλὴν
1813 2005 1879 2043 ὑπὸ
1895 2009 1955 2043 τοῦ
1977 2005 2136 2049 Κλέωνος
2152 2006 2204 2044 ὅτι
2223 2006 2286 2053 τὴν
2305 2025 2341 2051 30

1239 2068 1302 2115 γῆν
1323 2064 1463 2118 ταράξει
1490 2064 1551 2102 καὶ
1571 2063 1633 2110 τὴν
1663 2063 1839 2102 θάλατταν
1869 2063 2087 2101 ἀποτείνεται
2111 2064 2298 2117 διασύρων,

1240 2123 1356 2170 αὐτὸν,
1378 2123 1430 2160 ὅτι
1449 2122 1555 2174 μηδὲν
1574 2122 1720 2175 ἔπραξεν
1741 2117 1788 2160 ὧν
1817 2121 2092 2174 προηπείλησεν,
2112 2123 2189 2161 ἀλλ’
2217 2118 2286 2170 ἧτ-

1238 2197 1296 2219 τον
1317 2181 1407 2233 ἔχων
1426 2182 1558 2227 ἀπῆλθε
1578 2184 1637 2218 τοῦ
1659 2180 1916 2232 Ἀγορακρίτου.

1291 2254 1354 2279 693.
1382 2241 1443 2291 [ὡς
1460 2239 1502 2286 δὴ
1523 2238 1780 2290 καταπιόμενός
1800 2254 1843 2288 με
1870 2252 1880 2277 1
1907 2238 1972 2282 ‘stc
1990 2238 2215 2292 ἐπικαλύψων
2240 2254 2284 2290 με

1238 2301 1286 2352 τῷ
1303 2298 1434 2350 κύματι
1446 2300 1598 2351 αἰσχρῶς
1615 2313 1657 2347 με
1676 2296 1812 2348 μέλλων
1828 2297 2042 2349 καταπιεῖν.]
2302 2315 2337 2341 35

1292 2357 1417 2410 μορμὼ
1433 2361 1493 2394 τοῦ
1520 2356 1667 2409 θράσους
1689 2368 1698 2394 :
1718 2355 1771 2394 Τὸ
1797 2353 2062 2408 μορμολύκειον,
2082 2355 2125 2402 ἣν
2144 2353 2284 2406 λέγουσι

1239 2416 1394 2466 Λάμιαν.
1423 2413 1663 2468 μορμολύκεια
1684 2412 1720 2451 δὲ
1747 2413 1865 2464 ἔλεγον
1891 2413 1935 2451 τὰ
1957 2412 2101 2466 φοὸερά.
2118 2412 2230 2451 λείπει
2247 2412 2284 2452 δὲ

1238 2473 1357 2519 τὸὼς,
1382 2475 1428 2515 ὡς
1446 2471 1584 2523 μορμώ.
1609 2470 1630 2517 ἢ
1657 2472 1941 2524 ἐπιρρηματικῶς
1960 2474 2017 2508 νῦν
2048 2469 2285 2519 ἐξενήνεκται,

1239 2532 1284 2573 ὡς
1307 2532 1336 2567 εἰ
1354 2529 1469 2580 ἐλεγέ,
1489 2533 1552 2582 φεῦ
1569 2533 1630 2566 τοῦ
1645 2528 1802 2580 θράσους.
1899 2579 1919 2586 ..

1291 2601 1356 2625 694.
1385 2590 1414 2624 εἰ
1443 2587 1491 2637 μή
1525 2586 1557 2624 σ’
1585 2586 1797 2635 ἀπολέσαιμι
1828 2598 1837 2624 z
1868 2587 1953 2623 Οἱον
1982 2584 2282 2637 διαμαρτήσαιμι,
2303 2605 2338 2631 ⁴0

1239 2645 1341 2697 φησὶ,
1357 2648 1418 2691 τῆς
1433 2644 1587 2691 ἐλπίδος,
1604 2643 1636 2681 εἴ
1651 2659 1689 2681 σε
1707 2642 1755 2693 μὴ
1771 2642 2002 2692 ἀπολέσαιμι,
2018 2642 2050 2679 εἴ
2061 2658 2094 2679 τι
2110 2645 2178 2680 τῶν
2190 2644 2284 2693 ἐμῶν

1238 2702 1439 2755 ὑποκρίναιο
1466 2701 1689 2755 ψευσμάτων.
1711 2700 1830 2746 ἐπειδὴ
1855 2699 2065 2753 ψευδόμενος
2092 2700 2153 2738 καὶ
2177 2703 2283 2740 ἀνθυ-

1237 2761 1487 2812 πισχνούμενος
1505 2759 1617 2804 ἔδοξεν
1636 2759 1738 2797 αὐτὸν
1757 2761 1774 2796 ὃ
1792 2757 2065 2805 ἀλλαντοπώλης
2082 2759 2285 2811 παρευδοκι-

1240 2822 1329 2869 μεῖν.
1386 2820 1530 2861 Ἄλλως.
1552 2817 1631 2854 εἴτι
1653 2820 1720 2854 τῶν
1741 2816 1884 2854 ἐνόντων
1905 2831 1962 2866 μοι
1982 2817 2116 2868 ψευδῶν
2135 2815 2284 2860 σώζεται

1238 2878 1298 2915 καὶ
1313 2877 1361 2928 μὴ
1381 2876 1588 2914 ἀπολώλεκα
1603 2875 1642 2913 τὸ
1662 2874 1862 2934 ψεύδεσθαι,
1883 2873 2113 2926 διαμάρτοιμι
2132 2873 2197 2912 καὶ
2213 2875 2284 2913 δια·
2301 2894 2337 2919 45

1240 2937 1384 2986 πέσοιμι
1404 2939 1606 2986 πανταχοῦ,
1623 2935 1652 2971 εἷ
1677 2933 1724 2983 μή
1744 2948 1781 2970 σε
1807 2931 1842 2976 ἐξ
1868 2932 2058 2970 ἀνθρώπων
2077 2932 2280 2983 ποιήσαιμι.

1239 2994 1456 3046 [διαπέσοιμι
1467 3023 1476 3040 ,
1488 2988 1555 3030 οἷον
1570 2991 1694 3039 μηκέτι
1711 2990 1782 3037 εἴην
1798 2997 2024 3043 συκοφάντης.
2037 2993 2282 3042 -πανταχῆἓ

1237 3053 1369 3096 (Όλως.
1396 3057 1446 3098 0.]

1291 3125 1354 3150 696.
1385 3110 1494 3157 ἥσθην
1513 3109 1669 3151 ἀπειλαῖς
1688 3120 1696 3146 :
1717 3106 1922 3160 Εὐφράνθην
1937 3121 1998 3144 σου
2014 3111 2090 3150 ταῖς
2103 3106 2280 3153 ἀπειλαῖς,

1238 3169 1394 3208 τουτέστι
1415 3169 1622 3220 καταφρονῶ
1640 3181 1700 3204 σου
1720 3167 1788 3203 τῶν
1819 3166 1971 3202 ἀπειλῶν
1991 3163 2051 3202 καὶ
2070 3163 2153 3216 παρ’
2180 3161 2276 3202 οὐδὲν
2299 3178 2334 3203 50

1240 3227 1346 3272 αὐτὰς
1361 3226 1514 3275 τίθεμαι.

1292 3283 1545 3338 ψολοκομπίαις
1594 3295 1603 3321 2
1642 3280 1962 3331 Αἰθαλοκομπίαις,
2005 3277 2282 3330 μεγαλοδοξίαις,

1239 3342 1498 3397 ψευδολογίαις,
1534 3339 1826 3392 μεγαληγορίαις,
1859 3338 2012 3381 καπνοῗς.
2052 3336 2120 3374 ἀπὸ
2149 3334 2185 3373 δὲ
2213 3338 2281 3374 τῶν

1241 3400 1502 3455 προειρημένων
1546 3398 1724 3449 ὀνομάτων
1758 3397 1895 3442 ἔπαιξεν
1941 3395 2010 3434 ἀπὸ
2041 3399 2100 3433 τοῦ
2137 3397 2281 3446 βροντᾶν
