<?xml version="1.0" encoding="UTF-8"?>
<!DOCTYPE html PUBLIC "-//W3C//DTD XHTML 1.0 Transitional//EN"
    "http://www.w3.org/TR/xhtml1/DTD/xhtml1-transitional.dtd">
<html xmlns="http://www.w3.org/1999/xhtml" xml:lang="en" lang="en">
 <head>
  <title>
</title>
<meta http-equiv="Content-Type" content="text/html;charset=utf-8" />
  <meta name='ocr-system' content='tesseract 3.04.00' />
  <meta name='ocr-capabilities' content='ocr_page ocr_carea ocr_par ocr_line ocrx_word'/>
</head>
<body>
  <div class='ocr_page' id='page_1' title='image "./scholiagraecaina00dbuoft_0070.png"; bbox 0 0 2533 3808; ppageno 0'>
   <div class='ocr_carea' id='block_1_1' title="bbox 233 204 1720 250">
    <p class='ocr_par' dir='ltr' id='par_1_1' title="bbox 233 204 1720 250">
     <span class='ocr_line' id='line_1_1' title="bbox 233 204 1720 250; baseline 0.009 -14"><span class='ocrx_word' id='word_1_1' title='bbox 233 219 280 250; x_wconf 82' lang='lat'>28</span> <span class='ocrx_word' id='word_1_2' title='bbox 878 204 1146 243; x_wconf 83' lang='lat' dir='ltr'><strong>SCHOLIA</strong></span> <span class='ocrx_word' id='word_1_3' title='bbox 1186 206 1239 243; x_wconf 85' lang='lat' dir='ltr'>IN</span> <span class='ocrx_word' id='word_1_4' title='bbox 1277 207 1720 249; x_wconf 85' lang='lat' dir='ltr'><strong>ACHARNENSES.</strong></span> 
     </span>
    </p>
   </div>
   <div class='ocr_carea' id='block_1_2' title="bbox 229 288 1271 691">
    <p class='ocr_par' dir='ltr' id='par_1_2' title="bbox 230 288 1271 406">
     <span class='ocr_line' id='line_1_2' title="bbox 231 288 1271 365; baseline -0.007 -32"><span class='ocrx_word' id='word_1_5' title='bbox 231 296 323 338; x_wconf 74' lang='grc' dir='ltr'>ὅπως</span> <span class='ocrx_word' id='word_1_6' title='bbox 344 294 392 345; x_wconf 84' lang='grc' dir='ltr'>μὴ</span> <span class='ocrx_word' id='word_1_7' title='bbox 409 293 580 365; x_wconf 65' lang='grc' dir='ltr'>ἐξέργοιτο</span> <span class='ocrx_word' id='word_1_8' title='bbox 601 293 647 334; x_wconf 83' lang='grc' dir='ltr'>εἷς</span> <span class='ocrx_word' id='word_1_9' title='bbox 675 289 827 339; x_wconf 87' lang='grc' dir='ltr'>πόλεμον</span> <span class='ocrx_word' id='word_1_10' title='bbox 849 292 866 326; x_wconf 87' lang='lat'>8</span> <span class='ocrx_word' id='word_1_11' title='bbox 886 289 1046 342; x_wconf 85' lang='grc' dir='ltr'>νυμφίος,</span> <span class='ocrx_word' id='word_1_12' title='bbox 1066 289 1157 326; x_wconf 85' lang='grc' dir='ltr'>ἀλλὰ</span> <span class='ocrx_word' id='word_1_13' title='bbox 1175 288 1271 339; x_wconf 87' lang='grc' dir='ltr'>μένοι</span> 
     </span>
     <span class='ocr_line' id='line_1_3' title="bbox 230 348 883 406; baseline -0.008 -17"><span class='ocrx_word' id='word_1_14' title='bbox 230 354 437 406; x_wconf 82' lang='grc' dir='ltr'>τερπόμενος</span> <span class='ocrx_word' id='word_1_15' title='bbox 458 367 518 388; x_wconf 92' lang='grc' dir='ltr'>συν</span> <span class='ocrx_word' id='word_1_16' title='bbox 537 353 580 400; x_wconf 80' lang='grc' dir='ltr'>τῇ</span> <span class='ocrx_word' id='word_1_17' title='bbox 601 348 739 398; x_wconf 83' lang='grc' dir='ltr'>γυναικὶ</span> <span class='ocrx_word' id='word_1_18' title='bbox 763 349 883 386; x_wconf 80' lang='grc' dir='ltr'>αὐτου.</span> 
     </span>
    </p>

    <p class='ocr_par' dir='ltr' id='par_1_3' title="bbox 230 405 1271 691">
     <span class='ocr_line' id='line_1_4' title="bbox 285 405 1271 460; baseline -0.008 -10"><span class='ocrx_word' id='word_1_19' title='bbox 285 425 363 450; x_wconf 82' lang='grc'>1051.</span> <span class='ocrx_word' id='word_1_20' title='bbox 395 412 410 446; x_wconf 79' lang='lat'>3’</span> <span class='ocrx_word' id='word_1_21' title='bbox 412 408 542 460; x_wconf 72' lang='grc' dir='ltr'>γχέαιζ</span> <span class='ocrx_word' id='word_1_22' title='bbox 558 406 933 457; x_wconf 28' lang='grc' dir='ltr'>5Ξπιγόεῖν,επιοοιλεῖν·</span> <span class='ocrx_word' id='word_1_23' title='bbox 951 407 1031 455; x_wconf 88' lang='grc' dir='ltr'>(τΓι1ν</span> <span class='ocrx_word' id='word_1_24' title='bbox 1048 408 1156 458; x_wconf 74' lang='grc' dir='ltr'>κρεῶν</span> <span class='ocrx_word' id='word_1_25' title='bbox 1175 405 1210 442; x_wconf 79' lang='grc' dir='ltr'>δὲ</span> <span class='ocrx_word' id='word_1_26' title='bbox 1225 409 1271 442; x_wconf 81' lang='grc' dir='ltr'>ὡν</span> 
     </span>
     <span class='ocr_line' id='line_1_5' title="bbox 231 463 1270 524; baseline -0.007 -17"><span class='ocrx_word' id='word_1_27' title='bbox 231 468 364 507; x_wconf 71' lang='grc' dir='ltr'>ἔπειώέ</span> <span class='ocrx_word' id='word_1_28' title='bbox 376 469 455 516; x_wconf 90' lang='grc' dir='ltr'>σοι.)</span> <span class='ocrx_word' id='word_1_29' title='bbox 477 468 509 509; x_wconf 81' lang='grc' dir='ltr'>ἐς</span> <span class='ocrx_word' id='word_1_30' title='bbox 521 465 577 502; x_wconf 77' lang='grc' dir='ltr'>τὸν</span> <span class='ocrx_word' id='word_1_31' title='bbox 571 464 815 524; x_wconf 76' lang='grc' dir='ltr'>ἀλάοαστρον</span> <span class='ocrx_word' id='word_1_32' title='bbox 837 463 871 501; x_wconf 76' lang='grc' dir='ltr'>δὲ</span> <span class='ocrx_word' id='word_1_33' title='bbox 885 494 895 513; x_wconf 82' lang='grc'><em>,</em></span> <span class='ocrx_word' id='word_1_34' title='bbox 919 465 963 507; x_wconf 89' lang='grc' dir='ltr'>εἰς</span> <span class='ocrx_word' id='word_1_35' title='bbox 979 480 1040 509; x_wconf 89' lang='grc' dir='ltr'>την</span> <span class='ocrx_word' id='word_1_36' title='bbox 1059 464 1270 517; x_wconf 88' lang='grc' dir='ltr'>υυροθηκην.</span> 
     </span>
     <span class='ocr_line' id='line_1_6' title="bbox 229 520 1270 573; baseline -0.006 -8.994"><span class='ocrx_word' id='word_1_37' title='bbox 229 526 348 565; x_wconf 78' lang='grc' dir='ltr'>ἔστιδὲ</span> <span class='ocrx_word' id='word_1_38' title='bbox 367 525 514 570; x_wconf 79' lang='grc' dir='ltr'>λήκυθος</span> <span class='ocrx_word' id='word_1_39' title='bbox 527 526 548 568; x_wconf 85' lang='grc' dir='ltr'>ἡ</span> <span class='ocrx_word' id='word_1_40' title='bbox 567 526 640 560; x_wconf 82' lang='grc' dir='ltr'>ὠτα</span> <span class='ocrx_word' id='word_1_41' title='bbox 661 521 867 573; x_wconf 73' lang='grc' dir='ltr'>μὴέγουσα,</span> <span class='ocrx_word' id='word_1_42' title='bbox 879 517 993 567; x_wconf 75' lang='grc' dir='ltr'>ἡςούκ</span> <span class='ocrx_word' id='word_1_43' title='bbox 1006 537 1078 559; x_wconf 84' lang='grc' dir='ltr'>εστι</span> <span class='ocrx_word' id='word_1_44' title='bbox 1089 520 1270 559; x_wconf 69' lang='grc' dir='ltr'>λαὸεσθαι</span> 
     </span>
     <span class='ocr_line' id='line_1_7' title="bbox 637 579 1170 633; baseline -0.004 -14.865"><span class='ocrx_word' id='word_1_45' title='bbox 637 580 768 633; x_wconf 73' lang='grc' dir='ltr'>εᾩσεὶ</span> <span class='ocrx_word' id='word_1_46' title='bbox 792 579 860 618; x_wconf 82' lang='grc' dir='ltr'>ἕλε</span> <span class='ocrx_word' id='word_1_47' title='bbox 851 596 888 630; x_wconf 90' lang='grc' dir='ltr'>γε</span> <span class='ocrx_word' id='word_1_48' title='bbox 906 581 1135 631; x_wconf 79' lang='grc' dir='ltr'>κοχλιάριον</span> <span class='ocrx_word' id='word_1_49' title='bbox 1123 579 1170 616; x_wconf 86' lang='grc' dir='ltr'>ε’ν.</span> 
     </span>
     <span class='ocr_line' id='line_1_8' title="bbox 837 636 1270 691; baseline -0.005 -16"><span class='ocrx_word' id='word_1_50' title='bbox 837 641 1067 691; x_wconf 86' lang='grc' dir='ltr'>Παραιτεῖται</span> <span class='ocrx_word' id='word_1_51' title='bbox 1087 640 1104 674; x_wconf 85' lang='grc' dir='ltr'>ὁ</span> <span class='ocrx_word' id='word_1_52' title='bbox 1124 636 1270 675; x_wconf 87' lang='grc' dir='ltr'>Δικαιό-</span> 
     </span>
    </p>
   </div>
   <div class='ocr_carea' id='block_1_3' title="bbox 191 547 206 570">
    <p class='ocr_par' dir='ltr' id='par_1_4' title="bbox 191 547 206 570">
     <span class='ocr_line' id='line_1_9' title="bbox 191 547 206 570; textangle 90"><span class='ocrx_word' id='word_1_53' title='bbox 191 547 206 570; x_wconf 67' lang='lat'>(57</span> 
     </span>
    </p>
   </div>
   <div class='ocr_carea' id='block_1_4' title="bbox 165 581 1269 1627">
    <p class='ocr_par' dir='ltr' id='par_1_5' title="bbox 282 581 609 634">
     <span class='ocr_line' id='line_1_10' title="bbox 282 581 609 634; baseline -0.012 -13"><span class='ocrx_word' id='word_1_54' title='bbox 282 598 361 622; x_wconf 80' lang='lat'>1053.</span> <span class='ocrx_word' id='word_1_55' title='bbox 393 581 530 634; x_wconf 78' lang='grc' dir='ltr'>εἰρήνης</span> <span class='ocrx_word' id='word_1_56' title='bbox 515 581 609 624; x_wconf 77' lang='grc' dir='ltr'>ςὲνα</span> 
     </span>
    </p>

    <p class='ocr_par' dir='ltr' id='par_1_6' title="bbox 224 638 1269 808">
     <span class='ocr_line' id='line_1_11' title="bbox 281 638 805 690; baseline -0.008 -9"><span class='ocrx_word' id='word_1_57' title='bbox 281 656 360 681; x_wconf 82' lang='lat'>1055.</span> <span class='ocrx_word' id='word_1_58' title='bbox 391 644 436 683; x_wconf 83' lang='grc' dir='ltr'>ὡς</span> <span class='ocrx_word' id='word_1_59' title='bbox 461 642 522 677; x_wconf 82' lang='grc' dir='ltr'>οὐκ</span> <span class='ocrx_word' id='word_1_60' title='bbox 544 639 585 676; x_wconf 81' lang='grc' dir='ltr'>ἂν</span> <span class='ocrx_word' id='word_1_61' title='bbox 609 638 771 690; x_wconf 49' lang='grc' dir='ltr'>ἐγχέαιμι</span> <span class='ocrx_word' id='word_1_62' title='bbox 797 653 805 677; x_wconf 91' lang='lat'>:</span> 
     </span>
     <span class='ocr_line' id='line_1_12' title="bbox 226 696 1269 750; baseline -0.009 -10"><span class='ocrx_word' id='word_1_63' title='bbox 226 703 326 745; x_wconf 85' lang='grc' dir='ltr'>πολις</span> <span class='ocrx_word' id='word_1_64' title='bbox 357 700 564 750; x_wconf 72' lang='grc' dir='ltr'>μεταδοῦναι</span> <span class='ocrx_word' id='word_1_65' title='bbox 597 700 658 743; x_wconf 78' lang='grc' dir='ltr'>τῆς</span> <span class='ocrx_word' id='word_1_66' title='bbox 692 696 838 748; x_wconf 75' lang='grc' dir='ltr'>εἰρήνης.</span> <span class='ocrx_word' id='word_1_67' title='bbox 857 719 878 724; x_wconf 93' lang='grc'><strong>-</strong></span> <span class='ocrx_word' id='word_1_68' title='bbox 891 697 1014 747; x_wconf 47' lang='grc' dir='ltr'>χιλιῶν</span> <span class='ocrx_word' id='word_1_69' title='bbox 1053 697 1269 747; x_wconf 78' lang='grc' dir='ltr'>περισπῶσιν</span> 
     </span>
     <span class='ocr_line' id='line_1_13' title="bbox 224 754 742 808; baseline -0.014 -11"><span class='ocrx_word' id='word_1_70' title='bbox 224 757 384 797; x_wconf 83' lang='grc' dir='ltr'>Ἀττικοί.</span> <span class='ocrx_word' id='word_1_71' title='bbox 400 772 454 808; x_wconf 88' lang='grc' dir='ltr'>γρ.</span> <span class='ocrx_word' id='word_1_72' title='bbox 475 754 535 793; x_wconf 76' lang='grc' dir='ltr'>καὶ</span> <span class='ocrx_word' id='word_1_73' title='bbox 550 754 686 805; x_wconf 77' lang='grc' dir='ltr'>χιλίων.</span> <span class='ocrx_word' id='word_1_74' title='bbox 704 761 742 791; x_wconf 89' lang='lat' dir='ltr'>R.</span> 
     </span>
    </p>

    <p class='ocr_par' dir='ltr' id='par_1_7' title="bbox 175 809 1269 1100">
     <span class='ocr_line' id='line_1_14' title="bbox 175 809 1268 866; baseline -0.01 -9"><span class='ocrx_word' id='word_1_75' title='bbox 175 833 208 857; x_wconf 84' lang='lat'>10</span> <span class='ocrx_word' id='word_1_76' title='bbox 278 830 359 855; x_wconf 78' lang='lat'>1056.</span> <span class='ocrx_word' id='word_1_77' title='bbox 389 818 410 861; x_wconf 83' lang='grc' dir='ltr'>ἡ</span> <span class='ocrx_word' id='word_1_78' title='bbox 433 813 644 866; x_wconf 77' lang='grc' dir='ltr'>νυμφεύτρια</span> <span class='ocrx_word' id='word_1_79' title='bbox 666 825 674 850; x_wconf 81' lang='lat' dir='ltr'><em>z</em></span> <span class='ocrx_word' id='word_1_80' title='bbox 696 811 869 864; x_wconf 86' lang='grc' dir='ltr'>Ἔρχεται</span> <span class='ocrx_word' id='word_1_81' title='bbox 889 810 1103 862; x_wconf 75' lang='grc' dir='ltr'>νυμφεύτρια</span> <span class='ocrx_word' id='word_1_82' title='bbox 1125 809 1268 860; x_wconf 80' lang='grc' dir='ltr'>δεομένη</span> 
     </span>
     <span class='ocr_line' id='line_1_15' title="bbox 225 868 1268 923; baseline -0.01 -9"><span class='ocrx_word' id='word_1_83' title='bbox 225 874 508 923; x_wconf 83' lang='grc' dir='ltr'>Δικαιοπόλιδος,</span> <span class='ocrx_word' id='word_1_84' title='bbox 535 872 594 909; x_wconf 78' lang='grc' dir='ltr'>καὶ</span> <span class='ocrx_word' id='word_1_85' title='bbox 614 870 762 921; x_wconf 83' lang='grc' dir='ltr'>λέγουσα</span> <span class='ocrx_word' id='word_1_86' title='bbox 782 868 833 907; x_wconf 75' lang='grc' dir='ltr'>ὅτι</span> <span class='ocrx_word' id='word_1_87' title='bbox 855 868 991 921; x_wconf 71' lang='grc' dir='ltr'>ἔπεμψέ</span> <span class='ocrx_word' id='word_1_88' title='bbox 1012 868 1056 919; x_wconf 91' lang='grc' dir='ltr'>μέ</span> <span class='ocrx_word' id='word_1_89' title='bbox 1077 885 1127 912; x_wconf 91' lang='grc' dir='ltr'>τις</span> <span class='ocrx_word' id='word_1_90' title='bbox 1151 868 1268 921; x_wconf 79' lang='grc' dir='ltr'>νύμφη</span> 
     </span>
     <span class='ocr_line' id='line_1_16' title="bbox 227 925 1267 982; baseline -0.01 -10"><span class='ocrx_word' id='word_1_91' title='bbox 227 932 388 980; x_wconf 71' lang='grc' dir='ltr'>δεηθῆναί</span> <span class='ocrx_word' id='word_1_92' title='bbox 405 947 465 969; x_wconf 89' lang='grc' dir='ltr'>σου</span> <span class='ocrx_word' id='word_1_93' title='bbox 482 930 566 982; x_wconf 88' lang='grc' dir='ltr'>πρὸς</span> <span class='ocrx_word' id='word_1_94' title='bbox 584 929 622 966; x_wconf 84' lang='grc' dir='ltr'>τὸ</span> <span class='ocrx_word' id='word_1_95' title='bbox 639 928 759 966; x_wconf 69' lang='grc' dir='ltr'>λαδεῖν</span> <span class='ocrx_word' id='word_1_96' title='bbox 779 930 840 973; x_wconf 78' lang='grc' dir='ltr'>τῆς</span> <span class='ocrx_word' id='word_1_97' title='bbox 855 925 1008 978; x_wconf 73' lang='grc' dir='ltr'>εἰρήνης,</span> <span class='ocrx_word' id='word_1_98' title='bbox 1031 925 1124 969; x_wconf 81' lang='grc' dir='ltr'>ὅπως</span> <span class='ocrx_word' id='word_1_99' title='bbox 1143 927 1267 979; x_wconf 82' lang='grc' dir='ltr'>ἀλείφῃ</span> 
     </span>
     <span class='ocr_line' id='line_1_17' title="bbox 224 983 1268 1039; baseline -0.01 -9"><span class='ocrx_word' id='word_1_100' title='bbox 224 992 264 1029; x_wconf 79' lang='grc' dir='ltr'>τὸ</span> <span class='ocrx_word' id='word_1_101' title='bbox 280 993 408 1029; x_wconf 82' lang='grc' dir='ltr'>αἰδοῖον</span> <span class='ocrx_word' id='word_1_102' title='bbox 433 993 492 1027; x_wconf 75' lang='grc' dir='ltr'>τοῦ</span> <span class='ocrx_word' id='word_1_103' title='bbox 516 987 635 1039; x_wconf 82' lang='grc' dir='ltr'>ἀνδρὸς</span> <span class='ocrx_word' id='word_1_104' title='bbox 655 987 777 1032; x_wconf 67' lang='grc' dir='ltr'>αὐτῆς,</span> <span class='ocrx_word' id='word_1_105' title='bbox 798 983 921 1034; x_wconf 76' lang='grc' dir='ltr'>καὶμὴ</span> <span class='ocrx_word' id='word_1_106' title='bbox 949 983 1119 1036; x_wconf 77' lang='grc' dir='ltr'>ἐξέρχοιτο</span> <span class='ocrx_word' id='word_1_107' title='bbox 1139 986 1185 1027; x_wconf 89' lang='grc' dir='ltr'>εἰς</span> <span class='ocrx_word' id='word_1_108' title='bbox 1201 984 1268 1022; x_wconf 89' lang='grc' dir='ltr'>πό-</span> 
     </span>
     <span class='ocr_line' id='line_1_18' title="bbox 225 1042 1269 1100; baseline -0.009 -12"><span class='ocrx_word' id='word_1_109' title='bbox 225 1051 341 1100; x_wconf 87' lang='grc' dir='ltr'>λεμον.</span> <span class='ocrx_word' id='word_1_110' title='bbox 370 1047 484 1100; x_wconf 80' lang='grc' dir='ltr'>κωφὸν</span> <span class='ocrx_word' id='word_1_111' title='bbox 505 1045 541 1084; x_wconf 80' lang='grc' dir='ltr'>δὲ</span> <span class='ocrx_word' id='word_1_112' title='bbox 560 1046 737 1095; x_wconf 80' lang='grc' dir='ltr'>εἰσάγεται</span> <span class='ocrx_word' id='word_1_113' title='bbox 765 1044 804 1081; x_wconf 82' lang='grc' dir='ltr'>τὸ</span> <span class='ocrx_word' id='word_1_114' title='bbox 827 1042 1013 1095; x_wconf 90' lang='grc' dir='ltr'>πρόσωπον</span> <span class='ocrx_word' id='word_1_115' title='bbox 1033 1045 1094 1088; x_wconf 73' lang='grc' dir='ltr'>τῆς</span> <span class='ocrx_word' id='word_1_116' title='bbox 1113 1058 1269 1095; x_wconf 88' lang='grc' dir='ltr'>νυμφευ-</span> 
     </span>
    </p>

    <p class='ocr_par' dir='ltr' id='par_1_8' title="bbox 174 1108 1086 1162">
     <span class='ocr_line' id='line_1_19' title="bbox 174 1108 1086 1162; baseline -0.008 -16"><span class='ocrx_word' id='word_1_117' title='bbox 174 1122 204 1146; x_wconf 82' lang='lat'>15</span> <span class='ocrx_word' id='word_1_118' title='bbox 224 1108 331 1161; x_wconf 86' lang='grc' dir='ltr'>τρίας.</span> <span class='ocrx_word' id='word_1_119' title='bbox 1066 1153 1086 1162; x_wconf 84' lang='lat'>...</span> 
     </span>
    </p>

    <p class='ocr_par' dir='ltr' id='par_1_9' title="bbox 221 1159 1266 1270">
     <span class='ocr_line' id='line_1_20' title="bbox 277 1159 1266 1217; baseline -0.007 -13"><span class='ocrx_word' id='word_1_120' title='bbox 277 1180 356 1204; x_wconf 83' lang='lat'>1058.</span> <span class='ocrx_word' id='word_1_121' title='bbox 389 1164 489 1217; x_wconf 89' lang='grc' dir='ltr'>(φέρε</span> <span class='ocrx_word' id='word_1_122' title='bbox 504 1162 545 1209; x_wconf 82' lang='grc' dir='ltr'>δὴ</span> <span class='ocrx_word' id='word_1_123' title='bbox 557 1162 590 1200; x_wconf 91' lang='grc' dir='ltr'>τί</span> <span class='ocrx_word' id='word_1_124' title='bbox 604 1160 644 1200; x_wconf 70' lang='grc' dir='ltr'>σὺ</span> <span class='ocrx_word' id='word_1_125' title='bbox 656 1160 766 1212; x_wconf 87' lang='grc' dir='ltr'>λέγεις</span> <span class='ocrx_word' id='word_1_126' title='bbox 780 1174 787 1199; x_wconf 91' lang='lat'><strong>:</strong></span> <span class='ocrx_word' id='word_1_127' title='bbox 802 1159 978 1213; x_wconf 78' lang='grc' dir='ltr'>Παραθεὶς</span> <span class='ocrx_word' id='word_1_128' title='bbox 994 1160 1032 1197; x_wconf 83' lang='grc' dir='ltr'>τὸ</span> <span class='ocrx_word' id='word_1_129' title='bbox 1048 1164 1104 1203; x_wconf 82' lang='grc' dir='ltr'>οὖς</span> <span class='ocrx_word' id='word_1_130' title='bbox 1120 1160 1266 1206; x_wconf 83' lang='grc' dir='ltr'>ἤκουσεν</span> 
     </span>
     <span class='ocr_line' id='line_1_21' title="bbox 221 1218 836 1271; baseline -0.01 -10"><span class='ocrx_word' id='word_1_131' title='bbox 221 1227 238 1261; x_wconf 82' lang='grc' dir='ltr'>ὁ</span> <span class='ocrx_word' id='word_1_132' title='bbox 257 1224 481 1266; x_wconf 86' lang='grc' dir='ltr'>Δικαιόπολις</span> <span class='ocrx_word' id='word_1_133' title='bbox 496 1238 557 1268; x_wconf 89' lang='grc' dir='ltr'>της</span> <span class='ocrx_word' id='word_1_134' title='bbox 572 1218 814 1271; x_wconf 82' lang='grc' dir='ltr'>νυμφευτρίας.</span> <span class='ocrx_word' id='word_1_135' title='bbox 826 1219 836 1269; x_wconf 93' lang='grc'>)</span> 
     </span>
    </p>

    <p class='ocr_par' dir='ltr' id='par_1_10' title="bbox 221 1276 1266 1394">
     <span class='ocr_line' id='line_1_22' title="bbox 272 1276 1264 1333; baseline -0.007 -13"><span class='ocrx_word' id='word_1_136' title='bbox 272 1285 318 1325; x_wconf 79' lang='grc' dir='ltr'>ὡς</span> <span class='ocrx_word' id='word_1_137' title='bbox 332 1283 493 1333; x_wconf 82' lang='grc' dir='ltr'>γελοῖον;</span> <span class='ocrx_word' id='word_1_138' title='bbox 511 1278 628 1318; x_wconf 78' lang='grc' dir='ltr'>Τοῦτό</span> <span class='ocrx_word' id='word_1_139' title='bbox 638 1293 740 1330; x_wconf 83' lang='grc' dir='ltr'>φησιν</span> <span class='ocrx_word' id='word_1_140' title='bbox 757 1279 803 1320; x_wconf 83' lang='grc' dir='ltr'>ὡς</span> <span class='ocrx_word' id='word_1_141' title='bbox 819 1276 969 1319; x_wconf 83' lang='grc' dir='ltr'>οἰκούσας</span> <span class='ocrx_word' id='word_1_142' title='bbox 985 1292 1071 1329; x_wconf 92' lang='grc' dir='ltr'>προς</span> <span class='ocrx_word' id='word_1_143' title='bbox 1083 1277 1122 1314; x_wconf 82' lang='grc' dir='ltr'>τὸ</span> <span class='ocrx_word' id='word_1_144' title='bbox 1140 1293 1207 1319; x_wconf 92' lang='grc' dir='ltr'>ους.</span> <span class='ocrx_word' id='word_1_145' title='bbox 1227 1284 1264 1314; x_wconf 82' lang='lat' dir='ltr'>R.</span> 
     </span>
     <span class='ocr_line' id='line_1_23' title="bbox 221 1334 1266 1394; baseline -0.009 -15"><span class='ocrx_word' id='word_1_146' title='bbox 221 1341 383 1394; x_wconf 84' lang='grc' dir='ltr'>(κράζων</span> <span class='ocrx_word' id='word_1_147' title='bbox 424 1355 484 1377; x_wconf 90' lang='grc' dir='ltr'>και</span> <span class='ocrx_word' id='word_1_148' title='bbox 521 1338 780 1386; x_wconf 82' lang='grc' dir='ltr'>ἀστειευόμενος</span> <span class='ocrx_word' id='word_1_149' title='bbox 817 1338 835 1372; x_wconf 87' lang='grc' dir='ltr'>ὁ</span> <span class='ocrx_word' id='word_1_150' title='bbox 868 1334 1094 1378; x_wconf 84' lang='grc' dir='ltr'>Δικαιόπολις</span> <span class='ocrx_word' id='word_1_151' title='bbox 1131 1335 1183 1387; x_wconf 82' lang='grc' dir='ltr'>ἐφ’</span> <span class='ocrx_word' id='word_1_152' title='bbox 1220 1338 1266 1377; x_wconf 83' lang='grc' dir='ltr'>οἱς</span> 
     </span>
    </p>

    <p class='ocr_par' dir='ltr' id='par_1_11' title="bbox 165 1392 1264 1627">
     <span class='ocr_line' id='line_1_24' title="bbox 165 1392 1264 1448; baseline -0.009 -9"><span class='ocrx_word' id='word_1_153' title='bbox 165 1415 199 1439; x_wconf 80' lang='grc'>20</span> <span class='ocrx_word' id='word_1_154' title='bbox 216 1401 344 1447; x_wconf 76' lang='grc' dir='ltr'>ἤκουσε</span> <span class='ocrx_word' id='word_1_155' title='bbox 371 1396 469 1448; x_wconf 79' lang='grc' dir='ltr'>παρὰ</span> <span class='ocrx_word' id='word_1_156' title='bbox 487 1400 549 1443; x_wconf 65' lang='grc' dir='ltr'>τῆς</span> <span class='ocrx_word' id='word_1_157' title='bbox 572 1393 803 1447; x_wconf 87' lang='grc' dir='ltr'>νυμφευτρίας</span> <span class='ocrx_word' id='word_1_158' title='bbox 820 1392 914 1444; x_wconf 87' lang='grc' dir='ltr'>λέγει</span> <span class='ocrx_word' id='word_1_159' title='bbox 934 1393 991 1439; x_wconf 83' lang='grc' dir='ltr'>τὸ,</span> <span class='ocrx_word' id='word_1_160' title='bbox 1014 1395 1061 1436; x_wconf 86' lang='grc' dir='ltr'>ὡς</span> <span class='ocrx_word' id='word_1_161' title='bbox 1083 1393 1144 1442; x_wconf 78' lang='grc' dir='ltr'>γε)</span> <span class='ocrx_word' id='word_1_162' title='bbox 1147 1398 1216 1430; x_wconf 84' lang='grc' dir='ltr'>οἷον</span> <span class='ocrx_word' id='word_1_163' title='bbox 1236 1409 1264 1429; x_wconf 89' lang='grc' dir='ltr'>ιι1</span> 
     </span>
     <span class='ocr_line' id='line_1_25' title="bbox 217 1450 1263 1507; baseline -0.011 -10"><span class='ocrx_word' id='word_1_164' title='bbox 217 1459 286 1497; x_wconf 85' lang='grc' dir='ltr'>θεοὶ</span> <span class='ocrx_word' id='word_1_165' title='bbox 302 1458 341 1496; x_wconf 85' lang='grc' dir='ltr'>τὸ</span> <span class='ocrx_word' id='word_1_166' title='bbox 361 1456 473 1507; x_wconf 83' lang='grc' dir='ltr'>δέημα</span> <span class='ocrx_word' id='word_1_167' title='bbox 494 1472 555 1501; x_wconf 87' lang='grc' dir='ltr'>της</span> <span class='ocrx_word' id='word_1_168' title='bbox 573 1454 718 1506; x_wconf 85' lang='grc' dir='ltr'>νύμφης.</span> <span class='ocrx_word' id='word_1_169' title='bbox 743 1452 782 1489; x_wconf 82' lang='grc' dir='ltr'>τὸ</span> <span class='ocrx_word' id='word_1_170' title='bbox 799 1450 834 1489; x_wconf 91' lang='lat'>83</span> <span class='ocrx_word' id='word_1_171' title='bbox 860 1450 975 1501; x_wconf 84' lang='grc' dir='ltr'>δέημα</span> <span class='ocrx_word' id='word_1_172' title='bbox 996 1453 1101 1497; x_wconf 70' lang='grc' dir='ltr'>αὐτῆς</span> <span class='ocrx_word' id='word_1_173' title='bbox 1123 1455 1176 1497; x_wconf 80' lang='grc' dir='ltr'>ἠν</span> <span class='ocrx_word' id='word_1_174' title='bbox 1199 1466 1263 1500; x_wconf 90' lang='grc' dir='ltr'>μι-</span> 
     </span>
     <span class='ocr_line' id='line_1_26' title="bbox 215 1509 1262 1570; baseline -0.008 -15"><span class='ocrx_word' id='word_1_175' title='bbox 215 1517 296 1570; x_wconf 84' lang='grc' dir='ltr'>κρὸν</span> <span class='ocrx_word' id='word_1_176' title='bbox 312 1533 372 1563; x_wconf 88' lang='grc' dir='ltr'>της</span> <span class='ocrx_word' id='word_1_177' title='bbox 389 1514 525 1568; x_wconf 89' lang='grc' dir='ltr'>εἰρηνης</span> <span class='ocrx_word' id='word_1_178' title='bbox 539 1510 712 1559; x_wconf 69' lang='grc' dir='ltr'>λαὸεἷν,</span> <span class='ocrx_word' id='word_1_179' title='bbox 692 1527 784 1553; x_wconf 89' lang='grc' dir='ltr'>οπως</span> <span class='ocrx_word' id='word_1_180' title='bbox 802 1509 935 1562; x_wconf 84' lang='grc' dir='ltr'>ἀλείφοι</span> <span class='ocrx_word' id='word_1_181' title='bbox 951 1509 1060 1561; x_wconf 84' lang='grc' dir='ltr'>ταύτῃ</span> <span class='ocrx_word' id='word_1_182' title='bbox 1081 1509 1121 1547; x_wconf 83' lang='grc' dir='ltr'>τὸ</span> <span class='ocrx_word' id='word_1_183' title='bbox 1136 1511 1262 1548; x_wconf 75' lang='grc' dir='ltr'>αἰδοῖον</span> 
     </span>
     <span class='ocr_line' id='line_1_27' title="bbox 214 1568 1261 1627; baseline -0.008 -14"><span class='ocrx_word' id='word_1_184' title='bbox 214 1579 273 1613; x_wconf 77' lang='grc' dir='ltr'>τοῧ</span> <span class='ocrx_word' id='word_1_185' title='bbox 296 1574 416 1627; x_wconf 83' lang='grc' dir='ltr'>ἀνδρὸς</span> <span class='ocrx_word' id='word_1_186' title='bbox 438 1572 529 1611; x_wconf 82' lang='grc' dir='ltr'>κατὰ</span> <span class='ocrx_word' id='word_1_187' title='bbox 548 1570 608 1614; x_wconf 82' lang='grc' dir='ltr'>τὰς</span> <span class='ocrx_word' id='word_1_188' title='bbox 629 1569 754 1612; x_wconf 88' lang='grc' dir='ltr'>νύκτας</span> <span class='ocrx_word' id='word_1_189' title='bbox 763 1568 847 1616; x_wconf 86' lang='grc' dir='ltr'>,καὶ</span> <span class='ocrx_word' id='word_1_190' title='bbox 868 1568 955 1619; x_wconf 78' lang='grc' dir='ltr'>μὴ’</span> <span class='ocrx_word' id='word_1_191' title='bbox 940 1584 973 1612; x_wconf 90' lang='grc' dir='ltr'>ες</span> <span class='ocrx_word' id='word_1_192' title='bbox 993 1568 1180 1619; x_wconf 47' lang='grc' dir='ltr'>πόλεμονί</span> <span class='ocrx_word' id='word_1_193' title='bbox 1166 1568 1261 1619; x_wconf 83' lang='grc' dir='ltr'>εξέρ-</span> 
     </span>
    </p>
   </div>
   <div class='ocr_carea' id='block_1_5' title="bbox 162 1636 915 1741">
    <p class='ocr_par' dir='ltr' id='par_1_12' title="bbox 162 1636 915 1741">
     <span class='ocr_line' id='line_1_28' title="bbox 214 1636 337 1686; baseline -0.008 -14"><span class='ocrx_word' id='word_1_194' title='bbox 214 1650 322 1686; x_wconf 82' lang='grc' dir='ltr'>χοιτο.</span> <span class='ocrx_word' id='word_1_195' title='bbox 327 1636 337 1685; x_wconf 90' lang='grc'>)</span> 
     </span>
     <span class='ocr_line' id='line_1_29' title="bbox 162 1686 915 1741; baseline -0.013 -8"><span class='ocrx_word' id='word_1_196' title='bbox 162 1710 196 1733; x_wconf 78' lang='lat'>¹²5</span> <span class='ocrx_word' id='word_1_197' title='bbox 270 1708 348 1732; x_wconf 90' lang='grc'>1060.</span> <span class='ocrx_word' id='word_1_198' title='bbox 378 1691 471 1735; x_wconf 82' lang='grc' dir='ltr'>ὅπως</span> <span class='ocrx_word' id='word_1_199' title='bbox 490 1690 530 1728; x_wconf 77' lang='grc' dir='ltr'>ἂν</span> <span class='ocrx_word' id='word_1_200' title='bbox 559 1690 700 1741; x_wconf 75' lang='grc' dir='ltr'>οἰκουρῇ</span> <span class='ocrx_word' id='word_1_201' title='bbox 728 1686 768 1724; x_wconf 85' lang='grc' dir='ltr'>τὸ</span> <span class='ocrx_word' id='word_1_202' title='bbox 794 1686 875 1729; x_wconf 88' lang='grc' dir='ltr'>πέος</span> <span class='ocrx_word' id='word_1_203' title='bbox 906 1699 915 1725; x_wconf 86' lang='lat'><strong>:</strong></span> 
     </span>
    </p>
   </div>
   <div class='ocr_carea' id='block_1_6' title="bbox 164 1727 178 1734">
    <p class='ocr_par' dir='ltr' id='par_1_13' title="bbox 164 1727 178 1734">
     <span class='ocr_line' id='line_1_30' title="bbox 164 1727 178 1734; baseline 0 0"><span class='ocrx_word' id='word_1_204' title='bbox 164 1727 178 1734; x_wconf 71' lang='lat'>.-</span> 
     </span>
    </p>
   </div>
   <div class='ocr_carea' id='block_1_7' title="bbox 158 1685 1260 2096">
    <p class='ocr_par' dir='ltr' id='par_1_14' title="bbox 213 1685 1260 1800">
     <span class='ocr_line' id='line_1_31' title="bbox 950 1685 1260 1724; baseline -0.003 0"><span class='ocrx_word' id='word_1_205' title='bbox 950 1685 1040 1724; x_wconf 81' lang='grc' dir='ltr'>Ἀντὶ</span> <span class='ocrx_word' id='word_1_206' title='bbox 1068 1689 1129 1723; x_wconf 76' lang='grc' dir='ltr'>τοῦ</span> <span class='ocrx_word' id='word_1_207' title='bbox 1152 1687 1260 1724; x_wconf 89' lang='grc' dir='ltr'>εἰπεῖν</span> 
     </span>
     <span class='ocr_line' id='line_1_32' title="bbox 213 1747 651 1800; baseline -0.014 -10"><span class='ocrx_word' id='word_1_208' title='bbox 213 1751 276 1799; x_wconf 73' lang='grc' dir='ltr'>τὴν</span> <span class='ocrx_word' id='word_1_209' title='bbox 293 1751 404 1789; x_wconf 84' lang='grc' dir='ltr'>οἰκίαν</span> <span class='ocrx_word' id='word_1_210' title='bbox 419 1750 458 1787; x_wconf 82' lang='grc' dir='ltr'>τὸ</span> <span class='ocrx_word' id='word_1_211' title='bbox 478 1748 558 1791; x_wconf 86' lang='grc' dir='ltr'>πέος</span> <span class='ocrx_word' id='word_1_212' title='bbox 575 1747 651 1800; x_wconf 83' lang='grc' dir='ltr'>ἔφη.</span> 
     </span>
    </p>

    <p class='ocr_par' dir='ltr' id='par_1_15' title="bbox 158 1801 1260 2030">
     <span class='ocr_line' id='line_1_33' title="bbox 268 1801 1259 1859; baseline -0.009 -11"><span class='ocrx_word' id='word_1_213' title='bbox 268 1824 347 1849; x_wconf 76' lang='grc'>1063.</span> <span class='ocrx_word' id='word_1_214' title='bbox 380 1807 499 1859; x_wconf 53' lang='grc' dir='ltr'>(ὕπεχ’</span> <span class='ocrx_word' id='word_1_215' title='bbox 520 1801 586 1843; x_wconf 71' lang='grc' dir='ltr'>ὧδε</span> <span class='ocrx_word' id='word_1_216' title='bbox 612 1806 749 1856; x_wconf 83' lang='grc' dir='ltr'>δευρο;</span> <span class='ocrx_word' id='word_1_217' title='bbox 764 1802 935 1855; x_wconf 82' lang='grc' dir='ltr'>Πρόφερε</span> <span class='ocrx_word' id='word_1_218' title='bbox 961 1801 1000 1839; x_wconf 82' lang='grc' dir='ltr'>τὸ</span> <span class='ocrx_word' id='word_1_219' title='bbox 1027 1801 1259 1854; x_wconf 62' lang='grc' dir='ltr'>ἀλάὸαστρον,</span> 
     </span>
     <span class='ocr_line' id='line_1_34' title="bbox 212 1859 1258 1921; baseline -0.011 -14"><span class='ocrx_word' id='word_1_220' title='bbox 212 1884 362 1921; x_wconf 72' lang='grc' dir='ltr'>φησιν,ε</span> <span class='ocrx_word' id='word_1_221' title='bbox 348 1867 382 1911; x_wconf 81' lang='grc' dir='ltr'>ἐξ</span> <span class='ocrx_word' id='word_1_222' title='bbox 401 1883 440 1905; x_wconf 90' lang='grc' dir='ltr'>ου</span> <span class='ocrx_word' id='word_1_223' title='bbox 461 1864 658 1916; x_wconf 74' lang='grc' dir='ltr'>ἀλείφονται</span> <span class='ocrx_word' id='word_1_224' title='bbox 675 1864 706 1900; x_wconf 79' lang='grc' dir='ltr'>οἳ</span> <span class='ocrx_word' id='word_1_225' title='bbox 727 1863 963 1911; x_wconf 76' lang='grc' dir='ltr'>δειπνούντες,</span> <span class='ocrx_word' id='word_1_226' title='bbox 980 1859 1043 1906; x_wconf 85' lang='grc' dir='ltr'>τὴν</span> <span class='ocrx_word' id='word_1_227' title='bbox 1066 1876 1125 1897; x_wconf 88' lang='grc' dir='ltr'>του</span> <span class='ocrx_word' id='word_1_228' title='bbox 1151 1860 1258 1913; x_wconf 83' lang='grc' dir='ltr'>μύρου</span> 
     </span>
     <span class='ocr_line' id='line_1_35' title="bbox 211 1918 1260 1975; baseline -0.01 -10"><span class='ocrx_word' id='word_1_229' title='bbox 211 1927 372 1973; x_wconf 77' lang='grc' dir='ltr'>λήκυθον.</span> <span class='ocrx_word' id='word_1_230' title='bbox 384 1923 460 1963; x_wconf 86' lang='grc' dir='ltr'>κατ’</span> <span class='ocrx_word' id='word_1_231' title='bbox 472 1923 638 1975; x_wconf 78' lang='grc' dir='ltr'>ἐρώτησιν</span> <span class='ocrx_word' id='word_1_232' title='bbox 651 1919 686 1959; x_wconf 85' lang='grc' dir='ltr'>δε</span> <span class='ocrx_word' id='word_1_233' title='bbox 696 1935 795 1958; x_wconf 89' lang='grc' dir='ltr'>τουτο</span> <span class='ocrx_word' id='word_1_234' title='bbox 809 1920 928 1969; x_wconf 60' lang='grc'>(1061)</span> <span class='ocrx_word' id='word_1_235' title='bbox 911 1934 1160 1968; x_wconf 86' lang='grc' dir='ltr'>αναγνωστεον</span> <span class='ocrx_word' id='word_1_236' title='bbox 1174 1934 1212 1956; x_wconf 87' lang='grc' dir='ltr'>το</span> <span class='ocrx_word' id='word_1_237' title='bbox 1225 1918 1260 1956; x_wconf 89' lang='grc' dir='ltr'>δε</span> 
     </span>
     <span class='ocr_line' id='line_1_36' title="bbox 158 1976 1259 2033; baseline -0.01 -9"><span class='ocrx_word' id='word_1_238' title='bbox 158 2000 193 2025; x_wconf 84' lang='grc'>30</span> <span class='ocrx_word' id='word_1_239' title='bbox 213 1986 289 2032; x_wconf 81' lang='grc' dir='ltr'>εξῆς</span> <span class='ocrx_word' id='word_1_240' title='bbox 315 1987 361 2027; x_wconf 72' lang='grc' dir='ltr'>ὡς</span> <span class='ocrx_word' id='word_1_241' title='bbox 389 1980 681 2033; x_wconf 68' lang='grc' dir='ltr'>συμὲουλεύοντος</span> <span class='ocrx_word' id='word_1_242' title='bbox 705 1978 765 2017; x_wconf 85' lang='grc' dir='ltr'>καὶ</span> <span class='ocrx_word' id='word_1_243' title='bbox 792 1976 1038 2027; x_wconf 78' lang='grc' dir='ltr'>ὑποτιθεμένου</span> <span class='ocrx_word' id='word_1_244' title='bbox 1064 1979 1138 2020; x_wconf 83' lang='grc' dir='ltr'>πῶς</span> <span class='ocrx_word' id='word_1_245' title='bbox 1164 1978 1259 2014; x_wconf 79' lang='grc' dir='ltr'>αὐτι)</span> 
     </span>
    </p>

    <p class='ocr_par' dir='ltr' id='par_1_16' title="bbox 211 2042 505 2096">
     <span class='ocr_line' id='line_1_37' title="bbox 211 2042 505 2096; baseline -0.017 -14"><span class='ocrx_word' id='word_1_246' title='bbox 211 2045 261 2082; x_wconf 86' lang='grc' dir='ltr'>δεῖ</span> <span class='ocrx_word' id='word_1_247' title='bbox 275 2043 484 2096; x_wconf 65' lang='grc' dir='ltr'>χρήσασθαι.</span> <span class='ocrx_word' id='word_1_248' title='bbox 495 2042 505 2090; x_wconf 91' lang='grc'>)</span> 
     </span>
    </p>
   </div>
   <div class='ocr_carea' id='block_1_8' title="bbox 208 2097 1255 2213">
    <p class='ocr_par' dir='ltr' id='par_1_17' title="bbox 208 2097 1243 2213">
     <span class='ocr_line' id='line_1_38' title="bbox 266 2097 737 2172; baseline -0.017 -31"><span class='ocrx_word' id='word_1_249' title='bbox 266 2116 344 2141; x_wconf 81' lang='grc'>1065.</span> <span class='ocrx_word' id='word_1_250' title='bbox 372 2097 594 2172; x_wconf 83' lang='grc' dir='ltr'>καταλέγωσι</span> <span class='ocrx_word' id='word_1_251' title='bbox 613 2112 737 2135; x_wconf 87' lang='grc' dir='ltr'>τουτωι</span> 
     </span>
     <span class='ocr_line' id='line_1_39' title="bbox 208 2152 1255 2213; baseline -0.012 -13"><span class='ocrx_word' id='word_1_252' title='bbox 208 2178 250 2213; x_wconf 88' lang='grc' dir='ltr'>τῃ</span> <span class='ocrx_word' id='word_1_253' title='bbox 273 2160 403 2213; x_wconf 75' lang='grc' dir='ltr'>εἰρήνῃ.</span> <span class='ocrx_word' id='word_1_254' title='bbox 428 2174 467 2196; x_wconf 88' lang='grc' dir='ltr'>το</span> <span class='ocrx_word' id='word_1_255' title='bbox 488 2157 523 2195; x_wconf 88' lang='grc' dir='ltr'>δε</span> <span class='ocrx_word' id='word_1_256' title='bbox 547 2155 785 2205; x_wconf 87' lang='grc' dir='ltr'>καταλέγωσιν</span> <span class='ocrx_word' id='word_1_257' title='bbox 807 2152 882 2190; x_wconf 86' lang='grc' dir='ltr'>ἀντι</span> <span class='ocrx_word' id='word_1_258' title='bbox 899 2156 959 2190; x_wconf 77' lang='grc' dir='ltr'>τοῦ</span> <span class='ocrx_word' id='word_1_259' title='bbox 981 2152 1255 2190; x_wconf 84' lang='grc' dir='ltr'>κατατάττωσιν.</span> 
     </span>
    </p>
   </div>
   <div class='ocr_carea' id='block_1_9' title="bbox 155 2209 1254 2383">
    <p class='ocr_par' dir='ltr' id='par_1_18' title="bbox 155 2209 1254 2383">
     <span class='ocr_line' id='line_1_40' title="bbox 264 2209 1252 2270; baseline -0.011 -12"><span class='ocrx_word' id='word_1_260' title='bbox 264 2233 343 2258; x_wconf 87' lang='grc'>1067.</span> <span class='ocrx_word' id='word_1_261' title='bbox 373 2217 572 2270; x_wconf 73' lang='grc' dir='ltr'>οἷνήρυσινε</span> <span class='ocrx_word' id='word_1_262' title='bbox 588 2213 664 2260; x_wconf 80' lang='grc' dir='ltr'>Γὴν</span> <span class='ocrx_word' id='word_1_263' title='bbox 678 2229 739 2251; x_wconf 89' lang='grc' dir='ltr'>του</span> <span class='ocrx_word' id='word_1_264' title='bbox 756 2212 846 2250; x_wconf 86' lang='grc' dir='ltr'>οἴνου</span> <span class='ocrx_word' id='word_1_265' title='bbox 862 2209 1024 2256; x_wconf 85' lang='grc' dir='ltr'>κοτυλην,</span> <span class='ocrx_word' id='word_1_266' title='bbox 1040 2212 1095 2261; x_wconf 81' lang='grc' dir='ltr'>ᾗ</span> <span class='ocrx_word' id='word_1_267' title='bbox 1077 2210 1252 2261; x_wconf 86' lang='grc' dir='ltr'>αρύονται,</span> 
     </span>
     <span class='ocr_line' id='line_1_41' title="bbox 155 2268 1145 2349; baseline -0.013 -31"><span class='ocrx_word' id='word_1_268' title='bbox 155 2298 188 2323; x_wconf 86' lang='lat'>35</span> <span class='ocrx_word' id='word_1_269' title='bbox 213 2310 222 2317; x_wconf 80' lang='grc'>.</span> <span class='ocrx_word' id='word_1_270' title='bbox 262 2292 340 2316; x_wconf 83' lang='grc'>1069.</span> <span class='ocrx_word' id='word_1_271' title='bbox 371 2293 432 2349; x_wconf 84' lang='grc' dir='ltr'>τρις</span> <span class='ocrx_word' id='word_1_272' title='bbox 448 2278 550 2345; x_wconf 76' lang='grc' dir='ltr'>ὀφρῦς</span> <span class='ocrx_word' id='word_1_273' title='bbox 571 2271 800 2313; x_wconf 73' lang='grc' dir='ltr'>οἰνεσπακώςε</span> <span class='ocrx_word' id='word_1_274' title='bbox 824 2268 1145 2322; x_wconf 84' lang='grc' dir='ltr'>Εσκυθρωπακώς</span> 
     </span>
     <span class='ocr_line' id='line_1_42' title="bbox 261 2327 1254 2383; baseline -0.009 -9"><span class='ocrx_word' id='word_1_275' title='bbox 261 2351 340 2375; x_wconf 86' lang='lat'>1071.</span> <span class='ocrx_word' id='word_1_276' title='bbox 370 2334 411 2372; x_wconf 88' lang='grc' dir='ltr'>ἰιι1</span> <span class='ocrx_word' id='word_1_277' title='bbox 431 2334 528 2372; x_wconf 89' lang='grc' dir='ltr'>πόνοι</span> <span class='ocrx_word' id='word_1_278' title='bbox 547 2349 583 2370; x_wconf 91' lang='grc' dir='ltr'>τε</span> <span class='ocrx_word' id='word_1_279' title='bbox 605 2346 613 2371; x_wconf 75' lang='lat' dir='ltr'>t</span> <span class='ocrx_word' id='word_1_280' title='bbox 632 2328 805 2383; x_wconf 69' lang='grc' dir='ltr'>Ἔρχεταί</span> <span class='ocrx_word' id='word_1_281' title='bbox 827 2345 877 2372; x_wconf 90' lang='grc' dir='ltr'>τις</span> <span class='ocrx_word' id='word_1_282' title='bbox 894 2329 1011 2366; x_wconf 84' lang='grc' dir='ltr'>καλῶν</span> <span class='ocrx_word' id='word_1_283' title='bbox 1035 2329 1082 2371; x_wconf 85' lang='grc' dir='ltr'>εἰς</span> <span class='ocrx_word' id='word_1_284' title='bbox 1101 2327 1254 2378; x_wconf 76' lang='grc' dir='ltr'>πόλεμον</span> 
     </span>
    </p>
   </div>
   <div class='ocr_carea' id='block_1_10' title="bbox 206 2395 1252 2520">
    <p class='ocr_par' dir='ltr' id='par_1_19' title="bbox 206 2395 1240 2504">
     <span class='ocr_line' id='line_1_43' title="bbox 206 2395 472 2445; baseline -0.02 -11"><span class='ocrx_word' id='word_1_285' title='bbox 206 2396 264 2434; x_wconf 78' lang='grc' dir='ltr'>τὸν</span> <span class='ocrx_word' id='word_1_286' title='bbox 286 2395 472 2445; x_wconf 70' lang='grc' dir='ltr'>Λάμαχον.</span> 
     </span>
     <span class='ocr_line' id='line_1_44' title="bbox 262 2443 1252 2520; baseline -0.013 -27"><span class='ocrx_word' id='word_1_287' title='bbox 262 2468 342 2492; x_wconf 88' lang='lat'>1071.</span> <span class='ocrx_word' id='word_1_288' title='bbox 373 2448 731 2520; x_wconf 81' lang='grc' dir='ltr'>ἀμφιγαλκοφάλαρα</span> <span class='ocrx_word' id='word_1_289' title='bbox 761 2460 770 2485; x_wconf 77' lang='lat' dir='ltr'>t</span> <span class='ocrx_word' id='word_1_290' title='bbox 813 2445 903 2483; x_wconf 87' lang='grc' dir='ltr'>Ἀντι</span> <span class='ocrx_word' id='word_1_291' title='bbox 935 2447 994 2481; x_wconf 77' lang='grc' dir='ltr'>τοῦ</span> <span class='ocrx_word' id='word_1_292' title='bbox 1030 2443 1252 2495; x_wconf 76' lang='grc' dir='ltr'>πολύχαλκα.</span> 
     </span>
    </p>
   </div>
   <div class='ocr_carea' id='block_1_11' title="bbox 153 2503 1253 2621">
    <p class='ocr_par' dir='ltr' id='par_1_20' title="bbox 153 2503 1253 2621">
     <span class='ocr_line' id='line_1_45' title="bbox 206 2503 1253 2564; baseline -0.011 -14"><span class='ocrx_word' id='word_1_293' title='bbox 206 2525 458 2564; x_wconf 85' lang='grc' dir='ltr'>τραγικωτερον</span> <span class='ocrx_word' id='word_1_294' title='bbox 481 2509 510 2558; x_wconf 84' lang='grc' dir='ltr'>(δ</span> <span class='ocrx_word' id='word_1_295' title='bbox 513 2507 538 2558; x_wconf 77' lang='grc' dir='ltr'>ὲ)</span> <span class='ocrx_word' id='word_1_296' title='bbox 555 2506 647 2557; x_wconf 85' lang='grc' dir='ltr'>λέγει</span> <span class='ocrx_word' id='word_1_297' title='bbox 663 2503 740 2556; x_wconf 88' lang='grc' dir='ltr'>(δια</span> <span class='ocrx_word' id='word_1_298' title='bbox 756 2504 794 2541; x_wconf 81' lang='grc' dir='ltr'>τὸ</span> <span class='ocrx_word' id='word_1_299' title='bbox 815 2519 857 2553; x_wconf 85' lang='grc' dir='ltr'>με</span> <span class='ocrx_word' id='word_1_300' title='bbox 843 2505 1081 2554; x_wconf 59' lang='grc' dir='ltr'>,γαλορρημον</span> <span class='ocrx_word' id='word_1_301' title='bbox 1101 2517 1160 2539; x_wconf 86' lang='grc' dir='ltr'>του</span> <span class='ocrx_word' id='word_1_302' title='bbox 1177 2506 1253 2542; x_wconf 82' lang='grc' dir='ltr'>Λα-</span> 
     </span>
     <span class='ocr_line' id='line_1_46' title="bbox 153 2570 351 2621; baseline -0.016 1"><span class='ocrx_word' id='word_1_303' title='bbox 153 2588 188 2613; x_wconf 67' lang='lat'>⁴0</span> <span class='ocrx_word' id='word_1_304' title='bbox 209 2570 351 2621; x_wconf 63' lang='grc' dir='ltr'>μάχου)</span> 
     </span>
    </p>
   </div>
   <div class='ocr_carea' id='block_1_12' title="bbox 262 2617 1253 2710">
    <p class='ocr_par' dir='ltr' id='par_1_21' title="bbox 262 2617 1253 2710">
     <span class='ocr_line' id='line_1_47' title="bbox 262 2617 1253 2710; baseline -0.011 -45"><span class='ocrx_word' id='word_1_305' title='bbox 262 2640 340 2666; x_wconf 90' lang='grc'>1074.</span> <span class='ocrx_word' id='word_1_306' title='bbox 374 2624 515 2675; x_wconf 75' lang='grc' dir='ltr'>(λόγους</span> <span class='ocrx_word' id='word_1_307' title='bbox 543 2635 551 2660; x_wconf 87' lang='lat'><strong>:</strong></span> <span class='ocrx_word' id='word_1_308' title='bbox 578 2620 692 2659; x_wconf 85' lang='grc' dir='ltr'>’Ένιοι</span> <span class='ocrx_word' id='word_1_309' title='bbox 720 2618 788 2710; x_wconf 51' lang='grc' dir='ltr'>μὲ</span> <span class='ocrx_word' id='word_1_310' title='bbox 748 2635 781 2655; x_wconf 95' lang='grc' dir='ltr'>ν</span> <span class='ocrx_word' id='word_1_311' title='bbox 802 2618 842 2655; x_wconf 81' lang='grc' dir='ltr'>τὸ</span> <span class='ocrx_word' id='word_1_312' title='bbox 870 2617 903 2661; x_wconf 81' lang='grc' dir='ltr'>ἐξ</span> <span class='ocrx_word' id='word_1_313' title='bbox 914 2617 1092 2702; x_wconf 77' lang='grc' dir='ltr'>ἀνρρῶν’</span> <span class='ocrx_word' id='word_1_314' title='bbox 1077 2633 1168 2654; x_wconf 77' lang='grc' dir='ltr'>οκτι)</span> <span class='ocrx_word' id='word_1_315' title='bbox 1189 2617 1253 2655; x_wconf 88' lang='grc' dir='ltr'>σύ-</span> 
     </span>
    </p>
   </div>
   <div class='ocr_carea' id='block_1_13' title="bbox 484 2680 680 2694">
    <p class='ocr_par' dir='ltr' id='par_1_22' title="bbox 484 2680 680 2694">
     <span class='ocr_line' id='line_1_48' title="bbox 484 2680 680 2694; baseline -0.005 -1"><span class='ocrx_word' id='word_1_316' title='bbox 484 2680 680 2694; x_wconf 56' lang='grc' dir='ltr'>κκκκκκ</span> 
     </span>
    </p>
   </div>
   <div class='ocr_carea' id='block_1_14' title="bbox 171 1787 204 1828">
    <p class='ocr_par' dir='ltr' id='par_1_23' title="bbox 171 1787 204 1828">
     <span class='ocr_line' id='line_1_49' title="bbox 171 1787 204 1828; baseline 0 0"><span class='ocrx_word' id='word_1_317' title='bbox 171 1787 204 1828; x_wconf 63' lang='lat'>:⁷4</span> 
     </span>
    </p>
   </div>
   <div class='ocr_carea' id='block_1_15' title="bbox 763 2093 1256 2146">
    <p class='ocr_par' dir='ltr' id='par_1_24' title="bbox 763 2093 1256 2146">
     <span class='ocr_line' id='line_1_50' title="bbox 763 2093 1256 2146; baseline -0.006 -12"><span class='ocrx_word' id='word_1_318' title='bbox 763 2110 772 2117; x_wconf 90' lang='grc'>·</span> <span class='ocrx_word' id='word_1_319' title='bbox 764 2097 858 2146; x_wconf 84' lang='grc' dir='ltr'>,ΤΓι1</span> <span class='ocrx_word' id='word_1_320' title='bbox 882 2094 1086 2144; x_wconf 87' lang='grc' dir='ltr'>ἀλείμματι.</span> <span class='ocrx_word' id='word_1_321' title='bbox 1113 2094 1151 2131; x_wconf 89' lang='grc' dir='ltr'>λέ</span> <span class='ocrx_word' id='word_1_322' title='bbox 1136 2110 1205 2145; x_wconf 88' lang='grc' dir='ltr'>εγει</span> <span class='ocrx_word' id='word_1_323' title='bbox 1222 2093 1256 2131; x_wconf 88' lang='lat'>83</span> 
     </span>
    </p>
   </div>
   <div class='ocr_carea' id='block_1_16' title="bbox 203 2698 1251 2852">
    <p class='ocr_par' dir='ltr' id='par_1_25' title="bbox 203 2698 1251 2852">
     <span class='ocr_line' id='line_1_51' title="bbox 206 2698 1250 2794; baseline -0.017 -11"><span class='ocrx_word' id='word_1_324' title='bbox 206 2745 322 2782; x_wconf 80' lang='grc' dir='ltr'>δεκα’</span> <span class='ocrx_word' id='word_1_325' title='bbox 305 2743 436 2794; x_wconf 77' lang='grc' dir='ltr'>ανδρῶν</span> <span class='ocrx_word' id='word_1_326' title='bbox 452 2741 581 2785; x_wconf 85' lang='grc' dir='ltr'>πληθος</span> <span class='ocrx_word' id='word_1_327' title='bbox 592 2768 601 2784; x_wconf 89' lang='grc'><em>,</em></span> <span class='ocrx_word' id='word_1_328' title='bbox 616 2736 633 2774; x_wconf 94' lang='lat'>8</span> <span class='ocrx_word' id='word_1_329' title='bbox 645 2736 704 2774; x_wconf 83' lang='grc' dir='ltr'>καὶ</span> <span class='ocrx_word' id='word_1_330' title='bbox 716 2698 846 2772; x_wconf 83' lang='grc' dir='ltr'>τέλειόν</span> <span class='ocrx_word' id='word_1_331' title='bbox 864 2749 949 2786; x_wconf 85' lang='grc' dir='ltr'>φασι</span> <span class='ocrx_word' id='word_1_332' title='bbox 963 2748 1022 2770; x_wconf 86' lang='grc' dir='ltr'>και</span> <span class='ocrx_word' id='word_1_333' title='bbox 1038 2733 1250 2785; x_wconf 69' lang='grc' dir='ltr'>σύμμετρον</span> 
     </span>
     <span class='ocr_line' id='line_1_52' title="bbox 203 2791 1251 2852; baseline -0.015 -13"><span class='ocrx_word' id='word_1_334' title='bbox 203 2817 263 2838; x_wconf 89' lang='grc' dir='ltr'>και</span> <span class='ocrx_word' id='word_1_335' title='bbox 292 2799 462 2852; x_wconf 83' lang='grc' dir='ltr'>λογαγός,</span> <span class='ocrx_word' id='word_1_336' title='bbox 488 2794 705 2848; x_wconf 84' lang='grc' dir='ltr'>προστάτης,</span> <span class='ocrx_word' id='word_1_337' title='bbox 732 2792 791 2830; x_wconf 88' lang='grc' dir='ltr'>καὶ</span> <span class='ocrx_word' id='word_1_338' title='bbox 819 2795 881 2842; x_wconf 77' lang='grc' dir='ltr'>ἦγε</span> <span class='ocrx_word' id='word_1_339' title='bbox 868 2807 959 2840; x_wconf 85' lang='grc' dir='ltr'>μων</span> <span class='ocrx_word' id='word_1_340' title='bbox 990 2793 1007 2827; x_wconf 86' lang='grc' dir='ltr'><em>ὃ</em></span> <span class='ocrx_word' id='word_1_341' title='bbox 1033 2791 1135 2835; x_wconf 81' lang='grc' dir='ltr'>αὐτός</span> <span class='ocrx_word' id='word_1_342' title='bbox 1159 2793 1251 2839; x_wconf 64' lang='grc' dir='ltr'>ἐστι,</span> 
     </span>
    </p>
   </div>
   <div class='ocr_carea' id='block_1_17' title="bbox 151 2849 1281 2911">
    <p class='ocr_par' dir='ltr' id='par_1_26' title="bbox 151 2849 1281 2911">
     <span class='ocr_line' id='line_1_53' title="bbox 151 2849 1281 2911; baseline -0.01 -13"><span class='ocrx_word' id='word_1_343' title='bbox 151 2876 185 2900; x_wconf 86' lang='lat'>45</span> <span class='ocrx_word' id='word_1_344' title='bbox 204 2861 338 2911; x_wconf 77' lang='grc' dir='ltr'>πρῶτος</span> <span class='ocrx_word' id='word_1_345' title='bbox 356 2857 415 2895; x_wconf 83' lang='grc' dir='ltr'>καὶ</span> <span class='ocrx_word' id='word_1_346' title='bbox 433 2856 570 2909; x_wconf 86' lang='grc' dir='ltr'>ἄριστος</span> <span class='ocrx_word' id='word_1_347' title='bbox 584 2869 644 2891; x_wconf 91' lang='grc' dir='ltr'>του</span> <span class='ocrx_word' id='word_1_348' title='bbox 657 2851 776 2903; x_wconf 77' lang='grc' dir='ltr'>λόγου.</span> <span class='ocrx_word' id='word_1_349' title='bbox 793 2850 891 2902; x_wconf 80' lang='grc' dir='ltr'>παρὰ</span> <span class='ocrx_word' id='word_1_350' title='bbox 912 2849 947 2886; x_wconf 93' lang='lat'>83</span> <span class='ocrx_word' id='word_1_351' title='bbox 964 2850 1251 2899; x_wconf 85' lang='grc' dir='ltr'>Λακεδαιμονίοις</span> <span class='ocrx_word' id='word_1_352' title='bbox 1279 2878 1281 2907; x_wconf 75' lang='grc'><em>,</em></span> 
     </span>
    </p>
   </div>
   <div class='ocr_carea' id='block_1_18' title="bbox 203 2908 1396 3004">
    <p class='ocr_par' dir='ltr' id='par_1_27' title="bbox 203 2908 1383 3004">
     <span class='ocr_line' id='line_1_54' title="bbox 203 2908 1280 2970; baseline -0.012 -15"><span class='ocrx_word' id='word_1_353' title='bbox 203 2920 358 2970; x_wconf 72' lang='grc' dir='ltr'>υπῆρχον</span> <span class='ocrx_word' id='word_1_354' title='bbox 382 2915 546 2966; x_wconf 86' lang='grc' dir='ltr'>τέσσαρες</span> <span class='ocrx_word' id='word_1_355' title='bbox 570 2911 686 2964; x_wconf 71' lang='grc' dir='ltr'>λόχοι,</span> <span class='ocrx_word' id='word_1_356' title='bbox 703 2914 751 2953; x_wconf 82' lang='grc' dir='ltr'>οἷς</span> <span class='ocrx_word' id='word_1_357' title='bbox 772 2908 941 2960; x_wconf 78' lang='grc' dir='ltr'>ἐκέχρητο</span> <span class='ocrx_word' id='word_1_358' title='bbox 966 2910 983 2945; x_wconf 86' lang='grc' dir='ltr'>ὁ</span> <span class='ocrx_word' id='word_1_359' title='bbox 1006 2908 1222 2958; x_wconf 60' lang='grc' dir='ltr'>βασιλεὺς,ε</span> <span class='ocrx_word' id='word_1_360' title='bbox 1205 2926 1250 2952; x_wconf 72' lang='grc' dir='ltr'>ως</span> <span class='ocrx_word' id='word_1_361' title='bbox 1278 2938 1280 2946; x_wconf 77' lang='grc'><em>,</em></span> 
     </span>
     <span class='ocr_line' id='line_1_55' title="bbox 1278 2966 1396 3004; baseline -0.019 1"><span class='ocrx_word' id='word_1_362' title='bbox 1278 2975 1279 2993; x_wconf 62' lang='lat'>¹</span> <span class='ocrx_word' id='word_1_363' title='bbox 1307 2966 1396 3004; x_wconf 85' lang='grc' dir='ltr'>τίαν.</span> 
     </span>
    </p>
   </div>
   <div class='ocr_carea' id='block_1_19' title="bbox 202 2965 1250 3083">
    <p class='ocr_par' dir='ltr' id='par_1_28' title="bbox 203 2965 1250 3082">
     <span class='ocr_line' id='line_1_56' title="bbox 203 2965 1250 3026; baseline -0.012 -13"><span class='ocrx_word' id='word_1_364' title='bbox 203 2977 358 3026; x_wconf 84' lang='grc' dir='ltr'>ἀλλαγου</span> <span class='ocrx_word' id='word_1_365' title='bbox 374 2980 461 3020; x_wconf 68' lang='lat' dir='ltr'>[Lys.</span> <span class='ocrx_word' id='word_1_366' title='bbox 478 2977 542 3018; x_wconf 76' lang='lat'>452]</span> <span class='ocrx_word' id='word_1_367' title='bbox 560 2968 804 3022; x_wconf 73' lang='grc' dir='ltr'>Ἀριστοφάνης</span> <span class='ocrx_word' id='word_1_368' title='bbox 821 2985 835 3000; x_wconf 69' lang='grc' dir='ltr'>τι</span> <span class='ocrx_word' id='word_1_369' title='bbox 849 2965 1014 3018; x_wconf 78' lang='grc' dir='ltr'>γνώσεσθ’</span> <span class='ocrx_word' id='word_1_370' title='bbox 1029 2981 1080 3003; x_wconf 89' lang='grc' dir='ltr'>οτι</span> <span class='ocrx_word' id='word_1_371' title='bbox 1095 2966 1153 3003; x_wconf 86' lang='grc' dir='ltr'>καὶ</span> <span class='ocrx_word' id='word_1_372' title='bbox 1167 2968 1250 3019; x_wconf 85' lang='grc' dir='ltr'>παρ’</span> 
     </span>
     <span class='ocr_line' id='line_1_57' title="bbox 202 3023 1249 3083; baseline -0.011 -12.947"><span class='ocrx_word' id='word_1_373' title='bbox 202 3036 286 3083; x_wconf 77' lang='grc' dir='ltr'>ἡμῖν</span> <span class='ocrx_word' id='word_1_374' title='bbox 307 3034 371 3069; x_wconf 87' lang='grc' dir='ltr'>εἰσι</span> <span class='ocrx_word' id='word_1_375' title='bbox 394 3031 492 3082; x_wconf 71' lang='grc' dir='ltr'>λόχοι</span> <span class='ocrx_word' id='word_1_376' title='bbox 510 3029 676 3080; x_wconf 87' lang='grc' dir='ltr'>τέσσαρες</span> <span class='ocrx_word' id='word_1_377' title='bbox 702 3025 868 3077; x_wconf 78' lang='grc' dir='ltr'>μαχίμων</span> <span class='ocrx_word' id='word_1_378' title='bbox 891 3025 1023 3077; x_wconf 80' lang='grc' dir='ltr'>ἀνδρῶν</span> <span class='ocrx_word' id='word_1_379' title='bbox 1046 3023 1139 3061; x_wconf 84' lang='grc' dir='ltr'>ἔνδον</span> <span class='ocrx_word' id='word_1_380' title='bbox 1166 3024 1249 3068; x_wconf 80' lang='grc' dir='ltr'>ἐξω-</span> 
     </span>
    </p>
   </div>
   <div class='ocr_carea' id='block_1_20' title="bbox 1221 3082 1229 3095">
    <p class='ocr_par' dir='ltr' id='par_1_29' title="bbox 1221 3082 1229 3095">
     <span class='ocr_line' id='line_1_58' title="bbox 1221 3082 1229 3095; baseline 0 0"><span class='ocrx_word' id='word_1_381' title='bbox 1221 3082 1229 3095; x_wconf 98' lang='grc' dir='ltr'><em>Ι</em></span> 
     </span>
    </p>
   </div>
   <div class='ocr_carea' id='block_1_21' title="bbox 202 3082 1246 3140">
    <p class='ocr_par' dir='ltr' id='par_1_30' title="bbox 202 3082 1246 3140">
     <span class='ocr_line' id='line_1_59' title="bbox 202 3082 1246 3140; baseline -0.01 -11"><span class='ocrx_word' id='word_1_382' title='bbox 202 3089 442 3140; x_wconf 75' lang='grc' dir='ltr'>πλισμένωνι.</span> <span class='ocrx_word' id='word_1_383' title='bbox 460 3087 519 3125; x_wconf 84' lang='grc' dir='ltr'>καὶ</span> <span class='ocrx_word' id='word_1_384' title='bbox 538 3085 772 3137; x_wconf 74' lang='grc' dir='ltr'>καταλοχίσαι</span> <span class='ocrx_word' id='word_1_385' title='bbox 788 3083 827 3120; x_wconf 81' lang='grc' dir='ltr'>τὸ</span> <span class='ocrx_word' id='word_1_386' title='bbox 847 3085 893 3126; x_wconf 84' lang='grc' dir='ltr'>εἰς</span> <span class='ocrx_word' id='word_1_387' title='bbox 912 3082 1036 3134; x_wconf 79' lang='grc' dir='ltr'>λόγους</span> <span class='ocrx_word' id='word_1_388' title='bbox 1055 3097 1246 3136; x_wconf 73' lang='grc' dir='ltr'>καταμερι-</span> 
     </span>
    </p>
   </div>
   <div class='ocr_carea' id='block_1_22' title="bbox 149 3140 1278 3199">
    <p class='ocr_par' dir='ltr' id='par_1_31' title="bbox 149 3140 1278 3199">
     <span class='ocr_line' id='line_1_60' title="bbox 149 3140 1278 3199; baseline -0.009 -12"><span class='ocrx_word' id='word_1_389' title='bbox 149 3164 184 3189; x_wconf 72' lang='lat'>50</span> <span class='ocrx_word' id='word_1_390' title='bbox 204 3164 263 3186; x_wconf 89' lang='grc' dir='ltr'>σαι</span> <span class='ocrx_word' id='word_1_391' title='bbox 283 3163 322 3199; x_wconf 88' lang='grc' dir='ltr'>το</span> <span class='ocrx_word' id='word_1_392' title='bbox 343 3147 394 3184; x_wconf 83' lang='grc' dir='ltr'>πλ</span> <span class='ocrx_word' id='word_1_393' title='bbox 395 3149 475 3192; x_wconf 67' lang='grc' dir='ltr'>’ἦθος</span> <span class='ocrx_word' id='word_1_394' title='bbox 496 3160 555 3181; x_wconf 91' lang='grc' dir='ltr'>του</span> <span class='ocrx_word' id='word_1_395' title='bbox 573 3159 734 3195; x_wconf 87' lang='grc' dir='ltr'>στρατου.</span> <span class='ocrx_word' id='word_1_396' title='bbox 754 3142 879 3195; x_wconf 83' lang='grc' dir='ltr'>λόφους</span> <span class='ocrx_word' id='word_1_397' title='bbox 903 3140 938 3179; x_wconf 78' lang='grc' dir='ltr'>δὲ</span> <span class='ocrx_word' id='word_1_398' title='bbox 963 3141 1278 3193; x_wconf 83' lang='grc' dir='ltr'>περικεφαλαίας..</span> 
     </span>
    </p>
   </div>
   <div class='ocr_carea' id='block_1_23' title="bbox 201 3198 1246 3259">
    <p class='ocr_par' dir='ltr' id='par_1_32' title="bbox 201 3198 1246 3259">
     <span class='ocr_line' id='line_1_61' title="bbox 201 3198 1246 3259; baseline -0.009 -15"><span class='ocrx_word' id='word_1_399' title='bbox 201 3206 302 3259; x_wconf 66' lang='grc' dir='ltr'>λΟζΡΟς</span> <span class='ocrx_word' id='word_1_400' title='bbox 323 3212 390 3257; x_wconf 75' lang='grc' dir='ltr'>γὰρ</span> <span class='ocrx_word' id='word_1_401' title='bbox 414 3219 474 3241; x_wconf 73' lang='lat' dir='ltr'>mu,</span> <span class='ocrx_word' id='word_1_402' title='bbox 495 3218 534 3240; x_wconf 77' lang='lat' dir='ltr'>‘to</span> <span class='ocrx_word' id='word_1_403' title='bbox 562 3200 834 3254; x_wconf 54' lang='grc' dir='ltr'>περικέᾮαλαίας</span> <span class='ocrx_word' id='word_1_404' title='bbox 858 3199 974 3251; x_wconf 73' lang='grc' dir='ltr'>ἄκρθν,</span> <span class='ocrx_word' id='word_1_405' title='bbox 995 3198 1055 3236; x_wconf 67' lang='grc' dir='ltr'>καὶ</span> <span class='ocrx_word' id='word_1_406' title='bbox 1072 3214 1134 3249; x_wconf 78' lang='grc' dir='ltr'>γης</span> <span class='ocrx_word' id='word_1_407' title='bbox 1158 3199 1246 3236; x_wconf 70' lang='grc' dir='ltr'>ἀνά-</span> 
     </span>
    </p>
   </div>
   <div class='ocr_carea' id='block_1_24' title="bbox 202 3264 1002 3431">
    <p class='ocr_par' dir='ltr' id='par_1_33' title="bbox 202 3264 1002 3431">
     <span class='ocr_line' id='line_1_62' title="bbox 202 3264 347 3314; baseline -0.014 1"><span class='ocrx_word' id='word_1_408' title='bbox 202 3264 347 3314; x_wconf 58' lang='lat' dir='ltr'>mua)</span> 
     </span>
     <span class='ocr_line' id='line_1_63' title="bbox 256 3315 650 3361; baseline -0.015 -2"><span class='ocrx_word' id='word_1_409' title='bbox 256 3334 335 3359; x_wconf 85' lang='lat'>1075.</span> <span class='ocrx_word' id='word_1_410' title='bbox 365 3318 426 3361; x_wconf 83' lang='grc' dir='ltr'>τὰς</span> <span class='ocrx_word' id='word_1_411' title='bbox 452 3315 611 3358; x_wconf 73' lang='grc' dir='ltr'>εἷσὸολάς</span> <span class='ocrx_word' id='word_1_412' title='bbox 642 3329 650 3354; x_wconf 94' lang='lat'>:</span> 
     </span>
     <span class='ocr_line' id='line_1_64' title="bbox 202 3372 1002 3431; baseline -0.01 -14"><span class='ocrx_word' id='word_1_413' title='bbox 202 3381 370 3431; x_wconf 87' lang='grc' dir='ltr'>στρατῶν.</span> <span class='ocrx_word' id='word_1_414' title='bbox 388 3375 566 3428; x_wconf 87' lang='grc' dir='ltr'>νιφόμενον</span> <span class='ocrx_word' id='word_1_415' title='bbox 588 3374 623 3412; x_wconf 80' lang='grc' dir='ltr'>δὲ</span> <span class='ocrx_word' id='word_1_416' title='bbox 644 3376 689 3416; x_wconf 85' lang='grc' dir='ltr'>ὡς</span> <span class='ocrx_word' id='word_1_417' title='bbox 709 3375 876 3424; x_wconf 77' lang='grc' dir='ltr'>χειμῶνος</span> <span class='ocrx_word' id='word_1_418' title='bbox 897 3372 1002 3415; x_wconf 77' lang='grc' dir='ltr'>ὄντος.</span> 
     </span>
    </p>
   </div>
   <div class='ocr_carea' id='block_1_25' title="bbox 687 3313 1244 3364">
    <p class='ocr_par' dir='ltr' id='par_1_34' title="bbox 687 3313 1244 3364">
     <span class='ocr_line' id='line_1_65' title="bbox 687 3313 1244 3364; baseline -0.002 -12"><span class='ocrx_word' id='word_1_419' title='bbox 687 3314 763 3357; x_wconf 84' lang='grc' dir='ltr'>Τὰς</span> <span class='ocrx_word' id='word_1_420' title='bbox 798 3313 947 3357; x_wconf 81' lang='grc' dir='ltr'>εἰσόδους</span> <span class='ocrx_word' id='word_1_421' title='bbox 971 3317 1038 3352; x_wconf 83' lang='grc' dir='ltr'>τῶν</span> <span class='ocrx_word' id='word_1_422' title='bbox 1064 3314 1244 3364; x_wconf 80' lang='grc' dir='ltr'>πολεμίων</span> 
     </span>
    </p>
   </div>
   <div class='ocr_carea' id='block_1_26' title="bbox 1324 294 2426 1454">
    <p class='ocr_par' dir='ltr' id='par_1_35' title="bbox 1327 294 2409 817">
     <span class='ocr_line' id='line_1_66' title="bbox 1386 294 2371 348; baseline 0.009 -17"><span class='ocrx_word' id='word_1_423' title='bbox 1386 306 1466 332; x_wconf 89' lang='grc'>1076.</span> <span class='ocrx_word' id='word_1_424' title='bbox 1499 294 1565 332; x_wconf 83' lang='grc' dir='ltr'>ὑπὸ</span> <span class='ocrx_word' id='word_1_425' title='bbox 1585 310 1645 332; x_wconf 91' lang='grc' dir='ltr'>του</span> <span class='ocrx_word' id='word_1_426' title='bbox 1664 295 1771 346; x_wconf 83' lang='grc' dir='ltr'>χάους</span> <span class='ocrx_word' id='word_1_427' title='bbox 1786 296 1886 348; x_wconf 81' lang='grc' dir='ltr'>γάρ;</span> <span class='ocrx_word' id='word_1_428' title='bbox 1905 297 2117 348; x_wconf 85' lang='grc' dir='ltr'>Θεόπομπος</span> <span class='ocrx_word' id='word_1_429' title='bbox 2138 300 2215 344; x_wconf 81' lang='grc' dir='ltr'>τοὺς</span> <span class='ocrx_word' id='word_1_430' title='bbox 2239 302 2371 340; x_wconf 82' lang='grc' dir='ltr'>διασω-</span> 
     </span>
     <span class='ocr_line' id='line_1_67' title="bbox 1329 351 2373 410; baseline 0.011 -24"><span class='ocrx_word' id='word_1_431' title='bbox 1329 351 1482 393; x_wconf 83' lang='grc' dir='ltr'>θέντας</span> <span class='ocrx_word' id='word_1_432' title='bbox 1467 367 1505 388; x_wconf 90' lang='grc' dir='ltr'>εκ</span> <span class='ocrx_word' id='word_1_433' title='bbox 1527 367 1586 389; x_wconf 90' lang='grc' dir='ltr'>του</span> <span class='ocrx_word' id='word_1_434' title='bbox 1604 355 1852 404; x_wconf 89' lang='grc' dir='ltr'>κατακλυσμου</span> <span class='ocrx_word' id='word_1_435' title='bbox 1873 356 2002 407; x_wconf 74' lang='grc' dir='ltr'>ἑψῆσαί</span> <span class='ocrx_word' id='word_1_436' title='bbox 2027 372 2110 409; x_wconf 83' lang='grc' dir='ltr'>φησι</span> <span class='ocrx_word' id='word_1_437' title='bbox 2126 357 2258 410; x_wconf 88' lang='grc' dir='ltr'>γύτραν</span> <span class='ocrx_word' id='word_1_438' title='bbox 2282 375 2373 398; x_wconf 88' lang='grc' dir='ltr'>παν-</span> 
     </span>
     <span class='ocr_line' id='line_1_68' title="bbox 1330 408 2371 466; baseline 0.012 -23"><span class='ocrx_word' id='word_1_439' title='bbox 1330 408 1512 459; x_wconf 89' lang='grc' dir='ltr'>σπερμίας·</span> <span class='ocrx_word' id='word_1_440' title='bbox 1536 409 1611 447; x_wconf 80' lang='grc' dir='ltr'>ὅθεν</span> <span class='ocrx_word' id='word_1_441' title='bbox 1640 410 1729 448; x_wconf 80' lang='grc' dir='ltr'>οὕτω</span> <span class='ocrx_word' id='word_1_442' title='bbox 1754 413 1924 458; x_wconf 77' lang='grc' dir='ltr'>κληθῆναι</span> <span class='ocrx_word' id='word_1_443' title='bbox 1952 430 2015 460; x_wconf 92' lang='grc' dir='ltr'>την</span> <span class='ocrx_word' id='word_1_444' title='bbox 2045 416 2180 466; x_wconf 76' lang='grc' dir='ltr'>ἑορτήν·</span> <span class='ocrx_word' id='word_1_445' title='bbox 2202 432 2262 454; x_wconf 90' lang='grc' dir='ltr'>και</span> <span class='ocrx_word' id='word_1_446' title='bbox 2281 417 2371 456; x_wconf 87' lang='grc' dir='ltr'>θύειν</span> 
     </span>
     <span class='ocr_line' id='line_1_69' title="bbox 1328 466 2372 539; baseline 0.011 -37"><span class='ocrx_word' id='word_1_447' title='bbox 1328 466 1397 508; x_wconf 79' lang='grc' dir='ltr'>τοῖς</span> <span class='ocrx_word' id='word_1_448' title='bbox 1416 466 1545 504; x_wconf 86' lang='grc' dir='ltr'>Χουσιν</span> <span class='ocrx_word' id='word_1_449' title='bbox 1567 467 1683 539; x_wconf 77' lang='grc' dir='ltr'>Ἑρμῇ</span> <span class='ocrx_word' id='word_1_450' title='bbox 1710 469 1849 522; x_wconf 74' lang='grc' dir='ltr'>χθονίω·</span> <span class='ocrx_word' id='word_1_451' title='bbox 1869 487 1930 517; x_wconf 88' lang='grc' dir='ltr'>της</span> <span class='ocrx_word' id='word_1_452' title='bbox 1946 471 1981 508; x_wconf 81' lang='grc' dir='ltr'>δὲ</span> <span class='ocrx_word' id='word_1_453' title='bbox 1997 471 2127 525; x_wconf 82' lang='grc' dir='ltr'>χύτρας</span> <span class='ocrx_word' id='word_1_454' title='bbox 2147 474 2268 512; x_wconf 78' lang='grc' dir='ltr'>οὐδένα</span> <span class='ocrx_word' id='word_1_455' title='bbox 2288 475 2372 524; x_wconf 81' lang='grc' dir='ltr'>γεύ-</span> 
     </span>
     <span class='ocr_line' id='line_1_70' title="bbox 1330 525 2409 582; baseline 0.012 -23"><span class='ocrx_word' id='word_1_456' title='bbox 1330 527 1470 563; x_wconf 82' lang='grc' dir='ltr'>σασθαι.</span> <span class='ocrx_word' id='word_1_457' title='bbox 1491 528 1593 562; x_wconf 78' lang='grc' dir='ltr'>τοῦτο</span> <span class='ocrx_word' id='word_1_458' title='bbox 1617 525 1651 562; x_wconf 86' lang='grc' dir='ltr'>δὲ</span> <span class='ocrx_word' id='word_1_459' title='bbox 1671 530 1816 572; x_wconf 77' lang='grc' dir='ltr'>ποιῆσαι</span> <span class='ocrx_word' id='word_1_460' title='bbox 1840 528 1919 571; x_wconf 90' lang='grc' dir='ltr'>τους</span> <span class='ocrx_word' id='word_1_461' title='bbox 1937 531 2207 582; x_wconf 84' lang='grc' dir='ltr'>περισωθέντας,</span> <span class='ocrx_word' id='word_1_462' title='bbox 2228 534 2372 571; x_wconf 83' lang='grc' dir='ltr'>ἱλασκο-</span> <span class='ocrx_word' id='word_1_463' title='bbox 2391 548 2409 574; x_wconf 82' lang='lat'><strong>5</strong></span> 
     </span>
     <span class='ocr_line' id='line_1_71' title="bbox 1330 580 2373 641; baseline 0.012 -24"><span class='ocrx_word' id='word_1_464' title='bbox 1330 580 1450 630; x_wconf 82' lang='grc' dir='ltr'>μένους</span> <span class='ocrx_word' id='word_1_465' title='bbox 1472 583 1528 619; x_wconf 84' lang='grc' dir='ltr'>τὸν</span> <span class='ocrx_word' id='word_1_466' title='bbox 1549 582 1686 634; x_wconf 68' lang='grc' dir='ltr'>εΕρμῆν</span> <span class='ocrx_word' id='word_1_467' title='bbox 1706 599 1765 620; x_wconf 84' lang='grc' dir='ltr'>και</span> <span class='ocrx_word' id='word_1_468' title='bbox 1783 589 1861 637; x_wconf 88' lang='grc' dir='ltr'>περὶ</span> <span class='ocrx_word' id='word_1_469' title='bbox 1889 602 1958 623; x_wconf 90' lang='grc' dir='ltr'>τιι1ν</span> <span class='ocrx_word' id='word_1_470' title='bbox 1977 588 2229 627; x_wconf 76' lang='grc' dir='ltr'>ἀποθανόντων.</span> <span class='ocrx_word' id='word_1_471' title='bbox 2249 590 2373 641; x_wconf 83' lang='grc' dir='ltr'>(ἤγετο</span> 
     </span>
     <span class='ocr_line' id='line_1_72' title="bbox 1329 638 2373 695; baseline 0.01 -19"><span class='ocrx_word' id='word_1_472' title='bbox 1329 638 1365 676; x_wconf 78' lang='grc' dir='ltr'>δὲ</span> <span class='ocrx_word' id='word_1_473' title='bbox 1389 642 1411 685; x_wconf 86' lang='grc' dir='ltr'>ἡ</span> <span class='ocrx_word' id='word_1_474' title='bbox 1437 641 1537 692; x_wconf 81' lang='grc' dir='ltr'>ἑορτὴ</span> <span class='ocrx_word' id='word_1_475' title='bbox 1560 641 1843 693; x_wconf 86' lang='grc' dir='ltr'>ΑνθεστηριΓι1νος</span> <span class='ocrx_word' id='word_1_476' title='bbox 1867 643 1965 695; x_wconf 69' lang='grc' dir='ltr'>τρίτῃ</span> <span class='ocrx_word' id='word_1_477' title='bbox 1987 645 2044 682; x_wconf 81' lang='grc' dir='ltr'>ἐπι</span> <span class='ocrx_word' id='word_1_478' title='bbox 2064 645 2166 692; x_wconf 86' lang='grc' dir='ltr'>δεκα,</span> <span class='ocrx_word' id='word_1_479' title='bbox 2192 664 2238 690; x_wconf 87' lang='grc' dir='ltr'>ως</span> <span class='ocrx_word' id='word_1_480' title='bbox 2257 647 2373 685; x_wconf 84' lang='grc' dir='ltr'>Φιλό-</span> 
     </span>
     <span class='ocr_line' id='line_1_73' title="bbox 1327 698 2372 764; baseline 0.009 -30"><span class='ocrx_word' id='word_1_481' title='bbox 1327 713 1442 749; x_wconf 73' lang='grc' dir='ltr'>γορος.</span> <span class='ocrx_word' id='word_1_482' title='bbox 1499 698 1584 737; x_wconf 78' lang='grc' dir='ltr'>Αλ)</span> <span class='ocrx_word' id='word_1_483' title='bbox 1586 701 1685 749; x_wconf 86' lang='grc' dir='ltr'>ως)</span> <span class='ocrx_word' id='word_1_484' title='bbox 1671 716 1704 737; x_wconf 92' lang='grc' dir='ltr'>εν</span> <span class='ocrx_word' id='word_1_485' title='bbox 1721 716 1783 753; x_wconf 87' lang='grc' dir='ltr'>μια</span> <span class='ocrx_word' id='word_1_486' title='bbox 1783 701 1911 760; x_wconf 80' lang='grc' dir='ltr'>ἡμέρᾳ</span> <span class='ocrx_word' id='word_1_487' title='bbox 1930 702 2307 775; x_wconf 80' lang='grc' dir='ltr'>ἄγονταιοῗτεΧύτροι</span> <span class='ocrx_word' id='word_1_488' title='bbox 2312 722 2372 743; x_wconf 92' lang='grc' dir='ltr'>και</span> 
     </span>
     <span class='ocr_line' id='line_1_74' title="bbox 1328 755 2373 817; baseline 0.009 -25"><span class='ocrx_word' id='word_1_489' title='bbox 1328 758 1358 793; x_wconf 86' lang='grc' dir='ltr'>οἱ</span> <span class='ocrx_word' id='word_1_490' title='bbox 1378 755 1496 799; x_wconf 85' lang='grc' dir='ltr'>Χόες</span> <span class='ocrx_word' id='word_1_491' title='bbox 1481 773 1514 793; x_wconf 86' lang='grc' dir='ltr'>εν</span> <span class='ocrx_word' id='word_1_492' title='bbox 1532 757 1737 803; x_wconf 79' lang='grc' dir='ltr'>Ἀθήναις,</span> <span class='ocrx_word' id='word_1_493' title='bbox 1723 775 1756 796; x_wconf 89' lang='grc' dir='ltr'>εν</span> <span class='ocrx_word' id='word_1_494' title='bbox 1778 762 1806 811; x_wconf 79' lang='grc' dir='ltr'>ᾧ</span> <span class='ocrx_word' id='word_1_495' title='bbox 1821 766 1890 797; x_wconf 85' lang='grc' dir='ltr'>πᾶν</span> <span class='ocrx_word' id='word_1_496' title='bbox 1909 760 2048 812; x_wconf 88' lang='grc' dir='ltr'>σπέρμα</span> <span class='ocrx_word' id='word_1_497' title='bbox 2069 763 2115 804; x_wconf 89' lang='grc' dir='ltr'>εἷς</span> <span class='ocrx_word' id='word_1_498' title='bbox 2135 762 2268 816; x_wconf 84' lang='grc' dir='ltr'>χύτραν</span> <span class='ocrx_word' id='word_1_499' title='bbox 2286 765 2373 817; x_wconf 73' lang='grc' dir='ltr'>ἑψη-</span> 
     </span>
    </p>

    <p class='ocr_par' dir='ltr' id='par_1_36' title="bbox 1328 815 2426 917">
     <span class='ocr_line' id='line_1_75' title="bbox 1329 815 2426 874; baseline 0.01 -23.246"><span class='ocrx_word' id='word_1_500' title='bbox 1329 830 1449 858; x_wconf 87' lang='grc' dir='ltr'>σαντες</span> <span class='ocrx_word' id='word_1_501' title='bbox 1468 815 1586 854; x_wconf 84' lang='grc' dir='ltr'>θύουσι</span> <span class='ocrx_word' id='word_1_502' title='bbox 1607 816 1701 870; x_wconf 84' lang='grc' dir='ltr'>μόνω</span> <span class='ocrx_word' id='word_1_503' title='bbox 1718 821 1767 855; x_wconf 80' lang='grc' dir='ltr'>τΓι)</span> <span class='ocrx_word' id='word_1_504' title='bbox 1790 819 1948 872; x_wconf 79' lang='grc' dir='ltr'>Διονύσῳ</span> <span class='ocrx_word' id='word_1_505' title='bbox 1968 820 2028 858; x_wconf 86' lang='grc' dir='ltr'>καὶ</span> <span class='ocrx_word' id='word_1_506' title='bbox 2047 819 2179 874; x_wconf 69' lang='grc' dir='ltr'>εΕρμῇ.</span> <span class='ocrx_word' id='word_1_507' title='bbox 2200 822 2291 861; x_wconf 78' lang='grc' dir='ltr'>οὕτω</span> <span class='ocrx_word' id='word_1_508' title='bbox 2313 824 2373 862; x_wconf 88' lang='grc' dir='ltr'>Δί·</span> <span class='ocrx_word' id='word_1_509' title='bbox 2393 844 2426 868; x_wconf 86' lang='lat'>10</span> 
     </span>
     <span class='ocr_line' id='line_1_76' title="bbox 1328 874 1444 924; baseline 0.01 -14"><span class='ocrx_word' id='word_1_510' title='bbox 1328 874 1444 924; x_wconf 89' lang='grc' dir='ltr'>δυμος.</span> 
     </span>
    </p>

    <p class='ocr_par' dir='ltr' id='par_1_37' title="bbox 1326 933 2373 1105">
     <span class='ocr_line' id='line_1_77' title="bbox 1382 933 2372 990; baseline 0.007 -20"><span class='ocrx_word' id='word_1_511' title='bbox 1382 947 1462 972; x_wconf 89' lang='lat'>1077.</span> <span class='ocrx_word' id='word_1_512' title='bbox 1493 933 1659 983; x_wconf 70' lang='grc' dir='ltr'>ἐμὸαλεῖν</span> <span class='ocrx_word' id='word_1_513' title='bbox 1686 935 1871 979; x_wconf 84' lang='grc' dir='ltr'>Βοιωτίους</span> <span class='ocrx_word' id='word_1_514' title='bbox 1901 950 1910 975; x_wconf 89' lang='lat'>:</span> <span class='ocrx_word' id='word_1_515' title='bbox 1942 936 2114 987; x_wconf 88' lang='grc' dir='ltr'>Πολέμιοι</span> <span class='ocrx_word' id='word_1_516' title='bbox 2141 937 2208 990; x_wconf 88' lang='grc' dir='ltr'>γὰρ</span> <span class='ocrx_word' id='word_1_517' title='bbox 2225 933 2315 985; x_wconf 66' lang='grc' dir='ltr'>ἦσαν</span> <span class='ocrx_word' id='word_1_518' title='bbox 2341 942 2372 977; x_wconf 83' lang='grc' dir='ltr'>οἱ</span> 
     </span>
     <span class='ocr_line' id='line_1_78' title="bbox 1328 990 2373 1049; baseline 0.005 -19"><span class='ocrx_word' id='word_1_519' title='bbox 1328 992 1486 1030; x_wconf 85' lang='grc' dir='ltr'>Βοιωτοί.</span> <span class='ocrx_word' id='word_1_520' title='bbox 1509 994 1555 1041; x_wconf 82' lang='grc' dir='ltr'>(ἐν</span> <span class='ocrx_word' id='word_1_521' title='bbox 1578 996 1648 1035; x_wconf 81' lang='grc' dir='ltr'>τοῖς</span> <span class='ocrx_word' id='word_1_522' title='bbox 1667 993 1738 1030; x_wconf 70' lang='grc' dir='ltr'>ἄνω</span> <span class='ocrx_word' id='word_1_523' title='bbox 1759 990 1816 1031; x_wconf 64' lang='grc' dir='ltr'>οἶν</span> <span class='ocrx_word' id='word_1_524' title='bbox 1833 998 1850 1032; x_wconf 86' lang='lat'>8</span> <span class='ocrx_word' id='word_1_525' title='bbox 1874 995 2046 1047; x_wconf 86' lang='grc' dir='ltr'>Δερκέτης</span> <span class='ocrx_word' id='word_1_526' title='bbox 2065 995 2130 1049; x_wconf 79' lang='grc' dir='ltr'>ἔφη</span> <span class='ocrx_word' id='word_1_527' title='bbox 2155 997 2208 1034; x_wconf 80' lang='grc' dir='ltr'>ὅτι</span> <span class='ocrx_word' id='word_1_528' title='bbox 2226 998 2373 1036; x_wconf 87' lang='grc' dir='ltr'>Βοιωτοί</span> 
     </span>
     <span class='ocr_line' id='line_1_79' title="bbox 1326 1051 2111 1105; baseline 0.006 -18"><span class='ocrx_word' id='word_1_529' title='bbox 1326 1066 1414 1094; x_wconf 89' lang='grc' dir='ltr'>τινες</span> <span class='ocrx_word' id='word_1_530' title='bbox 1434 1051 1614 1103; x_wconf 83' lang='grc' dir='ltr'>ἀφείλοντό</span> <span class='ocrx_word' id='word_1_531' title='bbox 1632 1067 1697 1101; x_wconf 90' lang='grc' dir='ltr'>μου</span> <span class='ocrx_word' id='word_1_532' title='bbox 1715 1053 1754 1090; x_wconf 80' lang='grc' dir='ltr'>τὸ</span> <span class='ocrx_word' id='word_1_533' title='bbox 1774 1056 1891 1104; x_wconf 79' lang='grc' dir='ltr'>ζεῦγος</span> <span class='ocrx_word' id='word_1_534' title='bbox 1907 1056 1973 1090; x_wconf 81' lang='grc' dir='ltr'>τῶν</span> <span class='ocrx_word' id='word_1_535' title='bbox 1997 1056 2111 1105; x_wconf 80' lang='grc' dir='ltr'>βοῶν.)</span> 
     </span>
    </p>

    <p class='ocr_par' dir='ltr' id='par_1_38' title="bbox 1324 1109 2426 1279">
     <span class='ocr_line' id='line_1_80' title="bbox 1381 1109 2426 1164; baseline 0.006 -17"><span class='ocrx_word' id='word_1_536' title='bbox 1381 1123 1460 1148; x_wconf 83' lang='grc'>1079.</span> <span class='ocrx_word' id='word_1_537' title='bbox 1491 1111 1528 1147; x_wconf 80' lang='grc' dir='ltr'>οὗ</span> <span class='ocrx_word' id='word_1_538' title='bbox 1559 1109 1653 1147; x_wconf 86' lang='grc' dir='ltr'>δεινὰ</span> <span class='ocrx_word' id='word_1_539' title='bbox 1674 1110 1723 1161; x_wconf 83' lang='grc' dir='ltr'>μὴ</span> <span class='ocrx_word' id='word_1_540' title='bbox 1750 1110 1868 1155; x_wconf 84' lang='grc' dir='ltr'>’ξεῖναί</span> <span class='ocrx_word' id='word_1_541' title='bbox 1892 1127 1935 1161; x_wconf 91' lang='grc' dir='ltr'>με</span> <span class='ocrx_word' id='word_1_542' title='bbox 1965 1125 1973 1151; x_wconf 89' lang='lat'>:</span> <span class='ocrx_word' id='word_1_543' title='bbox 1996 1111 2041 1151; x_wconf 78' lang='lat' dir='ltr'>‘O</span> <span class='ocrx_word' id='word_1_544' title='bbox 2066 1112 2310 1164; x_wconf 76' lang='grc' dir='ltr'>Δικαιόπολις,</span> <span class='ocrx_word' id='word_1_545' title='bbox 2333 1116 2371 1153; x_wconf 82' lang='grc' dir='ltr'>οὐ</span> <span class='ocrx_word' id='word_1_546' title='bbox 2396 1137 2426 1161; x_wconf 84' lang='lat'>15</span> 
     </span>
     <span class='ocr_line' id='line_1_81' title="bbox 1326 1167 2371 1222; baseline 0.005 -17"><span class='ocrx_word' id='word_1_547' title='bbox 1326 1168 1446 1214; x_wconf 81' lang='grc' dir='ltr'>δεινὸν,</span> <span class='ocrx_word' id='word_1_548' title='bbox 1466 1169 1550 1220; x_wconf 80' lang='grc' dir='ltr'>φησὶ</span> <span class='ocrx_word' id='word_1_549' title='bbox 1564 1198 1574 1217; x_wconf 75' lang='grc'><em>,</em></span> <span class='ocrx_word' id='word_1_550' title='bbox 1591 1167 1639 1218; x_wconf 80' lang='grc' dir='ltr'>μὴ</span> <span class='ocrx_word' id='word_1_551' title='bbox 1660 1168 1816 1212; x_wconf 79' lang='grc' dir='ltr'>ἐξουσίαν</span> <span class='ocrx_word' id='word_1_552' title='bbox 1834 1169 1924 1220; x_wconf 72' lang='grc' dir='ltr'>ἔχειν</span> <span class='ocrx_word' id='word_1_553' title='bbox 1937 1186 1980 1220; x_wconf 92' lang='grc' dir='ltr'>με</span> <span class='ocrx_word' id='word_1_554' title='bbox 2001 1170 2177 1222; x_wconf 82' lang='grc' dir='ltr'>ἑορτάσαι.</span> <span class='ocrx_word' id='word_1_555' title='bbox 2203 1170 2299 1222; x_wconf 88' lang='grc' dir='ltr'>(ἴσως</span> <span class='ocrx_word' id='word_1_556' title='bbox 2314 1171 2371 1210; x_wconf 80' lang='grc' dir='ltr'>διὰ</span> 
     </span>
     <span class='ocr_line' id='line_1_82' title="bbox 1324 1226 1892 1279; baseline 0.002 -15"><span class='ocrx_word' id='word_1_557' title='bbox 1324 1226 1381 1264; x_wconf 80' lang='grc' dir='ltr'>τὸν</span> <span class='ocrx_word' id='word_1_558' title='bbox 1399 1229 1467 1264; x_wconf 82' lang='grc' dir='ltr'>τῶν</span> <span class='ocrx_word' id='word_1_559' title='bbox 1483 1229 1704 1278; x_wconf 85' lang='grc' dir='ltr'>στρατιωτῶν</span> <span class='ocrx_word' id='word_1_560' title='bbox 1721 1226 1892 1279; x_wconf 70' lang='grc' dir='ltr'>θόρυέῗον.)</span> 
     </span>
    </p>

    <p class='ocr_par' dir='ltr' id='par_1_39' title="bbox 1324 1284 1907 1396">
     <span class='ocr_line' id='line_1_83' title="bbox 1379 1284 1907 1336; baseline 0.002 -13"><span class='ocrx_word' id='word_1_561' title='bbox 1379 1298 1459 1323; x_wconf 79' lang='grc'>1080.</span> <span class='ocrx_word' id='word_1_562' title='bbox 1492 1284 1868 1336; x_wconf 74' lang='grc' dir='ltr'>(πολεμολαμαχαϊκόν</span> <span class='ocrx_word' id='word_1_563' title='bbox 1899 1299 1907 1324; x_wconf 89' lang='lat'>:</span> 
     </span>
     <span class='ocr_line' id='line_1_84' title="bbox 1324 1341 1870 1396; baseline 0 -15"><span class='ocrx_word' id='word_1_564' title='bbox 1324 1343 1407 1396; x_wconf 78' lang='grc' dir='ltr'>ἔφη,</span> <span class='ocrx_word' id='word_1_565' title='bbox 1429 1341 1592 1387; x_wconf 82' lang='grc' dir='ltr'>ξενικὸνῆ</span> <span class='ocrx_word' id='word_1_566' title='bbox 1616 1342 1870 1395; x_wconf 83' lang='grc' dir='ltr'>Κορινθιακόν.)</span> 
     </span>
    </p>

    <p class='ocr_par' dir='ltr' id='par_1_40' title="bbox 1379 1400 2424 1454">
     <span class='ocr_line' id='line_1_85' title="bbox 1379 1400 2424 1454; baseline 0.003 -14"><span class='ocrx_word' id='word_1_567' title='bbox 1379 1416 1458 1440; x_wconf 86' lang='lat'>1081.</span> <span class='ocrx_word' id='word_1_568' title='bbox 1487 1402 1685 1454; x_wconf 76' lang='grc' dir='ltr'>καταγελᾷς</span> <span class='ocrx_word' id='word_1_569' title='bbox 1704 1401 1771 1448; x_wconf 77' lang='grc' dir='ltr'>ἤδη</span> <span class='ocrx_word' id='word_1_570' title='bbox 1790 1401 1830 1439; x_wconf 90' lang='grc' dir='ltr'>σύ</span> <span class='ocrx_word' id='word_1_571' title='bbox 1847 1416 1913 1452; x_wconf 90' lang='grc' dir='ltr'>μου</span> <span class='ocrx_word' id='word_1_572' title='bbox 1934 1414 1942 1440; x_wconf 86' lang='lat'><strong>:</strong></span> <span class='ocrx_word' id='word_1_573' title='bbox 1958 1400 2026 1440; x_wconf 81' lang='grc' dir='ltr'>Διὰ</span> <span class='ocrx_word' id='word_1_574' title='bbox 2041 1401 2080 1440; x_wconf 82' lang='grc' dir='ltr'>τὸ</span> <span class='ocrx_word' id='word_1_575' title='bbox 2099 1403 2206 1441; x_wconf 88' lang='grc' dir='ltr'>εἰπεῖν</span> <span class='ocrx_word' id='word_1_576' title='bbox 2223 1405 2370 1454; x_wconf 83' lang='grc' dir='ltr'>πολεμο·</span> <span class='ocrx_word' id='word_1_577' title='bbox 2389 1425 2424 1450; x_wconf 84' lang='lat'>20</span> 
     </span>
    </p>
   </div>
   <div class='ocr_carea' id='block_1_27' title="bbox 1943 1284 2370 1339">
    <p class='ocr_par' dir='ltr' id='par_1_41' title="bbox 1943 1284 2370 1339">
     <span class='ocr_line' id='line_1_86' title="bbox 1943 1284 2370 1339; baseline 0 -15"><span class='ocrx_word' id='word_1_578' title='bbox 1943 1284 2126 1339; x_wconf 87' lang='grc' dir='ltr'>Ἔμφασιν</span> <span class='ocrx_word' id='word_1_579' title='bbox 2157 1286 2228 1338; x_wconf 79' lang='grc' dir='ltr'>ἔχει</span> <span class='ocrx_word' id='word_1_580' title='bbox 2241 1317 2252 1338; x_wconf 82' lang='lat'>,</span> <span class='ocrx_word' id='word_1_581' title='bbox 2286 1289 2370 1326; x_wconf 82' lang='grc' dir='ltr'>ὡσεὶ</span> 
     </span>
    </p>
   </div>
   <div class='ocr_carea' id='block_1_28' title="bbox 1311 1459 2421 2680">
    <p class='ocr_par' dir='ltr' id='par_1_42' title="bbox 1321 1459 1558 1511">
     <span class='ocr_line' id='line_1_87' title="bbox 1321 1459 1558 1511; baseline 0 -13"><span class='ocrx_word' id='word_1_582' title='bbox 1321 1459 1558 1511; x_wconf 63' lang='grc' dir='ltr'>λιαμαχαϊκόν.</span> 
     </span>
    </p>

    <p class='ocr_par' dir='ltr' id='par_1_43' title="bbox 1318 1516 2421 2040">
     <span class='ocr_line' id='line_1_88' title="bbox 1378 1516 2370 1572; baseline 0.001 -15"><span class='ocrx_word' id='word_1_583' title='bbox 1378 1532 1457 1557; x_wconf 73' lang='grc'>1082.</span> <span class='ocrx_word' id='word_1_584' title='bbox 1491 1517 1607 1569; x_wconf 84' lang='grc' dir='ltr'>βούλει</span> <span class='ocrx_word' id='word_1_585' title='bbox 1629 1517 1804 1569; x_wconf 69' lang='grc' dir='ltr'>μάχεσθαι</span> <span class='ocrx_word' id='word_1_586' title='bbox 1830 1516 1989 1570; x_wconf 87' lang='grc' dir='ltr'>Γηρυόνῃ</span> <span class='ocrx_word' id='word_1_587' title='bbox 2020 1531 2029 1556; x_wconf 89' lang='lat'>:</span> <span class='ocrx_word' id='word_1_588' title='bbox 2052 1517 2142 1556; x_wconf 85' lang='grc' dir='ltr'>Ἀντὶ</span> <span class='ocrx_word' id='word_1_589' title='bbox 2165 1522 2226 1556; x_wconf 80' lang='grc' dir='ltr'>τοῦ</span> <span class='ocrx_word' id='word_1_590' title='bbox 2243 1535 2370 1572; x_wconf 85' lang='grc' dir='ltr'>τετρα-</span> 
     </span>
     <span class='ocr_line' id='line_1_89' title="bbox 1321 1575 2370 1630; baseline 0.001 -15"><span class='ocrx_word' id='word_1_591' title='bbox 1321 1577 1474 1630; x_wconf 82' lang='grc' dir='ltr'>κεφάλῳ.</span> <span class='ocrx_word' id='word_1_592' title='bbox 1495 1576 1681 1614; x_wconf 85' lang='grc' dir='ltr'>αἰνίττεται</span> <span class='ocrx_word' id='word_1_593' title='bbox 1699 1575 1734 1614; x_wconf 77' lang='grc' dir='ltr'>δὲ</span> <span class='ocrx_word' id='word_1_594' title='bbox 1752 1577 1798 1619; x_wconf 88' lang='grc' dir='ltr'>εἷς</span> <span class='ocrx_word' id='word_1_595' title='bbox 1814 1575 1876 1622; x_wconf 85' lang='grc' dir='ltr'>τὴν</span> <span class='ocrx_word' id='word_1_596' title='bbox 1896 1580 1957 1613; x_wconf 77' lang='grc' dir='ltr'>τοῦ</span> <span class='ocrx_word' id='word_1_597' title='bbox 1982 1576 2159 1627; x_wconf 75' lang='grc' dir='ltr'>Λαμάχου</span> <span class='ocrx_word' id='word_1_598' title='bbox 2179 1593 2370 1630; x_wconf 77' lang='grc' dir='ltr'>περικεφα-</span> 
     </span>
     <span class='ocr_line' id='line_1_90' title="bbox 1320 1633 2368 1688; baseline 0.001 -15"><span class='ocrx_word' id='word_1_599' title='bbox 1320 1636 1422 1674; x_wconf 85' lang='grc' dir='ltr'>λαίαν</span> <span class='ocrx_word' id='word_1_600' title='bbox 1443 1638 1555 1686; x_wconf 79' lang='grc' dir='ltr'>(τρεῖς</span> <span class='ocrx_word' id='word_1_601' title='bbox 1583 1633 1708 1687; x_wconf 81' lang='grc' dir='ltr'>λόφους</span> <span class='ocrx_word' id='word_1_602' title='bbox 1741 1634 1905 1685; x_wconf 82' lang='grc' dir='ltr'>ἔγουσαν)</span> <span class='ocrx_word' id='word_1_603' title='bbox 1928 1633 1997 1671; x_wconf 81' lang='grc' dir='ltr'>ἀπὸ</span> <span class='ocrx_word' id='word_1_604' title='bbox 2023 1637 2091 1671; x_wconf 83' lang='grc' dir='ltr'>τῶν</span> <span class='ocrx_word' id='word_1_605' title='bbox 2118 1636 2368 1688; x_wconf 83' lang='grc' dir='ltr'>περικειμένων</span> 
     </span>
     <span class='ocr_line' id='line_1_91' title="bbox 1321 1691 2421 1747; baseline 0 -15"><span class='ocrx_word' id='word_1_606' title='bbox 1321 1697 1408 1746; x_wconf 71' lang='grc' dir='ltr'>αὐτῆ</span> <span class='ocrx_word' id='word_1_607' title='bbox 1429 1694 1574 1732; x_wconf 85' lang='grc' dir='ltr'>πτίλων.</span> <span class='ocrx_word' id='word_1_608' title='bbox 1596 1692 1614 1730; x_wconf 87' lang='lat'>8</span> <span class='ocrx_word' id='word_1_609' title='bbox 1634 1693 1669 1730; x_wconf 89' lang='lat'>83</span> <span class='ocrx_word' id='word_1_610' title='bbox 1691 1692 1780 1730; x_wconf 84' lang='grc' dir='ltr'>θέλει</span> <span class='ocrx_word' id='word_1_611' title='bbox 1798 1694 1918 1739; x_wconf 84' lang='grc' dir='ltr'>εἰπεῖν,</span> <span class='ocrx_word' id='word_1_612' title='bbox 1933 1691 2035 1730; x_wconf 87' lang='grc' dir='ltr'>τουτό</span> <span class='ocrx_word' id='word_1_613' title='bbox 2051 1693 2136 1731; x_wconf 79' lang='grc' dir='ltr'>ἐστι.</span> <span class='ocrx_word' id='word_1_614' title='bbox 2157 1694 2368 1747; x_wconf 86' lang='grc' dir='ltr'>βούλειπρος</span> <span class='ocrx_word' id='word_1_615' title='bbox 2387 1715 2421 1738; x_wconf 76' lang='lat'>25</span> 
     </span>
     <span class='ocr_line' id='line_1_92' title="bbox 1321 1750 2367 1804; baseline 0.001 -14"><span class='ocrx_word' id='word_1_616' title='bbox 1321 1752 1516 1804; x_wconf 78' lang='grc' dir='ltr'>ἀκαταμάγ</span> <span class='ocrx_word' id='word_1_617' title='bbox 1517 1752 1599 1798; x_wconf 92' lang='grc' dir='ltr'>ητόν</span> <span class='ocrx_word' id='word_1_618' title='bbox 1630 1767 1707 1789; x_wconf 90' lang='grc' dir='ltr'>τινα</span> <span class='ocrx_word' id='word_1_619' title='bbox 1738 1751 1927 1802; x_wconf 70' lang='grc' dir='ltr'>μάχεσθαι.</span> <span class='ocrx_word' id='word_1_620' title='bbox 1963 1753 1981 1788; x_wconf 83' lang='lat'>8</span> <span class='ocrx_word' id='word_1_621' title='bbox 2001 1750 2067 1803; x_wconf 86' lang='grc' dir='ltr'>γὰρ</span> <span class='ocrx_word' id='word_1_622' title='bbox 2100 1752 2298 1804; x_wconf 88' lang='grc' dir='ltr'>Γηρυόνης,</span> <span class='ocrx_word' id='word_1_623' title='bbox 2328 1757 2367 1791; x_wconf 84' lang='grc' dir='ltr'>οὑ</span> 
     </span>
     <span class='ocr_line' id='line_1_93' title="bbox 1320 1807 2366 1862; baseline 0 -14"><span class='ocrx_word' id='word_1_624' title='bbox 1320 1810 1493 1860; x_wconf 81' lang='grc' dir='ltr'>ἐμνησθη,</span> <span class='ocrx_word' id='word_1_625' title='bbox 1512 1808 1753 1862; x_wconf 82' lang='grc' dir='ltr'>τρικέφαλος</span> <span class='ocrx_word' id='word_1_626' title='bbox 1736 1825 1789 1855; x_wconf 90' lang='grc' dir='ltr'>ην,</span> <span class='ocrx_word' id='word_1_627' title='bbox 1806 1808 1867 1846; x_wconf 76' lang='grc' dir='ltr'>καὶ</span> <span class='ocrx_word' id='word_1_628' title='bbox 1883 1807 2027 1846; x_wconf 79' lang='grc' dir='ltr'>πολὺν’</span> <span class='ocrx_word' id='word_1_629' title='bbox 2009 1811 2127 1859; x_wconf 86' lang='grc' dir='ltr'>αγΓι1να</span> <span class='ocrx_word' id='word_1_630' title='bbox 2143 1809 2300 1861; x_wconf 77' lang='grc' dir='ltr'>παρέσχε</span> <span class='ocrx_word' id='word_1_631' title='bbox 2317 1827 2366 1848; x_wconf 86' lang='grc' dir='ltr'>τω</span> 
     </span>
     <span class='ocr_line' id='line_1_94' title="bbox 1320 1866 2367 1922; baseline -0.001 -13.986"><span class='ocrx_word' id='word_1_632' title='bbox 1320 1870 1501 1922; x_wconf 81' lang='grc' dir='ltr'>Ηρακλεῖ.</span> <span class='ocrx_word' id='word_1_633' title='bbox 1529 1868 1692 1918; x_wconf 84' lang='grc' dir='ltr'>(δείκνυσι</span> <span class='ocrx_word' id='word_1_634' title='bbox 1717 1866 1753 1905; x_wconf 81' lang='grc' dir='ltr'>δὲ</span> <span class='ocrx_word' id='word_1_635' title='bbox 1770 1869 1865 1904; x_wconf 82' lang='grc' dir='ltr'>αὐτῶ</span> <span class='ocrx_word' id='word_1_636' title='bbox 1884 1883 1917 1904; x_wconf 90' lang='grc' dir='ltr'>τι</span> <span class='ocrx_word' id='word_1_637' title='bbox 1939 1870 2007 1904; x_wconf 82' lang='grc' dir='ltr'>τῶν</span> <span class='ocrx_word' id='word_1_638' title='bbox 2024 1869 2367 1920; x_wconf 81' lang='grc' dir='ltr'>τετραπτερυλλίδων</span> 
     </span>
     <span class='ocr_line' id='line_1_95' title="bbox 1320 1925 2365 1981; baseline 0 -16"><span class='ocrx_word' id='word_1_639' title='bbox 1320 1929 1394 1978; x_wconf 85' lang='grc' dir='ltr'>ἅμα</span> <span class='ocrx_word' id='word_1_640' title='bbox 1409 1944 1510 1965; x_wconf 89' lang='grc' dir='ltr'>τουτο</span> <span class='ocrx_word' id='word_1_641' title='bbox 1527 1927 1649 1977; x_wconf 83' lang='grc' dir='ltr'>λέγων·</span> <span class='ocrx_word' id='word_1_642' title='bbox 1666 1925 1741 1964; x_wconf 81' lang='grc' dir='ltr'>ἀντι</span> <span class='ocrx_word' id='word_1_643' title='bbox 1756 1930 1815 1964; x_wconf 78' lang='grc' dir='ltr'>τοῦ</span> <span class='ocrx_word' id='word_1_644' title='bbox 1834 1927 1954 1973; x_wconf 85' lang='grc' dir='ltr'>εἰπεῖν,</span> <span class='ocrx_word' id='word_1_645' title='bbox 1968 1927 2127 1977; x_wconf 85' lang='grc' dir='ltr'>Γηρυόνῃ</span> <span class='ocrx_word' id='word_1_646' title='bbox 2141 1927 2365 1981; x_wconf 87' lang='grc' dir='ltr'>τρισωμάτω,</span> 
     </span>
     <span class='ocr_line' id='line_1_96' title="bbox 1318 1985 2418 2046; baseline -0.004 -21"><span class='ocrx_word' id='word_1_647' title='bbox 1318 1986 1542 2046; x_wconf 80' lang='grc' dir='ltr'>τετραπτίλω</span> <span class='ocrx_word' id='word_1_648' title='bbox 1559 1989 1666 2022; x_wconf 82' lang='grc' dir='ltr'>εἶπεν.</span> <span class='ocrx_word' id='word_1_649' title='bbox 1677 1985 1690 2035; x_wconf 84' lang='grc'>)</span> <span class='ocrx_word' id='word_1_650' title='bbox 2383 2010 2418 2034; x_wconf 91' lang='lat'>30</span> 
     </span>
    </p>

    <p class='ocr_par' dir='ltr' id='par_1_44' title="bbox 1316 2041 2362 2213">
     <span class='ocr_line' id='line_1_97' title="bbox 1373 2041 2362 2095; baseline -0.002 -13"><span class='ocrx_word' id='word_1_651' title='bbox 1373 2059 1452 2083; x_wconf 82' lang='lat'>1083.</span> <span class='ocrx_word' id='word_1_652' title='bbox 1486 2047 1539 2093; x_wconf 84' lang='grc' dir='ltr'>(αἰ</span> <span class='ocrx_word' id='word_1_653' title='bbox 1563 2047 1629 2081; x_wconf 67' lang='grc' dir='ltr'>αἶς</span> <span class='ocrx_word' id='word_1_654' title='bbox 1651 2045 1684 2081; x_wconf 83' lang='grc' dir='ltr'><em>Γ</em></span> <span class='ocrx_word' id='word_1_655' title='bbox 1686 2058 1793 2080; x_wconf 86' lang='grc' dir='ltr'>ουτων</span> <span class='ocrx_word' id='word_1_656' title='bbox 1812 2041 1899 2086; x_wconf 80' lang='grc' dir='ltr'>τινὲς</span> <span class='ocrx_word' id='word_1_657' title='bbox 1924 2041 1963 2080; x_wconf 81' lang='grc' dir='ltr'>τὸ</span> <span class='ocrx_word' id='word_1_658' title='bbox 1981 2041 2044 2093; x_wconf 83' lang='grc' dir='ltr'>μὲν</span> <span class='ocrx_word' id='word_1_659' title='bbox 2063 2045 2200 2095; x_wconf 82' lang='grc' dir='ltr'>πρῶτον</span> <span class='ocrx_word' id='word_1_660' title='bbox 2222 2042 2278 2081; x_wconf 85' lang='grc' dir='ltr'>διὰ</span> <span class='ocrx_word' id='word_1_661' title='bbox 2298 2047 2362 2090; x_wconf 87' lang='grc' dir='ltr'>,τ’ῆς</span> 
     </span>
     <span class='ocr_line' id='line_1_98' title="bbox 1317 2101 2360 2156; baseline 0 -15"><span class='ocrx_word' id='word_1_662' title='bbox 1317 2120 1352 2141; x_wconf 90' lang='grc' dir='ltr'>αι</span> <span class='ocrx_word' id='word_1_663' title='bbox 1379 2103 1579 2156; x_wconf 81' lang='grc' dir='ltr'>διφθόγγου,</span> <span class='ocrx_word' id='word_1_664' title='bbox 1610 2101 1814 2154; x_wconf 80' lang='grc' dir='ltr'>θρηνητικὸν</span> <span class='ocrx_word' id='word_1_665' title='bbox 1830 2102 1910 2154; x_wconf 88' lang='grc' dir='ltr'>γάρ·</span> <span class='ocrx_word' id='word_1_666' title='bbox 1933 2102 1973 2139; x_wconf 84' lang='grc' dir='ltr'>τὸ</span> <span class='ocrx_word' id='word_1_667' title='bbox 1997 2101 2033 2139; x_wconf 83' lang='grc' dir='ltr'>δὲ</span> <span class='ocrx_word' id='word_1_668' title='bbox 2062 2101 2218 2154; x_wconf 83' lang='grc' dir='ltr'>δεύτερον</span> <span class='ocrx_word' id='word_1_669' title='bbox 2246 2103 2360 2156; x_wconf 81' lang='grc' dir='ltr'>ψιλὸν,</span> 
     </span>
     <span class='ocr_line' id='line_1_99' title="bbox 1316 2160 1678 2213; baseline -0.011 -12"><span class='ocrx_word' id='word_1_670' title='bbox 1316 2162 1552 2201; x_wconf 68' lang='grc' dir='ltr'>θαυμαστικὸν</span> <span class='ocrx_word' id='word_1_671' title='bbox 1571 2160 1678 2213; x_wconf 84' lang='grc' dir='ltr'>γάρ.)</span> 
     </span>
    </p>

    <p class='ocr_par' dir='ltr' id='par_1_45' title="bbox 1368 2217 2105 2270">
     <span class='ocr_line' id='line_1_100' title="bbox 1368 2217 2105 2270; baseline -0.004 -12"><span class='ocrx_word' id='word_1_672' title='bbox 1368 2220 1442 2259; x_wconf 79' lang='grc' dir='ltr'>οίαν</span> <span class='ocrx_word' id='word_1_673' title='bbox 1464 2219 1656 2270; x_wconf 82' lang='grc' dir='ltr'>ἀγγελίαν.</span> <span class='ocrx_word' id='word_1_674' title='bbox 1672 2217 1744 2257; x_wconf 88' lang='grc' dir='ltr'>Τον</span> <span class='ocrx_word' id='word_1_675' title='bbox 1764 2217 1917 2268; x_wconf 89' lang='grc' dir='ltr'>πόλεμον</span> <span class='ocrx_word' id='word_1_676' title='bbox 1936 2217 2105 2264; x_wconf 90' lang='grc' dir='ltr'>δηλονότι.</span> 
     </span>
    </p>

    <p class='ocr_par' dir='ltr' id='par_1_46' title="bbox 1315 2273 2173 2390">
     <span class='ocr_line' id='line_1_101' title="bbox 1370 2273 2173 2329; baseline -0.005 -12"><span class='ocrx_word' id='word_1_677' title='bbox 1370 2293 1448 2317; x_wconf 87' lang='grc'>1084.</span> <span class='ocrx_word' id='word_1_678' title='bbox 1481 2273 1518 2316; x_wconf 84' lang='grc' dir='ltr'>αἰ</span> <span class='ocrx_word' id='word_1_679' title='bbox 1537 2282 1590 2325; x_wconf 83' lang='grc' dir='ltr'>αἰ,</span> <span class='ocrx_word' id='word_1_680' title='bbox 1621 2276 1697 2314; x_wconf 89' lang='grc' dir='ltr'>τίνα</span> <span class='ocrx_word' id='word_1_681' title='bbox 1724 2277 1752 2314; x_wconf 89' lang='grc' dir='ltr'>δ’</span> <span class='ocrx_word' id='word_1_682' title='bbox 1782 2280 1824 2314; x_wconf 83' lang='grc' dir='ltr'>αὐ</span> <span class='ocrx_word' id='word_1_683' title='bbox 1846 2293 1895 2327; x_wconf 88' lang='grc' dir='ltr'>μη</span> <span class='ocrx_word' id='word_1_684' title='bbox 1926 2275 2173 2329; x_wconf 84' lang='grc' dir='ltr'>προστρέχει·</span> <span class='ocrx_word' id='word_1_685' title='bbox 2164 2307 2173 2316; x_wconf 87' lang='grc'>.</span> 
     </span>
     <span class='ocr_line' id='line_1_102' title="bbox 1315 2334 2161 2390; baseline -0.006 -13"><span class='ocrx_word' id='word_1_686' title='bbox 1315 2339 1423 2390; x_wconf 74' lang='grc' dir='ltr'>ἅγγε)</span> <span class='ocrx_word' id='word_1_687' title='bbox 1426 2354 1459 2380; x_wconf 86' lang='grc' dir='ltr'>ος</span> <span class='ocrx_word' id='word_1_688' title='bbox 1475 2338 1591 2375; x_wconf 79' lang='grc' dir='ltr'>καλΓον</span> <span class='ocrx_word' id='word_1_689' title='bbox 1613 2351 1671 2373; x_wconf 90' lang='grc' dir='ltr'>τον</span> <span class='ocrx_word' id='word_1_690' title='bbox 1693 2334 1952 2373; x_wconf 81' lang='grc' dir='ltr'>Δικαιόπολιν’</span> <span class='ocrx_word' id='word_1_691' title='bbox 1938 2350 1994 2372; x_wconf 88' lang='grc' dir='ltr'>επι</span> <span class='ocrx_word' id='word_1_692' title='bbox 2015 2336 2161 2373; x_wconf 89' lang='grc' dir='ltr'>δεῖπνον.</span> 
     </span>
    </p>

    <p class='ocr_par' dir='ltr' id='par_1_47' title="bbox 1311 2391 2410 2680">
     <span class='ocr_line' id='line_1_103' title="bbox 1368 2391 2359 2446; baseline -0.004 -11"><span class='ocrx_word' id='word_1_693' title='bbox 1368 2410 1448 2435; x_wconf 77' lang='grc'>1086.</span> <span class='ocrx_word' id='word_1_694' title='bbox 1482 2395 1598 2446; x_wconf 82' lang='grc' dir='ltr'>βάδιζε</span> <span class='ocrx_word' id='word_1_695' title='bbox 1618 2393 1681 2439; x_wconf 76' lang='grc' dir='ltr'>τὴν</span> <span class='ocrx_word' id='word_1_696' title='bbox 1701 2393 1811 2431; x_wconf 86' lang='grc' dir='ltr'>κίστιν</span> <span class='ocrx_word' id='word_1_697' title='bbox 1835 2407 1843 2431; x_wconf 89' lang='lat'><strong>:</strong></span> <span class='ocrx_word' id='word_1_698' title='bbox 1863 2393 1954 2431; x_wconf 88' lang='grc' dir='ltr'>Τότε</span> <span class='ocrx_word' id='word_1_699' title='bbox 1967 2391 2034 2444; x_wconf 84' lang='grc' dir='ltr'>γὰρ</span> <span class='ocrx_word' id='word_1_700' title='bbox 2049 2394 2080 2430; x_wconf 79' lang='grc' dir='ltr'>οἱ</span> <span class='ocrx_word' id='word_1_701' title='bbox 2096 2394 2282 2436; x_wconf 75' lang='grc' dir='ltr'>καλοῦντες</span> <span class='ocrx_word' id='word_1_702' title='bbox 2301 2393 2359 2431; x_wconf 76' lang='grc' dir='ltr'>ἐπὶ</span> 
     </span>
     <span class='ocr_line' id='line_1_104' title="bbox 1314 2450 2357 2506; baseline -0.004 -13"><span class='ocrx_word' id='word_1_703' title='bbox 1314 2457 1447 2493; x_wconf 80' lang='grc' dir='ltr'>δεῖπνον</span> <span class='ocrx_word' id='word_1_704' title='bbox 1472 2452 1659 2506; x_wconf 85' lang='grc' dir='ltr'>στεφάνους</span> <span class='ocrx_word' id='word_1_705' title='bbox 1677 2451 1737 2489; x_wconf 81' lang='grc' dir='ltr'>καὶ</span> <span class='ocrx_word' id='word_1_706' title='bbox 1756 2450 1848 2503; x_wconf 82' lang='grc' dir='ltr'>μύρα</span> <span class='ocrx_word' id='word_1_707' title='bbox 1868 2450 1928 2489; x_wconf 82' lang='grc' dir='ltr'>καὶ</span> <span class='ocrx_word' id='word_1_708' title='bbox 1951 2450 2164 2503; x_wconf 78' lang='grc' dir='ltr'>τραγήματα</span> <span class='ocrx_word' id='word_1_709' title='bbox 2184 2451 2244 2489; x_wconf 73' lang='grc' dir='ltr'>καὶ</span> <span class='ocrx_word' id='word_1_710' title='bbox 2265 2451 2357 2489; x_wconf 83' lang='grc' dir='ltr'>ἄλλα</span> 
     </span>
     <span class='ocr_line' id='line_1_105' title="bbox 1311 2508 2355 2563; baseline -0.005 -12"><span class='ocrx_word' id='word_1_711' title='bbox 1311 2517 1454 2551; x_wconf 74' lang='grc' dir='ltr'>τοιαῦτα</span> <span class='ocrx_word' id='word_1_712' title='bbox 1469 2510 1710 2563; x_wconf 81' lang='grc' dir='ltr'>παρετίθεσαν,</span> <span class='ocrx_word' id='word_1_713' title='bbox 1726 2511 1755 2546; x_wconf 80' lang='grc' dir='ltr'>οἱ</span> <span class='ocrx_word' id='word_1_714' title='bbox 1771 2509 1806 2546; x_wconf 80' lang='grc' dir='ltr'>δὲ</span> <span class='ocrx_word' id='word_1_715' title='bbox 1821 2508 2030 2560; x_wconf 90' lang='grc' dir='ltr'>καλούμενοι</span> <span class='ocrx_word' id='word_1_716' title='bbox 2046 2508 2163 2561; x_wconf 83' lang='grc' dir='ltr'>ἔφερον</span> <span class='ocrx_word' id='word_1_717' title='bbox 2176 2508 2355 2561; x_wconf 77' lang='grc' dir='ltr'>ἑψήματα.</span> 
     </span>
     <span class='ocr_line' id='line_1_106' title="bbox 1311 2566 2410 2620; baseline -0.003 -11"><span class='ocrx_word' id='word_1_718' title='bbox 1311 2571 1372 2618; x_wconf 79' lang='grc' dir='ltr'>τὴν</span> <span class='ocrx_word' id='word_1_719' title='bbox 1393 2570 1516 2617; x_wconf 88' lang='grc' dir='ltr'>κίστην</span> <span class='ocrx_word' id='word_1_720' title='bbox 1533 2567 1663 2616; x_wconf 66' lang='grc' dir='ltr'>λαῧὼν,</span> <span class='ocrx_word' id='word_1_721' title='bbox 1681 2566 1743 2614; x_wconf 77' lang='grc' dir='ltr'>τὴν</span> <span class='ocrx_word' id='word_1_722' title='bbox 1759 2567 1946 2620; x_wconf 73' lang='grc' dir='ltr'>ὂψοθήκην.</span> <span class='ocrx_word' id='word_1_723' title='bbox 1965 2567 2129 2620; x_wconf 58' lang='grc' dir='ltr'>σΟμηρος</span> <span class='ocrx_word' id='word_1_724' title='bbox 2147 2567 2226 2618; x_wconf 84' lang='grc' dir='ltr'>[Οά.</span> <span class='ocrx_word' id='word_1_725' title='bbox 2245 2575 2281 2615; x_wconf 89' lang='grc' dir='ltr'>Ζ,</span> <span class='ocrx_word' id='word_1_726' title='bbox 2298 2580 2352 2615; x_wconf 77' lang='grc'>76;</span> <span class='ocrx_word' id='word_1_727' title='bbox 2372 2586 2410 2614; x_wconf 72' lang='lat'>40</span> 
     </span>
     <span class='ocr_line' id='line_1_107' title="bbox 1311 2630 1433 2680; baseline -0.008 -12"><span class='ocrx_word' id='word_1_728' title='bbox 1311 2638 1350 2676; x_wconf 84' lang='grc' dir='ltr'>Γ,</span> <span class='ocrx_word' id='word_1_729' title='bbox 1366 2630 1433 2680; x_wconf 84' lang='grc'>480]</span> 
     </span>
    </p>
   </div>
   <div class='ocr_carea' id='block_1_29' title="bbox 2191 2275 2413 2329">
    <p class='ocr_par' dir='ltr' id='par_1_48' title="bbox 2191 2275 2413 2329">
     <span class='ocr_line' id='line_1_108' title="bbox 2191 2275 2413 2329; baseline -0.009 -13"><span class='ocrx_word' id='word_1_730' title='bbox 2191 2275 2360 2329; x_wconf 85' lang='grc' dir='ltr'>Ἔρχεται</span> <span class='ocrx_word' id='word_1_731' title='bbox 2378 2298 2413 2323; x_wconf 77' lang='lat'>35</span> 
     </span>
    </p>
   </div>
   <div class='ocr_carea' id='block_1_30' title="bbox 1433 2716 2158 2807">
    <p class='ocr_par' dir='ltr' id='par_1_49' title="bbox 1433 2716 2158 2807">
     <span class='ocr_line' id='line_1_109' title="bbox 1435 2716 2158 2762; baseline -0.008 -10"><span class='ocrx_word' id='word_1_732' title='bbox 1435 2722 1533 2762; x_wconf 78' lang='grc' dir='ltr'>μήτηρ</span> <span class='ocrx_word' id='word_1_733' title='bbox 1549 2721 1574 2751; x_wconf 82' lang='grc' dir='ltr'>δ’</span> <span class='ocrx_word' id='word_1_734' title='bbox 1590 2720 1620 2750; x_wconf 85' lang='grc' dir='ltr'>ἐν</span> <span class='ocrx_word' id='word_1_735' title='bbox 1635 2719 1727 2759; x_wconf 86' lang='grc' dir='ltr'>κίστῃ</span> <span class='ocrx_word' id='word_1_736' title='bbox 1743 2719 1851 2759; x_wconf 84' lang='grc' dir='ltr'>(ἐτίθει</span> <span class='ocrx_word' id='word_1_737' title='bbox 1870 2718 2017 2759; x_wconf 85' lang='grc' dir='ltr'>μενοεικέ’</span> <span class='ocrx_word' id='word_1_738' title='bbox 2031 2716 2158 2755; x_wconf 85' lang='grc' dir='ltr'>ἐδωδήν.</span> 
     </span>
     <span class='ocr_line' id='line_1_110' title="bbox 1433 2763 2076 2807; baseline -0.008 -8"><span class='ocrx_word' id='word_1_739' title='bbox 1433 2769 1496 2799; x_wconf 61' lang='lat' dir='ltr'>&amp;bot</span> <span class='ocrx_word' id='word_1_740' title='bbox 1505 2778 1537 2798; x_wconf 90' lang='grc' dir='ltr'>τε</span> <span class='ocrx_word' id='word_1_741' title='bbox 1554 2767 1605 2798; x_wconf 82' lang='grc' dir='ltr'>οἶα</span> <span class='ocrx_word' id='word_1_742' title='bbox 1618 2767 1720 2798; x_wconf 78' lang='grc' dir='ltr'>ἔδουσι</span> <span class='ocrx_word' id='word_1_743' title='bbox 1731 2766 1896 2807; x_wconf 83' lang='grc' dir='ltr'>διοτρεφέες</span> <span class='ocrx_word' id='word_1_744' title='bbox 1911 2763 2076 2806; x_wconf 81' lang='grc' dir='ltr'>βασιλῆες.)</span> 
     </span>
    </p>
   </div>
   <div class='ocr_carea' id='block_1_31' title="bbox 1308 2842 2351 2903">
    <p class='ocr_par' dir='ltr' id='par_1_50' title="bbox 1308 2842 2351 2903">
     <span class='ocr_line' id='line_1_111' title="bbox 1308 2842 2351 2903; baseline -0.009 -13.991"><span class='ocrx_word' id='word_1_745' title='bbox 1308 2857 1376 2903; x_wconf 65' lang='grc' dir='ltr'>[Οᾶ</span> <span class='ocrx_word' id='word_1_746' title='bbox 1393 2849 1429 2888; x_wconf 73' lang='grc' dir='ltr'>δε</span> <span class='ocrx_word' id='word_1_747' title='bbox 1452 2865 1556 2901; x_wconf 70' lang='grc' dir='ltr'>ΞπΞφΞ</span> <span class='ocrx_word' id='word_1_748' title='bbox 1562 2863 1659 2901; x_wconf 77' lang='grc' dir='ltr'>ρΟντΟ</span> <span class='ocrx_word' id='word_1_749' title='bbox 1683 2849 1714 2884; x_wconf 81' lang='grc' dir='ltr'>Οι</span> <span class='ocrx_word' id='word_1_750' title='bbox 1744 2845 1970 2896; x_wconf 75' lang='grc' dir='ltr'>καλούμενοι,</span> <span class='ocrx_word' id='word_1_751' title='bbox 1993 2859 2047 2880; x_wconf 77' lang='grc' dir='ltr'>ινα</span> <span class='ocrx_word' id='word_1_752' title='bbox 2065 2842 2113 2893; x_wconf 78' lang='grc' dir='ltr'>μὴ</span> <span class='ocrx_word' id='word_1_753' title='bbox 2142 2857 2351 2881; x_wconf 71' lang='lat' dir='ltr'>xowowwcw</span> 
     </span>
    </p>
   </div>
   <div class='ocr_carea' id='block_1_32' title="bbox 1308 2900 2402 2960">
    <p class='ocr_par' dir='ltr' id='par_1_51' title="bbox 1308 2900 2402 2960">
     <span class='ocr_line' id='line_1_112' title="bbox 1308 2900 2402 2960; baseline -0.01 -13"><span class='ocrx_word' id='word_1_754' title='bbox 1308 2910 1364 2946; x_wconf 78' lang='grc' dir='ltr'>ἄλ</span> <span class='ocrx_word' id='word_1_755' title='bbox 1355 2922 1414 2947; x_wconf 78' lang='grc' dir='ltr'>Λου</span> <span class='ocrx_word' id='word_1_756' title='bbox 1443 2906 1627 2960; x_wconf 86' lang='grc' dir='ltr'>ποτηρίου,</span> <span class='ocrx_word' id='word_1_757' title='bbox 1653 2904 1709 2943; x_wconf 79' lang='grc' dir='ltr'>διὰ</span> <span class='ocrx_word' id='word_1_758' title='bbox 1728 2903 1791 2950; x_wconf 81' lang='grc' dir='ltr'>τὴν</span> <span class='ocrx_word' id='word_1_759' title='bbox 1817 2903 1874 2940; x_wconf 84' lang='grc' dir='ltr'>ἐπι</span> <span class='ocrx_word' id='word_1_760' title='bbox 1895 2902 2046 2953; x_wconf 86' lang='grc' dir='ltr'>Ὀρέστῃ</span> <span class='ocrx_word' id='word_1_761' title='bbox 2075 2900 2262 2952; x_wconf 87' lang='grc' dir='ltr'>γενομένην</span> <span class='ocrx_word' id='word_1_762' title='bbox 2289 2902 2348 2938; x_wconf 85' lang='grc' dir='ltr'>αἷ-</span> <span class='ocrx_word' id='word_1_763' title='bbox 2368 2918 2402 2944; x_wconf 84' lang='lat'>45</span> 
     </span>
    </p>
   </div>
   <div class='ocr_carea' id='block_1_33' title="bbox 1362 3015 2350 3073">
    <p class='ocr_par' dir='ltr' id='par_1_52' title="bbox 1362 3015 2350 3073">
     <span class='ocr_line' id='line_1_113' title="bbox 1362 3015 2350 3073; baseline -0.009 -10"><span class='ocrx_word' id='word_1_764' title='bbox 1362 3038 1441 3062; x_wconf 89' lang='lat'>1088.</span> <span class='ocrx_word' id='word_1_765' title='bbox 1471 3021 1630 3073; x_wconf 81' lang='grc' dir='ltr'>ἐγκόνει;</span> <span class='ocrx_word' id='word_1_766' title='bbox 1652 3018 1743 3058; x_wconf 77' lang='grc' dir='ltr'>Ἀντὶ</span> <span class='ocrx_word' id='word_1_767' title='bbox 1761 3021 1820 3056; x_wconf 77' lang='grc' dir='ltr'>τοῦ</span> <span class='ocrx_word' id='word_1_768' title='bbox 1838 3018 1976 3055; x_wconf 70' lang='grc' dir='ltr'>σπεῦδε.</span> <span class='ocrx_word' id='word_1_769' title='bbox 2000 3015 2191 3066; x_wconf 84' lang='grc' dir='ltr'>μέλλοντας</span> <span class='ocrx_word' id='word_1_770' title='bbox 2204 3015 2271 3069; x_wconf 78' lang='grc' dir='ltr'>γὰρ</span> <span class='ocrx_word' id='word_1_771' title='bbox 2287 3017 2350 3055; x_wconf 74' lang='grc' dir='ltr'>αὖ·</span> 
     </span>
    </p>
   </div>
   <div class='ocr_carea' id='block_1_34' title="bbox 1277 3077 1712 3129">
    <p class='ocr_par' dir='ltr' id='par_1_53' title="bbox 1277 3077 1712 3129">
     <span class='ocr_line' id='line_1_114' title="bbox 1277 3077 1712 3129; baseline -0.016 -8"><span class='ocrx_word' id='word_1_772' title='bbox 1277 3103 1278 3107; x_wconf 55' lang='grc'>’</span> <span class='ocrx_word' id='word_1_773' title='bbox 1304 3098 1382 3125; x_wconf 90' lang='grc' dir='ltr'>τους</span> <span class='ocrx_word' id='word_1_774' title='bbox 1400 3083 1548 3119; x_wconf 82' lang='grc' dir='ltr'>δειπνεῖν</span> <span class='ocrx_word' id='word_1_775' title='bbox 1565 3077 1712 3129; x_wconf 74' lang='grc' dir='ltr'>ἐπέχεις.</span> 
     </span>
    </p>
   </div>
   <div class='ocr_carea' id='block_1_35' title="bbox 1762 3131 2344 3184">
    <p class='ocr_par' dir='ltr' id='par_1_54' title="bbox 1762 3131 2344 3184">
     <span class='ocr_line' id='line_1_115' title="bbox 1762 3131 2344 3184; baseline -0.004 -12.961"><span class='ocrx_word' id='word_1_776' title='bbox 1762 3132 1869 3179; x_wconf 78' lang='grc' dir='ltr'>Ἀλλρ</span> <span class='ocrx_word' id='word_1_777' title='bbox 1886 3149 2083 3184; x_wconf 88' lang='grc' dir='ltr'>σησαμους,</span> <span class='ocrx_word' id='word_1_778' title='bbox 2099 3148 2160 3170; x_wconf 88' lang='grc' dir='ltr'>και</span> <span class='ocrx_word' id='word_1_779' title='bbox 2176 3131 2262 3170; x_wconf 82' lang='grc' dir='ltr'>ἄλλο</span> <span class='ocrx_word' id='word_1_780' title='bbox 2277 3145 2344 3177; x_wconf 89' lang='grc' dir='ltr'>ση-</span> 
     </span>
    </p>
   </div>
   <div class='ocr_carea' id='block_1_36' title="bbox 1361 3139 1753 3194">
    <p class='ocr_par' dir='ltr' id='par_1_55' title="bbox 1361 3139 1753 3194">
     <span class='ocr_line' id='line_1_116' title="bbox 1361 3139 1753 3194; baseline -0.022 -16"><span class='ocrx_word' id='word_1_781' title='bbox 1361 3153 1438 3178; x_wconf 76' lang='lat'>1092.</span> <span class='ocrx_word' id='word_1_782' title='bbox 1470 3139 1502 3188; x_wconf 90' lang='grc' dir='ltr'>(σ</span> <span class='ocrx_word' id='word_1_783' title='bbox 1504 3148 1753 3194; x_wconf 71' lang='grc' dir='ltr'>ησαμουντεςε</span> 
     </span>
    </p>
   </div>
   <div class='ocr_carea' id='block_1_37' title="bbox 1273 3186 2398 3305">
    <p class='ocr_par' dir='ltr' id='par_1_56' title="bbox 1273 3186 2398 3301">
     <span class='ocr_line' id='line_1_117' title="bbox 1305 3186 2398 3248; baseline -0.008 -13"><span class='ocrx_word' id='word_1_784' title='bbox 1305 3197 1415 3248; x_wconf 86' lang='grc' dir='ltr'>σάμη.</span> <span class='ocrx_word' id='word_1_785' title='bbox 1438 3209 1619 3244; x_wconf 88' lang='grc' dir='ltr'>σησαμους</span> <span class='ocrx_word' id='word_1_786' title='bbox 1642 3191 1703 3242; x_wconf 80' lang='grc' dir='ltr'>μὲν</span> <span class='ocrx_word' id='word_1_787' title='bbox 1721 3186 1808 3235; x_wconf 76' lang='grc' dir='ltr'>εἶδος</span> <span class='ocrx_word' id='word_1_788' title='bbox 1827 3193 2058 3238; x_wconf 74' lang='grc' dir='ltr'>πλακοῦντος,</span> <span class='ocrx_word' id='word_1_789' title='bbox 2078 3189 2224 3240; x_wconf 87' lang='grc' dir='ltr'>σησάμη</span> <span class='ocrx_word' id='word_1_790' title='bbox 2245 3187 2281 3226; x_wconf 79' lang='grc' dir='ltr'>δὲ</span> <span class='ocrx_word' id='word_1_791' title='bbox 2299 3188 2342 3235; x_wconf 84' lang='grc' dir='ltr'>ἣν</span> <span class='ocrx_word' id='word_1_792' title='bbox 2362 3205 2398 3232; x_wconf 83' lang='lat'>50</span> 
     </span>
     <span class='ocr_line' id='line_1_118' title="bbox 1273 3244 2343 3305; baseline -0.008 -13"><span class='ocrx_word' id='word_1_793' title='bbox 1273 3268 1276 3301; x_wconf 70' lang='grc' dir='ltr'><strong><em>ζ</em></strong></span> <span class='ocrx_word' id='word_1_794' title='bbox 1303 3258 1403 3305; x_wconf 84' lang='grc' dir='ltr'>ἡμεῖς</span> <span class='ocrx_word' id='word_1_795' title='bbox 1427 3254 1601 3301; x_wconf 87' lang='grc' dir='ltr'>καλουμεν</span> <span class='ocrx_word' id='word_1_796' title='bbox 1628 3249 1819 3298; x_wconf 85' lang='grc' dir='ltr'>σησαμίδα.</span> <span class='ocrx_word' id='word_1_797' title='bbox 1848 3248 1938 3301; x_wconf 86' lang='grc' dir='ltr'>ἰτρία</span> <span class='ocrx_word' id='word_1_798' title='bbox 1966 3247 2002 3287; x_wconf 83' lang='grc' dir='ltr'>δὲ</span> <span class='ocrx_word' id='word_1_799' title='bbox 2030 3246 2220 3300; x_wconf 83' lang='grc' dir='ltr'>καπυρώδη</span> <span class='ocrx_word' id='word_1_800' title='bbox 2246 3244 2343 3283; x_wconf 83' lang='grc' dir='ltr'>πλά-</span> 
     </span>
    </p>
   </div>
   <div class='ocr_carea' id='block_1_38' title="bbox 1274 3309 1456 3361">
    <p class='ocr_par' dir='ltr' id='par_1_57' title="bbox 1274 3309 1456 3361">
     <span class='ocr_line' id='line_1_119' title="bbox 1274 3309 1456 3361; baseline -0.022 -10"><span class='ocrx_word' id='word_1_801' title='bbox 1274 3309 1275 3312; x_wconf 22' lang='lat'>¹</span> <span class='ocrx_word' id='word_1_802' title='bbox 1304 3327 1434 3361; x_wconf 91' lang='grc' dir='ltr'>σματα.</span> <span class='ocrx_word' id='word_1_803' title='bbox 1446 3312 1456 3360; x_wconf 85' lang='grc'>)</span> 
     </span>
    </p>
   </div>
   <div class='ocr_carea' id='block_1_39' title="bbox 1358 3360 2341 3420">
    <p class='ocr_par' dir='ltr' id='par_1_58' title="bbox 1358 3360 2341 3420">
     <span class='ocr_line' id='line_1_120' title="bbox 1358 3360 2341 3420; baseline -0.008 -13"><span class='ocrx_word' id='word_1_804' title='bbox 1358 3383 1437 3407; x_wconf 79' lang='grc'>1093.</span> <span class='ocrx_word' id='word_1_805' title='bbox 1468 3366 1691 3420; x_wconf 73' lang='grc' dir='ltr'>ὀρχηστρίδες</span> <span class='ocrx_word' id='word_1_806' title='bbox 1718 3365 1965 3417; x_wconf 77' lang='grc' dir='ltr'>;Ὑπερ6ατόν</span> <span class='ocrx_word' id='word_1_807' title='bbox 1991 3367 2094 3404; x_wconf 83' lang='grc' dir='ltr'>ἐστιν·</span> <span class='ocrx_word' id='word_1_808' title='bbox 2114 3360 2341 3415; x_wconf 83' lang='grc' dir='ltr'>ὀρχηστρίδες</span> 
     </span>
    </p>
   </div>
  </div>
 </body>
</html>
