<?xml version="1.0" encoding="UTF-8"?>
<!DOCTYPE html PUBLIC "-//W3C//DTD XHTML 1.0 Transitional//EN"
    "http://www.w3.org/TR/xhtml1/DTD/xhtml1-transitional.dtd">
<html xmlns="http://www.w3.org/1999/xhtml" xml:lang="en" lang="en">
 <head>
  <title>
</title>
<meta http-equiv="Content-Type" content="text/html;charset=utf-8" />
  <meta name='ocr-system' content='tesseract 3.04.00' />
  <meta name='ocr-capabilities' content='ocr_page ocr_carea ocr_par ocr_line ocrx_word'/>
</head>
<body>
  <div class='ocr_page' id='page_1' title='image "./scholiagraecaina00dbuoft_0447.png"; bbox 0 0 2517 3792; ppageno 0'>
   <div class='ocr_carea' id='block_1_1' title="bbox 1022 243 1261 289">
    <p class='ocr_par' dir='ltr' id='par_1_1' title="bbox 1022 243 1261 289">
     <span class='ocr_line' id='line_1_1' title="bbox 1022 243 1261 289; baseline 0.017 -10"><span class='ocrx_word' id='word_1_1' title='bbox 1022 243 1261 289; x_wconf 72' lang='lat' dir='ltr'>EerTUM.</span> 
     </span>
    </p>
   </div>
   <div class='ocr_carea' id='block_1_2' title="bbox 101 321 1107 493">
    <p class='ocr_par' dir='ltr' id='par_1_2' title="bbox 101 321 1107 493">
     <span class='ocr_line' id='line_1_2' title="bbox 103 321 1107 377; baseline 0.008 -19"><span class='ocrx_word' id='word_1_2' title='bbox 103 321 290 365; x_wconf 72' lang='grc' dir='ltr'>ξυνθεὶς-.</span> <span class='ocrx_word' id='word_1_3' title='bbox 309 344 352 351; x_wconf 93' lang='grc'>-</span> <span class='ocrx_word' id='word_1_4' title='bbox 370 329 390 367; x_wconf 90' lang='grc'>4</span> <span class='ocrx_word' id='word_1_5' title='bbox 409 325 467 360; x_wconf 82' lang='grc' dir='ltr'>τοῦ</span> <span class='ocrx_word' id='word_1_6' title='bbox 485 335 560 360; x_wconf 87' lang='lat' dir='ltr'>om.</span> <span class='ocrx_word' id='word_1_7' title='bbox 576 324 671 360; x_wconf 89' lang='lat' dir='ltr'>V.—</span> <span class='ocrx_word' id='word_1_8' title='bbox 692 326 712 360; x_wconf 84' lang='lat' dir='ltr'>G</span> <span class='ocrx_word' id='word_1_9' title='bbox 732 325 766 363; x_wconf 80' lang='grc' dir='ltr'>δὲ</span> <span class='ocrx_word' id='word_1_10' title='bbox 781 327 946 377; x_wconf 77' lang='grc' dir='ltr'>κέχρηται</span> <span class='ocrx_word' id='word_1_11' title='bbox 965 329 1107 366; x_wconf 68' lang='lat' dir='ltr'>Suidas.</span> 
     </span>
     <span class='ocr_line' id='line_1_3' title="bbox 105 380 1107 436; baseline 0.009 -21"><span class='ocrx_word' id='word_1_12' title='bbox 105 380 313 428; x_wconf 70' lang='lat' dir='ltr'>Legebatur</span> <span class='ocrx_word' id='word_1_13' title='bbox 342 395 378 417; x_wconf 87' lang='grc' dir='ltr'>τε</span> <span class='ocrx_word' id='word_1_14' title='bbox 413 381 635 432; x_wconf 85' lang='grc' dir='ltr'>κεχρημένον.</span> <span class='ocrx_word' id='word_1_15' title='bbox 671 410 715 416; x_wconf 84' lang='lat'><em>-</em></span> <span class='ocrx_word' id='word_1_16' title='bbox 748 399 771 432; x_wconf 82' lang='lat'><strong>9</strong></span> <span class='ocrx_word' id='word_1_17' title='bbox 807 387 897 436; x_wconf 79' lang='grc' dir='ltr'>αὐτῷ</span> <span class='ocrx_word' id='word_1_18' title='bbox 924 388 968 424; x_wconf 90' lang='grc' dir='ltr'>Θ.</span> <span class='ocrx_word' id='word_1_19' title='bbox 1008 388 1107 424; x_wconf 67' lang='grc' dir='ltr'>αὐτοῦ</span> 
     </span>
     <span class='ocr_line' id='line_1_4' title="bbox 101 437 1107 493; baseline 0.009 -21"><span class='ocrx_word' id='word_1_20' title='bbox 101 437 181 473; x_wconf 82' lang='lat' dir='ltr'>Ald.</span> <span class='ocrx_word' id='word_1_21' title='bbox 207 445 243 473; x_wconf 76' lang='lat' dir='ltr'>et</span> <span class='ocrx_word' id='word_1_22' title='bbox 269 437 425 481; x_wconf 78' lang='lat' dir='ltr'>suidas,</span> <span class='ocrx_word' id='word_1_23' title='bbox 449 439 515 488; x_wconf 80' lang='lat' dir='ltr'>qui</span> <span class='ocrx_word' id='word_1_24' title='bbox 538 439 671 487; x_wconf 65' lang='grc' dir='ltr'>λαῧεῖν,</span> <span class='ocrx_word' id='word_1_25' title='bbox 691 451 723 477; x_wconf 73' lang='lat' dir='ltr'>et</span> <span class='ocrx_word' id='word_1_26' title='bbox 744 444 1017 493; x_wconf 80' lang='grc' dir='ltr'>παρατυχόντας,</span> <span class='ocrx_word' id='word_1_27' title='bbox 1039 459 1107 493; x_wconf 79' lang='lat' dir='ltr'>pro</span> 
     </span>
    </p>
   </div>
   <div class='ocr_carea' id='block_1_3' title="bbox 98 494 1106 601">
    <p class='ocr_par' dir='ltr' id='par_1_3' title="bbox 98 494 1106 601">
     <span class='ocr_line' id='line_1_5' title="bbox 100 494 1106 548; baseline 0.01 -19"><span class='ocrx_word' id='word_1_28' title='bbox 100 507 177 542; x_wconf 88' lang='lat' dir='ltr'>quo</span> <span class='ocrx_word' id='word_1_29' title='bbox 217 494 412 543; x_wconf 76' lang='lat' dir='ltr'>legebatur</span> <span class='ocrx_word' id='word_1_30' title='bbox 441 497 700 548; x_wconf 79' lang='grc' dir='ltr'>περιτυχόντας.</span> <span class='ocrx_word' id='word_1_31' title='bbox 729 523 775 526; x_wconf 91' lang='grc'>--</span> <span class='ocrx_word' id='word_1_32' title='bbox 813 515 855 538; x_wconf 75' lang='lat' dir='ltr'>io</span> <span class='ocrx_word' id='word_1_33' title='bbox 887 504 1028 546; x_wconf 71' lang='grc' dir='ltr'>ποι-ἧσαι</span> <span class='ocrx_word' id='word_1_34' title='bbox 1063 505 1106 541; x_wconf 82' lang='grc' dir='ltr'>Θ.</span> 
     </span>
     <span class='ocr_line' id='line_1_6' title="bbox 98 552 1104 601; baseline 0.01 -14"><span class='ocrx_word' id='word_1_35' title='bbox 98 553 320 601; x_wconf 78' lang='grc' dir='ltr'>περιποιῆσαι</span> <span class='ocrx_word' id='word_1_36' title='bbox 340 552 419 589; x_wconf 83' lang='lat' dir='ltr'>Ald.</span> <span class='ocrx_word' id='word_1_37' title='bbox 445 558 615 592; x_wconf 82' lang='grc' dir='ltr'>ποιεῖσθαι</span> <span class='ocrx_word' id='word_1_38' title='bbox 643 558 789 595; x_wconf 72' lang='lat' dir='ltr'>Suidas.</span> <span class='ocrx_word' id='word_1_39' title='bbox 810 581 858 586; x_wconf 84' lang='lat'>-—</span> <span class='ocrx_word' id='word_1_40' title='bbox 879 574 921 596; x_wconf 85' lang='grc'>12</span> <span class='ocrx_word' id='word_1_41' title='bbox 940 561 1037 596; x_wconf 75' lang='grc' dir='ltr'>αὐτὸν</span> <span class='ocrx_word' id='word_1_42' title='bbox 1059 564 1104 597; x_wconf 86' lang='grc' dir='ltr'>Θ.</span> 
     </span>
    </p>
   </div>
   <div class='ocr_carea' id='block_1_4' title="bbox 94 608 1106 951">
    <p class='ocr_par' dir='ltr' id='par_1_4' title="bbox 94 608 1106 951">
     <span class='ocr_line' id='line_1_7' title="bbox 98 608 1104 669; baseline 0.011 -25"><span class='ocrx_word' id='word_1_43' title='bbox 98 608 243 646; x_wconf 84' lang='lat' dir='ltr'>Deinde</span> <span class='ocrx_word' id='word_1_44' title='bbox 256 610 470 648; x_wconf 69' lang='lat' dir='ltr'>Meinokius</span> <span class='ocrx_word' id='word_1_45' title='bbox 493 613 590 651; x_wconf 84' lang='lat' dir='ltr'>Hist.</span> <span class='ocrx_word' id='word_1_46' title='bbox 608 618 710 651; x_wconf 69' lang='lat' dir='ltr'>eom.</span> <span class='ocrx_word' id='word_1_47' title='bbox 731 630 764 666; x_wconf 84' lang='lat' dir='ltr'>p.</span> <span class='ocrx_word' id='word_1_48' title='bbox 789 618 834 659; x_wconf 78' lang='lat'>.&#39;‚8</span> <span class='ocrx_word' id='word_1_49' title='bbox 854 617 901 665; x_wconf 70' lang='grc' dir='ltr'>μὴ</span> <span class='ocrx_word' id='word_1_50' title='bbox 923 618 1104 669; x_wconf 82' lang='grc' dir='ltr'>κωμῳδοιή</span> 
     </span>
     <span class='ocr_line' id='line_1_8' title="bbox 97 665 1106 727; baseline 0.012 -26"><span class='ocrx_word' id='word_1_51' title='bbox 97 665 239 713; x_wconf 82' lang='grc' dir='ltr'>μηκέτι,</span> <span class='ocrx_word' id='word_1_52' title='bbox 270 668 431 718; x_wconf 73' lang='grc' dir='ltr'>σχολάζοι</span> <span class='ocrx_word' id='word_1_53' title='bbox 454 668 486 706; x_wconf 78' lang='grc' dir='ltr'>δὲ</span> <span class='ocrx_word' id='word_1_54' title='bbox 512 673 554 721; x_wconf 66' lang='grc' dir='ltr'>τῇ</span> <span class='ocrx_word' id='word_1_55' title='bbox 581 689 616 721; x_wconf 85' lang='grc' dir='ltr'>μ.</span> <span class='ocrx_word' id='word_1_56' title='bbox 642 675 857 719; x_wconf 71' lang='lat' dir='ltr'>Logebamr</span> <span class='ocrx_word' id='word_1_57' title='bbox 877 675 923 723; x_wconf 72' lang='grc' dir='ltr'>μὴ</span> <span class='ocrx_word' id='word_1_58' title='bbox 945 677 1106 727; x_wconf 84' lang='grc' dir='ltr'>κωμῳδοῖ</span> 
     </span>
     <span class='ocr_line' id='line_1_9' title="bbox 94 722 1103 784; baseline 0.011 -25"><span class='ocrx_word' id='word_1_59' title='bbox 94 722 117 768; x_wconf 86' lang='grc' dir='ltr'>ἢ</span> <span class='ocrx_word' id='word_1_60' title='bbox 138 722 263 773; x_wconf 74' lang='grc' dir='ltr'>μηκέτι</span> <span class='ocrx_word' id='word_1_61' title='bbox 294 727 454 775; x_wconf 74' lang='grc' dir='ltr'>σχολάζοι</span> <span class='ocrx_word' id='word_1_62' title='bbox 474 730 530 778; x_wconf 77' lang='grc' dir='ltr'>τ’ᾗ.</span> <span class='ocrx_word' id='word_1_63' title='bbox 563 733 605 766; x_wconf 84' lang='lat' dir='ltr'>In</span> <span class='ocrx_word' id='word_1_64' title='bbox 628 731 673 767; x_wconf 88' lang='grc' dir='ltr'>Θ.</span> <span class='ocrx_word' id='word_1_65' title='bbox 699 730 749 768; x_wconf 70' lang='grc' dir='ltr'>ὅτι</span> <span class='ocrx_word' id='word_1_66' title='bbox 779 733 902 781; x_wconf 79' lang='grc' dir='ltr'>μηκέτι</span> <span class='ocrx_word' id='word_1_67' title='bbox 926 734 1103 784; x_wconf 76' lang='grc' dir='ltr'>κωμῳδεῖν</span> 
     </span>
     <span class='ocr_line' id='line_1_10' title="bbox 95 780 1102 841; baseline 0.01 -25"><span class='ocrx_word' id='word_1_68' title='bbox 95 780 276 831; x_wconf 75' lang='grc' dir='ltr'>σχολάζειν</span> <span class='ocrx_word' id='word_1_69' title='bbox 291 785 344 833; x_wconf 74' lang='grc' dir='ltr'>τῇ.</span> <span class='ocrx_word' id='word_1_70' title='bbox 358 784 466 833; x_wconf 85' lang='lat' dir='ltr'>Apud</span> <span class='ocrx_word' id='word_1_71' title='bbox 486 787 638 823; x_wconf 79' lang='lat' dir='ltr'>Suidam</span> <span class='ocrx_word' id='word_1_72' title='bbox 660 788 711 825; x_wconf 75' lang='grc' dir='ltr'>ὅτι</span> <span class='ocrx_word' id='word_1_73' title='bbox 733 789 780 838; x_wconf 73' lang='grc' dir='ltr'>μὴ</span> <span class='ocrx_word' id='word_1_74' title='bbox 802 791 961 841; x_wconf 77' lang='grc' dir='ltr'>κωμῳδεῖ</span> <span class='ocrx_word' id='word_1_75' title='bbox 978 790 1102 838; x_wconf 83' lang='grc' dir='ltr'>μηκέτι</span> 
     </span>
     <span class='ocr_line' id='line_1_11' title="bbox 95 836 1103 896; baseline 0.011 -23"><span class='ocrx_word' id='word_1_76' title='bbox 95 836 183 886; x_wconf 85' lang='grc' dir='ltr'>μηδὲ</span> <span class='ocrx_word' id='word_1_77' title='bbox 203 839 406 891; x_wconf 78' lang='grc' dir='ltr'>συγγράφει,</span> <span class='ocrx_word' id='word_1_78' title='bbox 426 841 583 892; x_wconf 77' lang='grc' dir='ltr'>σχολάζει</span> <span class='ocrx_word' id='word_1_79' title='bbox 604 843 637 881; x_wconf 77' lang='grc' dir='ltr'>δὲ</span> <span class='ocrx_word' id='word_1_80' title='bbox 668 847 708 895; x_wconf 69' lang='grc' dir='ltr'>τῇ</span> <span class='ocrx_word' id='word_1_81' title='bbox 737 862 771 893; x_wconf 84' lang='grc' dir='ltr'>μ.</span> <span class='ocrx_word' id='word_1_82' title='bbox 797 849 999 896; x_wconf 72' lang='lat' dir='ltr'>Sequentia</span> <span class='ocrx_word' id='word_1_83' title='bbox 1028 862 1103 884; x_wconf 83' lang='lat' dir='ltr'>non</span> 
     </span>
     <span class='ocr_line' id='line_1_12' title="bbox 95 895 1103 951; baseline 0.011 -20"><span class='ocrx_word' id='word_1_84' title='bbox 95 895 209 932; x_wconf 82' lang='lat' dir='ltr'>habet</span> <span class='ocrx_word' id='word_1_85' title='bbox 229 898 375 934; x_wconf 83' lang='lat' dir='ltr'>Suidas.</span> <span class='ocrx_word' id='word_1_86' title='bbox 393 921 443 926; x_wconf 87' lang='lat'>—</span> <span class='ocrx_word' id='word_1_87' title='bbox 460 914 471 935; x_wconf 90' lang='grc'><strong>1</strong></span> <span class='ocrx_word' id='word_1_88' title='bbox 484 902 502 936; x_wconf 99' lang='grc'><strong>3</strong></span> <span class='ocrx_word' id='word_1_89' title='bbox 518 902 751 951; x_wconf 77' lang='grc' dir='ltr'>πολυμαθείας</span> <span class='ocrx_word' id='word_1_90' title='bbox 767 906 812 940; x_wconf 87' lang='grc' dir='ltr'>Θ.</span> <span class='ocrx_word' id='word_1_91' title='bbox 829 926 879 931; x_wconf 90' lang='lat'>——</span> <span class='ocrx_word' id='word_1_92' title='bbox 908 919 919 940; x_wconf 92' lang='lat'>1</span> <span class='ocrx_word' id='word_1_93' title='bbox 931 912 949 948; x_wconf 65' lang='lat' dir='ltr'>l,</span> <span class='ocrx_word' id='word_1_94' title='bbox 971 906 1103 942; x_wconf 80' lang='grc' dir='ltr'>ἐπανα-</span> 
     </span>
    </p>
   </div>
   <div class='ocr_carea' id='block_1_5' title="bbox 93 951 1099 1067">
    <p class='ocr_par' dir='ltr' id='par_1_5' title="bbox 93 951 1099 1067">
     <span class='ocr_line' id='line_1_13' title="bbox 143 951 1080 982; baseline 0.01 -18"><span class='ocrx_word' id='word_1_95' title='bbox 143 951 152 964; x_wconf 78' lang='lat' dir='ltr'><em>l</em></span> <span class='ocrx_word' id='word_1_96' title='bbox 375 956 382 963; x_wconf 75' lang='lat'>⁸</span> <span class='ocrx_word' id='word_1_97' title='bbox 474 956 490 969; x_wconf 66' lang='lat'>3⁷</span> <span class='ocrx_word' id='word_1_98' title='bbox 651 958 660 971; x_wconf 79' lang='grc' dir='ltr'><em>Ι</em></span> <span class='ocrx_word' id='word_1_99' title='bbox 985 968 995 982; x_wconf 59' lang='lat'>⁴</span> <span class='ocrx_word' id='word_1_100' title='bbox 1040 964 1050 971; x_wconf 52' lang='grc' dir='ltr'>ἱ</span> <span class='ocrx_word' id='word_1_101' title='bbox 1073 962 1080 973; x_wconf 94' lang='grc' dir='ltr'><em>Ι</em></span> 
     </span>
     <span class='ocr_line' id='line_1_14' title="bbox 93 955 1098 1012; baseline 0.01 -23"><span class='ocrx_word' id='word_1_102' title='bbox 93 955 216 1004; x_wconf 81' lang='grc' dir='ltr'>τρεψαι</span> <span class='ocrx_word' id='word_1_103' title='bbox 239 955 441 992; x_wconf 77' lang='lat' dir='ltr'>Bentlelus.</span> <span class='ocrx_word' id='word_1_104' title='bbox 467 961 723 1010; x_wconf 65' lang='grc' dir='ltr'>επαναστρεψαι</span> <span class='ocrx_word' id='word_1_105' title='bbox 744 961 826 998; x_wconf 82' lang='lat' dir='ltr'>Ald.</span> <span class='ocrx_word' id='word_1_106' title='bbox 842 983 892 988; x_wconf 92' lang='lat'>-—</span> <span class='ocrx_word' id='word_1_107' title='bbox 915 963 958 998; x_wconf 82' lang='lat'>15</span> <span class='ocrx_word' id='word_1_108' title='bbox 979 965 1098 1012; x_wconf 66' lang='lat' dir='ltr'>¹boum-</span> 
     </span>
     <span class='ocr_line' id='line_1_15' title="bbox 94 1012 1099 1067; baseline 0.01 -20"><span class='ocrx_word' id='word_1_109' title='bbox 94 1025 192 1058; x_wconf 83' lang='grc' dir='ltr'>μενος</span> <span class='ocrx_word' id='word_1_110' title='bbox 212 1012 257 1049; x_wconf 87' lang='grc' dir='ltr'>Θ.</span> <span class='ocrx_word' id='word_1_111' title='bbox 274 1012 439 1062; x_wconf 83' lang='grc' dir='ltr'>βούλομαί</span> <span class='ocrx_word' id='word_1_112' title='bbox 452 1015 484 1063; x_wconf 87' lang='grc' dir='ltr'>γ’</span> <span class='ocrx_word' id='word_1_113' title='bbox 499 1016 699 1053; x_wconf 82' lang='lat' dir='ltr'>Bentleius.</span> <span class='ocrx_word' id='word_1_114' title='bbox 717 1019 947 1056; x_wconf 83' lang='lat' dir='ltr'>Fritzschius</span> <span class='ocrx_word' id='word_1_115' title='bbox 962 1023 1099 1067; x_wconf 80' lang='lat' dir='ltr'>Quaest.</span> 
     </span>
    </p>
   </div>
   <div class='ocr_carea' id='block_1_6' title="bbox 90 1069 1101 1353">
    <p class='ocr_par' dir='ltr' id='par_1_6' title="bbox 90 1069 1101 1353">
     <span class='ocr_line' id='line_1_16' title="bbox 92 1069 1101 1127; baseline 0.011 -23"><span class='ocrx_word' id='word_1_116' title='bbox 92 1069 288 1118; x_wconf 80' lang='lat' dir='ltr'>Aristoph.</span> <span class='ocrx_word' id='word_1_117' title='bbox 309 1073 347 1115; x_wconf 83' lang='lat'>1,</span> <span class='ocrx_word' id='word_1_118' title='bbox 368 1084 404 1120; x_wconf 84' lang='lat' dir='ltr'>p.</span> <span class='ocrx_word' id='word_1_119' title='bbox 431 1072 518 1117; x_wconf 85' lang='lat'><strong>263,</strong></span> <span class='ocrx_word' id='word_1_120' title='bbox 539 1071 680 1122; x_wconf 81' lang='grc' dir='ltr'>βούλομ’</span> <span class='ocrx_word' id='word_1_121' title='bbox 702 1076 748 1118; x_wconf 80' lang='grc' dir='ltr'>εἷς</span> <span class='ocrx_word' id='word_1_122' title='bbox 765 1076 821 1113; x_wconf 82' lang='grc' dir='ltr'>τὸν</span> <span class='ocrx_word' id='word_1_123' title='bbox 846 1080 900 1114; x_wconf 81' lang='grc' dir='ltr'>νῦν</span> <span class='ocrx_word' id='word_1_124' title='bbox 923 1077 1034 1127; x_wconf 71' lang='grc' dir='ltr'>λόγον.</span> <span class='ocrx_word' id='word_1_125' title='bbox 1051 1101 1101 1107; x_wconf 90' lang='lat'>--</span> 
     </span>
     <span class='ocr_line' id='line_1_17' title="bbox 92 1124 1100 1184; baseline 0.013 -23"><span class='ocrx_word' id='word_1_126' title='bbox 92 1124 256 1177; x_wconf 86' lang='grc' dir='ltr'>πρότερον</span> <span class='ocrx_word' id='word_1_127' title='bbox 288 1139 363 1163; x_wconf 85' lang='lat' dir='ltr'>om.</span> <span class='ocrx_word' id='word_1_128' title='bbox 387 1131 430 1164; x_wconf 93' lang='lat' dir='ltr'>V.</span> <span class='ocrx_word' id='word_1_129' title='bbox 457 1150 500 1155; x_wconf 87' lang='lat'><em>-</em></span> <span class='ocrx_word' id='word_1_130' title='bbox 537 1130 581 1166; x_wconf 87' lang='lat'>16</span> <span class='ocrx_word' id='word_1_131' title='bbox 609 1129 699 1180; x_wconf 84' lang='grc' dir='ltr'>ἔχων</span> <span class='ocrx_word' id='word_1_132' title='bbox 729 1139 874 1181; x_wconf 82' lang='grc' dir='ltr'>γυναῖκα</span> <span class='ocrx_word' id='word_1_133' title='bbox 897 1136 942 1172; x_wconf 91' lang='grc' dir='ltr'>Θ.</span> <span class='ocrx_word' id='word_1_134' title='bbox 968 1137 1100 1184; x_wconf 84' lang='grc' dir='ltr'>γυναῖκ’</span> 
     </span>
     <span class='ocr_line' id='line_1_18' title="bbox 91 1181 1100 1236; baseline 0.013 -18"><span class='ocrx_word' id='word_1_135' title='bbox 91 1181 318 1234; x_wconf 81' lang='grc' dir='ltr'>ἔχων-πρὸς</span> <span class='ocrx_word' id='word_1_136' title='bbox 335 1184 451 1236; x_wconf 82' lang='grc' dir='ltr'>ἑτέραν</span> <span class='ocrx_word' id='word_1_137' title='bbox 469 1198 545 1223; x_wconf 89' lang='lat' dir='ltr'>om.</span> <span class='ocrx_word' id='word_1_138' title='bbox 560 1191 603 1224; x_wconf 89' lang='lat' dir='ltr'>V.</span> <span class='ocrx_word' id='word_1_139' title='bbox 630 1191 744 1232; x_wconf 82' lang='grc' dir='ltr'>κακῶς</span> <span class='ocrx_word' id='word_1_140' title='bbox 763 1192 964 1229; x_wconf 82' lang='lat' dir='ltr'>Bentleius.</span> <span class='ocrx_word' id='word_1_141' title='bbox 993 1197 1100 1230; x_wconf 76' lang='lat' dir='ltr'>Cete-</span> 
     </span>
     <span class='ocr_line' id='line_1_19' title="bbox 90 1241 1098 1294; baseline 0.013 -18"><span class='ocrx_word' id='word_1_142' title='bbox 90 1253 177 1276; x_wconf 85' lang='lat' dir='ltr'>rum</span> <span class='ocrx_word' id='word_1_143' title='bbox 211 1241 290 1278; x_wconf 86' lang='lat' dir='ltr'>haec</span> <span class='ocrx_word' id='word_1_144' title='bbox 323 1250 396 1279; x_wconf 82' lang='lat' dir='ltr'>tam</span> <span class='ocrx_word' id='word_1_145' title='bbox 430 1253 610 1294; x_wconf 83' lang='lat' dir='ltr'>corrupta</span> <span class='ocrx_word' id='word_1_146' title='bbox 637 1255 673 1283; x_wconf 88' lang='lat' dir='ltr'>et</span> <span class='ocrx_word' id='word_1_147' title='bbox 702 1248 847 1287; x_wconf 82' lang='lat' dir='ltr'>defecta</span> <span class='ocrx_word' id='word_1_148' title='bbox 875 1260 960 1287; x_wconf 86' lang='lat' dir='ltr'>sunt</span> <span class='ocrx_word' id='word_1_149' title='bbox 989 1260 1028 1288; x_wconf 82' lang='lat' dir='ltr'>ut</span> <span class='ocrx_word' id='word_1_150' title='bbox 1054 1266 1098 1289; x_wconf 80' lang='lat' dir='ltr'>ex</span> 
     </span>
     <span class='ocr_line' id='line_1_20' title="bbox 91 1298 1097 1353; baseline 0.013 -19"><span class='ocrx_word' id='word_1_151' title='bbox 91 1298 309 1348; x_wconf 82' lang='lat' dir='ltr'>conjectura</span> <span class='ocrx_word' id='word_1_152' title='bbox 338 1302 487 1339; x_wconf 86' lang='lat' dir='ltr'>restitui</span> <span class='ocrx_word' id='word_1_153' title='bbox 522 1314 723 1353; x_wconf 79' lang='lat' dir='ltr'>nequeant.</span> <span class='ocrx_word' id='word_1_154' title='bbox 751 1328 801 1336; x_wconf 87' lang='lat'>——</span> <span class='ocrx_word' id='word_1_155' title='bbox 825 1321 872 1344; x_wconf 85' lang='lat'>20</span> <span class='ocrx_word' id='word_1_156' title='bbox 900 1303 956 1346; x_wconf 67' lang='grc' dir='ltr'>οἶν</span> <span class='ocrx_word' id='word_1_157' title='bbox 977 1309 1097 1347; x_wconf 83' lang='grc' dir='ltr'>κώδιον</span> 
     </span>
    </p>
   </div>
   <div class='ocr_carea' id='block_1_7' title="bbox 90 1355 897 1538">
    <p class='ocr_par' dir='ltr' id='par_1_7' title="bbox 90 1355 897 1538">
     <span class='ocr_line' id='line_1_21' title="bbox 90 1355 349 1402; baseline 0.015 -10"><span class='ocrx_word' id='word_1_158' title='bbox 90 1356 213 1402; x_wconf 79' lang='grc' dir='ltr'>αὐτοῦ,</span> <span class='ocrx_word' id='word_1_159' title='bbox 229 1355 284 1394; x_wconf 78' lang='grc' dir='ltr'>ἵνα</span> <span class='ocrx_word' id='word_1_160' title='bbox 303 1358 349 1396; x_wconf 85' lang='grc' dir='ltr'>Θ.</span> 
     </span>
     <span class='ocr_line' id='line_1_22' title="bbox 141 1422 665 1473; baseline 0.013 -18"><span class='ocrx_word' id='word_1_161' title='bbox 141 1424 229 1465; x_wconf 82' lang='grc'><strong>401,</strong></span> <span class='ocrx_word' id='word_1_162' title='bbox 251 1426 299 1464; x_wconf 97' lang='grc'>24</span> <span class='ocrx_word' id='word_1_163' title='bbox 317 1422 417 1473; x_wconf 83' lang='grc' dir='ltr'>ἀραῖς</span> <span class='ocrx_word' id='word_1_164' title='bbox 442 1424 485 1459; x_wconf 86' lang='lat' dir='ltr'>V.</span> <span class='ocrx_word' id='word_1_165' title='bbox 506 1424 597 1473; x_wconf 79' lang='grc' dir='ltr'>ἀρῶν</span> <span class='ocrx_word' id='word_1_166' title='bbox 622 1428 665 1462; x_wconf 93' lang='lat' dir='ltr'>G.</span> 
     </span>
     <span class='ocr_line' id='line_1_23' title="bbox 142 1484 897 1538; baseline 0.016 -18"><span class='ocrx_word' id='word_1_167' title='bbox 142 1490 229 1531; x_wconf 91' lang='grc'><strong>402,</strong></span> <span class='ocrx_word' id='word_1_168' title='bbox 250 1498 296 1531; x_wconf 90' lang='grc'><strong>27</strong></span> <span class='ocrx_word' id='word_1_169' title='bbox 319 1484 355 1522; x_wconf 81' lang='grc' dir='ltr'>δὲ</span> <span class='ocrx_word' id='word_1_170' title='bbox 369 1484 484 1538; x_wconf 84' lang='grc' dir='ltr'>εἴρηκε</span> <span class='ocrx_word' id='word_1_171' title='bbox 503 1488 548 1526; x_wconf 90' lang='grc' dir='ltr'>Θ.</span> <span class='ocrx_word' id='word_1_172' title='bbox 567 1512 618 1517; x_wconf 89' lang='grc'><strong>-</strong></span> <span class='ocrx_word' id='word_1_173' title='bbox 633 1491 680 1526; x_wconf 87' lang='grc'><strong>28</strong></span> <span class='ocrx_word' id='word_1_174' title='bbox 703 1492 746 1533; x_wconf 80' lang='grc' dir='ltr'>ὡς</span> <span class='ocrx_word' id='word_1_175' title='bbox 769 1492 836 1530; x_wconf 79' lang='grc' dir='ltr'>οἱπο</span> <span class='ocrx_word' id='word_1_176' title='bbox 853 1494 897 1531; x_wconf 91' lang='grc' dir='ltr'>Θ.</span> 
     </span>
    </p>
   </div>
   <div class='ocr_carea' id='block_1_8' title="bbox 83 1548 1095 1778">
    <p class='ocr_par' dir='ltr' id='par_1_8' title="bbox 83 1548 1095 1778">
     <span class='ocr_line' id='line_1_24' title="bbox 142 1548 1095 1607; baseline 0.013 -24"><span class='ocrx_word' id='word_1_177' title='bbox 142 1552 230 1593; x_wconf 92' lang='grc'><strong>404,</strong></span> <span class='ocrx_word' id='word_1_178' title='bbox 253 1548 299 1585; x_wconf 84' lang='grc'><strong>35</strong></span> <span class='ocrx_word' id='word_1_179' title='bbox 324 1548 501 1600; x_wconf 87' lang='grc' dir='ltr'>προέλθοις</span> <span class='ocrx_word' id='word_1_180' title='bbox 516 1554 560 1588; x_wconf 85' lang='lat' dir='ltr'>V.</span> <span class='ocrx_word' id='word_1_181' title='bbox 583 1571 626 1576; x_wconf 95' lang='lat'><strong>—</strong></span> <span class='ocrx_word' id='word_1_182' title='bbox 655 1554 702 1589; x_wconf 84' lang='lat'>36</span> <span class='ocrx_word' id='word_1_183' title='bbox 727 1553 817 1598; x_wconf 83' lang='grc' dir='ltr'>ἔδοξε</span> <span class='ocrx_word' id='word_1_184' title='bbox 838 1556 904 1607; x_wconf 77' lang='grc' dir='ltr'>γὰρ</span> <span class='ocrx_word' id='word_1_185' title='bbox 932 1559 948 1594; x_wconf 82' lang='grc' dir='ltr'>ὁ</span> <span class='ocrx_word' id='word_1_186' title='bbox 975 1557 1095 1594; x_wconf 83' lang='grc' dir='ltr'>Κλέων</span> 
     </span>
     <span class='ocr_line' id='line_1_25' title="bbox 86 1599 1095 1666; baseline 0.013 -26"><span class='ocrx_word' id='word_1_187' title='bbox 86 1604 222 1641; x_wconf 81' lang='lat' dir='ltr'>Suidas</span> <span class='ocrx_word' id='word_1_188' title='bbox 243 1619 270 1641; x_wconf 77' lang='lat' dir='ltr'>s.</span> <span class='ocrx_word' id='word_1_189' title='bbox 284 1599 331 1644; x_wconf 61' lang='grc' dir='ltr'>ἢὮ</span> <span class='ocrx_word' id='word_1_190' title='bbox 347 1606 425 1658; x_wconf 85' lang='grc' dir='ltr'>περὶ</span> <span class='ocrx_word' id='word_1_191' title='bbox 439 1607 564 1645; x_wconf 82' lang='grc' dir='ltr'>πάντα.</span> <span class='ocrx_word' id='word_1_192' title='bbox 581 1610 684 1647; x_wconf 83' lang='lat' dir='ltr'>Idem</span> <span class='ocrx_word' id='word_1_193' title='bbox 705 1614 1095 1666; x_wconf 71' lang='grc' dir='ltr'>τοῦ-κατορθώματος.</span> 
     </span>
     <span class='ocr_line' id='line_1_26' title="bbox 85 1664 1095 1722; baseline 0.014 -25"><span class='ocrx_word' id='word_1_194' title='bbox 85 1682 137 1690; x_wconf 92' lang='grc'><strong>-</strong></span> <span class='ocrx_word' id='word_1_195' title='bbox 159 1667 207 1705; x_wconf 90' lang='grc'>40</span> <span class='ocrx_word' id='word_1_196' title='bbox 226 1664 459 1715; x_wconf 81' lang='grc' dir='ltr'>περιγίνεσθαι</span> <span class='ocrx_word' id='word_1_197' title='bbox 483 1668 528 1704; x_wconf 89' lang='grc' dir='ltr'>Θ.</span> <span class='ocrx_word' id='word_1_198' title='bbox 545 1692 584 1699; x_wconf 82' lang='grc'>-</span> <span class='ocrx_word' id='word_1_199' title='bbox 607 1668 644 1706; x_wconf 79' lang='grc' dir='ltr'>τὸ</span> <span class='ocrx_word' id='word_1_200' title='bbox 678 1668 774 1721; x_wconf 85' lang='grc' dir='ltr'>ἔργον</span> <span class='ocrx_word' id='word_1_201' title='bbox 794 1680 880 1721; x_wconf 87' lang='lat' dir='ltr'>post</span> <span class='ocrx_word' id='word_1_202' title='bbox 905 1672 1095 1722; x_wconf 73' lang='grc' dir='ltr'>κάμνοντος</span> 
     </span>
     <span class='ocr_line' id='line_1_27' title="bbox 83 1720 1095 1778; baseline 0.013 -21"><span class='ocrx_word' id='word_1_203' title='bbox 83 1720 189 1758; x_wconf 86' lang='lat' dir='ltr'>addit</span> <span class='ocrx_word' id='word_1_204' title='bbox 206 1725 250 1759; x_wconf 92' lang='lat' dir='ltr'>V.</span> <span class='ocrx_word' id='word_1_205' title='bbox 262 1730 355 1766; x_wconf 80' lang='grc'>-41</span> <span class='ocrx_word' id='word_1_206' title='bbox 379 1738 516 1776; x_wconf 87' lang='grc' dir='ltr'>προαιρ.</span> <span class='ocrx_word' id='word_1_207' title='bbox 539 1726 631 1764; x_wconf 76' lang='grc' dir='ltr'>ἐστὶν</span> <span class='ocrx_word' id='word_1_208' title='bbox 651 1726 789 1778; x_wconf 81' lang='grc' dir='ltr'>ἔλεγχος</span> <span class='ocrx_word' id='word_1_209' title='bbox 812 1731 946 1768; x_wconf 85' lang='lat' dir='ltr'>Suidas</span> <span class='ocrx_word' id='word_1_210' title='bbox 964 1746 990 1768; x_wconf 85' lang='lat' dir='ltr'>s.</span> <span class='ocrx_word' id='word_1_211' title='bbox 1008 1730 1095 1770; x_wconf 81' lang='lat' dir='ltr'>&#39;&#39;Ev-</span> 
     </span>
    </p>
   </div>
   <div class='ocr_carea' id='block_1_9' title="bbox 83 1780 1090 1890">
    <p class='ocr_par' dir='ltr' id='par_1_9' title="bbox 83 1780 1090 1890">
     <span class='ocr_line' id='line_1_28' title="bbox 84 1780 1090 1843; baseline 0.014 -28"><span class='ocrx_word' id='word_1_212' title='bbox 84 1780 184 1822; x_wconf 83' lang='grc' dir='ltr'>θεσις.</span> <span class='ocrx_word' id='word_1_213' title='bbox 203 1804 241 1811; x_wconf 81' lang='lat'><em>-</em></span> <span class='ocrx_word' id='word_1_214' title='bbox 261 1782 308 1824; x_wconf 81' lang='grc'>45</span> <span class='ocrx_word' id='word_1_215' title='bbox 332 1780 394 1826; x_wconf 80' lang='grc' dir='ltr'>τὴν</span> <span class='ocrx_word' id='word_1_216' title='bbox 422 1784 562 1836; x_wconf 73' lang='grc' dir='ltr'>τροφήν.</span> <span class='ocrx_word' id='word_1_217' title='bbox 592 1784 683 1822; x_wconf 82' lang='grc' dir='ltr'>ἔνθεν</span> <span class='ocrx_word' id='word_1_218' title='bbox 708 1790 793 1834; x_wconf 82' lang='lat' dir='ltr'>(scr.</span> <span class='ocrx_word' id='word_1_219' title='bbox 819 1788 960 1840; x_wconf 83' lang='grc' dir='ltr'>ἔνθεσις)</span> <span class='ocrx_word' id='word_1_220' title='bbox 985 1790 1090 1843; x_wconf 81' lang='grc' dir='ltr'>γὰρὴ</span> 
     </span>
     <span class='ocr_line' id='line_1_29' title="bbox 83 1837 461 1890; baseline 0.013 -17"><span class='ocrx_word' id='word_1_221' title='bbox 83 1837 202 1890; x_wconf 76' lang='grc' dir='ltr'>τροφή.</span> <span class='ocrx_word' id='word_1_222' title='bbox 224 1837 285 1885; x_wconf 79' lang='grc' dir='ltr'>τὴν</span> <span class='ocrx_word' id='word_1_223' title='bbox 302 1841 336 1876; x_wconf 81' lang='grc' dir='ltr'>εἶν</span> <span class='ocrx_word' id='word_1_224' title='bbox 350 1842 399 1890; x_wconf 84' lang='grc' dir='ltr'>τῷ</span> <span class='ocrx_word' id='word_1_225' title='bbox 418 1844 461 1878; x_wconf 91' lang='lat' dir='ltr'>V.</span> 
     </span>
    </p>
   </div>
   <div class='ocr_carea' id='block_1_10' title="bbox 136 1902 1090 1961">
    <p class='ocr_par' dir='ltr' id='par_1_10' title="bbox 136 1902 1090 1961">
     <span class='ocr_line' id='line_1_30' title="bbox 136 1902 1090 1961; baseline 0.016 -25"><span class='ocrx_word' id='word_1_226' title='bbox 136 1902 222 1947; x_wconf 85' lang='grc'><strong>405,</strong></span> <span class='ocrx_word' id='word_1_227' title='bbox 244 1903 292 1944; x_wconf 90' lang='grc'>48</span> <span class='ocrx_word' id='word_1_228' title='bbox 313 1904 581 1954; x_wconf 82' lang='lat' dir='ltr'>corrigendum</span> <span class='ocrx_word' id='word_1_229' title='bbox 605 1906 661 1944; x_wconf 80' lang='grc' dir='ltr'>ἐπὶ</span> <span class='ocrx_word' id='word_1_230' title='bbox 680 1923 786 1961; x_wconf 71' lang='grc' dir='ltr'>συμφ.</span> <span class='ocrx_word' id='word_1_231' title='bbox 807 1923 852 1947; x_wconf 79' lang='lat' dir='ltr'>ex</span> <span class='ocrx_word' id='word_1_232' title='bbox 873 1924 980 1948; x_wconf 81' lang='lat' dir='ltr'>versu</span> <span class='ocrx_word' id='word_1_233' title='bbox 1001 1915 1090 1952; x_wconf 84' lang='lat' dir='ltr'>Ari-</span> 
     </span>
    </p>
   </div>
   <div class='ocr_carea' id='block_1_11' title="bbox 84 1960 428 2009">
    <p class='ocr_par' dir='ltr' id='par_1_11' title="bbox 84 1960 428 2009">
     <span class='ocr_line' id='line_1_31' title="bbox 84 1960 428 2009; baseline 0.009 -14"><span class='ocrx_word' id='word_1_234' title='bbox 84 1960 290 2009; x_wconf 88' lang='lat' dir='ltr'>stophanis.</span> <span class='ocrx_word' id='word_1_235' title='bbox 310 1964 428 1998; x_wconf 75' lang='lat' dir='ltr'>Dmn.</span> 
     </span>
    </p>
   </div>
   <div class='ocr_carea' id='block_1_12' title="bbox 79 2019 1088 2140">
    <p class='ocr_par' dir='ltr' id='par_1_12' title="bbox 79 2019 1088 2140">
     <span class='ocr_line' id='line_1_32' title="bbox 135 2019 1088 2075; baseline 0.015 -14"><span class='ocrx_word' id='word_1_236' title='bbox 135 2031 220 2071; x_wconf 86' lang='grc'><strong>407,</strong></span> <span class='ocrx_word' id='word_1_237' title='bbox 239 2027 281 2062; x_wconf 85' lang='grc'><strong>51</strong></span> <span class='ocrx_word' id='word_1_238' title='bbox 303 2019 360 2063; x_wconf 60' lang='grc' dir='ltr'>οὖν</span> <span class='ocrx_word' id='word_1_239' title='bbox 382 2021 476 2070; x_wconf 62' lang='grc' dir='ltr'>οὗτος</span> <span class='ocrx_word' id='word_1_240' title='bbox 493 2033 538 2066; x_wconf 86' lang='lat' dir='ltr'>V.</span> <span class='ocrx_word' id='word_1_241' title='bbox 553 2055 592 2062; x_wconf 82' lang='lat'>—</span> <span class='ocrx_word' id='word_1_242' title='bbox 615 2032 659 2067; x_wconf 84' lang='grc'><strong>53</strong></span> <span class='ocrx_word' id='word_1_243' title='bbox 682 2033 750 2069; x_wconf 86' lang='grc' dir='ltr'>ε’ντ.</span> <span class='ocrx_word' id='word_1_244' title='bbox 772 2034 900 2072; x_wconf 78' lang='grc' dir='ltr'>τέθεικε</span> <span class='ocrx_word' id='word_1_245' title='bbox 921 2036 965 2073; x_wconf 91' lang='grc' dir='ltr'>Θ.</span> <span class='ocrx_word' id='word_1_246' title='bbox 984 2037 1088 2075; x_wconf 89' lang='lat' dir='ltr'>Idem</span> 
     </span>
     <span class='ocr_line' id='line_1_33' title="bbox 79 2080 1088 2140; baseline 0.014 -23"><span class='ocrx_word' id='word_1_247' title='bbox 79 2080 135 2118; x_wconf 83' lang='grc' dir='ltr'>ἐπὶ</span> <span class='ocrx_word' id='word_1_248' title='bbox 153 2083 221 2119; x_wconf 83' lang='grc' dir='ltr'>τῶν</span> <span class='ocrx_word' id='word_1_249' title='bbox 243 2082 414 2135; x_wconf 83' lang='grc' dir='ltr'>νεωτέρων</span> <span class='ocrx_word' id='word_1_250' title='bbox 436 2088 496 2122; x_wconf 73' lang='grc' dir='ltr'>τοῦ</span> <span class='ocrx_word' id='word_1_251' title='bbox 512 2087 715 2139; x_wconf 87' lang='grc' dir='ltr'>πράγματος</span> <span class='ocrx_word' id='word_1_252' title='bbox 736 2090 882 2140; x_wconf 84' lang='grc' dir='ltr'>ἔχοντος.</span> <span class='ocrx_word' id='word_1_253' title='bbox 898 2118 936 2123; x_wconf 92' lang='grc'>-</span> <span class='ocrx_word' id='word_1_254' title='bbox 959 2107 979 2129; x_wconf 90' lang='grc'><strong>2</strong></span> <span class='ocrx_word' id='word_1_255' title='bbox 1002 2094 1088 2131; x_wconf 73' lang='grc' dir='ltr'>ἀνά·</span> 
     </span>
    </p>
   </div>
   <div class='ocr_carea' id='block_1_13' title="bbox 47 2141 1085 3425">
    <p class='ocr_par' dir='ltr' id='par_1_13' title="bbox 71 2141 1085 2542">
     <span class='ocr_line' id='line_1_34' title="bbox 77 2141 1085 2204; baseline 0.016 -31"><span class='ocrx_word' id='word_1_256' title='bbox 77 2153 201 2186; x_wconf 83' lang='grc' dir='ltr'>γοντα,</span> <span class='ocrx_word' id='word_1_257' title='bbox 225 2141 245 2176; x_wconf 88' lang='grc'>3</span> <span class='ocrx_word' id='word_1_258' title='bbox 268 2141 540 2192; x_wconf 86' lang='grc' dir='ltr'>ἀνακρουόμενον</span> <span class='ocrx_word' id='word_1_259' title='bbox 559 2146 606 2183; x_wconf 90' lang='grc' dir='ltr'>Θ.</span> <span class='ocrx_word' id='word_1_260' title='bbox 628 2171 665 2176; x_wconf 89' lang='lat'>—-</span> <span class='ocrx_word' id='word_1_261' title='bbox 689 2154 710 2190; x_wconf 90' lang='grc'>4</span> <span class='ocrx_word' id='word_1_262' title='bbox 728 2148 925 2197; x_wconf 81' lang='lat' dir='ltr'>legebatur</span> <span class='ocrx_word' id='word_1_263' title='bbox 952 2166 1085 2204; x_wconf 81' lang='grc' dir='ltr'>πυρρο-</span> 
     </span>
     <span class='ocr_line' id='line_1_35' title="bbox 76 2196 1084 2253; baseline 0.016 -22"><span class='ocrx_word' id='word_1_264' title='bbox 76 2196 198 2242; x_wconf 86' lang='grc' dir='ltr'>πίπην.</span> <span class='ocrx_word' id='word_1_265' title='bbox 215 2213 229 2228; x_wconf 88' lang='lat'>«</span> <span class='ocrx_word' id='word_1_266' title='bbox 240 2198 372 2235; x_wconf 85' lang='lat' dir='ltr'>Codex</span> <span class='ocrx_word' id='word_1_267' title='bbox 383 2202 628 2240; x_wconf 79' lang='lat' dir='ltr'>Taurinensis</span> <span class='ocrx_word' id='word_1_268' title='bbox 647 2206 729 2251; x_wconf 84' lang='lat'>165,</span> <span class='ocrx_word' id='word_1_269' title='bbox 740 2207 802 2242; x_wconf 86' lang='lat' dir='ltr'>fol.</span> <span class='ocrx_word' id='word_1_270' title='bbox 826 2208 886 2253; x_wconf 84' lang='grc'>52,</span> <span class='ocrx_word' id='word_1_271' title='bbox 896 2209 940 2245; x_wconf 85' lang='lat' dir='ltr'>ad</span> <span class='ocrx_word' id='word_1_272' title='bbox 954 2223 1084 2247; x_wconf 78' lang='lat' dir='ltr'>vocem</span> 
     </span>
     <span class='ocr_line' id='line_1_36' title="bbox 75 2253 1083 2317; baseline 0.018 -30"><span class='ocrx_word' id='word_1_273' title='bbox 75 2253 289 2299; x_wconf 85' lang='grc' dir='ltr'>παιδοπίπης</span> <span class='ocrx_word' id='word_1_274' title='bbox 305 2256 440 2293; x_wconf 80' lang='lat' dir='ltr'><strong>recitat</strong></span> <span class='ocrx_word' id='word_1_275' title='bbox 454 2271 497 2294; x_wconf 89' lang='lat' dir='ltr'>ea</span> <span class='ocrx_word' id='word_1_276' title='bbox 513 2273 596 2308; x_wconf 89' lang='lat' dir='ltr'>quae</span> <span class='ocrx_word' id='word_1_277' title='bbox 612 2262 833 2300; x_wconf 82' lang='lat' dir='ltr'>scholiastes</span> <span class='ocrx_word' id='word_1_278' title='bbox 857 2266 1083 2317; x_wconf 85' lang='lat' dir='ltr'>Aristopha-</span> 
     </span>
     <span class='ocr_line' id='line_1_37' title="bbox 75 2310 1083 2372; baseline 0.017 -27"><span class='ocrx_word' id='word_1_279' title='bbox 75 2310 132 2346; x_wconf 89' lang='lat' dir='ltr'>nis</span> <span class='ocrx_word' id='word_1_280' title='bbox 149 2310 261 2347; x_wconf 88' lang='lat' dir='ltr'>habet</span> <span class='ocrx_word' id='word_1_281' title='bbox 274 2341 284 2358; x_wconf 94' lang='lat'>‚</span> <span class='ocrx_word' id='word_1_282' title='bbox 309 2322 422 2362; x_wconf 81' lang='lat' dir='ltr'>atque</span> <span class='ocrx_word' id='word_1_283' title='bbox 440 2316 573 2353; x_wconf 80' lang='lat' dir='ltr'><strong>scribit</strong></span> <span class='ocrx_word' id='word_1_284' title='bbox 592 2322 710 2356; x_wconf 76' lang='grc' dir='ltr'>τοῦτον</span> <span class='ocrx_word' id='word_1_285' title='bbox 737 2319 772 2357; x_wconf 78' lang='grc' dir='ltr'>δὲ</span> <span class='ocrx_word' id='word_1_286' title='bbox 789 2325 805 2358; x_wconf 82' lang='grc' dir='ltr'>ὁ</span> <span class='ocrx_word' id='word_1_287' title='bbox 828 2324 992 2372; x_wconf 82' lang='grc' dir='ltr'>Κρατῖνος</span> <span class='ocrx_word' id='word_1_288' title='bbox 1017 2342 1083 2362; x_wconf 83' lang='grc' dir='ltr'>πυ-</span> 
     </span>
     <span class='ocr_line' id='line_1_38' title="bbox 75 2367 1080 2426; baseline 0.018 -24"><span class='ocrx_word' id='word_1_289' title='bbox 75 2367 223 2417; x_wconf 87' lang='grc' dir='ltr'>ροπίπην</span> <span class='ocrx_word' id='word_1_290' title='bbox 237 2368 340 2419; x_wconf 85' lang='grc' dir='ltr'>λέγει.</span> <span class='ocrx_word' id='word_1_291' title='bbox 353 2372 538 2410; x_wconf 89' lang='lat' dir='ltr'>Mendose</span> <span class='ocrx_word' id='word_1_292' title='bbox 552 2377 771 2426; x_wconf 87' lang='grc' dir='ltr'>πυρροπίπην</span> <span class='ocrx_word' id='word_1_293' title='bbox 787 2380 849 2416; x_wconf 84' lang='lat' dir='ltr'>dat</span> <span class='ocrx_word' id='word_1_294' title='bbox 864 2381 1080 2421; x_wconf 80' lang='lat' dir='ltr'>scholiastes</span> 
     </span>
     <span class='ocr_line' id='line_1_39' title="bbox 71 2427 1079 2484; baseline 0.019 -25"><span class='ocrx_word' id='word_1_295' title='bbox 71 2433 184 2474; x_wconf 86' lang='lat' dir='ltr'>atque</span> <span class='ocrx_word' id='word_1_296' title='bbox 199 2427 415 2465; x_wconf 79' lang='lat' dir='ltr'>Eustathius</span> <span class='ocrx_word' id='word_1_297' title='bbox 429 2430 475 2466; x_wconf 86' lang='lat' dir='ltr'>ad</span> <span class='ocrx_word' id='word_1_298' title='bbox 489 2431 594 2468; x_wconf 86' lang='lat' dir='ltr'>Iliad.</span> <span class='ocrx_word' id='word_1_299' title='bbox 609 2434 646 2478; x_wconf 92' lang='grc' dir='ltr'>Γ,</span> <span class='ocrx_word' id='word_1_300' title='bbox 659 2448 695 2484; x_wconf 91' lang='lat' dir='ltr'>p.</span> <span class='ocrx_word' id='word_1_301' title='bbox 716 2437 803 2481; x_wconf 79' lang='lat'>287.</span> <span class='ocrx_word' id='word_1_302' title='bbox 816 2454 829 2469; x_wconf 66' lang='grc' dir='ltr'>υ</span> <span class='ocrx_word' id='word_1_303' title='bbox 844 2441 1014 2477; x_wconf 68' lang='lat' dir='ltr'>PEYRox.</span> <span class='ocrx_word' id='word_1_304' title='bbox 1034 2443 1079 2478; x_wconf 85' lang='lat' dir='ltr'>ad</span> 
     </span>
     <span class='ocr_line' id='line_1_40' title="bbox 72 2482 851 2542; baseline 0.015 -24"><span class='ocrx_word' id='word_1_305' title='bbox 72 2482 234 2529; x_wconf 73' lang='lat' dir='ltr'>Etymol.</span> <span class='ocrx_word' id='word_1_306' title='bbox 248 2486 302 2520; x_wconf 88' lang='lat' dir='ltr'>M.</span> <span class='ocrx_word' id='word_1_307' title='bbox 323 2497 361 2534; x_wconf 88' lang='lat' dir='ltr'>p.</span> <span class='ocrx_word' id='word_1_308' title='bbox 381 2499 467 2535; x_wconf 84' lang='lat'>999.</span> <span class='ocrx_word' id='word_1_309' title='bbox 481 2512 521 2518; x_wconf 93' lang='lat'>—</span> <span class='ocrx_word' id='word_1_310' title='bbox 537 2490 557 2525; x_wconf 89' lang='grc'><em>5</em></span> <span class='ocrx_word' id='word_1_311' title='bbox 577 2490 786 2542; x_wconf 72' lang='grc' dir='ltr'>παρέχοντος</span> <span class='ocrx_word' id='word_1_312' title='bbox 809 2498 851 2530; x_wconf 77' lang='lat' dir='ltr'>V.</span> 
     </span>
    </p>

    <p class='ocr_par' dir='ltr' id='par_1_14' title="bbox 47 2545 1075 2940">
     <span class='ocr_line' id='line_1_41' title="bbox 76 2545 1075 2612; baseline 0.02 -33"><span class='ocrx_word' id='word_1_313' title='bbox 76 2586 82 2592; x_wconf 43' lang='grc'><em>.</em></span> <span class='ocrx_word' id='word_1_314' title='bbox 123 2545 212 2591; x_wconf 86' lang='grc'><strong>408,</strong></span> <span class='ocrx_word' id='word_1_315' title='bbox 234 2559 279 2582; x_wconf 87' lang='grc'>10</span> <span class='ocrx_word' id='word_1_316' title='bbox 295 2546 426 2598; x_wconf 83' lang='grc' dir='ltr'>βάκχας</span> <span class='ocrx_word' id='word_1_317' title='bbox 443 2552 487 2588; x_wconf 90' lang='grc' dir='ltr'>Θ.</span> <span class='ocrx_word' id='word_1_318' title='bbox 503 2575 543 2582; x_wconf 91' lang='lat'>-</span> <span class='ocrx_word' id='word_1_319' title='bbox 563 2565 576 2587; x_wconf 85' lang='lat'>1</span> <span class='ocrx_word' id='word_1_320' title='bbox 591 2566 604 2588; x_wconf 92' lang='lat'>1</span> <span class='ocrx_word' id='word_1_321' title='bbox 627 2553 742 2605; x_wconf 65' lang='grc' dir='ltr'>ἔφερον</span> <span class='ocrx_word' id='word_1_322' title='bbox 765 2557 808 2594; x_wconf 93' lang='grc' dir='ltr'>Θ.</span> <span class='ocrx_word' id='word_1_323' title='bbox 824 2582 862 2587; x_wconf 91' lang='grc'>-</span> <span class='ocrx_word' id='word_1_324' title='bbox 877 2561 1075 2612; x_wconf 56' lang='grc' dir='ltr'>Ξενοφάνης</span> 
     </span>
     <span class='ocr_line' id='line_1_42' title="bbox 47 2596 1074 2663; baseline 0.02 -28"><span class='ocrx_word' id='word_1_325' title='bbox 47 2631 52 2633; x_wconf 91' lang='grc'>.</span> <span class='ocrx_word' id='word_1_326' title='bbox 70 2596 265 2640; x_wconf 83' lang='lat' dir='ltr'>Kusterus.</span> <span class='ocrx_word' id='word_1_327' title='bbox 308 2606 524 2655; x_wconf 84' lang='lat' dir='ltr'>Legebatur</span> <span class='ocrx_word' id='word_1_328' title='bbox 560 2611 791 2663; x_wconf 77' lang='grc' dir='ltr'>Ξενοφάντης.</span> <span class='ocrx_word' id='word_1_329' title='bbox 824 2637 869 2644; x_wconf 88' lang='grc'><strong>-</strong></span> <span class='ocrx_word' id='word_1_330' title='bbox 907 2631 950 2653; x_wconf 86' lang='grc'>12</span> <span class='ocrx_word' id='word_1_331' title='bbox 986 2619 1074 2657; x_wconf 82' lang='lat' dir='ltr'>libri</span> 
     </span>
     <span class='ocr_line' id='line_1_43' title="bbox 70 2657 1074 2720; baseline 0.021 -28"><span class='ocrx_word' id='word_1_332' title='bbox 70 2657 197 2695; x_wconf 80' lang='grc' dir='ltr'>ἑστᾶσι.</span> <span class='ocrx_word' id='word_1_333' title='bbox 214 2659 312 2698; x_wconf 80' lang='grc' dir='ltr'>ἐλάτε</span> <span class='ocrx_word' id='word_1_334' title='bbox 333 2663 378 2700; x_wconf 86' lang='grc' dir='ltr'>Θ.</span> <span class='ocrx_word' id='word_1_335' title='bbox 400 2665 506 2711; x_wconf 81' lang='grc' dir='ltr'>ἐλοίτη</span> <span class='ocrx_word' id='word_1_336' title='bbox 524 2670 565 2704; x_wconf 67' lang='lat' dir='ltr'>V.</span> <span class='ocrx_word' id='word_1_337' title='bbox 583 2668 663 2720; x_wconf 78' lang='grc' dir='ltr'>περὶ</span> <span class='ocrx_word' id='word_1_338' title='bbox 689 2671 789 2720; x_wconf 79' lang='grc' dir='ltr'>δῶμα</span> <span class='ocrx_word' id='word_1_339' title='bbox 809 2674 950 2711; x_wconf 82' lang='grc' dir='ltr'>πυκινόν</span> <span class='ocrx_word' id='word_1_340' title='bbox 971 2677 1016 2714; x_wconf 93' lang='grc' dir='ltr'>Θ.</span> <span class='ocrx_word' id='word_1_341' title='bbox 1034 2703 1074 2709; x_wconf 74' lang='lat'><em>-</em></span> 
     </span>
     <span class='ocr_line' id='line_1_44' title="bbox 75 2715 1073 2782; baseline 0.024 -34"><span class='ocrx_word' id='word_1_342' title='bbox 75 2715 118 2749; x_wconf 90' lang='grc'>13</span> <span class='ocrx_word' id='word_1_343' title='bbox 132 2717 296 2767; x_wconf 80' lang='grc' dir='ltr'>στεφάνου</span> <span class='ocrx_word' id='word_1_344' title='bbox 315 2720 360 2757; x_wconf 87' lang='grc' dir='ltr'>Θ.</span> <span class='ocrx_word' id='word_1_345' title='bbox 383 2731 421 2758; x_wconf 87' lang='lat' dir='ltr'>et</span> <span class='ocrx_word' id='word_1_346' title='bbox 438 2725 574 2762; x_wconf 87' lang='lat' dir='ltr'>Suidas</span> <span class='ocrx_word' id='word_1_347' title='bbox 593 2740 619 2763; x_wconf 85' lang='lat' dir='ltr'>s.</span> <span class='ocrx_word' id='word_1_348' title='bbox 640 2726 787 2778; x_wconf 78' lang='grc' dir='ltr'>Βάκχος.</span> <span class='ocrx_word' id='word_1_349' title='bbox 810 2730 976 2782; x_wconf 72' lang='grc' dir='ltr'>στεφάνης</span> <span class='ocrx_word' id='word_1_350' title='bbox 995 2737 1073 2772; x_wconf 90' lang='grc' dir='ltr'><strong>Ε11-</strong></span> 
     </span>
     <span class='ocr_line' id='line_1_45' title="bbox 69 2770 1070 2837; baseline 0.025 -32"><span class='ocrx_word' id='word_1_351' title='bbox 69 2770 179 2808; x_wconf 84' lang='lat' dir='ltr'>docia</span> <span class='ocrx_word' id='word_1_352' title='bbox 194 2774 332 2812; x_wconf 84' lang='lat' dir='ltr'>Violar.</span> <span class='ocrx_word' id='word_1_353' title='bbox 354 2791 391 2827; x_wconf 93' lang='lat' dir='ltr'>p.</span> <span class='ocrx_word' id='word_1_354' title='bbox 415 2781 474 2826; x_wconf 87' lang='lat'>87.</span> <span class='ocrx_word' id='word_1_355' title='bbox 494 2807 532 2812; x_wconf 87' lang='lat'>—</span> <span class='ocrx_word' id='word_1_356' title='bbox 548 2787 592 2820; x_wconf 90' lang='lat' dir='ltr'>N.</span> <span class='ocrx_word' id='word_1_357' title='bbox 617 2786 650 2821; x_wconf 80' lang='grc' dir='ltr'>ἐν</span> <span class='ocrx_word' id='word_1_358' title='bbox 672 2779 700 2837; x_wconf 73' lang='grc' dir='ltr'>ᾧ</span> <span class='ocrx_word' id='word_1_359' title='bbox 716 2787 773 2823; x_wconf 88' lang='grc' dir='ltr'>καὶ</span> <span class='ocrx_word' id='word_1_360' title='bbox 798 2790 865 2825; x_wconf 84' lang='grc' dir='ltr'>τῶν</span> <span class='ocrx_word' id='word_1_361' title='bbox 892 2791 936 2827; x_wconf 87' lang='grc' dir='ltr'>Θ.</span> <span class='ocrx_word' id='word_1_362' title='bbox 959 2817 998 2823; x_wconf 83' lang='lat'>—</span> <span class='ocrx_word' id='word_1_363' title='bbox 1027 2795 1070 2830; x_wconf 83' lang='lat'>15</span> 
     </span>
     <span class='ocr_line' id='line_1_46' title="bbox 70 2826 1070 2896; baseline 0.025 -35"><span class='ocrx_word' id='word_1_364' title='bbox 70 2826 155 2864; x_wconf 81' lang='lat' dir='ltr'>libri</span> <span class='ocrx_word' id='word_1_365' title='bbox 175 2828 347 2880; x_wconf 80' lang='grc' dir='ltr'>βᾶκχοισι.</span> <span class='ocrx_word' id='word_1_366' title='bbox 372 2838 518 2875; x_wconf 88' lang='lat' dir='ltr'>Deinde</span> <span class='ocrx_word' id='word_1_367' title='bbox 535 2841 612 2892; x_wconf 88' lang='grc' dir='ltr'>περὶ</span> <span class='ocrx_word' id='word_1_368' title='bbox 634 2841 718 2888; x_wconf 81' lang='grc' dir='ltr'>ἄνθη</span> <span class='ocrx_word' id='word_1_369' title='bbox 740 2844 923 2896; x_wconf 68' lang='grc' dir='ltr'>στέψαντες</span> <span class='ocrx_word' id='word_1_370' title='bbox 941 2853 984 2888; x_wconf 90' lang='lat' dir='ltr'>V.</span> <span class='ocrx_word' id='word_1_371' title='bbox 1007 2865 1070 2886; x_wconf 92' lang='grc' dir='ltr'>πο-</span> 
     </span>
     <span class='ocr_line' id='line_1_47' title="bbox 66 2883 604 2940; baseline 0.026 -21"><span class='ocrx_word' id='word_1_372' title='bbox 66 2883 243 2922; x_wconf 86' lang='grc' dir='ltr'>λυανθέσιν</span> <span class='ocrx_word' id='word_1_373' title='bbox 259 2888 443 2940; x_wconf 79' lang='grc' dir='ltr'>ἐστέψαντο</span> <span class='ocrx_word' id='word_1_374' title='bbox 462 2896 604 2933; x_wconf 85' lang='lat' dir='ltr'>Suidas.</span> 
     </span>
    </p>

    <p class='ocr_par' dir='ltr' id='par_1_15' title="bbox 64 2952 1069 3070">
     <span class='ocr_line' id='line_1_48' title="bbox 121 2952 1069 3012; baseline 0.025 -29"><span class='ocrx_word' id='word_1_375' title='bbox 121 2953 193 2997; x_wconf 88' lang='grc'><strong>409</strong></span> <span class='ocrx_word' id='word_1_376' title='bbox 208 2962 283 2988; x_wconf 83' lang='lat' dir='ltr'>om.</span> <span class='ocrx_word' id='word_1_377' title='bbox 301 2952 345 2989; x_wconf 87' lang='grc' dir='ltr'>Θ.</span> <span class='ocrx_word' id='word_1_378' title='bbox 361 2953 464 3000; x_wconf 78' lang='grc' dir='ltr'>διπλῆ</span> <span class='ocrx_word' id='word_1_379' title='bbox 479 2957 534 2994; x_wconf 85' lang='grc' dir='ltr'>καὶ</span> <span class='ocrx_word' id='word_1_380' title='bbox 551 2960 661 3010; x_wconf 79' lang='grc' dir='ltr'>στίχοι</span> <span class='ocrx_word' id='word_1_381' title='bbox 677 2961 796 3012; x_wconf 74' lang='grc' dir='ltr'>ἴαμὸοι</span> <span class='ocrx_word' id='word_1_382' title='bbox 809 2965 875 3012; x_wconf 79' lang='grc' dir='ltr'>λ6’,</span> <span class='ocrx_word' id='word_1_383' title='bbox 891 2961 936 3003; x_wconf 69' lang='grc' dir='ltr'>ὧν</span> <span class='ocrx_word' id='word_1_384' title='bbox 958 2971 1069 3007; x_wconf 83' lang='grc' dir='ltr'>τελευ-</span> 
     </span>
     <span class='ocr_line' id='line_1_49' title="bbox 64 3004 1013 3070; baseline 0.025 -31"><span class='ocrx_word' id='word_1_385' title='bbox 64 3008 179 3051; x_wconf 88' lang='grc' dir='ltr'>ταῖος,</span> <span class='ocrx_word' id='word_1_386' title='bbox 201 3004 287 3058; x_wconf 82' lang='grc' dir='ltr'>ἀνὴρ</span> <span class='ocrx_word' id='word_1_387' title='bbox 308 3007 347 3045; x_wconf 83' lang='grc' dir='ltr'>ἂν</span> <span class='ocrx_word' id='word_1_388' title='bbox 364 3011 471 3054; x_wconf 78' lang='grc' dir='ltr'>ἡδέως</span> <span class='ocrx_word' id='word_1_389' title='bbox 490 3013 591 3051; x_wconf 49' lang='lat' dir='ltr'>idem</span> <span class='ocrx_word' id='word_1_390' title='bbox 606 3020 661 3062; x_wconf 90' lang='lat' dir='ltr'>V.,</span> <span class='ocrx_word' id='word_1_391' title='bbox 684 3020 837 3070; x_wconf 82' lang='lat' dir='ltr'>reliquis</span> <span class='ocrx_word' id='word_1_392' title='bbox 854 3018 1013 3063; x_wconf 86' lang='lat' dir='ltr'>omissis.</span> 
     </span>
    </p>

    <p class='ocr_par' dir='ltr' id='par_1_16' title="bbox 63 3072 1066 3187">
     <span class='ocr_line' id='line_1_50' title="bbox 118 3072 1066 3129; baseline 0.028 -27"><span class='ocrx_word' id='word_1_393' title='bbox 118 3073 161 3111; x_wconf 91' lang='grc'>41</span> <span class='ocrx_word' id='word_1_394' title='bbox 173 3082 206 3115; x_wconf 92' lang='grc'>1,</span> <span class='ocrx_word' id='word_1_395' title='bbox 230 3083 278 3118; x_wconf 85' lang='grc'><strong>29</strong></span> <span class='ocrx_word' id='word_1_396' title='bbox 294 3072 350 3108; x_wconf 81' lang='grc' dir='ltr'>καὶ</span> <span class='ocrx_word' id='word_1_397' title='bbox 369 3083 454 3122; x_wconf 89' lang='lat' dir='ltr'>post</span> <span class='ocrx_word' id='word_1_398' title='bbox 469 3077 616 3120; x_wconf 77' lang='grc' dir='ltr'>ὑποστὰς</span> <span class='ocrx_word' id='word_1_399' title='bbox 636 3093 708 3118; x_wconf 92' lang='lat' dir='ltr'>om.</span> <span class='ocrx_word' id='word_1_400' title='bbox 730 3087 771 3120; x_wconf 81' lang='lat' dir='ltr'>V.</span> <span class='ocrx_word' id='word_1_401' title='bbox 786 3085 830 3122; x_wconf 91' lang='grc' dir='ltr'>Θ.</span> <span class='ocrx_word' id='word_1_402' title='bbox 846 3110 896 3116; x_wconf 90' lang='lat'>—-</span> <span class='ocrx_word' id='word_1_403' title='bbox 913 3090 960 3125; x_wconf 86' lang='lat'>30</span> <span class='ocrx_word' id='word_1_404' title='bbox 977 3092 1066 3129; x_wconf 88' lang='lat' dir='ltr'>scri-</span> 
     </span>
     <span class='ocr_line' id='line_1_51' title="bbox 63 3121 784 3187; baseline 0.024 -28"><span class='ocrx_word' id='word_1_405' title='bbox 63 3121 228 3162; x_wconf 83' lang='lat' dir='ltr'>bendum</span> <span class='ocrx_word' id='word_1_406' title='bbox 250 3126 453 3180; x_wconf 77' lang='grc' dir='ltr'>Ἀκαρνᾶνας</span> <span class='ocrx_word' id='word_1_407' title='bbox 474 3133 532 3168; x_wconf 83' lang='lat' dir='ltr'>vel</span> <span class='ocrx_word' id='word_1_408' title='bbox 553 3133 784 3187; x_wconf 81' lang='grc' dir='ltr'>Ἀκαρνανίαν.</span> 
     </span>
    </p>

    <p class='ocr_par' dir='ltr' id='par_1_17' title="bbox 60 3191 1063 3425">
     <span class='ocr_line' id='line_1_52' title="bbox 115 3191 1063 3249; baseline 0.025 -27"><span class='ocrx_word' id='word_1_409' title='bbox 115 3193 202 3234; x_wconf 83' lang='grc'><strong>414,</strong></span> <span class='ocrx_word' id='word_1_410' title='bbox 223 3191 268 3235; x_wconf 88' lang='grc'>37</span> <span class='ocrx_word' id='word_1_411' title='bbox 286 3191 487 3242; x_wconf 70' lang='grc' dir='ltr'>ἀποὸλήμια</span> <span class='ocrx_word' id='word_1_412' title='bbox 516 3197 596 3233; x_wconf 81' lang='lat' dir='ltr'>Ald.</span> <span class='ocrx_word' id='word_1_413' title='bbox 621 3202 743 3249; x_wconf 84' lang='lat' dir='ltr'>Pergit</span> <span class='ocrx_word' id='word_1_414' title='bbox 766 3204 810 3240; x_wconf 92' lang='grc' dir='ltr'>Θ.</span> <span class='ocrx_word' id='word_1_415' title='bbox 834 3204 854 3248; x_wconf 84' lang='grc' dir='ltr'>ἢ</span> <span class='ocrx_word' id='word_1_416' title='bbox 878 3209 946 3243; x_wconf 83' lang='grc' dir='ltr'>τῶν</span> <span class='ocrx_word' id='word_1_417' title='bbox 964 3223 995 3245; x_wconf 90' lang='grc' dir='ltr'>κ.</span> <span class='ocrx_word' id='word_1_418' title='bbox 1012 3231 1063 3238; x_wconf 83' lang='lat'><strong>—</strong></span> 
     </span>
     <span class='ocr_line' id='line_1_53' title="bbox 61 3237 1059 3304; baseline 0.025 -26"><span class='ocrx_word' id='word_1_419' title='bbox 61 3239 135 3286; x_wconf 75' lang='grc' dir='ltr'>ἥτις</span> <span class='ocrx_word' id='word_1_420' title='bbox 147 3237 188 3290; x_wconf 70' lang='grc' dir='ltr'>ἦν</span> <span class='ocrx_word' id='word_1_421' title='bbox 209 3246 304 3289; x_wconf 80' lang='grc' dir='ltr'>λίπος</span> <span class='ocrx_word' id='word_1_422' title='bbox 321 3250 366 3286; x_wconf 86' lang='grc' dir='ltr'>Θ.</span> <span class='ocrx_word' id='word_1_423' title='bbox 386 3272 431 3278; x_wconf 87' lang='grc'><strong>-</strong></span> <span class='ocrx_word' id='word_1_424' title='bbox 453 3257 500 3294; x_wconf 89' lang='grc' dir='ltr'>4ο</span> <span class='ocrx_word' id='word_1_425' title='bbox 521 3255 617 3304; x_wconf 80' lang='grc' dir='ltr'>θυμῷ</span> <span class='ocrx_word' id='word_1_426' title='bbox 636 3259 678 3292; x_wconf 90' lang='lat' dir='ltr'>V.</span> <span class='ocrx_word' id='word_1_427' title='bbox 695 3280 744 3285; x_wconf 77' lang='lat'>—</span> <span class='ocrx_word' id='word_1_428' title='bbox 761 3266 802 3302; x_wconf 81' lang='grc'>41</span> <span class='ocrx_word' id='word_1_429' title='bbox 825 3263 872 3303; x_wconf 85' lang='grc' dir='ltr'>εἷς</span> <span class='ocrx_word' id='word_1_430' title='bbox 891 3263 1059 3303; x_wconf 71' lang='lat' dir='ltr'>additium</span> 
     </span>
     <span class='ocr_line' id='line_1_54' title="bbox 60 3302 1057 3366; baseline 0.024 -31"><span class='ocrx_word' id='word_1_431' title='bbox 60 3309 108 3336; x_wconf 66' lang='lat' dir='ltr'>ex</span> <span class='ocrx_word' id='word_1_432' title='bbox 121 3302 235 3340; x_wconf 83' lang='lat' dir='ltr'>Snida</span> <span class='ocrx_word' id='word_1_433' title='bbox 256 3318 282 3341; x_wconf 88' lang='lat' dir='ltr'>s.</span> <span class='ocrx_word' id='word_1_434' title='bbox 306 3305 575 3356; x_wconf 82' lang='grc' dir='ltr'>Ἀπομαγδαλία.</span> <span class='ocrx_word' id='word_1_435' title='bbox 590 3313 670 3349; x_wconf 83' lang='lat' dir='ltr'>Ald.</span> <span class='ocrx_word' id='word_1_436' title='bbox 691 3315 748 3350; x_wconf 74' lang='grc' dir='ltr'>καὶ</span> <span class='ocrx_word' id='word_1_437' title='bbox 764 3316 800 3352; x_wconf 82' lang='grc' dir='ltr'>τὸ</span> <span class='ocrx_word' id='word_1_438' title='bbox 819 3317 926 3360; x_wconf 85' lang='grc' dir='ltr'>λίπος.</span> <span class='ocrx_word' id='word_1_439' title='bbox 942 3346 992 3351; x_wconf 86' lang='grc'><strong>-</strong></span> <span class='ocrx_word' id='word_1_440' title='bbox 1012 3329 1057 3366; x_wconf 91' lang='grc'>42</span> 
     </span>
     <span class='ocr_line' id='line_1_55' title="bbox 61 3355 1057 3425; baseline 0.023 -32"><span class='ocrx_word' id='word_1_441' title='bbox 61 3355 234 3408; x_wconf 78' lang='grc' dir='ltr'>ἐρρίπτουν</span> <span class='ocrx_word' id='word_1_442' title='bbox 259 3364 408 3410; x_wconf 81' lang='lat' dir='ltr'>Suidas,</span> <span class='ocrx_word' id='word_1_443' title='bbox 432 3374 467 3401; x_wconf 81' lang='lat' dir='ltr'>et</span> <span class='ocrx_word' id='word_1_444' title='bbox 487 3360 524 3418; x_wconf 70' lang='grc' dir='ltr'>ᾧ.</span> <span class='ocrx_word' id='word_1_445' title='bbox 543 3367 559 3404; x_wconf 74' lang='grc' dir='ltr'>ὃ</span> <span class='ocrx_word' id='word_1_446' title='bbox 582 3370 663 3406; x_wconf 86' lang='lat' dir='ltr'>Ald.</span> <span class='ocrx_word' id='word_1_447' title='bbox 690 3397 728 3402; x_wconf 92' lang='lat'>—</span> <span class='ocrx_word' id='word_1_448' title='bbox 751 3375 797 3415; x_wconf 79' lang='grc'>43</span> <span class='ocrx_word' id='word_1_449' title='bbox 821 3376 1057 3425; x_wconf 75' lang='grc' dir='ltr'>ἀπεμάττοντο</span> 
     </span>
    </p>
   </div>
   <div class='ocr_carea' id='block_1_14' title="bbox 2107 272 2178 305">
    <p class='ocr_par' dir='ltr' id='par_1_18' title="bbox 2107 272 2178 305">
     <span class='ocr_line' id='line_1_56' title="bbox 2107 272 2178 305; baseline 0.042 -2"><span class='ocrx_word' id='word_1_450' title='bbox 2107 272 2178 305; x_wconf 72' lang='grc'>405</span> 
     </span>
    </p>
   </div>
   <div class='ocr_carea' id='block_1_15' title="bbox 1172 334 2177 401">
    <p class='ocr_par' dir='ltr' id='par_1_19' title="bbox 1172 334 2177 401">
     <span class='ocr_line' id='line_1_57' title="bbox 1172 334 2177 401; baseline 0.025 -35"><span class='ocrx_word' id='word_1_451' title='bbox 1172 334 1215 368; x_wconf 88' lang='grc' dir='ltr'>Θ.</span> <span class='ocrx_word' id='word_1_452' title='bbox 1235 357 1275 363; x_wconf 91' lang='grc'><strong>-</strong></span> <span class='ocrx_word' id='word_1_453' title='bbox 1294 340 1335 377; x_wconf 70' lang='grc'>44</span> <span class='ocrx_word' id='word_1_454' title='bbox 1357 336 1564 386; x_wconf 54' lang='lat' dir='ltr'>impin-,ow</span> <span class='ocrx_word' id='word_1_455' title='bbox 1584 343 1626 376; x_wconf 69' lang='lat' dir='ltr'>V.</span> <span class='ocrx_word' id='word_1_456' title='bbox 1646 343 1830 393; x_wconf 70' lang='grc' dir='ltr'>οἱπερίπτον</span> <span class='ocrx_word' id='word_1_457' title='bbox 1851 350 1893 383; x_wconf 68' lang='grc' dir='ltr'>(ἶ.</span> <span class='ocrx_word' id='word_1_458' title='bbox 1911 348 2117 401; x_wconf 76' lang='grc' dir='ltr'>ἀπέρριπτον</span> <span class='ocrx_word' id='word_1_459' title='bbox 2133 353 2177 391; x_wconf 84' lang='grc' dir='ltr'>Θ.</span> 
     </span>
    </p>
   </div>
   <div class='ocr_carea' id='block_1_16' title="bbox 1169 390 2176 689">
    <p class='ocr_par' dir='ltr' id='par_1_20' title="bbox 1170 390 1890 450">
     <span class='ocr_line' id='line_1_58' title="bbox 1170 390 1890 450; baseline 0.019 -25"><span class='ocrx_word' id='word_1_460' title='bbox 1170 390 1390 440; x_wconf 72' lang='grc' dir='ltr'>ἐπερρίπτουν</span> <span class='ocrx_word' id='word_1_461' title='bbox 1412 394 1494 431; x_wconf 71' lang='lat' dir='ltr'>Md.</span> <span class='ocrx_word' id='word_1_462' title='bbox 1520 396 1725 450; x_wconf 77' lang='grc' dir='ltr'>οἷπέρριπτον</span> <span class='ocrx_word' id='word_1_463' title='bbox 1750 404 1890 440; x_wconf 69' lang='lat' dir='ltr'>Suidas.</span> 
     </span>
    </p>

    <p class='ocr_par' dir='ltr' id='par_1_21' title="bbox 1169 449 2176 689">
     <span class='ocr_line' id='line_1_59' title="bbox 1223 449 2176 504; baseline 0.025 -23"><span class='ocrx_word' id='word_1_464' title='bbox 1223 449 1309 494; x_wconf 81' lang='grc'><strong>416,</strong></span> <span class='ocrx_word' id='word_1_465' title='bbox 1336 450 1381 492; x_wconf 72' lang='grc'><strong>48</strong></span> <span class='ocrx_word' id='word_1_466' title='bbox 1406 451 1597 504; x_wconf 72' lang='grc' dir='ltr'>χρυσάορον</span> <span class='ocrx_word' id='word_1_467' title='bbox 1616 455 1645 491; x_wconf 85' lang='grc' dir='ltr'>δ’</span> <span class='ocrx_word' id='word_1_468' title='bbox 1665 461 1707 493; x_wconf 72' lang='lat' dir='ltr'>V.</span> <span class='ocrx_word' id='word_1_469' title='bbox 1724 483 1761 488; x_wconf 91' lang='lat'>—</span> <span class='ocrx_word' id='word_1_470' title='bbox 1782 460 1799 496; x_wconf 72' lang='grc'>5</span> <span class='ocrx_word' id='word_1_471' title='bbox 1817 462 1918 498; x_wconf 78' lang='lat' dir='ltr'>addit</span> <span class='ocrx_word' id='word_1_472' title='bbox 1942 464 2024 501; x_wconf 74' lang='lat' dir='ltr'>Ald.</span> <span class='ocrx_word' id='word_1_473' title='bbox 2047 466 2102 502; x_wconf 69' lang='grc' dir='ltr'>καὶ</span> <span class='ocrx_word' id='word_1_474' title='bbox 2121 482 2176 504; x_wconf 91' lang='grc' dir='ltr'>κο-</span> 
     </span>
     <span class='ocr_line' id='line_1_60' title="bbox 1169 502 2176 562; baseline 0.024 -24"><span class='ocrx_word' id='word_1_475' title='bbox 1169 502 1288 540; x_wconf 62' lang='grc' dir='ltr'>ῧαλεία</span> <span class='ocrx_word' id='word_1_476' title='bbox 1318 509 1338 550; x_wconf 74' lang='grc' dir='ltr'>ἡ</span> <span class='ocrx_word' id='word_1_477' title='bbox 1368 509 1597 558; x_wconf 72' lang='grc' dir='ltr'>προσποίητος</span> <span class='ocrx_word' id='word_1_478' title='bbox 1615 513 1702 561; x_wconf 69' lang='grc' dir='ltr'>μετα</span> <span class='ocrx_word' id='word_1_479' title='bbox 1722 517 1855 562; x_wconf 72' lang='grc' dir='ltr'>ἀπάτης</span> <span class='ocrx_word' id='word_1_480' title='bbox 1877 521 2013 557; x_wconf 80' lang='grc' dir='ltr'>παιδιά·</span> <span class='ocrx_word' id='word_1_481' title='bbox 2038 524 2094 560; x_wconf 78' lang='grc' dir='ltr'>καὶ</span> <span class='ocrx_word' id='word_1_482' title='bbox 2118 525 2176 561; x_wconf 74' lang='grc' dir='ltr'>κο-</span> 
     </span>
     <span class='ocr_line' id='line_1_61' title="bbox 1838 574 2175 632; baseline 0.027 -22"><span class='ocrx_word' id='word_1_483' title='bbox 1838 574 1871 612; x_wconf 75' lang='grc' dir='ltr'>δὲ</span> <span class='ocrx_word' id='word_1_484' title='bbox 1899 578 2096 628; x_wconf 79' lang='grc' dir='ltr'>συνώνυμον</span> <span class='ocrx_word' id='word_1_485' title='bbox 2128 584 2175 632; x_wconf 70' lang='grc' dir='ltr'>τῷ</span> 
     </span>
     <span class='ocr_line' id='line_1_62' title="bbox 1169 618 2175 689; baseline 0.024 -37"><span class='ocrx_word' id='word_1_486' title='bbox 1169 618 1371 669; x_wconf 69' lang='grc' dir='ltr'>βωμολόχῳ.</span> <span class='ocrx_word' id='word_1_487' title='bbox 1389 622 1583 674; x_wconf 71' lang='grc' dir='ltr'>Φιλόχορος</span> <span class='ocrx_word' id='word_1_488' title='bbox 1605 626 1748 678; x_wconf 78' lang='grc' dir='ltr'>δευτέρῳ</span> <span class='ocrx_word' id='word_1_489' title='bbox 1773 630 1934 675; x_wconf 69' lang='grc' dir='ltr'>Ἀτθίδος·</span> <span class='ocrx_word' id='word_1_490' title='bbox 1956 653 1968 668; x_wconf 64' lang='grc' dir='ltr'>τι</span> <span class='ocrx_word' id='word_1_491' title='bbox 1982 638 2016 672; x_wconf 73' lang='grc' dir='ltr'>οὗ</span> <span class='ocrx_word' id='word_1_492' title='bbox 2037 639 2113 689; x_wconf 77' lang='grc' dir='ltr'>γὰρ,</span> <span class='ocrx_word' id='word_1_493' title='bbox 2132 642 2175 682; x_wconf 79' lang='grc' dir='ltr'>ὡς</span> 
     </span>
    </p>
   </div>
   <div class='ocr_carea' id='block_1_17' title="bbox 1169 559 1804 617">
    <p class='ocr_par' dir='ltr' id='par_1_22' title="bbox 1169 559 1804 617">
     <span class='ocr_line' id='line_1_63' title="bbox 1169 559 1804 617; baseline 0.024 -22"><span class='ocrx_word' id='word_1_494' title='bbox 1169 559 1270 602; x_wconf 61' lang='grc' dir='ltr'>ίαλος</span> <span class='ocrx_word' id='word_1_495' title='bbox 1303 564 1319 598; x_wconf 77' lang='grc' dir='ltr'><em>ὃ</em></span> <span class='ocrx_word' id='word_1_496' title='bbox 1354 564 1460 615; x_wconf 73' lang='grc' dir='ltr'>ταύτῃ</span> <span class='ocrx_word' id='word_1_497' title='bbox 1499 566 1686 617; x_wconf 83' lang='grc' dir='ltr'>χρώμενος,</span> <span class='ocrx_word' id='word_1_498' title='bbox 1717 571 1804 610; x_wconf 77' lang='grc' dir='ltr'>ἔοικε</span> 
     </span>
    </p>
   </div>
   <div class='ocr_carea' id='block_1_18' title="bbox 1164 672 2174 948">
    <p class='ocr_par' dir='ltr' id='par_1_23' title="bbox 1164 672 2174 948">
     <span class='ocr_line' id='line_1_64' title="bbox 1167 672 2173 743; baseline 0.026 -34"><span class='ocrx_word' id='word_1_499' title='bbox 1167 672 1246 710; x_wconf 87' lang='grc' dir='ltr'>ἔνιοι</span> <span class='ocrx_word' id='word_1_500' title='bbox 1262 674 1397 724; x_wconf 80' lang='grc' dir='ltr'>λέγουσι</span> <span class='ocrx_word' id='word_1_501' title='bbox 1412 708 1420 724; x_wconf 94' lang='grc'><strong>,</strong></span> <span class='ocrx_word' id='word_1_502' title='bbox 1445 682 1646 732; x_wconf 72' lang='grc' dir='ltr'>βωμολόχον</span> <span class='ocrx_word' id='word_1_503' title='bbox 1669 686 1743 722; x_wconf 79' lang='grc' dir='ltr'>τινὰ</span> <span class='ocrx_word' id='word_1_504' title='bbox 1761 689 1816 725; x_wconf 79' lang='grc' dir='ltr'>καὶ</span> <span class='ocrx_word' id='word_1_505' title='bbox 1835 690 1980 729; x_wconf 62' lang='grc' dir='ltr'>κόῧαλον</span> <span class='ocrx_word' id='word_1_506' title='bbox 1997 698 2173 743; x_wconf 78' lang='grc' dir='ltr'>νομιστέον</span> 
     </span>
     <span class='ocr_line' id='line_1_65' title="bbox 1166 729 2174 800; baseline 0.026 -35"><span class='ocrx_word' id='word_1_507' title='bbox 1166 729 1220 766; x_wconf 78' lang='grc' dir='ltr'>τὸν</span> <span class='ocrx_word' id='word_1_508' title='bbox 1242 732 1415 771; x_wconf 73' lang='grc' dir='ltr'>Διόνυσον.</span> <span class='ocrx_word' id='word_1_509' title='bbox 1434 754 1447 769; x_wconf 72' lang='lat' dir='ltr'>a</span> <span class='ocrx_word' id='word_1_510' title='bbox 1465 736 1696 789; x_wconf 79' lang='grc' dir='ltr'>Ἀριστοτέλης</span> <span class='ocrx_word' id='word_1_511' title='bbox 1718 743 1751 780; x_wconf 77' lang='grc' dir='ltr'>δὲ</span> <span class='ocrx_word' id='word_1_512' title='bbox 1770 746 1802 782; x_wconf 74' lang='grc' dir='ltr'>ἐν</span> <span class='ocrx_word' id='word_1_513' title='bbox 1817 747 1960 800; x_wconf 65' lang='grc' dir='ltr'>δευτέρῳ</span> <span class='ocrx_word' id='word_1_514' title='bbox 1974 751 2067 793; x_wconf 76' lang='grc' dir='ltr'>ζώων</span> <span class='ocrx_word' id='word_1_515' title='bbox 2083 755 2174 791; x_wconf 74' lang='grc' dir='ltr'>ἱστο-</span> 
     </span>
     <span class='ocr_line' id='line_1_66' title="bbox 1167 783 2174 863; baseline 0.026 -40"><span class='ocrx_word' id='word_1_516' title='bbox 1167 788 1238 839; x_wconf 77' lang='grc' dir='ltr'>ρίας</span> <span class='ocrx_word' id='word_1_517' title='bbox 1255 789 1311 826; x_wconf 83' lang='grc' dir='ltr'>τον</span> <span class='ocrx_word' id='word_1_518' title='bbox 1325 783 1411 828; x_wconf 61' lang='lat' dir='ltr'><em>‹Tm&#39;v</em></span> <span class='ocrx_word' id='word_1_519' title='bbox 1439 809 1523 845; x_wconf 77' lang='grc' dir='ltr'>φησι</span> <span class='ocrx_word' id='word_1_520' title='bbox 1538 796 1684 836; x_wconf 65' lang='grc' dir='ltr'>κοΈαλον</span> <span class='ocrx_word' id='word_1_521' title='bbox 1710 803 1767 838; x_wconf 84' lang='grc' dir='ltr'>καὶ</span> <span class='ocrx_word' id='word_1_522' title='bbox 1788 806 1943 854; x_wconf 67' lang='grc' dir='ltr'>μιμητὴν</span> <span class='ocrx_word' id='word_1_523' title='bbox 1959 807 2039 845; x_wconf 71' lang='grc' dir='ltr'>ὄντα</span> <span class='ocrx_word' id='word_1_524' title='bbox 2051 812 2174 863; x_wconf 78' lang='grc' dir='ltr'>ἀντορ-</span> 
     </span>
     <span class='ocr_line' id='line_1_67' title="bbox 1164 844 2174 918; baseline 0.027 -39"><span class='ocrx_word' id='word_1_525' title='bbox 1164 844 1331 893; x_wconf 73' lang='grc' dir='ltr'>χούμενον</span> <span class='ocrx_word' id='word_1_526' title='bbox 1360 848 1571 889; x_wconf 80' lang='grc' dir='ltr'>ἁλίσκεσθαι.</span> <span class='ocrx_word' id='word_1_527' title='bbox 1601 860 1694 903; x_wconf 69' lang='lat' dir='ltr'>Qua:</span> <span class='ocrx_word' id='word_1_528' title='bbox 1717 859 1816 898; x_wconf 77' lang='lat' dir='ltr'>illata</span> <span class='ocrx_word' id='word_1_529' title='bbox 1848 873 1933 901; x_wconf 73' lang='lat' dir='ltr'>sunt</span> <span class='ocrx_word' id='word_1_530' title='bbox 1957 879 1999 902; x_wconf 75' lang='lat' dir='ltr'>ex</span> <span class='ocrx_word' id='word_1_531' title='bbox 2023 870 2174 918; x_wconf 78' lang='lat' dir='ltr'>Harpo-</span> 
     </span>
     <span class='ocr_line' id='line_1_68' title="bbox 1164 904 1590 948; baseline 0.026 -11"><span class='ocrx_word' id='word_1_532' title='bbox 1164 904 1330 942; x_wconf 73' lang='lat' dir='ltr'>cratione</span> <span class='ocrx_word' id='word_1_533' title='bbox 1353 920 1379 942; x_wconf 83' lang='lat' dir='ltr'>s.</span> <span class='ocrx_word' id='word_1_534' title='bbox 1403 908 1590 948; x_wconf 62' lang='grc' dir='ltr'>Κοὲαλεία.</span> 
     </span>
    </p>
   </div>
   <div class='ocr_carea' id='block_1_19' title="bbox 1217 974 2171 1034">
    <p class='ocr_par' dir='ltr' id='par_1_24' title="bbox 1217 974 2171 1034">
     <span class='ocr_line' id='line_1_69' title="bbox 1217 974 2171 1034; baseline 0.024 -30"><span class='ocrx_word' id='word_1_535' title='bbox 1217 974 1290 1018; x_wconf 76' lang='grc'>419</span> <span class='ocrx_word' id='word_1_536' title='bbox 1305 1000 1313 1015; x_wconf 93' lang='lat'>,</span> <span class='ocrx_word' id='word_1_537' title='bbox 1336 974 1357 1007; x_wconf 84' lang='lat'>6</span> <span class='ocrx_word' id='word_1_538' title='bbox 1387 976 1626 1025; x_wconf 72' lang='grc' dir='ltr'>παροιμιώδης</span> <span class='ocrx_word' id='word_1_539' title='bbox 1647 983 1663 1016; x_wconf 75' lang='grc' dir='ltr'>ὁ</span> <span class='ocrx_word' id='word_1_540' title='bbox 1696 980 1803 1030; x_wconf 71' lang='grc' dir='ltr'>λόγος.</span> <span class='ocrx_word' id='word_1_541' title='bbox 1833 985 1882 1021; x_wconf 77' lang='grc' dir='ltr'>ολ.</span> <span class='ocrx_word' id='word_1_542' title='bbox 1906 988 1950 1024; x_wconf 87' lang='grc' dir='ltr'>Θ.</span> <span class='ocrx_word' id='word_1_543' title='bbox 1971 1012 2009 1018; x_wconf 74' lang='lat'>—</span> <span class='ocrx_word' id='word_1_544' title='bbox 2030 1002 2048 1034; x_wconf 75' lang='lat'><strong>7</strong></span> <span class='ocrx_word' id='word_1_545' title='bbox 2078 989 2115 1027; x_wconf 79' lang='grc' dir='ltr'>τὸ</span> <span class='ocrx_word' id='word_1_546' title='bbox 2137 989 2171 1027; x_wconf 76' lang='grc' dir='ltr'>δὲ</span> 
     </span>
    </p>
   </div>
   <div class='ocr_carea' id='block_1_20' title="bbox 1127 1025 2171 3216">
    <p class='ocr_par' dir='ltr' id='par_1_25' title="bbox 1162 1025 1437 1075">
     <span class='ocr_line' id='line_1_70' title="bbox 1162 1025 1437 1075; baseline 0.029 -15"><span class='ocrx_word' id='word_1_547' title='bbox 1162 1025 1271 1075; x_wconf 76' lang='grc' dir='ltr'>λέγει,</span> <span class='ocrx_word' id='word_1_548' title='bbox 1286 1028 1376 1066; x_wconf 76' lang='grc' dir='ltr'>ἔστιν</span> <span class='ocrx_word' id='word_1_549' title='bbox 1398 1034 1437 1068; x_wconf 75' lang='lat' dir='ltr'>V.</span> 
     </span>
    </p>

    <p class='ocr_par' dir='ltr' id='par_1_26' title="bbox 1155 1096 2171 1829">
     <span class='ocr_line' id='line_1_71' title="bbox 1216 1096 2169 1160; baseline 0.024 -34"><span class='ocrx_word' id='word_1_550' title='bbox 1216 1096 1302 1137; x_wconf 76' lang='grc'><strong>422,</strong></span> <span class='ocrx_word' id='word_1_551' title='bbox 1327 1097 1373 1130; x_wconf 84' lang='grc'>23</span> <span class='ocrx_word' id='word_1_552' title='bbox 1398 1096 1485 1144; x_wconf 76' lang='grc' dir='ltr'>μετὰ</span> <span class='ocrx_word' id='word_1_553' title='bbox 1505 1101 1571 1135; x_wconf 79' lang='grc' dir='ltr'>τῶν</span> <span class='ocrx_word' id='word_1_554' title='bbox 1604 1102 1789 1150; x_wconf 71' lang='grc' dir='ltr'>χελιδόνιον</span> <span class='ocrx_word' id='word_1_555' title='bbox 1811 1108 1855 1142; x_wconf 87' lang='grc' dir='ltr'>Θ.</span> <span class='ocrx_word' id='word_1_556' title='bbox 1879 1132 1917 1139; x_wconf 87' lang='grc'><strong>-</strong></span> <span class='ocrx_word' id='word_1_557' title='bbox 1940 1110 1987 1145; x_wconf 83' lang='grc'><strong>28</strong></span> <span class='ocrx_word' id='word_1_558' title='bbox 2011 1125 2169 1160; x_wconf 85' lang='grc' dir='ltr'>κνησμο-</span> 
     </span>
     <span class='ocr_line' id='line_1_72' title="bbox 1161 1145 2171 1208; baseline 0.024 -25"><span class='ocrx_word' id='word_1_559' title='bbox 1161 1145 1220 1190; x_wconf 74' lang='grc' dir='ltr'>νην</span> <span class='ocrx_word' id='word_1_560' title='bbox 1243 1152 1287 1186; x_wconf 87' lang='lat' dir='ltr'>V.</span> <span class='ocrx_word' id='word_1_561' title='bbox 1309 1152 1442 1197; x_wconf 77' lang='grc' dir='ltr'>κνήθειν</span> <span class='ocrx_word' id='word_1_562' title='bbox 1464 1156 1509 1193; x_wconf 90' lang='grc' dir='ltr'>Θ.</span> <span class='ocrx_word' id='word_1_563' title='bbox 1533 1157 1686 1207; x_wconf 77' lang='grc' dir='ltr'>κνησμὸν</span> <span class='ocrx_word' id='word_1_564' title='bbox 1705 1165 1747 1197; x_wconf 83' lang='lat' dir='ltr'>G.</span> <span class='ocrx_word' id='word_1_565' title='bbox 1769 1170 1930 1208; x_wconf 72' lang='grc' dir='ltr'>κνηστιᾶν</span> <span class='ocrx_word' id='word_1_566' title='bbox 1955 1167 2050 1204; x_wconf 81' lang='lat' dir='ltr'>dixit</span> <span class='ocrx_word' id='word_1_567' title='bbox 2065 1170 2171 1206; x_wconf 74' lang='lat' dir='ltr'>sclin-</span> 
     </span>
     <span class='ocr_line' id='line_1_73' title="bbox 1161 1204 2171 1267; baseline 0.025 -27"><span class='ocrx_word' id='word_1_568' title='bbox 1161 1204 1267 1243; x_wconf 87' lang='lat' dir='ltr'>liasta</span> <span class='ocrx_word' id='word_1_569' title='bbox 1288 1209 1400 1259; x_wconf 87' lang='lat' dir='ltr'>Vesp.</span> <span class='ocrx_word' id='word_1_570' title='bbox 1420 1212 1506 1256; x_wconf 74' lang='grc'>884.</span> <span class='ocrx_word' id='word_1_571' title='bbox 1521 1239 1560 1246; x_wconf 93' lang='grc'><strong>-</strong></span> <span class='ocrx_word' id='word_1_572' title='bbox 1582 1228 1629 1265; x_wconf 84' lang='grc'><strong>29</strong></span> <span class='ocrx_word' id='word_1_573' title='bbox 1650 1221 1798 1267; x_wconf 76' lang='grc' dir='ltr'>χρᾶσθαι</span> <span class='ocrx_word' id='word_1_574' title='bbox 1819 1223 1875 1267; x_wconf 91' lang='lat' dir='ltr'>V.,</span> <span class='ocrx_word' id='word_1_575' title='bbox 1900 1236 1973 1259; x_wconf 85' lang='lat' dir='ltr'>non</span> <span class='ocrx_word' id='word_1_576' title='bbox 1992 1229 2035 1262; x_wconf 81' lang='lat' dir='ltr'>G.</span> <span class='ocrx_word' id='word_1_577' title='bbox 2055 1226 2171 1265; x_wconf 76' lang='lat' dir='ltr'>Ad&#39;dit</span> 
     </span>
     <span class='ocr_line' id='line_1_74' title="bbox 1159 1261 2169 1332; baseline 0.026 -35"><span class='ocrx_word' id='word_1_578' title='bbox 1159 1262 1242 1300; x_wconf 86' lang='lat' dir='ltr'>Ald.</span> <span class='ocrx_word' id='word_1_579' title='bbox 1269 1261 1410 1310; x_wconf 76' lang='grc' dir='ltr'>Ἄλλως.</span> <span class='ocrx_word' id='word_1_580' title='bbox 1432 1271 1592 1323; x_wconf 63' lang='grc' dir='ltr'>ἀκαλήφη</span> <span class='ocrx_word' id='word_1_581' title='bbox 1616 1274 1732 1321; x_wconf 80' lang='grc' dir='ltr'>κνίδη,</span> <span class='ocrx_word' id='word_1_582' title='bbox 1761 1277 1818 1314; x_wconf 79' lang='grc' dir='ltr'>καὶ</span> <span class='ocrx_word' id='word_1_583' title='bbox 1845 1293 1865 1324; x_wconf 91' lang='grc' dir='ltr'>η</span> <span class='ocrx_word' id='word_1_584' title='bbox 1895 1283 2042 1332; x_wconf 81' lang='grc' dir='ltr'>χερσαία</span> <span class='ocrx_word' id='word_1_585' title='bbox 2066 1285 2124 1322; x_wconf 81' lang='grc' dir='ltr'>καὶ</span> <span class='ocrx_word' id='word_1_586' title='bbox 2148 1289 2169 1331; x_wconf 80' lang='grc' dir='ltr'>ἡ</span> 
     </span>
     <span class='ocr_line' id='line_1_75' title="bbox 1159 1321 2170 1389; baseline 0.025 -34"><span class='ocrx_word' id='word_1_587' title='bbox 1159 1321 1344 1366; x_wconf 83' lang='grc' dir='ltr'>θαλαττία,</span> <span class='ocrx_word' id='word_1_588' title='bbox 1365 1325 1439 1371; x_wconf 81' lang='grc' dir='ltr'>ἥτις</span> <span class='ocrx_word' id='word_1_589' title='bbox 1456 1328 1527 1365; x_wconf 82' lang='grc' dir='ltr'>ἐστὶ</span> <span class='ocrx_word' id='word_1_590' title='bbox 1549 1330 1731 1381; x_wconf 71' lang='grc' dir='ltr'>κογχύλιον</span> <span class='ocrx_word' id='word_1_591' title='bbox 1750 1349 1794 1372; x_wconf 84' lang='grc' dir='ltr'>τι.</span> <span class='ocrx_word' id='word_1_592' title='bbox 1813 1337 2035 1389; x_wconf 79' lang='grc' dir='ltr'>Φερεκράτης</span> <span class='ocrx_word' id='word_1_593' title='bbox 2055 1344 2170 1380; x_wconf 70' lang='grc' dir='ltr'>Αὐτο-</span> 
     </span>
     <span class='ocr_line' id='line_1_76' title="bbox 1160 1376 2170 1450; baseline 0.025 -37"><span class='ocrx_word' id='word_1_594' title='bbox 1160 1376 1276 1425; x_wconf 77' lang='grc' dir='ltr'>μόλοις</span> <span class='ocrx_word' id='word_1_595' title='bbox 1292 1398 1305 1411; x_wconf 84' lang='lat'>«</span> <span class='ocrx_word' id='word_1_596' title='bbox 1319 1381 1360 1427; x_wconf 79' lang='grc' dir='ltr'>νὴ</span> <span class='ocrx_word' id='word_1_597' title='bbox 1374 1382 1436 1429; x_wconf 77' lang='grc' dir='ltr'>τὴν</span> <span class='ocrx_word' id='word_1_598' title='bbox 1452 1385 1610 1440; x_wconf 75' lang='grc' dir='ltr'>Δήμητρ’</span> <span class='ocrx_word' id='word_1_599' title='bbox 1623 1390 1761 1442; x_wconf 76' lang='grc' dir='ltr'>ἀνιαρὸν</span> <span class='ocrx_word' id='word_1_600' title='bbox 1774 1387 1814 1438; x_wconf 65' lang='grc' dir='ltr'>ἦν</span> <span class='ocrx_word' id='word_1_601' title='bbox 1840 1395 1878 1431; x_wconf 82' lang='grc' dir='ltr'>το</span> <span class='ocrx_word' id='word_1_602' title='bbox 1903 1399 2017 1439; x_wconf 83' lang='grc' dir='ltr'>κακῶς</span> <span class='ocrx_word' id='word_1_603' title='bbox 2034 1398 2170 1450; x_wconf 75' lang='grc' dir='ltr'>ᾅδοντος</span> 
     </span>
     <span class='ocr_line' id='line_1_77' title="bbox 1159 1435 2168 1508; baseline 0.025 -37"><span class='ocrx_word' id='word_1_604' title='bbox 1159 1435 1305 1474; x_wconf 79' lang='grc' dir='ltr'>ἀκούειν·</span> <span class='ocrx_word' id='word_1_605' title='bbox 1321 1441 1506 1491; x_wconf 81' lang='grc' dir='ltr'>βουλοίμην</span> <span class='ocrx_word' id='word_1_606' title='bbox 1527 1445 1592 1497; x_wconf 84' lang='grc' dir='ltr'>γὰρ</span> <span class='ocrx_word' id='word_1_607' title='bbox 1605 1445 1665 1484; x_wconf 73' lang='grc' dir='ltr'>κᾶν</span> <span class='ocrx_word' id='word_1_608' title='bbox 1682 1450 1877 1502; x_wconf 67' lang='grc' dir='ltr'>ἀκαλήφαις</span> <span class='ocrx_word' id='word_1_609' title='bbox 1895 1453 1951 1491; x_wconf 76' lang='grc' dir='ltr'>τὸν</span> <span class='ocrx_word' id='word_1_610' title='bbox 1965 1454 2037 1492; x_wconf 85' lang='grc' dir='ltr'>ἴσον</span> <span class='ocrx_word' id='word_1_611' title='bbox 2048 1457 2168 1508; x_wconf 76' lang='grc' dir='ltr'>χρόνον</span> 
     </span>
     <span class='ocr_line' id='line_1_78' title="bbox 1157 1493 2169 1564; baseline 0.025 -36"><span class='ocrx_word' id='word_1_612' title='bbox 1157 1493 1425 1546; x_wconf 63' lang='grc' dir='ltr'>ἐστεφανῶσθαι.</span> <span class='ocrx_word' id='word_1_613' title='bbox 1446 1518 1459 1532; x_wconf 75' lang='grc' dir='ltr'><strong><em>υ</em></strong></span> <span class='ocrx_word' id='word_1_614' title='bbox 1484 1500 1545 1544; x_wconf 81' lang='grc' dir='ltr'>τὰς</span> <span class='ocrx_word' id='word_1_615' title='bbox 1571 1503 1606 1541; x_wconf 80' lang='grc' dir='ltr'>δὲ</span> <span class='ocrx_word' id='word_1_616' title='bbox 1637 1507 1820 1550; x_wconf 84' lang='grc' dir='ltr'>θαλαττίας</span> <span class='ocrx_word' id='word_1_617' title='bbox 1851 1510 1908 1547; x_wconf 83' lang='grc' dir='ltr'>καὶ</span> <span class='ocrx_word' id='word_1_618' title='bbox 1934 1511 2169 1564; x_wconf 75' lang='grc' dir='ltr'>Ἀριστοτέλης</span> 
     </span>
     <span class='ocr_line' id='line_1_79' title="bbox 1158 1551 2167 1623; baseline 0.025 -37"><span class='ocrx_word' id='word_1_619' title='bbox 1158 1551 1338 1604; x_wconf 71' lang='grc' dir='ltr'>ἀκαλήφας</span> <span class='ocrx_word' id='word_1_620' title='bbox 1357 1556 1391 1592; x_wconf 83' lang='grc' dir='ltr'>ἓν</span> <span class='ocrx_word' id='word_1_621' title='bbox 1413 1559 1462 1609; x_wconf 78' lang='grc' dir='ltr'>τῷ</span> <span class='ocrx_word' id='word_1_622' title='bbox 1481 1559 1609 1612; x_wconf 81' lang='grc' dir='ltr'>πρώτῳ</span> <span class='ocrx_word' id='word_1_623' title='bbox 1631 1564 1708 1613; x_wconf 73' lang='grc' dir='ltr'>περὶ</span> <span class='ocrx_word' id='word_1_624' title='bbox 1731 1565 1845 1613; x_wconf 80' lang='grc' dir='ltr'>ζώων,</span> <span class='ocrx_word' id='word_1_625' title='bbox 1868 1568 1925 1604; x_wconf 73' lang='grc' dir='ltr'>καὶ</span> <span class='ocrx_word' id='word_1_626' title='bbox 1947 1571 2167 1623; x_wconf 70' lang='grc' dir='ltr'>Θεόφραστος</span> 
     </span>
     <span class='ocr_line' id='line_1_80' title="bbox 1156 1608 2165 1679; baseline 0.024 -36"><span class='ocrx_word' id='word_1_627' title='bbox 1156 1609 1190 1644; x_wconf 79' lang='grc' dir='ltr'>ἐν</span> <span class='ocrx_word' id='word_1_628' title='bbox 1212 1608 1347 1663; x_wconf 71' lang='grc' dir='ltr'>ἑὸδόμῳ</span> <span class='ocrx_word' id='word_1_629' title='bbox 1377 1617 1537 1663; x_wconf 66' lang='grc' dir='ltr'>φυτικῶν.</span> <span class='ocrx_word' id='word_1_630' title='bbox 1562 1623 1655 1665; x_wconf 79' lang='lat' dir='ltr'>Quae</span> <span class='ocrx_word' id='word_1_631' title='bbox 1676 1621 1779 1658; x_wconf 78' lang='lat' dir='ltr'>illata</span> <span class='ocrx_word' id='word_1_632' title='bbox 1809 1634 1893 1661; x_wconf 78' lang='lat' dir='ltr'>sunt</span> <span class='ocrx_word' id='word_1_633' title='bbox 1918 1638 1963 1662; x_wconf 83' lang='lat' dir='ltr'>ex</span> <span class='ocrx_word' id='word_1_634' title='bbox 1986 1629 2101 1666; x_wconf 80' lang='lat' dir='ltr'>suida</span> <span class='ocrx_word' id='word_1_635' title='bbox 2122 1631 2165 1679; x_wconf 50' lang='lat' dir='ltr'>[S.</span> 
     </span>
     <span class='ocr_line' id='line_1_81' title="bbox 1156 1664 2167 1735; baseline 0.024 -34"><span class='ocrx_word' id='word_1_636' title='bbox 1156 1664 1368 1721; x_wconf 56' lang='grc' dir='ltr'>Ἀκαλήφη],</span> <span class='ocrx_word' id='word_1_637' title='bbox 1401 1674 1465 1721; x_wconf 88' lang='lat' dir='ltr'>qui</span> <span class='ocrx_word' id='word_1_638' title='bbox 1488 1688 1563 1711; x_wconf 89' lang='lat' dir='ltr'>non</span> <span class='ocrx_word' id='word_1_639' title='bbox 1596 1690 1642 1713; x_wconf 77' lang='lat' dir='ltr'>ex</span> <span class='ocrx_word' id='word_1_640' title='bbox 1670 1680 1872 1720; x_wconf 79' lang='lat' dir='ltr'>scholiasta</span> <span class='ocrx_word' id='word_1_641' title='bbox 1899 1684 2167 1735; x_wconf 79' lang='lat' dir='ltr'>Aristophanis</span> 
     </span>
     <span class='ocr_line' id='line_1_82' title="bbox 1155 1727 2165 1796; baseline 0.023 -37"><span class='ocrx_word' id='word_1_642' title='bbox 1155 1727 1334 1775; x_wconf 70' lang='lat' dir='ltr'>sumpsit,</span> <span class='ocrx_word' id='word_1_643' title='bbox 1367 1730 1431 1765; x_wconf 84' lang='lat' dir='ltr'>sed</span> <span class='ocrx_word' id='word_1_644' title='bbox 1461 1745 1480 1767; x_wconf 88' lang='lat' dir='ltr'>e</span> <span class='ocrx_word' id='word_1_645' title='bbox 1511 1737 1754 1780; x_wconf 73' lang='lat' dir='ltr'>grammatico</span> <span class='ocrx_word' id='word_1_646' title='bbox 1785 1741 1941 1777; x_wconf 81' lang='lat' dir='ltr'>Bekkeri</span> <span class='ocrx_word' id='word_1_647' title='bbox 1964 1745 2106 1781; x_wconf 83' lang='lat' dir='ltr'>Anecd.</span> <span class='ocrx_word' id='word_1_648' title='bbox 2129 1760 2165 1796; x_wconf 84' lang='lat' dir='ltr'>p.</span> 
     </span>
     <span class='ocr_line' id='line_1_83' title="bbox 1156 1783 1469 1829; baseline 0.022 -12"><span class='ocrx_word' id='word_1_649' title='bbox 1156 1783 1243 1829; x_wconf 79' lang='lat'><strong>370,</strong></span> <span class='ocrx_word' id='word_1_650' title='bbox 1272 1784 1327 1821; x_wconf 79' lang='lat'>18.</span> <span class='ocrx_word' id='word_1_651' title='bbox 1350 1790 1469 1824; x_wconf 59' lang='lat' dir='ltr'>Dus-n.</span> 
     </span>
    </p>

    <p class='ocr_par' dir='ltr' id='par_1_27' title="bbox 1142 1852 2163 2371">
     <span class='ocr_line' id='line_1_84' title="bbox 1208 1852 2162 1914; baseline 0.024 -31"><span class='ocrx_word' id='word_1_652' title='bbox 1208 1854 1294 1895; x_wconf 70' lang='grc'><strong>424,</strong></span> <span class='ocrx_word' id='word_1_653' title='bbox 1321 1852 1363 1887; x_wconf 86' lang='grc'>31</span> <span class='ocrx_word' id='word_1_654' title='bbox 1389 1853 1427 1890; x_wconf 76' lang='grc' dir='ltr'>τὸ</span> <span class='ocrx_word' id='word_1_655' title='bbox 1448 1855 1573 1903; x_wconf 77' lang='grc' dir='ltr'>μεταξὺ</span> <span class='ocrx_word' id='word_1_656' title='bbox 1596 1860 1732 1897; x_wconf 85' lang='lat' dir='ltr'>Suidas</span> <span class='ocrx_word' id='word_1_657' title='bbox 1753 1875 1779 1898; x_wconf 79' lang='lat' dir='ltr'>s.</span> <span class='ocrx_word' id='word_1_658' title='bbox 1809 1863 1971 1914; x_wconf 80' lang='grc' dir='ltr'>Κοχώνη.</span> <span class='ocrx_word' id='word_1_659' title='bbox 1997 1867 2053 1903; x_wconf 82' lang='grc' dir='ltr'>καὶ</span> <span class='ocrx_word' id='word_1_660' title='bbox 2081 1870 2162 1907; x_wconf 79' lang='grc' dir='ltr'>ΑΙιΙ.</span> 
     </span>
     <span class='ocr_line' id='line_1_85' title="bbox 1152 1906 2163 1976; baseline 0.023 -36"><span class='ocrx_word' id='word_1_661' title='bbox 1152 1906 1277 1943; x_wconf 86' lang='lat' dir='ltr'>Suidae</span> <span class='ocrx_word' id='word_1_662' title='bbox 1299 1909 1424 1947; x_wconf 85' lang='lat' dir='ltr'>locum</span> <span class='ocrx_word' id='word_1_663' title='bbox 1447 1926 1520 1949; x_wconf 88' lang='lat' dir='ltr'>om.</span> <span class='ocrx_word' id='word_1_664' title='bbox 1540 1916 1691 1954; x_wconf 78' lang='lat' dir='ltr'>codices</span> <span class='ocrx_word' id='word_1_665' title='bbox 1713 1919 1915 1958; x_wconf 81' lang='lat' dir='ltr'>Gaisfordi.</span> <span class='ocrx_word' id='word_1_666' title='bbox 1934 1926 2022 1960; x_wconf 83' lang='lat' dir='ltr'>Post</span> <span class='ocrx_word' id='word_1_667' title='bbox 2043 1925 2163 1976; x_wconf 81' lang='grc' dir='ltr'>ἰσχίων</span> 
     </span>
     <span class='ocr_line' id='line_1_86' title="bbox 1150 1963 2163 2027; baseline 0.022 -29"><span class='ocrx_word' id='word_1_668' title='bbox 1150 1963 1255 2000; x_wconf 80' lang='lat' dir='ltr'>addit</span> <span class='ocrx_word' id='word_1_669' title='bbox 1282 1967 1415 2005; x_wconf 83' lang='lat' dir='ltr'>Suidas</span> <span class='ocrx_word' id='word_1_670' title='bbox 1435 1969 1472 2006; x_wconf 79' lang='grc' dir='ltr'>τὸ</span> <span class='ocrx_word' id='word_1_671' title='bbox 1501 1974 1622 2015; x_wconf 82' lang='grc' dir='ltr'>κοινῶς</span> <span class='ocrx_word' id='word_1_672' title='bbox 1652 1974 1861 2025; x_wconf 77' lang='grc' dir='ltr'>καλούμενον</span> <span class='ocrx_word' id='word_1_673' title='bbox 1889 1979 2163 2027; x_wconf 83' lang='grc' dir='ltr'>μεσόσκελον.--</span> 
     </span>
     <span class='ocr_line' id='line_1_87' title="bbox 1152 2022 2163 2082; baseline 0.022 -26"><span class='ocrx_word' id='word_1_674' title='bbox 1152 2022 1198 2057; x_wconf 82' lang='grc'>32</span> <span class='ocrx_word' id='word_1_675' title='bbox 1217 2022 1304 2060; x_wconf 81' lang='lat' dir='ltr'>libri</span> <span class='ocrx_word' id='word_1_676' title='bbox 1320 2033 1470 2071; x_wconf 85' lang='grc' dir='ltr'>σκηναῖς.</span> <span class='ocrx_word' id='word_1_677' title='bbox 1490 2030 1533 2066; x_wconf 89' lang='grc' dir='ltr'>Θ.</span> <span class='ocrx_word' id='word_1_678' title='bbox 1555 2032 1890 2082; x_wconf 65' lang='grc' dir='ltr'>ἀπολαμὸανούσαις.</span> <span class='ocrx_word' id='word_1_679' title='bbox 1912 2062 1953 2068; x_wconf 96' lang='lat'>—</span> <span class='ocrx_word' id='word_1_680' title='bbox 1973 2040 2019 2075; x_wconf 86' lang='grc'>33</span> <span class='ocrx_word' id='word_1_681' title='bbox 2039 2043 2163 2079; x_wconf 76' lang='grc' dir='ltr'>συσπά-</span> 
     </span>
     <span class='ocr_line' id='line_1_88' title="bbox 1149 2081 2160 2136; baseline 0.021 -21"><span class='ocrx_word' id='word_1_682' title='bbox 1149 2093 1205 2115; x_wconf 87' lang='grc' dir='ltr'>σαι</span> <span class='ocrx_word' id='word_1_683' title='bbox 1225 2081 1269 2118; x_wconf 92' lang='grc' dir='ltr'>Θ.</span> <span class='ocrx_word' id='word_1_684' title='bbox 1303 2084 1515 2132; x_wconf 79' lang='lat' dir='ltr'>Legebatur</span> <span class='ocrx_word' id='word_1_685' title='bbox 1548 2094 1754 2128; x_wconf 72' lang='grc' dir='ltr'>συσπᾶσθαι.</span> <span class='ocrx_word' id='word_1_686' title='bbox 1782 2096 1847 2129; x_wconf 88' lang='lat' dir='ltr'>Est</span> <span class='ocrx_word' id='word_1_687' title='bbox 1876 2094 1963 2131; x_wconf 81' lang='grc' dir='ltr'>ἀλλὰ</span> <span class='ocrx_word' id='word_1_688' title='bbox 1985 2099 2160 2136; x_wconf 72' lang='grc' dir='ltr'>συσπάσαι</span> 
     </span>
     <span class='ocr_line' id='line_1_89' title="bbox 1147 2136 2159 2205; baseline 0.022 -34"><span class='ocrx_word' id='word_1_689' title='bbox 1147 2136 1269 2173; x_wconf 78' lang='lat' dir='ltr'>exitus</span> <span class='ocrx_word' id='word_1_690' title='bbox 1290 2141 1462 2179; x_wconf 84' lang='lat' dir='ltr'>trimetri.</span> <span class='ocrx_word' id='word_1_691' title='bbox 1475 2170 1513 2175; x_wconf 83' lang='lat'><em>-</em></span> <span class='ocrx_word' id='word_1_692' title='bbox 1528 2144 1586 2187; x_wconf 78' lang='grc' dir='ltr'>τὰς</span> <span class='ocrx_word' id='word_1_693' title='bbox 1607 2147 1775 2198; x_wconf 81' lang='grc' dir='ltr'>κοχώνας.</span> <span class='ocrx_word' id='word_1_694' title='bbox 1794 2152 1967 2189; x_wconf 84' lang='lat' dir='ltr'>Fortasse</span> <span class='ocrx_word' id='word_1_695' title='bbox 1981 2153 2022 2189; x_wconf 77' lang='grc' dir='ltr'>τὰ</span> <span class='ocrx_word' id='word_1_696' title='bbox 2041 2157 2159 2205; x_wconf 83' lang='grc' dir='ltr'>κοχώ-</span> 
     </span>
     <span class='ocr_line' id='line_1_90' title="bbox 1145 2198 2154 2256; baseline 0.023 -29"><span class='ocrx_word' id='word_1_697' title='bbox 1145 2207 1199 2230; x_wconf 87' lang='grc' dir='ltr'>να.</span> <span class='ocrx_word' id='word_1_698' title='bbox 1220 2198 1336 2233; x_wconf 69' lang='lat' dir='ltr'>Dim).</span> <span class='ocrx_word' id='word_1_699' title='bbox 1358 2223 1397 2229; x_wconf 81' lang='lat'>-—</span> <span class='ocrx_word' id='word_1_700' title='bbox 1421 2202 1466 2243; x_wconf 82' lang='grc'>34</span> <span class='ocrx_word' id='word_1_701' title='bbox 1491 2201 1683 2256; x_wconf 74' lang='grc' dir='ltr'>Ἀρχίππῳ.</span> <span class='ocrx_word' id='word_1_702' title='bbox 1705 2209 1852 2244; x_wconf 73' lang='lat' dir='ltr'>Nomen</span> <span class='ocrx_word' id='word_1_703' title='bbox 1875 2210 2009 2247; x_wconf 81' lang='lat' dir='ltr'>fabulae</span> <span class='ocrx_word' id='word_1_704' title='bbox 2033 2211 2154 2250; x_wconf 80' lang='grc' dir='ltr'>Ῥίνων</span> 
     </span>
     <span class='ocr_line' id='line_1_91' title="bbox 1144 2251 2154 2315; baseline 0.023 -30"><span class='ocrx_word' id='word_1_705' title='bbox 1144 2251 1247 2288; x_wconf 77' lang='lat' dir='ltr'>addit</span> <span class='ocrx_word' id='word_1_706' title='bbox 1268 2255 1403 2292; x_wconf 76' lang='lat' dir='ltr'>Pollux</span> <span class='ocrx_word' id='word_1_707' title='bbox 1428 2271 1462 2302; x_wconf 89' lang='grc'>2,</span> <span class='ocrx_word' id='word_1_708' title='bbox 1489 2261 1572 2296; x_wconf 85' lang='grc'>183.</span> <span class='ocrx_word' id='word_1_709' title='bbox 1595 2288 1634 2294; x_wconf 90' lang='grc'>-</span> <span class='ocrx_word' id='word_1_710' title='bbox 1658 2263 1703 2298; x_wconf 84' lang='grc'><strong>35</strong></span> <span class='ocrx_word' id='word_1_711' title='bbox 1725 2264 1919 2315; x_wconf 77' lang='grc' dir='ltr'>οὐδετέρως.</span> <span class='ocrx_word' id='word_1_712' title='bbox 1950 2273 2154 2308; x_wconf 80' lang='lat' dir='ltr'>Annotatio</span> 
     </span>
     <span class='ocr_line' id='line_1_92' title="bbox 1142 2313 2011 2371; baseline 0.022 -28"><span class='ocrx_word' id='word_1_713' title='bbox 1142 2313 1376 2357; x_wconf 66' lang='lat' dir='ltr'>grammatici</span> <span class='ocrx_word' id='word_1_714' title='bbox 1399 2328 1516 2363; x_wconf 74' lang='lat' dir='ltr'>pravo</span> <span class='ocrx_word' id='word_1_715' title='bbox 1537 2329 1693 2356; x_wconf 82' lang='lat' dir='ltr'>accentu</span> <span class='ocrx_word' id='word_1_716' title='bbox 1714 2321 1874 2371; x_wconf 78' lang='lat' dir='ltr'>decepti.</span> <span class='ocrx_word' id='word_1_717' title='bbox 1894 2327 2011 2362; x_wconf 70' lang='lat' dir='ltr'>Dum.</span> 
     </span>
    </p>

    <p class='ocr_par' dir='ltr' id='par_1_28' title="bbox 1138 2375 2151 2545">
     <span class='ocr_line' id='line_1_93' title="bbox 1196 2375 2151 2435; baseline 0.023 -28"><span class='ocrx_word' id='word_1_718' title='bbox 1196 2375 1283 2420; x_wconf 78' lang='grc'><strong>426,</strong></span> <span class='ocrx_word' id='word_1_719' title='bbox 1308 2376 1354 2411; x_wconf 90' lang='grc'><strong>36</strong></span> <span class='ocrx_word' id='word_1_720' title='bbox 1375 2378 1535 2425; x_wconf 73' lang='lat' dir='ltr'>glossam</span> <span class='ocrx_word' id='word_1_721' title='bbox 1556 2382 1789 2432; x_wconf 73' lang='grc' dir='ltr'>προστήσεται</span> <span class='ocrx_word' id='word_1_722' title='bbox 1811 2385 1924 2423; x_wconf 78' lang='lat' dir='ltr'>habet</span> <span class='ocrx_word' id='word_1_723' title='bbox 1941 2392 1998 2435; x_wconf 90' lang='lat' dir='ltr'>V.,</span> <span class='ocrx_word' id='word_1_724' title='bbox 2018 2404 2091 2428; x_wconf 86' lang='lat' dir='ltr'>om.</span> <span class='ocrx_word' id='word_1_725' title='bbox 2109 2396 2151 2430; x_wconf 87' lang='lat' dir='ltr'>G.</span> 
     </span>
     <span class='ocr_line' id='line_1_94' title="bbox 1138 2432 2149 2498; baseline 0.023 -34"><span class='ocrx_word' id='word_1_726' title='bbox 1138 2453 1171 2460; x_wconf 86' lang='lat'><em>-</em></span> <span class='ocrx_word' id='word_1_727' title='bbox 1202 2432 1248 2478; x_wconf 87' lang='grc'><strong>39</strong></span> <span class='ocrx_word' id='word_1_728' title='bbox 1268 2445 1338 2480; x_wconf 88' lang='lat' dir='ltr'>pro</span> <span class='ocrx_word' id='word_1_729' title='bbox 1360 2435 1416 2470; x_wconf 76' lang='grc' dir='ltr'>καὶ</span> <span class='ocrx_word' id='word_1_730' title='bbox 1434 2437 1584 2487; x_wconf 82' lang='grc' dir='ltr'>προϊδεῖν</span> <span class='ocrx_word' id='word_1_731' title='bbox 1602 2440 1641 2476; x_wconf 83' lang='lat' dir='ltr'>in</span> <span class='ocrx_word' id='word_1_732' title='bbox 1665 2444 1703 2477; x_wconf 93' lang='lat' dir='ltr'>V.</span> <span class='ocrx_word' id='word_1_733' title='bbox 1722 2442 1810 2479; x_wconf 80' lang='grc' dir='ltr'>ἀλλὰ</span> <span class='ocrx_word' id='word_1_734' title='bbox 1826 2443 1885 2480; x_wconf 87' lang='grc' dir='ltr'>καί</span> <span class='ocrx_word' id='word_1_735' title='bbox 1901 2459 1942 2481; x_wconf 89' lang='grc' dir='ltr'>συ</span> <span class='ocrx_word' id='word_1_736' title='bbox 1962 2449 2149 2498; x_wconf 78' lang='grc' dir='ltr'>προηιδεῖν,</span> 
     </span>
     <span class='ocr_line' id='line_1_95' title="bbox 1138 2487 2115 2545; baseline 0.023 -23"><span class='ocrx_word' id='word_1_737' title='bbox 1138 2487 1174 2522; x_wconf 87' lang='lat' dir='ltr'>in</span> <span class='ocrx_word' id='word_1_738' title='bbox 1191 2490 1235 2524; x_wconf 91' lang='lat' dir='ltr'>G.</span> <span class='ocrx_word' id='word_1_739' title='bbox 1256 2491 1301 2531; x_wconf 82' lang='grc' dir='ltr'>ὡς</span> <span class='ocrx_word' id='word_1_740' title='bbox 1317 2493 1493 2542; x_wconf 78' lang='grc' dir='ltr'>προειδεῖν.</span> <span class='ocrx_word' id='word_1_741' title='bbox 1515 2522 1553 2527; x_wconf 83' lang='grc'>-</span> <span class='ocrx_word' id='word_1_742' title='bbox 1567 2498 1710 2534; x_wconf 72' lang='grc' dir='ltr'>συνιδεῖν</span> <span class='ocrx_word' id='word_1_743' title='bbox 1732 2500 1799 2534; x_wconf 85' lang='grc' dir='ltr'>τῶν</span> <span class='ocrx_word' id='word_1_744' title='bbox 1821 2499 1933 2538; x_wconf 75' lang='grc' dir='ltr'>ἄλλων</span> <span class='ocrx_word' id='word_1_745' title='bbox 1949 2504 2052 2542; x_wconf 84' lang='grc' dir='ltr'>πλέον</span> <span class='ocrx_word' id='word_1_746' title='bbox 2071 2510 2115 2545; x_wconf 90' lang='grc' dir='ltr'>Θ.</span> 
     </span>
    </p>

    <p class='ocr_par' dir='ltr' id='par_1_29' title="bbox 1192 2556 1842 2610">
     <span class='ocr_line' id='line_1_96' title="bbox 1192 2556 1842 2610; baseline 0.018 -23"><span class='ocrx_word' id='word_1_747' title='bbox 1192 2558 1264 2598; x_wconf 75' lang='grc'>427</span> <span class='ocrx_word' id='word_1_748' title='bbox 1283 2556 1350 2590; x_wconf 79' lang='grc' dir='ltr'>τῶν</span> <span class='ocrx_word' id='word_1_749' title='bbox 1372 2558 1586 2607; x_wconf 83' lang='grc' dir='ltr'>πραγμάτων</span> <span class='ocrx_word' id='word_1_750' title='bbox 1605 2559 1776 2610; x_wconf 77' lang='grc' dir='ltr'>πρόδηλον</span> <span class='ocrx_word' id='word_1_751' title='bbox 1798 2563 1842 2600; x_wconf 89' lang='grc' dir='ltr'>Θ.</span> 
     </span>
    </p>

    <p class='ocr_par' dir='ltr' id='par_1_30' title="bbox 1131 2616 2144 2828">
     <span class='ocr_line' id='line_1_97' title="bbox 1190 2616 2144 2678; baseline 0.022 -29"><span class='ocrx_word' id='word_1_752' title='bbox 1190 2616 1276 2660; x_wconf 81' lang='grc'><strong>428,</strong></span> <span class='ocrx_word' id='word_1_753' title='bbox 1294 2624 1340 2662; x_wconf 85' lang='grc'>47</span> <span class='ocrx_word' id='word_1_754' title='bbox 1365 2620 1466 2669; x_wconf 64' lang='grc' dir='ltr'>φησίν</span> <span class='ocrx_word' id='word_1_755' title='bbox 1485 2622 1530 2658; x_wconf 93' lang='grc' dir='ltr'>Θ.</span> <span class='ocrx_word' id='word_1_756' title='bbox 1544 2647 1585 2653; x_wconf 93' lang='grc'>--</span> <span class='ocrx_word' id='word_1_757' title='bbox 1600 2624 1648 2659; x_wconf 84' lang='grc'><strong>50</strong></span> <span class='ocrx_word' id='word_1_758' title='bbox 1663 2625 1696 2660; x_wconf 75' lang='grc' dir='ltr'>ἐν</span> <span class='ocrx_word' id='word_1_759' title='bbox 1712 2626 1760 2675; x_wconf 82' lang='grc' dir='ltr'>τῷ</span> <span class='ocrx_word' id='word_1_760' title='bbox 1780 2629 1930 2678; x_wconf 83' lang='grc' dir='ltr'>πρωκτῷ</span> <span class='ocrx_word' id='word_1_761' title='bbox 1953 2632 1970 2666; x_wconf 77' lang='grc' dir='ltr'>ὁ</span> <span class='ocrx_word' id='word_1_762' title='bbox 1988 2632 2144 2670; x_wconf 85' lang='grc' dir='ltr'>κλέπτων</span> 
     </span>
     <span class='ocr_line' id='line_1_98' title="bbox 1134 2671 2143 2729; baseline 0.019 -21"><span class='ocrx_word' id='word_1_763' title='bbox 1134 2672 1179 2708; x_wconf 88' lang='grc' dir='ltr'>Θ.</span> <span class='ocrx_word' id='word_1_764' title='bbox 1203 2671 1305 2723; x_wconf 85' lang='grc' dir='ltr'>κρέας</span> <span class='ocrx_word' id='word_1_765' title='bbox 1327 2679 1368 2711; x_wconf 83' lang='lat' dir='ltr'>V.</span> <span class='ocrx_word' id='word_1_766' title='bbox 1383 2677 1441 2713; x_wconf 76' lang='grc' dir='ltr'>καὶ</span> <span class='ocrx_word' id='word_1_767' title='bbox 1461 2691 1534 2714; x_wconf 87' lang='lat' dir='ltr'>om.</span> <span class='ocrx_word' id='word_1_768' title='bbox 1550 2681 1594 2717; x_wconf 88' lang='grc' dir='ltr'>Θ.</span> <span class='ocrx_word' id='word_1_769' title='bbox 1611 2705 1651 2711; x_wconf 89' lang='grc'><strong>-</strong></span> <span class='ocrx_word' id='word_1_770' title='bbox 1666 2681 1709 2716; x_wconf 84' lang='grc'><strong>51</strong></span> <span class='ocrx_word' id='word_1_771' title='bbox 1732 2682 1846 2726; x_wconf 81' lang='grc' dir='ltr'>ἤσθιεν</span> <span class='ocrx_word' id='word_1_772' title='bbox 1864 2686 1964 2729; x_wconf 80' lang='grc' dir='ltr'>αὐτὸς</span> <span class='ocrx_word' id='word_1_773' title='bbox 1983 2689 2027 2725; x_wconf 85' lang='grc' dir='ltr'>Θ;</span> <span class='ocrx_word' id='word_1_774' title='bbox 2040 2691 2143 2727; x_wconf 83' lang='lat' dir='ltr'>Idem</span> 
     </span>
     <span class='ocr_line' id='line_1_99' title="bbox 1133 2728 2140 2795; baseline 0.02 -31"><span class='ocrx_word' id='word_1_775' title='bbox 1133 2728 1302 2768; x_wconf 70' lang='grc' dir='ltr'>ἀσέὸειαν.</span> <span class='ocrx_word' id='word_1_776' title='bbox 1320 2758 1357 2763; x_wconf 89' lang='grc'><strong>-</strong></span> <span class='ocrx_word' id='word_1_777' title='bbox 1380 2735 1426 2770; x_wconf 84' lang='grc'><strong>52</strong></span> <span class='ocrx_word' id='word_1_778' title='bbox 1449 2737 1494 2777; x_wconf 81' lang='grc' dir='ltr'>ὡς</span> <span class='ocrx_word' id='word_1_779' title='bbox 1511 2735 1558 2784; x_wconf 75' lang='grc' dir='ltr'>μὴ</span> <span class='ocrx_word' id='word_1_780' title='bbox 1580 2741 1622 2772; x_wconf 71' lang='lat' dir='ltr'>V.</span> <span class='ocrx_word' id='word_1_781' title='bbox 1645 2738 1689 2775; x_wconf 90' lang='grc' dir='ltr'>Θ.</span> <span class='ocrx_word' id='word_1_782' title='bbox 1712 2739 1769 2776; x_wconf 79' lang='grc' dir='ltr'>καὶ</span> <span class='ocrx_word' id='word_1_783' title='bbox 1794 2739 1841 2788; x_wconf 75' lang='grc' dir='ltr'>μὴ</span> <span class='ocrx_word' id='word_1_784' title='bbox 1861 2745 1904 2779; x_wconf 88' lang='lat' dir='ltr'>G.</span> <span class='ocrx_word' id='word_1_785' title='bbox 1922 2744 1999 2795; x_wconf 83' lang='grc' dir='ltr'>περὶ</span> <span class='ocrx_word' id='word_1_786' title='bbox 2018 2746 2078 2791; x_wconf 70' lang='grc' dir='ltr'>τὴν</span> <span class='ocrx_word' id='word_1_787' title='bbox 2100 2752 2140 2784; x_wconf 65' lang='lat' dir='ltr'>V.</span> 
     </span>
     <span class='ocr_line' id='line_1_100' title="bbox 1131 2784 1394 2828; baseline 0.027 -7"><span class='ocrx_word' id='word_1_788' title='bbox 1131 2784 1172 2822; x_wconf 79' lang='grc' dir='ltr'>τὰ</span> <span class='ocrx_word' id='word_1_789' title='bbox 1191 2800 1264 2825; x_wconf 85' lang='grc'><strong>0111.</strong></span> <span class='ocrx_word' id='word_1_790' title='bbox 1289 2793 1329 2825; x_wconf 80' lang='lat' dir='ltr'>V.</span> <span class='ocrx_word' id='word_1_791' title='bbox 1349 2792 1394 2828; x_wconf 90' lang='grc' dir='ltr'>Θ.</span> 
     </span>
    </p>

    <p class='ocr_par' dir='ltr' id='par_1_31' title="bbox 1185 2853 1589 2903">
     <span class='ocr_line' id='line_1_101' title="bbox 1185 2853 1589 2903; baseline 0.02 -17"><span class='ocrx_word' id='word_1_792' title='bbox 1185 2853 1272 2899; x_wconf 88' lang='grc'><strong>430,</strong></span> <span class='ocrx_word' id='word_1_793' title='bbox 1299 2855 1318 2889; x_wconf 88' lang='grc'><strong>3</strong></span> <span class='ocrx_word' id='word_1_794' title='bbox 1335 2855 1525 2903; x_wconf 72' lang='grc' dir='ltr'>καθήμενος</span> <span class='ocrx_word' id='word_1_795' title='bbox 1545 2859 1589 2894; x_wconf 87' lang='grc' dir='ltr'>Θ.</span> 
     </span>
    </p>

    <p class='ocr_par' dir='ltr' id='par_1_32' title="bbox 1127 2916 2135 3083">
     <span class='ocr_line' id='line_1_102' title="bbox 1184 2916 2129 2971; baseline 0.018 -22"><span class='ocrx_word' id='word_1_796' title='bbox 1184 2916 1269 2960; x_wconf 83' lang='grc'><strong>431,</strong></span> <span class='ocrx_word' id='word_1_797' title='bbox 1294 2917 1313 2952; x_wconf 86' lang='grc'><strong><em>5</em></strong></span> <span class='ocrx_word' id='word_1_798' title='bbox 1339 2919 1450 2955; x_wconf 79' lang='grc' dir='ltr'>Πάλιν</span> <span class='ocrx_word' id='word_1_799' title='bbox 1487 2933 1559 2955; x_wconf 87' lang='lat' dir='ltr'>om.</span> <span class='ocrx_word' id='word_1_800' title='bbox 1596 2925 1638 2957; x_wconf 91' lang='lat' dir='ltr'>G.</span> <span class='ocrx_word' id='word_1_801' title='bbox 1665 2944 1704 2949; x_wconf 97' lang='lat'><strong>—</strong></span> <span class='ocrx_word' id='word_1_802' title='bbox 1730 2936 1748 2967; x_wconf 87' lang='lat'><strong>7</strong></span> <span class='ocrx_word' id='word_1_803' title='bbox 1790 2924 1830 2959; x_wconf 80' lang='grc' dir='ltr'>δι’</span> <span class='ocrx_word' id='word_1_804' title='bbox 1858 2926 1980 2971; x_wconf 79' lang='grc' dir='ltr'>αὐτῶν,</span> <span class='ocrx_word' id='word_1_805' title='bbox 2019 2936 2055 2964; x_wconf 85' lang='lat' dir='ltr'>et</span> <span class='ocrx_word' id='word_1_806' title='bbox 2092 2943 2129 2966; x_wconf 86' lang='lat'>11</span> 
     </span>
     <span class='ocr_line' id='line_1_103' title="bbox 1127 2973 2135 3036; baseline 0.017 -30"><span class='ocrx_word' id='word_1_807' title='bbox 1127 2973 1186 3015; x_wconf 72' lang='grc' dir='ltr'>τῆς</span> <span class='ocrx_word' id='word_1_808' title='bbox 1204 2986 1277 3008; x_wconf 84' lang='grc'><strong>0111.</strong></span> <span class='ocrx_word' id='word_1_809' title='bbox 1293 2975 1339 3010; x_wconf 91' lang='grc' dir='ltr'>Θ.</span> <span class='ocrx_word' id='word_1_810' title='bbox 1360 3001 1398 3005; x_wconf 85' lang='lat'><em>-</em></span> <span class='ocrx_word' id='word_1_811' title='bbox 1423 2989 1463 3011; x_wconf 85' lang='grc'>12</span> <span class='ocrx_word' id='word_1_812' title='bbox 1482 2977 1573 3026; x_wconf 78' lang='grc' dir='ltr'>αὐτῷ</span> <span class='ocrx_word' id='word_1_813' title='bbox 1596 2982 1638 3013; x_wconf 91' lang='lat' dir='ltr'>V.</span> <span class='ocrx_word' id='word_1_814' title='bbox 1662 2980 1706 3016; x_wconf 90' lang='grc' dir='ltr'>Θ.</span> <span class='ocrx_word' id='word_1_815' title='bbox 1727 3004 1766 3010; x_wconf 88' lang='grc'><strong>-</strong></span> <span class='ocrx_word' id='word_1_816' title='bbox 1787 2982 1830 3018; x_wconf 88' lang='grc'>13</span> <span class='ocrx_word' id='word_1_817' title='bbox 1853 2981 1963 3025; x_wconf 77' lang='grc' dir='ltr'>καθὼς</span> <span class='ocrx_word' id='word_1_818' title='bbox 1982 2985 2037 3020; x_wconf 79' lang='grc' dir='ltr'>καὶ</span> <span class='ocrx_word' id='word_1_819' title='bbox 2057 2987 2135 3036; x_wconf 79' lang='grc' dir='ltr'>βού-</span> 
     </span>
     <span class='ocr_line' id='line_1_104' title="bbox 1127 3029 1634 3083; baseline 0.016 -19"><span class='ocrx_word' id='word_1_820' title='bbox 1127 3029 1242 3075; x_wconf 83' lang='grc' dir='ltr'>λεται,</span> <span class='ocrx_word' id='word_1_821' title='bbox 1273 3037 1312 3073; x_wconf 76' lang='grc'>14</span> <span class='ocrx_word' id='word_1_822' title='bbox 1337 3032 1392 3067; x_wconf 81' lang='grc' dir='ltr'>ἐπὶ</span> <span class='ocrx_word' id='word_1_823' title='bbox 1416 3033 1569 3083; x_wconf 65' lang='grc' dir='ltr'>μηδεμιᾷ</span> <span class='ocrx_word' id='word_1_824' title='bbox 1589 3036 1634 3072; x_wconf 92' lang='grc' dir='ltr'>Θ.</span> 
     </span>
    </p>

    <p class='ocr_par' dir='ltr' id='par_1_33' title="bbox 1179 3094 1892 3149">
     <span class='ocr_line' id='line_1_105' title="bbox 1179 3094 1892 3149; baseline 0.013 -21"><span class='ocrx_word' id='word_1_825' title='bbox 1179 3094 1266 3139; x_wconf 87' lang='grc'><strong>433,</strong></span> <span class='ocrx_word' id='word_1_826' title='bbox 1291 3107 1336 3130; x_wconf 89' lang='grc'>22</span> <span class='ocrx_word' id='word_1_827' title='bbox 1358 3110 1394 3132; x_wconf 88' lang='grc' dir='ltr'>σε</span> <span class='ocrx_word' id='word_1_828' title='bbox 1415 3098 1459 3134; x_wconf 92' lang='grc' dir='ltr'>Θ.</span> <span class='ocrx_word' id='word_1_829' title='bbox 1477 3122 1517 3127; x_wconf 89' lang='lat'>--</span> <span class='ocrx_word' id='word_1_830' title='bbox 1539 3100 1585 3132; x_wconf 77' lang='grc'><strong>26</strong></span> <span class='ocrx_word' id='word_1_831' title='bbox 1606 3099 1830 3149; x_wconf 82' lang='grc' dir='ltr'>λοιδορεῖσθαι</span> <span class='ocrx_word' id='word_1_832' title='bbox 1848 3102 1892 3138; x_wconf 94' lang='grc' dir='ltr'>Θ.</span> 
     </span>
    </p>

    <p class='ocr_par' dir='ltr' id='par_1_34' title="bbox 1178 3157 2111 3216">
     <span class='ocr_line' id='line_1_106' title="bbox 1178 3157 2111 3216; baseline 0.029 -36"><span class='ocrx_word' id='word_1_833' title='bbox 1178 3157 1274 3202; x_wconf 63' lang='lat'>434,</span> <span class='ocrx_word' id='word_1_834' title='bbox 1304 3170 1350 3205; x_wconf 81' lang='lat'>²9</span> <span class='ocrx_word' id='word_1_835' title='bbox 1372 3158 1460 3196; x_wconf 59' lang='grc' dir='ltr'>κατὰ</span> <span class='ocrx_word' id='word_1_836' title='bbox 1489 3162 1549 3204; x_wconf 57' lang='grc' dir='ltr'>τῆς</span> <span class='ocrx_word' id='word_1_837' title='bbox 1574 3162 1617 3198; x_wconf 90' lang='grc' dir='ltr'>Θ.</span> <span class='ocrx_word' id='word_1_838' title='bbox 1640 3185 1679 3191; x_wconf 91' lang='grc'>-</span> <span class='ocrx_word' id='word_1_839' title='bbox 1702 3163 1745 3197; x_wconf 84' lang='grc'>31</span> <span class='ocrx_word' id='word_1_840' title='bbox 1777 3161 1913 3211; x_wconf 85' lang='grc' dir='ltr'>λέγεται</span> <span class='ocrx_word' id='word_1_841' title='bbox 1943 3166 2040 3210; x_wconf 80' lang='grc' dir='ltr'>πόλις</span> <span class='ocrx_word' id='word_1_842' title='bbox 2070 3173 2111 3216; x_wconf 77' lang='grc' dir='ltr'>τῆ</span> 
     </span>
    </p>
   </div>
   <div class='ocr_carea' id='block_1_21' title="bbox 1122 3211 2125 3324">
    <p class='ocr_par' dir='ltr' id='par_1_35' title="bbox 1122 3211 2125 3324">
     <span class='ocr_line' id='line_1_107' title="bbox 1122 3211 2125 3269; baseline 0.017 -21"><span class='ocrx_word' id='word_1_843' title='bbox 1122 3211 1230 3250; x_wconf 74' lang='grc' dir='ltr'>πόλου</span> <span class='ocrx_word' id='word_1_844' title='bbox 1251 3215 1308 3251; x_wconf 84' lang='grc' dir='ltr'>καὶ</span> <span class='ocrx_word' id='word_1_845' title='bbox 1329 3215 1368 3252; x_wconf 73' lang='grc' dir='ltr'>τὸ</span> <span class='ocrx_word' id='word_1_846' title='bbox 1388 3215 1478 3267; x_wconf 83' lang='grc' dir='ltr'>ὕδωρ</span> <span class='ocrx_word' id='word_1_847' title='bbox 1502 3217 1673 3269; x_wconf 79' lang='grc' dir='ltr'>ὃσύρεται</span> <span class='ocrx_word' id='word_1_848' title='bbox 1696 3220 1742 3262; x_wconf 80' lang='grc' dir='ltr'>εἷς</span> <span class='ocrx_word' id='word_1_849' title='bbox 1764 3220 1826 3265; x_wconf 69' lang='grc' dir='ltr'>την</span> <span class='ocrx_word' id='word_1_850' title='bbox 1843 3225 1924 3259; x_wconf 71' lang='grc' dir='ltr'>ναῦν</span> <span class='ocrx_word' id='word_1_851' title='bbox 1943 3225 1986 3262; x_wconf 90' lang='grc' dir='ltr'>Θ.</span> <span class='ocrx_word' id='word_1_852' title='bbox 2009 3250 2050 3257; x_wconf 83' lang='grc'><strong>-</strong></span> <span class='ocrx_word' id='word_1_853' title='bbox 2080 3230 2125 3265; x_wconf 78' lang='grc'><strong>35</strong></span> 
     </span>
     <span class='ocr_line' id='line_1_108' title="bbox 1122 3270 2125 3324; baseline 0.016 -20"><span class='ocrx_word' id='word_1_854' title='bbox 1122 3270 1360 3308; x_wconf 80' lang='lat' dir='ltr'>scribebatur</span> <span class='ocrx_word' id='word_1_855' title='bbox 1379 3274 1578 3324; x_wconf 78' lang='grc' dir='ltr'>εἰσδέχεται.</span> <span class='ocrx_word' id='word_1_856' title='bbox 1598 3300 1637 3306; x_wconf 92' lang='grc'>-</span> <span class='ocrx_word' id='word_1_857' title='bbox 1673 3277 1720 3312; x_wconf 83' lang='grc'><strong>36</strong></span> <span class='ocrx_word' id='word_1_858' title='bbox 1742 3277 1904 3323; x_wconf 83' lang='grc' dir='ltr'>ζητητέον</span> <span class='ocrx_word' id='word_1_859' title='bbox 1928 3293 2001 3318; x_wconf 87' lang='lat' dir='ltr'>om.</span> <span class='ocrx_word' id='word_1_860' title='bbox 2021 3285 2064 3321; x_wconf 90' lang='grc' dir='ltr'>Θ.</span> <span class='ocrx_word' id='word_1_861' title='bbox 2087 3310 2125 3316; x_wconf 86' lang='grc'>--</span> 
     </span>
    </p>
   </div>
   <div class='ocr_carea' id='block_1_22' title="bbox 1123 3328 2122 3382">
    <p class='ocr_par' dir='ltr' id='par_1_36' title="bbox 1123 3328 2122 3382">
     <span class='ocr_line' id='line_1_109' title="bbox 1123 3328 2122 3382; baseline 0.015 -20"><span class='ocrx_word' id='word_1_862' title='bbox 1123 3328 1168 3371; x_wconf 79' lang='grc'><strong>37</strong></span> <span class='ocrx_word' id='word_1_863' title='bbox 1191 3330 1310 3373; x_wconf 67' lang='grc' dir='ltr'>τοῦτο,</span> <span class='ocrx_word' id='word_1_864' title='bbox 1338 3337 1383 3372; x_wconf 70' lang='grc'>40</span> <span class='ocrx_word' id='word_1_865' title='bbox 1411 3336 1549 3367; x_wconf 81' lang='grc' dir='ltr'>σκοπεῖν</span> <span class='ocrx_word' id='word_1_866' title='bbox 1577 3331 1685 3377; x_wconf 86' lang='grc' dir='ltr'>θέλει,</span> <span class='ocrx_word' id='word_1_867' title='bbox 1713 3341 1748 3369; x_wconf 87' lang='lat' dir='ltr'>et</span> <span class='ocrx_word' id='word_1_868' title='bbox 1774 3333 1870 3382; x_wconf 81' lang='grc' dir='ltr'>οὐδὲ,</span> <span class='ocrx_word' id='word_1_869' title='bbox 1893 3342 1937 3379; x_wconf 85' lang='grc'>41</span> <span class='ocrx_word' id='word_1_870' title='bbox 1968 3340 2024 3375; x_wconf 83' lang='grc' dir='ltr'>καὶ</span> <span class='ocrx_word' id='word_1_871' title='bbox 2053 3340 2122 3377; x_wconf 73' lang='grc' dir='ltr'>ὄντι</span> 
     </span>
    </p>
   </div>
   <div class='ocr_carea' id='block_1_23' title="bbox 1120 3385 2119 3442">
    <p class='ocr_par' dir='ltr' id='par_1_37' title="bbox 1120 3385 2119 3442">
     <span class='ocr_line' id='line_1_110' title="bbox 1120 3385 2119 3442; baseline 0.015 -24"><span class='ocrx_word' id='word_1_872' title='bbox 1120 3385 1257 3427; x_wconf 67' lang='grc' dir='ltr'>κινῆσαι</span> <span class='ocrx_word' id='word_1_873' title='bbox 1278 3386 1334 3420; x_wconf 73' lang='grc' dir='ltr'>καὶ</span> <span class='ocrx_word' id='word_1_874' title='bbox 1363 3385 1505 3435; x_wconf 68' lang='grc' dir='ltr'>ταράξαι</span> <span class='ocrx_word' id='word_1_875' title='bbox 1534 3386 1594 3431; x_wconf 64' lang='grc' dir='ltr'>τ”ην</span> <span class='ocrx_word' id='word_1_876' title='bbox 1621 3390 1682 3437; x_wconf 58' lang='lat' dir='ltr'>*fii-t</span> <span class='ocrx_word' id='word_1_877' title='bbox 1706 3405 1740 3426; x_wconf 85' lang='grc' dir='ltr'>τε</span> <span class='ocrx_word' id='word_1_878' title='bbox 1759 3391 1814 3427; x_wconf 62' lang='grc' dir='ltr'>καῖ</span> <span class='ocrx_word' id='word_1_879' title='bbox 1831 3391 1890 3437; x_wconf 67' lang='grc' dir='ltr'>τ”ην</span> <span class='ocrx_word' id='word_1_880' title='bbox 1911 3393 1984 3431; x_wconf 54' lang='lat' dir='ltr'>eei).</span> <span class='ocrx_word' id='word_1_881' title='bbox 2003 3397 2061 3442; x_wconf 87' lang='grc' dir='ltr'>Θ.,</span> <span class='ocrx_word' id='word_1_882' title='bbox 2075 3411 2119 3433; x_wconf 60' lang='lat' dir='ltr'>cx</span> 
     </span>
    </p>
   </div>
  </div>
 </body>
</html>
