2533 3808
192 333 263 365 24⁴

189 410 243 446 ἵνα
264 406 347 449 δόξι)
369 405 452 440 ἀκο)
455 403 560 439 ουθιῒν
577 396 781 449 κανηφόρῳ,
797 393 887 445 λέγει
914 391 1063 441 παίζων,
1086 390 1145 428 καὶ
1162 389 1213 427 δί-

190 480 271 517 φρον
290 463 451 514 βάσταζε.

242 533 321 559 1553.
350 518 434 570 πρὸς
449 516 483 553 δὲ
494 518 581 552 τοῖσι
589 512 813 552 Σκιάποσιν;
829 509 865 562 ff
869 511 900 547 H
915 511 1072 560 παροῦσα
1085 502 1215 558 στροφὴ

188 577 308 616 κώλων
338 575 411 613 ἐστὶ
439 574 633 626 τροχαϊκων
668 566 949 619 ἐπιμεμιγμένων
978 563 1124 636 χῖορείοις
1158 560 1217 599 καὶ

152 648 168 671 b
189 633 374 675 σπονδείοις
393 632 437 675 ς’.
457 631 517 668 καὶ
534 633 556 674 ἡ
574 626 779 680 ἀντιστροφὴ
799 625 971 664 τοιούτων.
991 622 1047 660 επὶ
1062 638 1111 673 τῳ
1127 619 1217 657 τέλει

188 709 248 739 της
285 692 346 742 μὲν
381 705 528 741 στροφης
551 687 807 757 παράγραφος,
837 700 898 730 της
932 683 959 720 8'
992 681 1218 751 ἀντιστροφης

188 749 341 801 κορωνίς.
351 747 368 799 ᾞ
393 751 506 785 ταῦτα
533 745 565 782 ἐν
552 744 690 795 ἡγησίς
717 745 790 780 ἐστι
815 757 881 779 των
917 738 1089 791 ἀνωτέρω.
1124 735 1218 786 γένος

189 807 225 845 85'
251 809 323 844 ἐστι
347 805 425 859 περὶ
451 821 508 842 τον
530 802 663 840 δυτικὸν
687 800 837 838 ὠκεανον
857 798 941 851 πρὸς
957 801 999 848 τῇ
1020 793 1216 844 κεκαυμένῃ

189 864 290 916 ζώνῃ.
311 867 357 907 ὡς
377 861 567 913 ἀψύχους
550 877 584 898 05
605 858 756 911 διασύρει
770 873 846 900 τους
862 854 1063 908 φιλοσόφους
1083 851 1190 903 (xm‘
1174 866 1219 892 ως

138 933 170 956 ¹⁰
190 923 246 960 ἐπὶ
272 928 369 964 σκιᾶς
397 920 622 972 βαδιζοντας).
704 915 847 958 Ἄλλως.
868 913 1005 955 τούτους
1035 911 1093 962 5'75
1079 925 1126 947 ειν
1152 908 1219 960 βή-

191 997 284 1031 ματα
302 979 385 1033 φασὶ
405 982 462 1016 τοῦ
482 992 607 1019 παντος
626 975 785 1024 σώματος
811 972 965 1023 μείζονα·
987 969 1042 1007 διὰ
1063 968 1098 1006 85
1116 967 1155 1005 τὸ
1169 966 1218 1015 μὴ

190 1040 289 1091 ἔχειν
303 1038 433 1086 οἴκους,
464 1037 540 1073 om
566 1037 632 1072 υπο
657 1037 717 1071 τοῦ
745 1032 922 1080 καύματος
953 1027 1218 1071 ἀναλίσκεσθαι,

189 1095 443 1150 τετραποδηδὸν
471 1092 668 1144 βαδίζοντας
682 1094 842 1142 ἀνορθοῦν
863 1089 919 1126 τὸν
941 1087 1052 1138 ἕτερον
1074 1100 1141 1122 των
1157 1099 1221 1121 πο-

191 1157 268 1201 δων,
283 1170 342 1191 και
361 1150 602 1195 κατασκιάζειν
626 1149 665 1187 τὸ
684 1149 802 1187 λοιπὸν
820 1151 935 1197 σῶμα.
957 1148 1056 1183 τοῦτο
1071 1143 1137 1194 γὰρ
1159 1144 1220 1179 αὖ-

140 1228 170 1251 15
190 1215 259 1255 τοῖς
275 1210 460 1263 ἐχαρίσατο
476 1212 497 1255 ἡ
519 1207 635 1279 φύσις,
655 1208 732 1253 ἴσης
751 1207 853 1252 οὔσης
868 1209 928 1251 τῆς
947 1207 1008 1254 γῆς
1031 1203 1142 1238 αὐτῶν
1162 1200 1221 1237 καὶ

189 1269 352 1322 τραχείας
371 1269 430 1306 καὶ
451 1267 637 1305 κατάδυσιν
661 1265 708 1316 μὴ
731 1264 877 1316 εχούσης
898 1265 943 1305 εἰς
964 1258 1143 1310 ἀποφυγὴν
1160 1262 1220 1295 τοῦ

189 1328 376 1378 καύματος.

245 1400 322 1424 1555.
352 1387 446 1437 ⁴²⁰⁵!ss
451 1384 556 1433 γωγεῗ
575 1380 792 1434 Σωκράτης;
817 1377 961 1423 Ἐπειδῦι
979 1375 1068 1413 λιτοὶ
1094 1375 1143 1424 (οἱ
1167 1390 1222 1426 φι-

190 1443 347 1496 λόσοφοί)
371 1444 435 1479 εἶσι
455 1457 514 1479 και
542 1440 704 1491 ἄτροφοι,
726 1438 781 1475 διὰ
801 1442 901 1475 τοῦτο
921 1451 999 1477 τους
1022 1432 1222 1474 Σκιάποδας

128 1517 172 1541 ,2ο
192 1501 397 1553 παρέλαὸεν.
421 1497 648 1549 μυθευόμενον
664 1496 700 1534 δέ
714 1512 746 1533 τι
760 1512 819 1534 και
836 1499 935 1532 τοῦτο
953 1493 991 1530 τὸ
1008 1508 1046 1542 γε
1032 1491 1101 1535 ζνος
1117 1491 1221 1529 ἐστίν.

191 1560 364 1597 ἄλουτον
346 1574 379 1596 οε
370 1558 468 1595 εἰπε
482 1556 543 1602 τὴν
557 1555 695 1605 λίμνην,
708 1554 792 1592 καθὸ
807 1555 1026 1593 ἁλουτοῦντες
1038 1549 1098 1587 καὶ
1115 1553 1219 1601 ῥυπο-

191 1621 368 1670 φοροῦντες
378 1614 600 1666 ἐφιλοσόφουν
614 1615 644 1651 οἳ
659 1628 739 1665 περι
752 1612 808 1649 τὸν
825 1608 1031 1661 Σωκράτην.

247 1690 323 1713 1556.
352 1674 431 1711 ἔνθα
451 1673 510 1710 καὶ
532 1671 772 1742 Πείσανδροςε
794 1674 906 1711 Οὗτος
926 1668 1063 1711 δειλος
1047 1683 1099 1713 ην.
1121 1661 1221 1713 ἠλθεν

189 1748 248 1770 ουν
271 1732 415 1785 ψυχην’
408 1733 487 1769 ιδεῖν
512 1729 547 1767 θέ
533 1731 633 1777 ελων,
653 1729 726 1765 ἐπει
746 1729 808 1766 οὐκ
830 1732 932 1778 εἶχεν,
955 1728 1002 1769 ὡς
1019 1725 1202 1767 Εὔπολις
1188 1740 1221 1761 εν

139 1804 172 1827 25
193 1789 448 1844 Αστρατεύτοις
459 1807 472 1820 «
489 1786 701 1838 Πείσανδρος
715 1787 760 1827 εἷς
774 1783 998 1822 Πακτωλὸν’
983 1781 1222 1834 εστρατεύετο,

193 1868 206 1881 ‹
226 1852 403 1887 κάνταῦθα
422 1849 482 1892 τ’ἧς
502 1851 664 1897 στρατιᾶς
680 1843 840 1885 κάκιστος
854 1846 894 1888 ἠν
912 1842 1010 1893 ἀνήρ.
1028 1860 1043 1874 »
1062 1841 1220 1878 ἁπαντα-

191 1911 255 1959 χοῦ
267 1905 302 1944 85
315 1909 356 1951 ἠν
371 1902 490 1946 δειλός.
504 1906 545 1948 ἠν
559 1901 593 1939 85
604 1900 711 1938 καιτὸ
726 1903 826 1950 σῶμα
842 1899 999 1945 εὓεκτὴς,
1014 1901 1060 1941 ὣς
1070 1898 1224 1951 Ἐρμιπ-

193 1981 256 2008 πος
270 1966 303 2001 ἐν
317 1960 560 2014 Ἀρτοπώλισιν
578 1960 611 2008 (α
627 1957 777 1995 ἐνέὸαινε
795 1960 874 2007 σιγῇ
890 1956 1101 2007 Πείσανδρος
1118 1956 1225 2006 μέγας

196 2043 210 2056 κ
230 2022 331 2064 αὐτὸς
343 2020 460 2071 ὥσπερ
474 2017 697 2058 Διονυσίοισιν
712 2015 791 2053 οὑπὶ
801 2018 868 2052 τῶν
883 2014 1002 2060 ξύλων,
1013 2014 1223 2066 ἐλαίαςὲρει-

143 2093 177 2117 30
196 2100 211 2114 «
233 2096 284 2117 σιν
310 2094 383 2116 ονον
409 2076 603 2120 κανθίλιον.
628 2093 642 2107 »
662 2090 722 2111 και
742 2072 978 2125 δωροδοκησαί
998 2087 1100 2123 φησιν
1122 2073 1223 2109 αὐτὸν

196 2135 439 2188 Αριστοφάνης
457 2131 724 2174 Βαὸυλιι)νίοις
706 2130 761 2168 οιὰ
776 2130 904 2168 τούτων
921 2149 935 2162 α
950 2129 971 2175 ἢ
994 2130 1072 2181 δῶρ’
1087 2132 1225 2168 αἰτοῦν-

197 2215 210 2227 a
232 2211 285 2237 τες
298 2194 367 2247 ἀρχ
369 2209 408 2239 ην
422 2190 576 2240 πολέμου
589 2189 758 2240 πορίσειεν
771 2187 858 2237 μετὰ
875 2188 1126 2239 Πεισάνδρου.»
1141 2190 1150 2239 )
1167 2189 1226 2226 δύο

195 2252 232 2290 δέ
246 2254 311 2290 εἷο
328 2250 554 2301 Πεισάνδροι,
575 2246 729 2298 καθάπερ
744 2246 927 2288 Εὕπολις’
912 2262 945 2282 εν
961 2248 1106 2299 Μαρικᾶ
1125 2262 1227 2299 φησιν

319 2344 411 2374 ἄκουε
425 2345 475 2373 νυν
489 2341 675 2381 Πείσανδρος
689 2342 729 2375 ὡς
744 2339 922 2370 ἀπόλλυται.

145 2396 178 2418 35
318 2392 335 2421 ὁ
348 2388 508 2429 στρεῧλό;;
523 2388 579 2418 οὐκ
596 2388 659 2417 ἀλλ’
677 2387 693 2417 ὁ
708 2387 802 2426 μέγας
815 2386 1012 2421 οὑνοκίνδιος.

197 2470 256 2507 καὶ
271 2468 420 2507 Πλάτων
434 2470 466 2504 ἐν
481 2465 686 2517 Πεισάνδρῳ
699 2465 778 2517 περὶ
792 2464 994 2517 ἀμφοτέρων
1007 2466 1110 2516 λέγει.

253 2541 330 2564 1559.
361 2524 475 2577 σφάγι’
491 2523 607 2574 570⁸»)
628 2524 637 2573 ζ
648 2526 680 2560 'l
684 2521 772 2559 αῦτά
786 2524 907 2573 φησιν)
923 2525 968 2565 ὡς
982 2524 1037 2560 ἐπὶ
1054 2526 1121 2561 τῶν
1140 2526 1228 2561 ἀνα-

199 2583 418 2634 καλουμένων
431 2598 492 2623 τας
511 2580 623 2632 ψυχὰς
645 2580 677 2623 εξ
691 2579 807 2617 Ἅδου.

252 2642 407 2692 κάμηλον
434 2638 540 2688 ἀμνόν
571 2638 633 2674 τιν’
664 2651 672 2676 :
697 2619 864 2680 ”ιΙΞπαιξεν
895 2639 941 2679 εἷς
961 2637 999 2674 τὸ
1020 2637 1228 2676 Ὀνοκίνδιον

148 2716 182 2738 44)
202 2702 304 2737 αὐτοῦ
329 2697 432 2735 εἰπὼν
457 2676 564 2745 διμνὸν
586 2694 764 2744 καμήλου·
795 2694 868 2731 ἔστι
891 2694 958 2746 γὰρ
982 2696 1227 2747 παμμεγέθης·

202 2759 274 2795 δέον
300 2758 406 2793 εἰπεῖν
427 2754 448 2799 ἢ
470 2756 601 2805 ἀρνειοῦ
620 2751 642 2796 ἢ
661 2752 766 2788 ἄλλου
786 2751 886 2794 τινός.

253 2814 376 2864 [1562]
405 2806 481 2864 κᾷτ’
497 2809 612 2855 οἷν-ἦλθ’
625 2810 718 2860 αὐτῷ
735 2822 743 2846 :
760 2809 825 2846 Ἐκ
835 2811 902 2845 τῶν
916 2809 1059 2859 χθονίων
1072 2812 1228 2849 ἀνῗῑλθεν.

204 2874 266 2920 (ὡς
283 2869 497 2915 αὐτοκλήτως
517 2867 551 2904 85
571 2866 841 2918 παραὸάλλοντα
861 2866 961 2903 αὑτὸν
982 2868 1029 2909 εἰς
1047 2866 1090 2904 τὰ
1111 2869 1230 2905 δεῖπνα

203 2928 393 2966 διαὸάλλει.
403 2929 413 2977 )

151 3000 184 3023 45
258 2999 334 3023 1563.
365 2984 468 3036 [πρὸς
486 2982 524 3020 τὸ
537 2984 649 3031 λαῖμα
667 2997 727 3027 της
742 2981 861 3031 καμηλ
864 2994 928 3019 06:
948 2981 1142 3055 Εὐφρόνιος
1148 3011 1156 3031 ,
1174 2998 1231 3019 τον

203 3043 339 3093 λαιμόν.
350 3042 409 3080 καὶ
422 3041 486 3093 γὰρ
500 3039 702 3092 προείρηκεν
715 3043 755 3085 ἧς
767 3039 913 3088 λαιμους
926 3039 1052 3088 τεμών.
1069 3042 1098 3077 οἱ
1111 3054 1167 3079 05
1158 3083 1162 3087 ,
1181 3041 1232 3076 ὅτι

205 3101 243 3138 τὸ
266 3104 366 3150 αἷμα.
392 3097 658 3148 παραπεποίηκε
684 3095 718 3134 δε
744 3096 839 3148 παρὰ
865 3097 902 3133 τὸ
920 3097 1058 3147 λαιμόν.
1082 3096 1154 3135 ἔστι
1173 3113 1232 3134 και

205 3157 301 3209 παρὰ
316 3156 534 3207 Mevoiv8po’)
521 3171 553 3193 εν
569 3154 737 3206 Δαρδάνω

290 3249 342 3294 καὶ
353 3249 448 3288 λαῖμα
463 3247 606 3287 βακχεύει
618 3247 719 3276 λαὸὼν
733 3246 771 3276 τὰ
785 3247 939 3286 χρήματα.

158 3343 191 3367 50
211 3324 379 3377 γράφεται
396 3321 430 3359 δὲ
451 3321 511 3358 καὶ
530 3320 653 3372 δέρμα.
677 3320 811 3371 εἴρηται
831 3319 867 3357 85
888 3320 1028 3363 ἐκείνοις
1055 3320 1150 3357 οὐδὲν
1172 3336 1236 3357 σα-

211 3383 286 3434 φὲς,
306 3385 376 3422 τοῖς
399 3378 566 3430 γράφουσι
582 3377 702 3429 δέρμα.
721 3380 750 3415 οἱ
767 3378 801 3414 δὲ
817 3377 961 3429 ὅρμημα
988 3378 1026 3415 τὸ
1044 3379 1169 3427 λαῖμα.
1188 3377 1238 3414 ἔτι

214 3438 328 3490 μέντοι
348 3439 414 3474 τῶν
432 3435 510 3486 περὶ
525 3434 587 3480 τὴν
601 3434 715 3472 Ἀσίαν
736 3434 823 3478 τινὲς
845 3435 901 3472 ἐπὶ
920 3437 988 3472 τῶν
1007 3436 1153 3472 ἀναιδῶν
1177 3434 1236 3471 καὶ

975 305 1233 346 SCHOLIA
1271 304 1328 342 IN
1363 303 1522 343 AVES.

1276 386 1449 437 εὐτόλμων
1467 386 1557 423 οὕτω
1582 385 1750 436 λέγουσιν.
1771 384 1854 436 ὅπερ
1879 381 2143 436 συμφωνότερόν
2165 381 2238 419 ε’στι
2256 381 2306 433 τῷ

1274 444 1370 496 παρὰ
1383 447 1416 482 Μ
1424 459 1451 480 ε)
1459 441 1600 495 empty]

1329 514 1408 539 1564.
1439 502 1639 553 [Χαιρεφῶν
1665 503 1687 546 ἡ
1712 498 1869 551 νυκτερίς
1894 511 1903 537 z
1930 498 2033 537 Ἐπεὶ
2056 497 2133 534 οὔτε
2154 496 2307 548 νυκτερὶς

1275 562 1311 632 ἡιχ
1329 574 1408 611 ερας
1438 558 1514 596 οὔτε
1546 560 1576 595 οἱ
1611 557 1789 610 φιλόσοφοι
1817 556 2006 609 φαίνονται.
2033 553 2308 596 καταδεδυκότες

1275 616 1341 669 γὰρ
1356 618 1411 669 φι)
1416 616 1603 668 οσοφοῦσι.]
2326 630 2343 654 5

1334 688 1414 713 1565.
1444 673 1482 711 τὸ
1505 673 1569 723 μὲν
1595 672 1752 722 πόλισμα
1775 685 1788 694 ·
1820 670 1994 723 [Κορωνις
2016 670 2188 708 εἰσιόντων
2214 673 2308 712 αὖθις

1275 734 1344 769 τῶν
1364 733 1590 789 ὑποκριτῶν.
1598 732 1628 768 οἱ
1652 730 1686 766 δὲ
1710 728 1823 780 στίχοι
1842 728 2002 779 ἷαμὸικοὶ
2023 728 2198 780 τρίμετροι
2217 729 2308 765 ἀκα-

1276 788 1443 835 τάληκτοι
1461 786 1548 841 ρκα’.
1565 791 1612 825 ὡν
1631 788 1827 830 τελευταῖος

1359 875 1434 906 ἄλλα
1444 875 1576 915 γαμικὴν
1592 874 1727 915 χλαμίδα
1739 873 1818 904 δότω
1828 885 1872 909 τις
1883 872 1970 914 δεῦρο’
1982 883 2044 913 μοι.

1279 944 1367 995 μετὰ
1381 944 1417 982 85
1432 945 1487 982 τὸν
1510 946 1529 994 4
1550 944 1576 991 δ’
1608 944 1726 995 στίχον
1752 942 1850 981 κῶλά
1871 945 1962 980 ἐστιν
1987 940 2240 979 ἃντισπαστικὰ
2265 951 2307 988 ς’,
2331 959 2363 984 10

1284 1002 1542 1053 ἐπιμεμιγμένα
1563 1002 1755 1051 διιάμὸοις,
1777 1000 2000 1043 δισπονδείοις
2017 999 2076 1037 καὶ
2102 998 2284 1052 ἐπιτρίτοις
2300 1028 2310 1045 ,

1279 1063 1514 1112 ἑφθημιμερῆ,
1534 1060 1624 1105 πλὴν
1634 1064 1694 1097 τοῦ
1712 1058 1862 1110 πρώτου.
1879 1058 1936 1095 ἐπὶ
1951 1063 2025 1100 ταῖς
2036 1057 2219 1095 ἀποθέσεσι
2237 1073 2310 1095 πα·-

1281 1117 1322 1169 ρά
1326 1132 1465 1169 γραφος.
1494 1117 1549 1154 ἐπὶ
1568 1116 1603 1154 85
1620 1133 1669 1153 τω
1693 1115 1781 1153 τέλει
1811 1116 1985 1167 xopt·)v(5.]]
2013 1115 2188 1167 [πρέσὸεις
2214 1114 2312 1168 παρὰ

1279 1191 1345 1212 των
1367 1178 1450 1212 θεων
1474 1176 1650 1213 Ποσειδῶν
1670 1190 1729 1211 και
1746 1174 1923 1226 Ἥρακλης
1942 1174 2001 1210 καὶ
2018 1175 2094 1216 εἷς
2078 1189 2117 1211 εκ
2136 1189 2204 1210 των
2226 1176 2312 1226 βαρ·
2356 1176 2360 1179 ’

1281 1233 1394 1285 ὅάρων
1416 1235 1500 1270 θεων
1525 1227 1657 1282 ηλθον.]
2333 1253 2364 1276 15

1334 1303 1414 1327 1567.
1440 1304 1535 1331 ουτος
1554 1288 1586 1325 τί
1607 1289 1718 1340 δρᾷςῑ
1750 1290 1862 1326 Τοῦτο
1886 1286 1979 1338 λέγει
2000 1289 2049 1338 τῷ
2077 1286 2243 1340 βαρὸάρῳ
2261 1289 2312 1339 τῷ

1281 1347 1497 1399 συμπαρόντι
1527 1348 1619 1383 αὐτιι)
1645 1349 1690 1389 εἷς
1715 1346 1778 1391 τὴν
1802 1345 1991 1398 πρεσῧείαν
2017 1348 2034 1382 ὁ
2056 1346 2246 1391 Ποσειδῶν,
2266 1349 2312 1388 ὡς

1281 1407 1342 1442 οὐκ
1365 1404 1565 1449 ἐπιτηδείως
1588 1403 1885 1475 περιστελλομένῳ
1907 1402 1969 1448 τὴν
1990 1405 2140 1453 ἐσθῆτα,
2158 1403 2236 1440 ἀλλ’
2258 1403 2313 1440 ἐπ’

1281 1462 1446 1514 ἀριστερὰ
1462 1461 1765 1522 περιὸαλλομένῳ,
1786 1459 1903 1512 ὥσπερ
1923 1463 1953 1498 οι
1967 1461 2117 1512 Θρᾷκες.

1340 1534 1420 1558 1569.
1452 1519 1667 1561 Λαισποδίας
1693 1523 1722 1555 εἰ
1741 1518 1802 1564 τὴν
1824 1517 1923 1570 φύσιν
1947 1530 1956 1555 :
1975 1516 2060 1555 ‘'O-tv.
2087 1516 2149 1563 τὴν
2174 1517 2311 1568 κνήμην
2331 1539 2367 1563 20

1282 1582 1358 1629 εἶχε
1378 1576 1538 1629 σαθρὰν(
1526 1593 1543 1614 ο
1564 1576 1779 1618 Λαισποδίας
1798 1591 1856 1612 και
1877 1574 1981 1626 μέχρι
2000 1577 2067 1611 τῶν
2082 1574 2180 1612 κάτω
2197 1591 2314 1628 περιε-

1283 1635 1441 1673 ὅάλλετο.
1457 1634 1536 1686 [καὶ
1546 1636 1576 1671 οἱ
1593 1633 1761 1686 βάρὸαροι
1773 1631 1808 1670 85
1824 1632 1868 1670 τὰ
1886 1633 1993 1679 σκέλη
2011 1631 2312 1687 περιὸέὸληνται]

1282 1693 1497 1735 Λαισποδίας
1517 1691 1552 1729 85
1574 1692 1633 1729 καὶ
1657 1690 1843 1741 Δαμασίας
1861 1693 1907 1734 ὣς
1926 1690 2142 1741 κακόκνημοι
2162 1692 2313 1731 διαὸάλ-

1280 1753 1411 1789 λονται.
1434 1749 1642 1800 μνημονεύει
1676 1748 1711 1786 δὲ
1743 1751 1855 1786 αὐτῶν
1872 1748 1932 1786 καὶ
1951 1747 2103 1792 Εὔπολις
2128 1751 2163 1786 ἐν
2182 1750 2315 1800 Δήμοις

1361 1831 1428 1861 ταδὶ
1442 1830 1473 1860 δὲ
1490 1830 1527 1860 τὰ
1541 1830 1647 1869 δένδρα
1657 1829 1849 1864 Λαισποδίας
1859 1830 1911 1859 καὶ
1926 1829 2089 1869 Δαμασίας
2331 1845 2366 1869 25

1364 1878 1487 1908 αὐταῖσι
1502 1879 1568 1911 ταῖς
1585 1876 1750 1915 κνήμαισιν
1762 1876 1965 1906 ἀκολουθοῦσί
1978 1886 2042 1916 μοι.

1281 1951 1400 1984 τοῦτον
1411 1944 1446 1982 δὲ
1457 1945 1513 1982 τὸν
1526 1944 1743 1983 Λαισποδίαν
1755 1944 1814 1981 καὶ
1829 1943 2070 1995 στρατηγῆσαί
2080 1959 2163 1996 φησι
2175 1947 2315 1984 Θουκυ-

1283 2005 1376 2050 δίδης
1386 2005 1419 2040 ἐν
1429 2005 1459 2049 η’
1475 2004 1552 2053 [86].
1575 2001 1747 2052 μέμνηται
1765 2002 1800 2038 85
1814 2002 1915 2038 αὐτοῦ
1930 2001 2105 2053 Φρύνιχος
2124 2005 2158 2040 ἐν
2176 2005 2313 2054 Κωμα-

1284 2068 1398 2108 σταῖς,
1419 2063 1463 2103 ὁ)ς
1478 2061 1669 2109 πολεμικοῦ
1686 2058 1873 2109 γεγονότος.
1896 2058 2101 2108 (Φιλύλλιος
2125 2055 2162 2096 δὲ
2186 2062 2221 2098 ἐν
2241 2065 2315 2106 ταῖς

1284 2117 1494 2170 Πλυντρίαις
1511 2120 1556 2160 ὡς
1576 2116 1763 2169 φιλοδίκου.
1783 2110 1854 2167 εἶχε
1873 2116 1907 2153 85
1923 2116 1982 2154 καὶ
2001 2117 2079 2168 περὶ
2100 2116 2161 2160 τὰς
2180 2119 2315 2169 κνήμας
2334 2135 2369 2159 30

1285 2177 1396 2219 αἰτίας
1417 2174 1527 2221 τινὰς,
1548 2174 1593 2217 ὥς
1618 2190 1702 2227 φησι
1734 2174 1904 2226 Στράττις
1928 2175 1962 2210 ἐν
1996 2174 2156 2228 Κινησία.
2183 2176 2234 2214 διὸ
2255 2178 2316 2215 καὶ

1284 2234 1373 2273 κατὰ
1383 2235 1514 2272 σκελῶν
1528 2231 1642 2285 ἐφόρει
1658 2232 1697 2269 τὸ
1707 2232 1857 2281 ἱμάτιον,
1867 2235 1912 2274 ὡς
1925 2231 2135 2281 Θεόπομπος
2145 2234 2179 2270 ἓν
2194 2236 2315 2273 Παισί.

1286 2291 1485 2343 Δημήτριον
1497 2290 1531 2328 δὲ
1543 2289 1670 2332 πάντες
1688 2289 1744 2327 τὸν
1756 2289 1877 2333 Ἰξίονα
1895 2289 2051 2340 λέγουσιν
2069 2291 2103 2327 ἓν
2120 2294 2194 2328 ταῖς
2209 2292 2317 2331 Ἀττι-

1286 2356 1361 2393 καῖς
1379 2349 1510 2393 λέξεσιν
1530 2350 1575 2390 ὡς
1607 2349 1770 2399 γλῶσσαν
1792 2346 2006 2398 ἐξηγεῖσθαι,
2027 2347 2083 2385 ὅτι
2111 2349 2318 2394 λαισποδίας

1287 2407 1377 2445 ἐστὶν
1400 2409 1417 2443 ὃ
1441 2405 1593 2458 ἀκρατὴς
1611 2404 1751 2457 περὶτὰ
1781 2404 1982 2456 ἀφροδίσια,
2001 2403 2093 2443 ὥστε
2123 2407 2183 2444 καὶ
2207 2407 2316 2455 κτήνη
2336 2425 2371 2450 35

1287 2464 1451 2512 σποδεῖν.)

1341 2534 1419 2558 1570.
1449 2513 1477 2556 ῶ
1498 2518 1714 2570 δημοκρατία
1747 2532 1756 2556 :
1784 2517 1930 2568 Ἔμιξεν
1957 2520 2003 2561 ὡς
2035 2519 2091 2556 ἐπὶ
2117 2521 2316 2567 Ἀθηναίων.

1288 2578 1362 2617 ἐπεὶ
1373 2577 1544 2626 ἰσοτιμίας
1560 2576 1663 2622 οὔσης
1675 2575 1857 2625 συμὸαίνει
1869 2575 2038 2625 δημώδεις
2055 2577 2129 2626 ἅμα
2146 2585 2215 2622 τοῖς
2228 2579 2317 2624 ἀξιο-

1286 2635 1419 2676 πίστοις
1437 2632 1728 2678 ἀποστέλλεσθαι,
1749 2631 1866 2683 ὥσπερ
1886 2647 1944 2669 και
1964 2637 2022 2669 νῦν
2047 2636 2064 2670 ὁ
2080 2633 2253 2688 βάρὸαρος
2273 2639 2319 2680 εἷς

1289 2691 1395 2742 μηδὲν
1413 2691 1585 2742 χρήσιμον
1597 2705 1657 2727 συν
1671 2689 1933 2728 Ποσειδῶνικαι
1945 2689 2317 2741 Ἡρακλεῐᾶπεστάλη.
2337 2718 2372 2743 40

1289 2749 1410 2801 [φησιν
1432 2752 1503 2793 οὖν,
1520 2746 1681 2798 προάγεις
1700 2749 1792 2795 ἡμᾶς
1811 2748 1839 2782 ὠ
1865 2746 2101 2797 δημοκρατία,
2129 2765 2181 2786 οτι
2200 2755 2320 2791 τοῦτον

1288 2805 1549 2858 ἐχειροτόνησαν
1564 2807 1595 2841 οἱ
1610 2807 1644 2841 θε
1633 2803 1691 2841 εοί.
1695 2803 1713 2854 ’Β
1734 2825 1779 2830 —-
1791 2803 1987 2855 προὸιὸαςὶ
2008 2805 2191 2857 Προάγεις.
2210 2816 2293 2846 Vict

1343 2877 1420 2901 1571.
1449 2866 1559 2899 ταῦτα
1592 2862 1777 2910 θαυμάζων
1813 2860 1928 2910 λέγει,
1956 2861 2075 2908 ἐπειδὴ
2107 2864 2216 2916 γέρων
2241 2861 2284 2913 ἦν
2303 2871 2321 2906 ὁ

1292 2920 1542 2970 Πεισθέταιρος.
1563 2927 1587 2955 R

1345 2991 1424 3016 1577.
1456 2976 1651 3028 [ᾑρήμεσθα
1673 2988 1681 3013 :

1345 3047 1423 3073 1578.
1454 3033 1668 3086 [διπλασίως
1692 3046 1700 3071 t

1290 3092 1393 3144 γῶν]

1347 3162 1426 3187 1582.
1457 3150 1586 3185 ἐπικνῶ
1615 3161 1623 3186 2

1302 3214 1386 3244 Ποῖ.

1347 3263 1479 3315 σίλφιον
1499 3275 1507 3300 :
1530 3255 1631 3304 Εἶδος
1658 3261 1805 3312 βοτάνης
1819 3262 2015 3313 ἡδυόσμου,
2034 3264 2096 3303 καὶ
2111 3265 2264 3315 μάλιστα
2283 3267 2322 3305 τὸ
2342 3289 2377 3314 ⁵0

1296 3318 1527 3372 Κυρηναῖκόν.
1563 3319 1654 3356 τὸδὲ
1681 3318 1758 3356 ὅλον
1787 3319 2008 3372 πρόσκνισμα
2036 3325 2095 3358 τοῦ
2113 3321 2324 3374 ζΗρακλέους

1294 3379 1402 3414 ποιῶν
1435 3379 1452 3413 ὃ
1489 3375 1750 3428 ΠεισΟέταιρος,
1771 3377 1863 3414 δοκεῖ
1891 3376 1976 3428 πρὸς
2005 3377 2167 3430 μάγειρον
2200 3381 2324 3419 οἰκεῖον

1297 3433 1512 3485 διαλέγεσθαι
1529 3434 1584 3470 ἐπὶ
1603 3436 1652 3486 τῷ
1673 3434 1871 3487 εὐτρεπίσαι
1889 3435 2034 3472 δεῖπνον.

1704 2975 2064 3028 Ἔχειροτονήθημεν.]
2340 3003 2375 3027 45

1731 3035 1903 3070 Τοσοῦτον
1929 3035 1966 3071 οὔ
1989 3035 2155 3087 φροντίζω
2178 3038 2322 3078 διαλλα-

1653 3147 1741 3185 ’An-‘t
1772 3151 1830 3184 τοῦ
1862 3148 2039 3189 ἐπίὸαλλε.
2071 3173 2123 3180 -—·
2156 3152 2323 3206 ἐπίτριὸε.
