2485 3808
973 201 1227 241 SCHOLIA
1266 203 1322 240 ΙΝ
1359 202 1518 240 AVES.

183 290 372 343 τρίψαντες.
389 287 485 340 παρὰ
503 286 540 324 τὸ
557 285 698 332 κναίειν,
722 285 760 322 τὸ
784 285 1002 338 διαφθείρειν.
1021 285 1153 338 σίλφιον
1179 285 1214 323 δὲ

185 349 259 401 ῥίζα
279 346 448 396 ἡδύοσμος
467 345 550 397 πρὸς
571 345 711 396 ἄλφιτα.
732 343 823 393 λέγει
841 343 875 381 85
893 345 931 381 τὸ
952 345 985 380 ἐν
1014 344 1127 394 Λιῧύῃ
1154 360 1213 394 γε-

183 407 334 456 νόμενον.
364 403 545 456 θεραπεύει
575 403 609 440 δὲ
639 401 752 440 πολλὰ
782 403 840 439 καὶ
866 402 937 440 ἔστι
966 403 1212 452 πολυτίμητον.

183 465 241 502 καὶ
256 466 289 501 ἐν
309 463 457 515 Πλούτῳ
476 464 556 513 [925]
576 462 678 514 φησιν

147 562 162 586 5
407 557 469 587 οὐδ’
485 557 521 586 ἂν
533 557 557 586 εἰ
569 555 650 591 δοίης
662 555 696 594 γέ
711 566 761 594 μοι

282 604 334 635 τὸν
352 604 487 634 Πλοῦτον
505 603 596 633 αὐτὸν
610 604 661 632 καὶ
676 603 710 632 τὸ
726 601 843 633 Βάττου
858 602 987 641 σίλφιον.

232 699 294 724 535.
325 685 537 735 κατάχυσμα
557 698 565 722 ;
588 683 724 734 Ζωμὸν,
742 683 837 735 παρὰ
853 683 891 721 τὸ
911 682 1088 734 χεύεσθαι.
1104 682 1212 731 γλυκὺ

179 744 231 790 δὲ,
250 744 363 793 μέλιτι
381 742 593 792 δεδευμένον.
679 739 839 791 (Ἄλλως.
862 742 958 779 οὐδὲν
974 740 1078 778 πλέον
1105 739 1127 786 ἢ
1150 756 1214 778 κα-

178 802 363 853 τάχυσμα,
387 801 475 838 ὥστε
502 800 569 837 ἀπὸ
591 799 711 837 τούτου
734 799 792 836 καὶ
816 798 859 836 τὰ
882 797 1139 849 καταχύσματα
1158 797 1215 835 λε’-

177 863 322 913 γεσθαι.)

130 930 160 954 10
231 934 294 959 536.
325 917 584 957 κατεσκέδασαν
599 931 608 956 :
626 915 810 967 κατέχεαν.
830 923 912 952 ΒΝ.

230 991 293 1016 538.
322 976 439 1029 ὥσπερ
456 975 639 1027 κενεὲρίων
659 989 666 1013 :
690 972 793 1012 Κατὰ
813 972 1007 1024 ἐναλλαγὴν
1027 975 1095 1010 τῶν
1117 988 1213 1011 στοι-

176 1035 280 1086 χείων
298 1035 374 1072 ἀντὶ
390 1038 450 1072 τοῦ
467 1032 689 1085 νεκριμαίων.
716 1033 762 1073 ὡς
787 1033 854 1068 τῶν
873 1030 1085 1080 θνησιμαίων
1104 1033 1213 1083 κρεῶν

176 1092 424 1145 ποικιλωτέρας
466 1090 638 1143 ἀρτύσεως
679 1087 862 1139 δεομένων.
969 1091 979 1139 (
986 1087 1129 1131 ’.Αλλως
1169 1088 1213 1126 τὰ

176 1151 363 1200 θνησιμαῖα
382 1148 485 1200 κρέα
489 1147 595 1190 οὕτως
611 1146 765 1185 εκάλουν.
784 1146 837 1197 [fr.
857 1160 933 1185 559·
926 1147 958 1198 .]
987 1165 1003 1180 «
1019 1148 1082 1185 οὐκ
1098 1146 1167 1185 ἔσθ’
1184 1141 1212 1184 Γ)

126 1224 156 1248 15
175 1206 407 1260 κενέὸρειον“
386 1222 466 1244 οταν
481 1205 580 1257 θύσῃ.
595 1207 629 1255 ι»)

225 1279 288 1305 539.
320 1265 429 1319 [πολυ
456 1264 535 1311 δὴτ
564 1263 722 1306 Εἴσθεσις
749 1262 873 1313 μέλους
899 1278 1028 1315 χορου,
1057 1263 1210 1316 ἐπωδικὴ

173 1323 234 1374 μὲν
252 1323 309 1362 διὰ
328 1323 366 1362 τὸ
384 1322 473 1374 μετὰ
490 1322 552 1370 τὴν
575 1323 701 1368 διπλῆν
720 1322 883 1360 τίθεσθαι·
901 1321 1080 1374 προωδικὴ
1099 1322 1135 1360 85
1156 1322 1211 1360 διὰ

171 1383 210 1420 τὸ
226 1382 474 1435 προτίθεσθαι’
461 1380 579 1433 ετέρας
596 1381 731 1426 διπλῆς.
759 1378 830 1417 ἔστι
849 1379 884 1417 85
912 1379 971 1417 καὶ
991 1380 1212 1433 ἀντίστροφος

171 1443 232 1487 τῆς
250 1440 499 1493 προρρηθείσ-ης
518 1441 684 1491 στροφῆς,
703 1437 759 1476 διὰ
777 1438 816 1475 τὸ
832 1437 891 1475 καὶ
905 1437 1012 1483 αὐτὴν
1031 1439 1071 1476 ἐκ
1090 1439 1211 1476 κώλων

121 1514 157 1538 20
173 1503 372 1550 συγκεῖσθαι
387 1499 447 1536 καὶ
464 1497 592 1549 στίχων
608 1496 855 1548 ἀσυναρτήτων
876 1496 919 1545 θ’,
938 1496 1064 1546 ὁμοίων
1083 1497 1209 1549 ἐκείνη.

172 1558 245 1609 ἔχει
265 1557 301 1595 δὲ
321 1556 379 1595 καὶ
400 1559 433 1594 ἐν
455 1555 584 1594 ἐκθέσει
603 1554 680 1598 τοὺς
701 1554 856 1600 συνήθεις
876 1555 935 1592 δύο
962 1555 1102 1607 στίχους
1122 1557 1211 1593 ἀνα-

170 1615 373 1659 παιστικοὺς
391 1615 528 1666 ὁμοίους
544 1615 613 1657 τοῖς
630 1613 706 1660 ἑξῆς
727 1613 796 1660 ξα’,
817 1615 922 1665 διπλῗΙ
943 1614 1008 1658 ἔξω
1035 1615 1211 1666 νενευκυῖα

170 1673 458 1727 περατουμένους.
488 1673 546 1712 ἐπὶ
570 1675 620 1724 τῷ
645 1672 736 1710 τέλει
763 1671 824 1710 δύο
852 1673 975 1710 διπλαῖ
1002 1672 1066 1716 ἔξω
1097 1689 1212 1711 νενευ-

171 1732 298 1784 κυῖαι.Ἦ

119 1810 152 1834 25
222 1788 490 1841 χαλεπωτάτους
504 1787 644 1840 λόγους;
661 1788 750 1827 Ἀντὶ
765 1791 825 1825 τοῦ
841 1787 1034 1840 λυπηροὺς,
1051 1788 1209 1841 χαλέψαι

170 1848 390 1898 δυναμένους.

221 1920 284 1946 540.
317 1908 424 1957 (ἐμῶν
446 1905 606 1959 πατέρων
633 1919 642 1945 z

171 1964 306 2002 σὸυτῶν
326 1964 527 2002 καταὸοῶσι
543 1967 610 2002 τῶν
634 1963 795 2016 πατέρων
815 1966 861 2006 ὡς
881 1963 1127 2002 ἀπολεσάντων
1147 1964 1208 2011 τὴν

172 2022 381 2074 βασιλείαν.)

117 2099 154 2126 30
223 2094 287 2119 543.
316 2081 372 2119 ἐπ’
393 2082 478 2131 ἐμοῦ
505 2093 513 2119 :

169 2138 298 2190 χόμην.

222 2210 286 2236 547.
316 2196 361 2235 τὰ
379 2196 544 2235 νεόττιαε

663 1905 920 1958 Ἐρεθισθέντες
942 1904 1010 1943 ὑπὸ
1028 1908 1097 1943 τῶν
1122 1922 1210 1959 πρε-

535 2082 598 2124 Εἶς
617 2079 696 2117 ὅσον
716 2078 838 2123 αὐτοὺς
861 2079 930 2130 ἐγὼ
953 2080 1074 2132 χρόνον
1099 2081 1208 2119 διεδε-

563 2196 661 2235 Ὡσεὶ
681 2189 811 2233 εἷπεν’
796 2194 858 2244 εμὲ
878 2211 938 2233 και
957 2195 1002 2233 τὰ
1020 2197 1125 2234 τέκνα
1143 2213 1208 2247 μου

2236 215 2307 247 223

1273 285 1424 334 γόνασιν,
1445 280 1541 329 οὗτός
1555 301 1590 323 τε
1611 287 1668 324 καὶ
1686 287 1788 325 ὁπότε
1808 289 1994 326 Φωκεῦσιν
2015 290 2173 329 ἐπέθεντο
2191 294 2307 330 Λακε-

1274 344 1555 393 32t1150th.(-5V
1541 344 1607 381 Ξνίῦ
1612 360 1639 387 ῑζ
1658 361 1688 382 T(
1689 362 1724 382 OV
1746 346 2007 395 urouvwssss'tow
2027 363 2136 386 ταυτα
2156 349 2207 386 λε·
2198 365 2306 432 γεταιὲ

1245 423 1247 455 3
1272 402 1362 454 ἱερὸν
1389 402 1539 452 πόλεμον
1565 402 1674 453 λεγει,
1702 404 1787 441 καθο
1806 420 1889 456 προς
1914 405 2006 448 θεούς
2031 405 2152 445 ἔσοιτο.
2175 408 2290 458 ἅμαῖ
2272 409 2307 447 οὲ

1245 458 1247 479 ”
1272 463 1372 497 τουὶε
1360 475 1436 512 ,ρου
1452 462 1535 497 πολε
1540 476 1604 509 μου
1622 462 1828 511 μνημονεύει
1846 479 1903 500 του
1920 464 2103 514 γενομένου
2121 467 2308 512 Ἀ-θηναίοις

1273 518 1355 568 πρὸς
1374 518 1522 561 (Ι)ιι)κεάς
1547 518 1631 570 ὑπὲρ
1655 524 1712 556 τοῦ
1734 521 1768 556 ἐν
1789 522 1932 573 Δελφοῖς
1952 525 2056 572 ἱεροῦ.
2085 525 2306 575 ἐσχεδίασται
2327 542 2343 566 5

1273 575 1307 612 85
1326 576 1380 612 υ’π
1400 578 1524 614 αιιτῶν.
1546 591 1584 612 ου
1601 575 1665 628 γὰρ
1683 593 1765 628 προς
1783 579 1960 622 Φωκέας
1949 580 2010 617 υττὲ
1999 597 2034 632 ,ρ
2053 582 2172 620 τούτου
2194 584 2309 622 επο)ε’·

1274 648 1402 681 μησαν,
1427 633 1503 669 αλλ’
1526 632 1611 702 ὑπὲρ
1636 634 1846 679 Φωκέων,
1828 635 1884 673 σιὰ
1912 638 1950 673 τὸ
1975 653 2057 689 προς
2083 642 2305 691 Λακεδαιμο-

1272 690 1360 733 νίους
1389 690 1496 740 ἔγθος.
1522 706 1559 740 γε
1563 690 1682 741 γόνασι
1709 691 1744 729 85
1771 692 1830 730 δύο
1856 693 2001 744 πόλεμοι
2025 696 2120 747 ἱεροί.
2148 699 2310 752 πρότερος

1275 748 1336 785 μὲν
1363 749 1651 798 Λακεδαιμονίοις
1675 765 1761 802 προς
1789 753 1928 794 Φωκεῖς
1961 769 2006 789 υπ
1996 752 2044 824 ἔρ
2070 757 2149 792 As).
2142 759 2223 794 ὀΓ-ιν.
2251 774 2309 795 και

1272 821 1489 856 κρατησαντε
1494 823 1508 849 ς
1527 811 1586 844 τοῦ
1601 809 1723 858 ἱεροῦ
1714 809 1983 857 Λακεδαιμονιοι
1997 826 2058 856 την
2073 815 2308 863 προυαντείαν
2333 839 2364 863 10

1272 862 1369 915 παρὰ
1383 865 1560 902 ΔελοΓιινε
1547 864 1687 904 ἔλαοον.
1707 865 1848 919 ύστερον
1865 866 1900 904 85
1918 867 2054 920 τρίτις.)
2041 884 2092 906 252
2081 885 2107 906 -ι
2128 874 2188 908 τοῦ
2211 873 2311 924 πρώ-

1272 937 1330 958 του
1365 921 1519 971 πολέμου
1555 922 1744 993 ᾈθηναίοις
1780 940 1864 976 προς
1898 927 2193 977 Λακεδαιμονίους
2226 946 2289 968 υπε
2277 947 2312 983 ρ

1273 978 1442 1017 Φωκέων.
1470 995 1529 1017 και
1548 980 1586 1018 τὸ
1613 981 1703 1031 ἱερον
1730 982 1817 1019 ‹in-50
1821 998 1914 1019 ωκαν
1932 985 2120 1031 Φωκεῦσι,
2149 987 2307 1040 καθάπερ

1272 1037 1331 1074 καὶ
1361 1037 1556 1090 Φιλόχορος
1582 1041 1615 1076 ἐν
1642 1056 1684 1091 τῃ
1713 1041 1741 1078 8
1760 1041 1863 1091 λέγει.
1891 1042 1994 1078 καλε“
1964 1057 2050 1080 ειται
2071 1043 2105 1080 85
2126 1044 2232 1096 ἱερος,
2258 1061 2310 1083 οτι

1271 1109 1349 1164 περι
1366 1099 1424 1133 τοῦ
1450 1099 1484 1134 ἐν
1507 1098 1588 1134 As)
1570 1103 1653 1149 φοῖς
1675 1100 1704 1135 ἱε
1690 1114 1765 1150 ,ρου
1787 1098 1934 1149 ἐγένετο.
1959 1101 2087 1152 ἱστορεῖ
2093 1102 2187 1172 ’περὶ
2206 1104 2310 1140 αὐτου
2334 1122 2365 1146 15

1271 1152 1330 1190 καὶ
1349 1154 1565 1201 Θουκυδίδης
1584 1157 1634 1206 [1,
1655 1157 1720 1207 112]
1740 1172 1798 1194 και
1819 1157 2102 1209 Ἐρατοσθένης’
2088 1175 2122 1196 εν
2141 1163 2190 1197 τῶ
2207 1161 2236 1198 0'
2252 1161 2311 1198 καὶ

1271 1210 1514 1261 Θεόπομπος
1500 1229 1533 1250 εν
1551 1216 1599 1250 τΓι)
1618 1214 1667 1250 κε’
1674 1216 1695 1263 .)

1324 1284 1387 1308 558.
1420 1270 1496 1322 [Ἀλ
1490 1271 1660 1321 κμηνας;
1682 1271 1748 1311 Δια
1765 1276 1823 1310 τοῦ
1849 1275 2080 1320 πληθυντικοῦ
2101 1275 2228 1323 ηὔξησε
2248 1276 2311 1324 τὴν

1271 1327 1450 1374 διαὸολην.
1456 1329 1472 1380 Ἦ

1324 1400 1385 1424 559.
1418 1387 1494 1439 [καὶ
1515 1387 1577 1431 τὰς
1593 1387 1768 1432 Ἀλόπαςζ
1786 1389 1914 1437 Ἀλόπη
1933 1391 2123 1444 Κερκυόνος
2140 1393 2309 1446 θυκάτηρ,
2329 1418 2365 1442 20

1269 1448 1291 1495 ᾗ
1311 1445 1369 1481 καὶ
1390 1447 1608 1489 Ποσειδῶνος
1625 1447 1694 1489 υἱὸς
1713 1447 1917 1486 Ιπποθόων.
1922 1449 1939 1500 Ἦ

1323 1516 1384 1541 562
1416 1502 1505 1541 θύειν
1529 1504 1677 1556 ὅρνισι;
1703 1506 1781 1557 Πρὸ
1805 1509 1872 1543 τῶν
1897 1510 1996 1546 θεῶν.
2025 1507 2082 1559 [rb
2108 1509 2274 1547 λοιπον
2256 1510 2309 1557 05,

1271 1562 1316 1603 εἷς
1333 1561 1371 1598 τὸ
1388 1561 1592 1613 ἔμπροσθεν,
1610 1562 1969 1615 npom5iu.25012305]
1965 1565 2101 1617 μερίσαι
2113 1583 2173 1604 και
2192 1583 2309 1620 προσ-

1270 1622 1445 1656 οικειῶσαι
1471 1619 1616 1658 ἕκαστον
1636 1621 1726 1672 ὄρνιν
1763 1621 1901 1659 ἑκάστω
1926 1626 2011 1676 θεῶ,
2034 1622 2158 1676 ἱερακα
2179 1625 2307 1663 Ἀπόλ-

1269 1677 1352 1714 λωνι
1370 1678 1429 1714 καὶ
1448 1677 1492 1715 τὰ
1511 1681 1544 1722 5
1531 1678 1598 1724 ξης.
2327 1706 2362 1731 25

1323 1748 1386 1773 565.
1417 1735 1457 1781 ἢν
1485 1735 1664 1788 Ἀφροδίτῃ
1695 1736 1756 1787 θύη
1789 1753 1915 1789 πυρους
1945 1752 1953 1777 :
1983 1739 2184 1809 Πυρρυςλέ
2186 1757 2237 1790 κει
2265 1745 2307 1795 τῇ

1270 1791 1451 1845 Ἀφροδίτη
1479 1793 1582 1841 θύειν,
1614 1810 1672 1832 επε
1679 1813 1687 1831 ι
1713 1797 1743 1832 οἱ
1772 1795 1865 1847 ἑρθοὶ
1893 1797 1995 1848 πυροὶ
2014 1813 2099 1850 προς
2127 1800 2308 1838 συνουσίαν

1269 1851 1449 1902 ἐγερτικοί.
1465 1855 1487 1898 ἡ
1507 1851 1542 1890 δὲ
1560 1852 1742 1905 ραληρις”
1722 1853 1838 1906 ορνεόν
1853 1855 1926 1892 ἐστι
1940 1857 2098 1905 λιμναιον
2115 1858 2306 1910 (εὔπρεπές.

1269 1910 1487 1961 ἐσχημάτισε
1508 1911 1542 1948 85
1561 1910 1658 1963 παρὰ
1674 1911 1732 1949 τὸν
1754 1912 1910 1965 φαλλόν).

1321 1982 1387 2007 566.
1418 1968 1460 2014 ἢν
1481 1969 1516 2006 85
1538 1971 1733 2008 Ποσειδῶνι
1756 1983 1766 2009 Ζ
1787 1971 1994 2024 (Γράφεται,
2015 1974 2206 2011 Ποσειδῶνι
2229 1978 2308 2026 βοῦν
2329 1996 2364 2021 3ss

1267 2042 1318 2069 τις
1335 2027 1425 2078 θύῃ.)
1451 2030 1557 2073 νῆττα
1579 2027 1615 2065 85
1632 2027 1728 2079 παρὰ
1748 2028 1786 2066 τὸ
1807 2029 1990 2080 νήχεσθαι,
2014 2030 2089 2068 ἐπεὶ
2113 2031 2250 2085 ἔνυδρον
2270 2033 2309 2071 τὸ

1239 2123 1241 2125 ,
1268 2087 1365 2137 ζῷον.
1386 2085 1512 2138 καὶτῷ
1530 2088 1723 2124 Ποσειδῶνι
1743 2087 1779 2124 85
1800 2090 1833 2125 ἐν
1853 2091 1945 2141 ὑγρῷ
1963 2092 1984 2134 ἦ
2006 2089 2133 2128 δίαιτα.

1321 2157 1383 2181 557.
1414 2142 1473 2195 [ην
1499 2144 1526 2180 δ’
1548 2144 1718 2195 εΗρακλεῖ
1743 2145 1805 2196 θύη
1835 2161 1921 2188 τις.
1914 2146 2018 2185 ’Τὸν
2037 2147 2183 2200 λάρον
2165 2148 2221 2186 οιὰ
2245 2166 2308 2196 την

1268 2201 1464 2253 ἀδνφαγίαν
1493 2201 1662 2254 εΗρακλεῗ
1686 2203 1936 2255 προσανάπτει.
1964 2205 2087 2248 ναστὸς
2116 2206 2170 2253 85,
2198 2206 2309 2257 μέγας

171 2255 358 2305 ἀνατίθημί
386 2270 439 2292 σοι
464 2253 554 2292 ὥστε
576 2255 727 2292 διοικεῖν.
751 2254 876 2304 (ταῦτα
901 2253 937 2291 85
962 2253 1102 2292 εἰώθασι
1124 2255 1210 2307 πρὸς
1237 2290 1242 2313 ,
1266 2258 1578 2305 πλακουντώδης
1556 2275 1666 2311 exp-og
1688 2263 1705 2297 ὁ
1726 2260 1761 2298 δὲ
1783 2261 2039 2308 Ἀσκληπιάδης
2058 2263 2159 2315 φησὶν
2181 2266 2303 2312 εὖτελη
2324 2283 2359 2308 35

170 2328 248 2356 τους
264 2313 394 2359 εὐήθεις
409 2315 477 2350 τῶν
498 2312 686 2364 ἀνθρώπων
703 2311 753 2349 λε’
726 2327 825 2362 (ειν.
818 2313 838 2361 .)

116 2385 151 2410 35
224 2385 286 2409 550.
311 2387 363 2409 οτι
379 2371 532 2423 ὀφείλετε
553 2370 634 2419 μίαν
655 2368 754 2407 πόλιν
772 2368 876 2420 ἔχειν.
898 2377 936 2406 R.
955 2377 995 2407 V.

222 2442 285 2468 551.
314 2429 354 2467 τὸ
374 2427 501 2479 μεταξὺ
519 2406 613 2478 λέγει
629 2430 692 2478 γῆς
712 2427 771 2464 καὶ
791 2428 948 2478 οὐρανοῦ.
971 2435 997 2464 R

221 2499 285 2524 552.
314 2486 465 2529 πλίνθοις
494 2487 616 2528 ὀπταῖς
646 2499 655 2523 2
689 2485 790 2524 Φασὶ
818 2484 886 2538 γὰρ
919 2484 981 2531 τὴν
1012 2486 1206 2524 Βαὲυλῶνα

167 2543 238 2582 ἀπὸ
265 2546 379 2582 ὀπτῶν
410 2543 560 2582 πλίνθων
589 2544 876 2593 οἰκοδομηθῆναι,
908 2543 968 2581 καὶ
997 2544 1073 2582 ἀντὶ
1097 2545 1206 2597 γύψου

169 2601 335 2655 ἀσφάλτῳ
363 2603 567 2647 συνδεθῆναι
597 2601 658 2645 τὰς
688 2601 860 2644 πλίνθους.
892 2605 912 2648 ἡ
942 2602 1142 2654 Σεμίραμις
1171 2603 1206 2641 85

118 2676 153 2701 4ο
172 2659 283 2698 ἔκτισε
297 2659 360 2706 τὴν
379 2660 589 2698 Βαὸυλῶνα.

221 2732 283 2757 553.
313 2712 358 2769 [ὠ
378 2717 551 2770 Κεὸριόνα
577 2730 585 2755 :
606 2715 752 2767 Ὄρνεόν
777 2715 811 2754 τί
830 2732 914 2770 φησι
932 2717 990 2755 τὸν
1009 2718 1203 2771 κεὸριόνην.

169 2775 285 2820 ἔπαιξε
299 2777 334 2813 δὲ
344 2775 451 2822 ,ὡσει
474 2774 603 2825 ἔλεγεν,
622 2792 636 2807 «
654 2791 682 2812 ιι)
694 2774 781 2821 θεοὶ,
793 2777 839 2818 ὡς
854 2776 1067 2828 σμερδαλέον
1083 2777 1122 2814 τὸ
1138 2777 1205 2815 πό-

167 2835 290 2883 λισμα.
304 2852 320 2867 »
333 2832 535 2879 ἐπιτηδείως
553 2832 588 2870 85
603 2831 661 2869 τὸν
681 2832 905 2885 πορφυρίωνα
918 2833 1129 2886 παρέλαὸεν,
1144 2851 1203 2872 και

166 2890 218 2928 ὅτι
237 2890 329 2942 ὄρνις
344 2890 404 2927 καὶ
423 2889 475 2927 οτι
492 2893 538 2933 εἷς
552 2892 620 2927 τῶν
634 2889 803 2940 γιγάντων
818 2890 933 2940 ὅμοιος
945 2895 994 2929 τῶ
1010 2892 1183 2945 Κεὸριόνῃ
1193 2923 1204 2943 ,

116 2956 151 2981 45
167 2948 204 2986 ὃν
218 2947 428 3000 ἐχειρώσατο
440 2950 463 2993 ἡ
480 2947 675 2999 Ἀφροδίτη.
694 2948 852 2994 ἐπίτηδες
866 2953 923 2986 οὖν
938 2951 1006 2986 τῶν
1018 2950 1204 3002 θεομάχων

167 3007 373 3057 ἐμνήσθη,’
358 3021 433 3044 επει
448 3021 508 3042 και
529 3005 625 3042 αὐτοὶ
641 3006 929 3057 θεομαχησουσιν.
933 3008 948 3058 ]

219 3078 285 3103 555.
314 3062 570 3114 γνωσιμαχήσῃ
594 3076 602 3100 :
625 3064 901 3115 Γνωσιμαχῆσαί
924 3065 1055 3104 ἔστιτὸ
1076 3066 1201 3118 γνόντα

168 3121 244 3159 τινὰ
261 3120 312 3159 ὅτι
328 3119 415 3173 πρὸς
434 3119 607 3172 κρείττους
626 3121 722 3172 αὐτῷ
738 3124 759 3167 ἦ
781 3122 878 3173 μάχη
898 3123 1088 3174 ἧσυχάσαι.

220 3193 283 3218 556.
311 3178 402 3229 ἱερὸν
416 3177 568 3227 πόλεμον
587 3190 596 3216 :
617 3177 661 3216 ‘O
679 3178 768 3230 ἱερὸς
785 3179 935 3229 πόλεμος
951 3181 1086 3231 ἐγένετο
1103 3182 1198 3228 Ἀθη-

118 3245 153 3271 Ιιο
168 3237 274 3280 ναίοις
298 3236 383 3289 πρὸς
404 3234 574 3278 Βοιωτοὺς
597 3234 819 3286 βουλομένους
839 3237 1023 3288 ἀφελέσθαι
1044 3238 1201 3276 Φωκέων

166 3294 206 3332 τὸ
223 3300 395 3344 μαντεῖον.
416 3293 617 3339 νικήσαντες
636 3291 672 3329 δὲ
688 3293 852 3330 Φωκεῦσι
870 3294 974 3331 πάλιν
999 3296 1201 3342 ἀπέδωκαν,

505 3350 595 3377 -ΝΚΙ

166 3355 211 3394 ὡς
230 3352 422 3404 Φιλόχορος
446 3352 472 3400 (εἰ
475 3367 524 3387 ν-
512 3367 546 3395 .·r
567 3365 584 3387 ο
600 3348 667 3400 >λέ
651 3365 732 3400 ..γει.
752 3349 810 3386 δύο
832 3350 867 3387 85
882 3352 1128 3403 ἱεροὶπόλεμοι
1144 3370 1200 3404 γε-

1236 2317 1242 2361 Ι
1266 2318 1479 2355 πλακοῦντα.
1505 2317 1730 2367 μελιτούττας
1758 2318 1811 2365 85,
1834 2319 1947 2369 μέλιτι
1976 2321 2191 2371 δεδευμένας.
2212 2323 2250 2360 τὸ
2271 2323 2306 2361 85

1266 2375 1336 2410 πλτ
1331 2389 1411 2426 ,ρες,
1425 2373 1569 2417 ναστοὺς
1582 2375 1641 2412 καὶ
1657 2377 1723 2425 αελ
1715 2376 1894 2420 ιτούττας.
1912 2377 2022 2415 λείπει
2037 2378 2104 2430 γὰρ
2121 2383 2139 2417 ὁ
2153 2380 2213 2417 καί
2227 2381 2307 2418 σύν-

1267 2433 1400 2482 δεσμος.
1404 2432 1423 2484 Ἦ

1318 2504 1382 2528 568.
1413 2490 1587 2543 ὀρχίλος
1567 2504 1683 2543 ορνιςῐ
1707 2490 1795 2543 [Διὰ
1814 2508 1876 2535 τας
1892 2494 2050 2545 μοιχείας
2069 2499 2128 2533 τοῦ
2149 2496 2229 2540 Διὸς
2248 2497 2304 2535 τὸν

1265 2547 1355 2600 ὄρνιν
1373 2550 1485 2601 παρελ
1488 2548 1602 2586 αὲεν.
1575 2563 1603 2601 ,Ἦ
1619 2549 1797 2588 ἐπλάσατο
1812 2551 1851 2588 τὸ
1868 2551 1977 2602 ὄνομα
1995 2568 2052 2590 του
2070 2553 2209 2606 ὄρνιθος.
2229 2556 2304 2594 ἐπεὶ
2324 2577 2358 2602 40

1264 2605 1467 2658 κατωρερης
1487 2609 1505 2643 ὁ
1525 2605 1612 2650 Ζευς
1635 2607 1694 2644 καὶ
1718 2607 1856 2659 μοιχὸς,
1876 2609 1932 2646 διὰ
1952 2626 2051 2648 τουτο
2070 2611 2208 2662 ὀρχίλον
2230 2628 2304 2650 πα-

1265 2664 1457 2716 ρείληχεν
1439 2664 1496 2702 οια
1511 2680 1588 2708 τους
1601 2665 1726 2717 ὄρχεις.
1742 2666 1780 2703 τὸ
1796 2665 1831 2704 85
1848 2666 1971 2720 σέρφον
1986 2668 2132 2720 ἔνορχιν,
2147 2673 2192 2714 ὡς
2205 2671 2299 2722 κριὸν

1264 2719 1411 2791 ἔνορχιν.
1434 2722 1581 2767 δηλον
1563 2738 1598 2759 05
1624 2724 1777 2760 ἐντευθεν
1804 2740 1857 2761 οτι
1882 2726 1964 2776 οὐχ,
1984 2728 2029 2769 ὡς
2053 2727 2181 2765 οἴονταί
2199 2745 2303 2777 τινες,

1264 2778 1405 2831 σπέρμα
1426 2795 1458 2817 τι
1478 2782 1495 2817 ὃ
1513 2779 1645 2832 σέρφος.
1666 2780 1792 2831 [ἔστι
1775 2780 1809 2818 οὲ
1830 2784 1914 2834 ζῶον
1935 2786 2192 2836 μυρμηκῶδες]

1315 2851 1381 2875 570.
1425 2837 1535 2883 ἥσθην
1563 2837 1679 2890 σέρφω
1707 2851 1715 2876 :
1744 2838 1808 2882 Ως
1833 2845 2058 2893 καταφρονῶν
2078 2844 2182 2880 αυτοῦ
2205 2859 2299 2896 φησι.
2319 2867 2355 2892 45

1263 2909 1323 2931 και
1356 2894 1510 2946 δωρίζειν
1546 2895 1716 2939 πολλάκις
1750 2897 2019 2943 ἐπιτηδεύουσιν.

1264 2951 1398 3004 Σέρςρος
1415 2952 1556 3003 μύρμηξ
1578 2953 1762 3005 πτερωτός.
1795 2961 1875 2991 met.

1316 3023 1380 3048 571.
1411 3011 1487 3047 ἀντὶ
1505 3014 1563 3048 τοῦ
1582 3012 1729 3053 εὐτελεῖς
1745 3010 1890 3063 ὄρνιθας.
1912 3020 1938 3049 R

1314 3080 1378 3106 574.
1411 3067 1535 3105 αὐτίκα
1553 3067 1644 3114 Νίκη
1666 3068 1840 3107 πέταται;
1863 3070 2078 3122 ΊΝεωτερικὸν
2094 3071 2133 3109 τὸ
2152 3071 2248 3119 τὴν
2235 3074 2300 3113 Νί-

1260 3140 1324 3171 κην
1341 3125 1403 3162 καὶ
1421 3125 1479 3162 τὸν
1499 3122 1642 3178 Ερωτα
1660 3127 1886 3177 ἐπτερῶσθαι.
1907 3125 2090 3180 Ἄρχεννον
2109 3130 2176 3183 γάρ
2196 3147 2298 3184 φασι,
2319 3153 2355 3178 50

1260 3182 1317 3220 τὸν
1334 3183 1520 3221 Βουπάλου
1531 3183 1590 3220 καὶ
1602 3183 1774 3229 Ἀθηνιδος
1791 3199 1937 3235 πατέρα,
1950 3188 1980 3223 οι
1993 3185 2028 3224 85-
2041 3187 2299 3242 Ἀγλαοφῶντα,

1260 3256 1318 3278 τον
1340 3240 1473 3279 Θάσιον
1495 3244 1541 3285 ζω
1544 3241 1692 3293 γράφον,
1709 3241 1843 3288 πτηνὴν
1858 3243 2071 3295 ἐργάσασθαι
2089 3245 2184 3292 τὴνι
2172 3248 2298 3297 Νίκην,

1261 3301 1305 3342 ὡς
1324 3301 1354 3335 οἱ
1370 3314 1449 3349 περι
1469 3297 1663 3350 Καρύστιον
1681 3315 1737 3336 τον
1757 3300 1990 3388 Πέργαμηνόν
2011 3318 2123 3354 φασιν.

1315 3370 1378 3395 575.
1852 3358 1938 3398 οὈτι
1968 3362 2010 3412 ψε
1996 3361 2129 3399 εύδεται
2153 3363 2295 3408 παίζων.

2066 2924 2110 2929 -·
2144 2917 2260 2954 σέρῖτώ)
2289 2916 2298 2941 ἶ

1415 3359 1498 3408 [ριν
1520 3356 1555 3394 δέ
1584 3357 1615 3407 γ’
1637 3355 1826 3410 υΟμ·;ηρος
