2533 3808
230 201 304 235 138

388 280 451 311 ἔστι
467 280 500 311 δέ
514 291 558 316 τις
574 280 677 317 θήλεια
689 279 848 315 Φιλόξενος
861 279 896 310 ἐκ
911 278 1076 319 Διομείων.

222 343 282 381 καὶ
299 342 474 396 Φρύνιχος
490 342 686 401 Σατύροις.)

272 414 320 440 83.
354 400 417 450 (μὰ
442 400 498 437 τὸν
519 400 590 438 κύν’
609 403 637 437 ὠ
658 399 874 453 Νικόστρατε
901 413 909 440 :
928 400 1052 444 Οὕτως
1076 400 1133 438 διὰ
1153 402 1262 438 δεισι-

220 458 400 508 δαιμονίαν
415 458 563 508 ὤμνυον.
582 457 603 503 ἢ
619 457 712 509 τάχα
730 462 890 509 μιμεῖται
903 458 981 503 τοὺς
997 459 1200 512 φιλοσόφους
1215 462 1262 502 εἷς

181 539 198 564 5
216 515 302 553 κύνα
318 516 378 553 καὶ
396 519 488 567 χῆνα
505 515 717 567 ὀμνύοντας.)
1190 577 1207 585 .-

267 587 314 612 85.
349 573 475 623 (ἄλλως
496 576 679 627 φλυαρεῗτε
697 588 706 614 :
727 575 817 613 Ἀντὶ
838 579 898 614 τοῦ
926 576 1040 627 μάτην
1060 578 1256 629 φλυαρειτε.

214 629 348 681 εἴρηται
362 630 397 669 δὲ
412 631 482 669 ἀπὸ
496 639 692 685 μεταφορᾶς
705 636 773 675 τῶν
787 633 957 681 λεὸήτων.
972 634 1041 673 ἀπὸ
1055 639 1113 673 τοῦ
1127 634 1257 687 φλύειν,

212 687 234 725 ὅ
246 689 319 726 ἐστι
338 690 543 741 καχλάζειν,
558 691 617 729 καὶ
634 693 672 729 ἐκ
688 692 811 730 τούτου
828 692 885 730 τὸν
902 693 1009 746 ἀφρὸν
1026 693 1254 734 ἀποόάλλειν.

211 745 271 783 καὶ
284 745 446 800 ςΌμηρος
462 754 512 795 [ΙΙ.
533 758 581 797 Φ,
601 755 665 797 361]
688 770 704 784 «
722 749 788 788 ἀνὰ
803 752 832 788 δ’
850 751 952 805 ἔφλυε
967 751 1059 790 καλὰ
1076 752 1208 805 ῥέεθρα.
1225 754 1252 803 »)

270 819 317 844 88.
348 808 579 859 φιληλιαστής
597 822 605 847 :
628 809 718 848 Ἀντὶ
738 814 797 848 τοῦ
818 810 1011 863 φιλόδικος,
1033 811 1101 849 ἀπὸ
1117 816 1175 850 τοῦ
1192 828 1253 862 με·

207 861 326 913 γίστου
344 865 569 918 δικαστηρίου
592 871 653 914 τῆς
671 867 850 915 Ἥλιαίας,
875 869 959 921 ὅπερ
982 868 1072 907 οὕτω
1094 871 1253 908 καλεῖται

206 920 264 959 διὰ
279 921 318 960 τὸ
335 924 370 960 ἓν
387 924 556 977 ὑπαιθρίῳ
577 920 663 963 εἶναι
680 926 739 964 καὶ
757 926 844 980 ἡλίῳ
866 927 1071 978 βάλλεσθαι.
1109 955 1132 959 -
1154 930 1250 981 φιλο-

206 979 383 1027 δικαστής.
401 976 490 1028 ἦσαν
516 982 550 1021 δὲ
567 984 733 1029 ἡλιασταὶ
749 985 806 1022 τὸν
824 985 969 1037 ἀριθμὸν
987 987 1035 1039 φ’.
1060 987 1190 1025 ἐδίδοτο
1215 988 1251 1025 δὲ

205 1037 322 1082 αὖτοῖς
336 1039 460 1092 χρόνον
486 1041 549 1091 μέν
575 1058 650 1079 τινα
671 1042 730 1080 δύο
751 1042 868 1081 ὂὸολοὶ
881 1074 891 1094 ,
907 1043 1047 1097 ὕστερον
1071 1045 1107 1083 δὲ
1127 1046 1250 1084 Κλέων

153 1122 184 1147 15
205 1097 450 1148 στρατηγήσας
469 1099 658 1151 τριώὸολον
673 1100 814 1148 ἐποίησε
836 1102 1049 1153 ἀκμάζοντος
1063 1107 1124 1142 τοῦ
1142 1104 1248 1143 πολέ-

204 1168 271 1202 μου
289 1158 350 1192 τοῦ
366 1155 451 1207 πρὸς
472 1158 779 1209 Λακεδαιμονίους.
802 1167 841 1197 R.

255 1225 300 1250 90.
331 1212 372 1258 ἢν
391 1213 439 1263 μὴ
467 1214 518 1252 ’πὶ
534 1220 593 1254 τοῦ
613 1216 752 1269 πρώτου
774 1232 783 1256 :
808 1218 922 1257 Ξύλον
943 1219 961 1258 δ
978 1221 1077 1269 ἡμεῖς
1106 1221 1244 1274 βάθρον.

200 1267 260 1305 καὶ
290 1271 325 1307 ἐν
351 1271 574 1324 Ἀχαρνεῦσιν
602 1275 666 1327 [25]
691 1294 705 1310 «
736 1275 901 1326 (ἐλθόντες
932 1279 1132 1330 ἀλλήλοισι)
1167 1280 1246 1332 περὶ

198 1326 336 1379 πρώτου
355 1328 467 1372 ξύλου.
488 1348 502 1364 υ

251 1399 296 1425 91.
331 1387 423 1437 (οὐδὲ
443 1388 635 1436 πασπάλην
659 1403 668 1430 :
698 1391 790 1430 Ἀντὶ
814 1396 875 1431 τοῦ
900 1393 977 1431 οὐδὲ
1007 1395 1132 1447 βραχύ.
1160 1396 1245 1448 πρὸς

196 1443 404 1497 Λυκόφρονα
431 1445 484 1493 δὲ,
510 1446 561 1485 ὅτι
585 1449 787 1501 ἀδιορίστως
814 1452 1031 1490 ἀποδέδωκεν
1058 1453 1242 1505 ἐλάχιστόν

194 1516 239 1537 τι.
250 1502 335 1545 τινὲς
348 1502 385 1540 δέ
396 1519 499 1556 φασιν
511 1504 561 1542 ὅτι
576 1507 746 1557 μαγνίτην
761 1508 908 1561 κέγχρον
922 1510 1114 1557 πασπάλην
1129 1512 1241 1564 φασί.)

193 1551 246 1587 '-.
261 1559 300 1596 τὸ
320 1563 380 1606 τῆς
397 1561 549 1615 κέγχροις
566 1564 724 1617 ἄλευρον.
741 1566 874 1605 τιθέασι
895 1566 931 1606 δὲ
950 1568 1009 1606 καὶ
1026 1570 1083 1607 ἐπὶ
1102 1574 1162 1607 τοῦ
1178 1587 1241 1609 τυ-

192 1615 323 1666 χόντος.
344 1626 382 1654 R.

138 1699 172 1723 25
245 1688 290 1712 92.
322 1675 402 1726 (κᾶν
437 1678 546 1730 ἄχνην
575 1680 655 1719 :Tb
681 1682 893 1736 λεπτομερὲς
913 1688 973 1722 τοῦ
997 1685 1158 1738 στάχυος.
1180 1688 1240 1726 καὶ

190 1731 351 1786 Ὅμηρος
371 1741 422 1782 [11.
440 1745 486 1785 E,
509 1744 574 1784 499]

157 832 192 859 10

144 1411 180 1436 20

312 1817 353 1851 ὡς
369 1815 396 1847 δ’
414 1817 523 1858 ἄνεμος
540 1818 635 1859 ἄχνας
649 1821 747 1861 φορέει
765 1822 845 1862 ἱερὰς
859 1823 928 1854 κατ’
944 1824 1069 1865 ἀλωάς.)

241 1901 286 1926 93.
310 1889 400 1943 (περὶ
414 1890 476 1937 τὴν
491 1892 686 1946 κλεψύδραν
707 1909 716 1933 :
738 1895 827 1934 Ἀντὶ
843 1901 905 1935 τοῦ
922 1898 1001 1951 περὶ
1016 1899 1054 1938 τὸ
1070 1902 1235 1949 δικαστή-

189 1960 271 1997 ριον.
304 1948 480 2001 κλεψύδρα
508 1950 573 2003 γὰρ
607 1953 743 2003 ἀγγεῖον
770 1956 990 2007 τετρημένον,
1027 1960 1061 1996 ἐν
1089 1954 1117 2012 [J]
1144 1960 1234 2015 ὕδωρ

134 2026 168 2050 30
187 2003 332 2042 ἔὸαλλον
347 2006 407 2044 καὶ
422 2007 499 2045 εἴων
513 2012 581 2062 ῥεῖν
597 2010 679 2062 ἄχρι
691 2012 780 2062 τινὸς
790 2015 895 2061 ὀπῆς,
912 2015 971 2052 καὶ
986 2016 1091 2061 οὕτως
1106 2018 1232 2058 ἔπαυον

184 2061 243 2099 τὸν
264 2063 405 2116 ῥήτορα.
433 2071 534 2104 τοῦτο
551 2068 586 2105 δὲ
607 2069 744 2107 ἐποίουν
764 2070 819 2108 διὰ
844 2071 884 2109 τὸ
906 2075 1069 2126 φλυαρεῖν
1091 2076 1148 2114 τὸν
1174 2079 1232 2116 λέ-

183 2135 288 2170 γοντα
317 2122 376 2160 καὶ
400 2124 596 2170 ἐμποδίζειν
626 2126 743 2171 ἄλλοις
778 2128 915 2168 θέλουσι
940 2131 1063 2184 λέγειν,
1094 2134 1150 2172 ἵνα
1187 2136 1231 2174 τὰ

184 2179 356 2217 σπουδαῖα
374 2180 474 2226 λέξας
494 2183 639 2235 ἐξέλθῃ.)

235 2250 280 2275 95.
309 2237 401 2289 (τοὺς
416 2241 506 2292 τρεῖς
529 2240 678 2293 ξυνέχων
695 2256 704 2282 :
723 2243 868 2288 Τούτοις
880 2246 948 2299 γὰρ
965 2248 1152 2301 κατέχουσι
1169 2252 1230 2297 τὰς

129 2314 162 2338 35
181 2293 316 2346 ψήφους
331 2298 361 2333 οἱ
382 2297 563 2348 δικασταὶ,
580 2302 630 2352 τῷ
651 2300 794 2354 μεγάλῳ
815 2303 873 2341 καὶ
892 2307 941 2357 τῷ
955 2306 1089 2361 λιχανῷ
1102 2309 1162 2347 καὶ
1178 2313 1227 2364 τῷ

181 2352 304 2405 μέσῳ.)

233 2423 278 2448 90.
309 2412 491 2466 (νουμηνίᾳ
514 2428 524 2453 t
545 2415 648 2454 Κατὰ
668 2418 856 2467 νουμηνίαν
881 2419 948 2473 γὰρ
972 2421 1045 2467 ἔθος
1061 2418 1154 2477 εἶχον
1172 2428 1225 2464 λι-

182 2466 355 2511 Gom-nob<
375 2471 540 2509 ἐντιθέναι
555 2478 625 2516 τοῖς
645 2475 852 2526 ἀγάλμασι.)

235 2526 307 2575 (98).
328 2526 386 2564 τὸν
401 2529 657 2581 Πυριλάμπους
673 2545 682 2570 :
697 2532 887 2583 Μέμνηται
900 2535 1021 2574 τούτου
1035 2538 1095 2576 καὶ
1114 2540 1224 2580 Εὔπο-

128 2601 163 2626 ⁴0
178 2582 230 2625 λις
246 2584 280 2619 ἐν
301 2583 451 2623 Πόλεσιν
473 2605 488 2620 «
509 2587 570 2625 καὶ
588 2590 638 2640 τῷ
659 2590 913 2641 Πυριλάμπους
938 2589 1005 2646 ἆρα
1032 2596 1144 2650 Δήμῳ
1162 2615 1223 2636 κυ-

178 2639 266 2692 ψέλη
306 2642 312 2693 Ι
354 2642 498 2683 ἔνεστιν.
522 2665 535 2678 ·›
552 2640 594 2692 ἦν
618 2645 654 2683 δὲ
683 2647 742 2685 καὶ
769 2647 939 2702 εὔμορφος
957 2654 974 2688 ὁ
992 2655 1121 2703 Δῆμος.
1142 2658 1222 2694 ἓπέ-
1248 2649 1253 2709 ί

177 2713 308 2750 γραφον
326 2700 361 2737 δὲ
380 2703 410 2739 οἱ
429 2702 599 2749 Ἀθηναῖοι
615 2703 659 2741 τὰ
675 2707 744 2742 τῶν
760 2708 877 2744 καλῶν
895 2708 1049 2759 ὀνόματα
1070 2711 1187 2758 οὕτως·
1204 2718 1221 2753 ὁ
1249 2718 1251 2726 ”

177 2756 271 2793 δεῖνα
288 2757 403 2802 καλός.
427 2759 590 2814 [ἔγραφον
608 2761 645 2800 δὲ
667 2763 727 2800 καὶ
749 2765 784 2801 ἐν
801 2765 929 2817 τοίχοις
950 2767 1010 2805 καὶ
1027 2770 1062 2806 ἐν
1084 2770 1219 2824 θύραις,

176 2812 236 2850 καὶ
256 2812 341 2851 ὅπου
361 2815 483 2869 τύχῃ.]
499 2819 557 2856 καὶ
574 2814 687 2868 οὗτος,
705 2821 822 2874 φησὶν,
840 2826 886 2867 ὡς
901 2824 1074 2877 ἐρωμένου
1095 2831 1219 2869 ἑαυτοῦ

125 2896 160 2923 45
176 2874 236 2908 τοῦ
254 2875 369 2922 κημοῦ
389 2874 535 2929 ἔγραφε,
552 2878 664 2928 κημὸς
679 2879 794 2924 καλός.

228 2942 274 2969 99.
306 2931 428 2982 (κημὸς
439 2935 564 2978 καλόςε
585 2937 710 2987 Κημὸς
725 2940 882 2977 καλεῖται
901 2939 940 2978 τὸ
955 2944 1026 2986 τοῖς
1042 2944 1218 2990 καδίσκοις

175 2986 421 3037 ἐπιτιθέμενον,
439 2991 481 3029 δι’
504 2988 545 3030 οὗ
560 2993 622 3037 τὰς
641 2994 773 3048 ψήφους
800 2997 977 3046 καθίεσαν,
1006 2999 1061 3038 ἵνα
1082 3002 1131 3051 μὴ
1151 3006 1218 3055 ὀλι·

175 3043 358 3085 σθάνωσιν.
381 3046 454 3087 ἔστι
470 3049 506 3088 δὲ
525 3051 668 3104 πλέγμα
694 3070 727 3091 τι
753 3055 936 3100 δικτυῶδες
960 3058 1020 3095 καὶ
1039 3062 1214 3114 ἠθμῶδες,

175 3100 304 3140 ἄνωθεν
317 3104 451 3154 πλατὺ,
466 3107 618 3147 κάτωθεν
636 3111 782 3164 στενόν.)
800 3134 842 3139 -
857 3114 968 3165 κημός
983 3117 1057 3154 ἐστι
1072 3119 1214 3171 πλέγμα

123 3192 158 3219 ω
174 3174 225 3206 τι,
237 3158 280 3196 δι’
294 3155 335 3196 οῧ
345 3161 408 3208 τὴν
418 3164 620 3213 δικαστικὴν
636 3170 748 3221 ψῆφον
766 3171 944 3212 καθίεσαν.
959 3176 1214 3226 Πυριλάμπους

177 3215 213 3254 δὲ
229 3216 298 3260 υἱὸς
316 3211 358 3265 ἦν
376 3222 495 3271 Δῆμος
510 3223 637 3275 ὄνομα,
656 3226 719 3273 τὴν
740 3227 834 3280 ὥραν
858 3231 1054 3276 κάλλιστος.
1082 3233 1155 3279 ἔθος
1177 3237 1211 3274 δὲ

175 3269 217 3322 ἦν
236 3275 306 3319 τοῖς
321 3277 482 3330 ἐρασταῖς
498 3282 697 3336 ἐπιγράφειν
711 3291 894 3339 πανταχοῦ
908 3288 946 3327 τὸ
960 3293 1028 3328 τῶν
1042 3294 1212 3333 παιδικῶν

175 3332 336 3384 ὄνομα.Β.

984 193 1245 231 SCHOLIA
1273 194 1336 235 IN
1371 195 1603 238 VESPAS.

1380 296 1440 321 101.
1472 284 1540 337 (ὄψ’
1561 285 1731 341 ἐξήγειρεν
1752 304 1761 329 :
1786 291 1846 331 Ἐν
1867 296 2041 350 ὑπερὸολῇ
2059 303 2171 341 τοῦτο.
2194 304 2364 358 ἐμέμφετο

1323 338 1389 392 γὰρ
1407 343 1456 392 τῷ
1477 342 1655 396 ἀλέκτορι,
1674 348 1774 399 φησὶ,
1801 352 1859 389 καὶ
1879 357 1989 392 ταῦτα
2017 358 2164 411 ἑσπέρας
2189 362 2363 414 κράζοντι,

1321 399 1368 440 ὡς
1388 399 1541 451 βραδέως
1561 403 1660 440 αὐτὸν
1677 406 1824 458 ἐγείρει.)

1376 469 1437 494 102.
1469 459 1666 497 ὑπευθύνων
1688 476 1697 501 :
1721 466 1801 502 Τῶν
1819 467 2064 520 δικαζομένων.
2091 483 2176 516 Υἱοὶ.

1375 527 1435 552 103.
1468 516 1551 566 (ἀπὸ
1581 519 1776 571 δορπηστοῦ
1802 537 1810 561 :
1832 526 2023 579 Λυκόφρων
2049 532 2118 570 ἀπὸ
2148 535 2299 587 ἀρίστου.
2332 541 2362 576 οἱ
2382 554 2398 578 5

1319 571 1354 609 δὲ
1373 572 1472 611 ἄλλοι
1492 574 1620 619 πάντες
1644 577 1756 630 δόρπα
1779 579 1823 618 τὰ
1842 583 1978 625 δεῖπνα.
1996 611 2047 616 -
2064 590 2132 628 ἀπὸ
2155 593 2305 635 δείπνου.
2320 605 2359 634 V.

1371 630 1527 680 ἒμὸάδας
1554 647 1562 671 :
1587 628 1689 678 Εἶδος
1711 638 1944 688 ὑποδήματος.
1972 644 2029 682 διὰ
2053 647 2092 684 τὸ
2117 651 2361 701 φιλοδικαστὴς

1316 681 1403 725 εἶναι
1427 690 1464 726 οὐ
1485 691 1662 740 καθεύδει,
1685 694 1800 747 φησὶν,
1828 698 1862 734 ἐν
1883 700 1934 751 τῷ
1966 700 2049 754 οἴκῳ
2075 706 2179 744 αὐτοῦ
2206 710 2295 758 μετὰ
2322 712 2361 750 τὸ

1316 746 1517 795 δειπνῆσαι,
1539 750 1616 788 ἀλλ’
1637 751 1733 795 εὐθὺς
1752 754 1904 799 ἀναστὰς
1927 758 1997 795 ἀπὸ
2014 763 2074 806 τῆς
2095 766 2283 815 τραπέζης,
2299 770 2359 808 καὶ

1314 803 1465 850 ζητήσας
1487 805 1548 850 τὰς
1572 808 1747 858 ἐμὸάδας,
1777 811 1837 849 καὶ
1863 815 2142 868 ὑποδησάμενος,
2169 824 2360 878 ἀπέρχεται

1313 862 1347 898 ἐν
1367 864 1417 914 τῷ
1439 863 1652 919 δικαστηρίῳ
1668 867 1728 905 καὶ
1747 869 1933 921 καθεύδει.)

1368 933 1429 958 101.
1460 922 1495 959 ἓν
1512 925 1562 975 τῷ
1583 925 1807 979 δικαστηρίῳ.
1834 936 1874 966 V.
1908 930 2013 984 (πρωῒ
2040 934 2132 973 πάνυ
2155 951 2164 976 :
2191 938 2280 978 Ἀντὶ
2299 947 2358 981 τοῦ

1310 977 1378 1030 πρὸ
1398 982 1456 1016 τοῦ
1481 979 1613 1025 δέοντος
1632 989 1754 1037 καιροῦ
1774 987 1886 1025 ἀπιὼν
1912 990 2142 1039 ἀπονυστάζει
2162 998 2359 1038 ἐπιπίπτων

1309 1037 1359 1087 τῷ
1379 1035 1479 1076 κίονι.
1496 1038 1604 1083 λεπὰς
1624 1040 1659 1078 δὲ
1681 1042 1867 1094 κογχύλιόν
1887 1062 1920 1083 τι
1940 1049 2014 1093 ταῖς
2031 1051 2174 1103 πέτραις
2195 1071 2357 1109 προσπη-

1309 1093 1503 1146 γνύμενον.)

1363 1165 1424 1191 100.
1455 1157 1566 1204 τιμῶν
1582 1155 1644 1202 τὴν
1665 1158 1804 1211 μακράν
1826 1173 1834 1199 :
1853 1162 2078 1217 (Προείρηται
2097 1170 2184 1222 ὑπὲρ
2200 1177 2261 1211 τοῦ
2280 1175 2358 1220 τοὺς

1307 1209 1473 1255 δικαστὰς
1492 1214 1526 1250 ἐν
1540 1215 1707 1269 πινακίῳ,
1728 1217 1804 1261 ἤτοι
1825 1219 1881 1257 ἐπὶ
1896 1222 2031 1267 σανίδος
2050 1230 2146 1279 κηρῷ
2158 1230 2356 1283 ἀληλιμμέ-

1306 1282 1382 1315 νης,
1403 1269 1505 1307 ὁπότε
1526 1275 1833 1324 καταλαμέάνοιέν
1848 1294 1924 1316 τινα
1941 1283 1989 1332 τῷ
2007 1284 2227 1336 τολμήματι,
2242 1288 2354 1328 ἕλκειν

1307 1326 1445 1378 μακρὰν
1472 1330 1654 1380 γραμμὴν,
1681 1333 1784 1371 ὁπότε
1811 1335 1847 1373 δὲ
1869 1339 2064 1389 ἀπολύοιεν,
2090 1346 2272 1397 βραχεῖαν.
2294 1350 2354 1387 καὶ

1306 1382 1380 1429 ἑξῆς
1400 1384 1480 1436 [167]
1503 1406 1517 1419 «
1540 1387 1615 1425 δότε
1647 1405 1705 1439 μοι
1732 1390 1823 1444 ξίφος
1842 1392 1934 1438 ὅπως
1960 1397 2133 1451 τάχιστα,
2155 1403 2177 1448 ἢ
2195 1406 2353 1445 πινάκιον

1302 1442 1497 1490 τιμητικόν.
1521 1462 1535 1478 υ
1565 1450 1667 1485 τοῦτο
1687 1447 1723 1485 δὲ
1755 1450 1890 1489 ἐποίουν
1909 1454 1998 1503 μετὰ
2020 1457 2059 1494 τὸ
2079 1460 2278 1515 ἀποὸλέψαι
2308 1468 2354 1510 εἷς

1302 1498 1364 1542 τὰς
1382 1500 1516 1552 ψήφους
1532 1502 1592 1547 τὰς
1606 1506 1641 1542 ἐν
1658 1509 1701 1558 τῇ
1716 1506 1872 1547 κάλπιδι.
1891 1513 1919 1548 εἰ
1936 1512 2002 1566 γὰρ
2020 1514 2136 1568 ἑώρων
2150 1519 2212 1563 τὰς
2229 1523 2353 1571 μελαί-

1302 1571 1360 1599 νας
1379 1559 1535 1607 πλείους,
1551 1562 1744 1615 ἔχάραττον
1760 1568 1810 1618 τῷ
1827 1566 1926 1619 ὄνυχι
1939 1569 2000 1616 τὴν
2016 1573 2168 1626 μακρὰν,
2188 1579 2217 1615 εἷ
2239 1579 2274 1617 δὲ
2291 1580 2352 1626 τὰς

1300 1615 1443 1663 λευκὰς,
1464 1617 1525 1665 τὴν
1549 1622 1729 1673 βραχεῖαν.
1751 1623 1807 1661 ὅτε
1827 1624 1864 1663 δὲ
1885 1628 2022 1673 πλείους
2042 1626 2130 1678 ἦσαν
2156 1637 2191 1672 αἱ
2211 1637 2350 1687 λευκαὶ,

1300 1675 1317 1709 ὃ
1335 1674 1468 1712 διώκων
1485 1677 1599 1726 ἐνίκα,
1616 1681 1634 1716 ὁ
1656 1680 1790 1733 φεύγων
1820 1683 1868 1731 δ’,
1894 1684 1935 1731 ἢν
1953 1688 2092 1733 πλείους
2109 1694 2144 1730 αἱ
2165 1693 2347 1749 μέλαιναι,
2368 1714 2402 1738 25

1299 1733 1547 1786 κατεκρίνετο.)
1576 1759 1627 1765 —-
1655 1738 1815 1778 εἰώθασιν
1842 1744 1872 1779 οἱ
1901 1747 2211 1800 καταδικαζόμενοι
2240 1755 2274 1791 ἐν
2297 1759 2347 1808 τῷ

1297 1792 1545 1845 γραμματιδίῳ
1562 1794 1699 1847 μακρὰν
1715 1798 1883 1849 γραμμὴν
1898 1800 2021 1841 ἕλκειν.
2039 1813 2077 1843 Β.

1352 1862 1412 1887 107.
1444 1851 1472 1899 (ὃ
1503 1852 1692 1902 βομὸυλιός
1723 1869 1732 1894 :
1756 1859 1853 1909 Ζῷον
1878 1861 2022 1914 μελίττῃ
2051 1863 2182 1914 ὅμοιον·
2207 1869 2266 1907 καὶ
2295 1871 2345 1909 ὅτι

1295 1906 1400 1958 κηρὸν
1415 1909 1529 1959 ποιεῖ.)
1546 1935 1591 1940 —
1603 1916 1758 1950 ποιοῦσιν
1773 1917 1803 1952 οἱ
1819 1917 2002 1967 βομὸύλιοι
2015 1922 2132 1975 κηρία.
2148 1932 2185 1962 R.

1351 1978 1410 2003 108.
1443 1967 1767 2020 (ὑποπεπλασμένος
1785 1987 1794 2012 :
1814 1976 2098 2030 Πεπληρωμένος
2124 1982 2201 2028 τοὺς
2220 1985 2345 2038 ὄνυχας
2363 2003 2398 2029 30

1293 2026 1400 2074 κηροῦ
1422 2024 1488 2062 ὑπὸ
1505 2028 1572 2063 τῷν
1589 2029 1845 2080 χαραγμάτων.
1874 2034 2044 2088 γράφεται
2067 2040 2343 2095 ἀναπεπλασμέ-

1293 2081 1371 2130 νος.)

1346 2152 1414 2198 11οἑ
1442 2141 1613 2192 (αἰγιαλὸν
1631 2144 1724 2183 ἔνδον
1742 2146 1833 2198 ἔχων
1850 2162 1858 2187 :
1881 2149 1942 2194 Ὡς
1956 2152 2013 2190 ἐπὶ
2027 2153 2113 2208 ζῴου
2128 2157 2193 2210 ἔφη
2210 2159 2248 2198 τὸ
2263 2162 2339 2214 τρέ-

1290 2210 1357 2247 φει.
1379 2201 1460 2245 οἷον,
1481 2199 1620 2250 ἐγέμισε
1646 2202 1709 2250 τὴν
1738 2205 1851 2244 οἰκίαν
1869 2208 2017 2262 ψήφων.)
2046 2234 2091 2239 —
2110 2214 2162 2252 ὅτι
2189 2219 2338 2259 πλεῖστα

1289 2249 1377 2300 ἦσαν
1393 2256 1600 2309 δικαστήρια
1617 2259 1808 2308 Ἀθήνησιν.
1824 2272 1862 2302 R.
1878 2267 2005 2312 παίζει.
2024 2271 2100 2309 ἀντὶ
2114 2277 2175 2311 τοῦ
2192 2274 2277 2326 ἔχει.
2296 2290 2334 2320 R,
2357 2300 2390 2324 35

1343 2327 1404 2351 111.
1436 2316 1710 2367 (νουθετούμενος
1728 2333 1736 2359 :
1757 2322 1862 2375 Παρὰ
1882 2324 1926 2362 τὰ
1944 2328 2133 2379 Εὐριπίδου
2153 2333 2192 2370 ἐκ
2212 2335 2336 2373 Σθενε-

1288 2370 1384 2415 ὅοίας

2382 848 2413 872 10

2378 1137 2411 1162 15

2373 1424 2408 1449 20

1408 2466 1526 2497 τοιαῦτ’
1540 2467 1624 2499 ἀλύει
1635 2471 1869 2514 νουθετούμενος
1881 2475 1982 2517 ἔρως.)

1338 2543 1461 2584 ἀλύεις
1485 2546 1614 2596 Ἀλύω,
1639 2551 1825 2603 ἀδημονῶ,
1851 2556 1990 2604 ἀθυμῶ,
2013 2560 2145 2612 ἀπορῶ.
2169 2565 2330 2614 σημαίνει

1284 2598 1317 2637 δὲ
1335 2601 1442 2639 ἐνίοτε
1457 2603 1496 2641 τὸ
1512 2605 1607 2643 ἀλύω
1624 2607 1683 2644 καὶ
1696 2609 1735 2646 τὸ
1749 2610 1875 2662 χαίρω.
1903 2621 1984 2654 Vict.

1336 2671 1396 2697 116.
1429 2661 1608 2712 τριῧώνιον
1627 2665 1701 2704 :²*O
1715 2670 1745 2704 οἱ
1760 2668 1920 2708 δικασταὶ
1941 2677 2113 2725 φοροῦσιν.
2137 2685 2219 2718 Vicl.

1336 2730 1398 2755 119.
1434 2720 1710 2773 (ἐκορυὸάντιζεν
1729 2738 1738 2763 :
1757 2725 1817 2769 Ὡς
1835 2730 2040 2779 μαινόμενος
2056 2734 2115 2772 καὶ
2133 2738 2327 2790 κατεχόμε-

1279 2789 1334 2816 νος
1355 2775 1422 2812 ὑπὸ
1452 2777 1553 2816 θείου.
1584 2780 1659 2818 ἀντὶ
1684 2786 1762 2830 τοῦ,
1789 2783 1833 2821 τὰ
1859 2788 1926 2823 τῶν
1960 2790 2192 2841 Κορυὸάντων
2217 2797 2326 2835 ἐποίει

1280 2833 1374 2884 αὐτῷ
1391 2835 1587 2888 μυστήρια,
1608 2838 1664 2875 ἐπὶ
1679 2844 1850 2894 καθαρμῷ
1867 2845 1928 2889 τῆς
1945 2847 2094 2899 μανίας.)

2347 2648 2383 2673 40

1333 2908 1394 2934 120.
1427 2898 1487 2947 (εἰς
1505 2898 1544 2936 τὸ
1570 2901 1698 2939 Καινὸν
1725 2905 1887 2953 ἐμπεσών
1914 2919 1924 2946 :
1947 2908 2065 2954 Τόπος
2093 2914 2127 2950 ἐν
2152 2899 2323 2968 τῷθδικα-
2343 2936 2377 2960 45

1278 2952 1408 3005 στηρίῳ
1427 2953 1517 2992 οὕτω
1533 2957 1727 3008 λεγόμενος.
1750 2961 1816 2999 εἰσὶ
1835 2962 1869 3000 δὲ
1889 2965 1936 3012 δ’,
1964 2967 2212 3020 Παράὸυστον,
2232 2976 2321 3013 Και-

1276 3010 1344 3057 νὸν,
1373 3011 1552 3063 τρίγωνον,
1601 3016 1732 3056 Μέσον.
1782 3021 1986 3072 τελούμενος
2025 3021 2096 3075 οῧν,
2136 3031 2240 3082 φησὶ,
2277 3033 2322 3071 τὰ

1276 3069 1451 3122 μυστήρια
1470 3075 1538 3109 τῶν
1563 3075 1809 3126 Κορυῧάντων,
1829 3081 1912 3134 παρ’
1934 3083 2030 3122 οὐδὲν
2054 3087 2143 3125 αὐτὰ
2162 3089 2318 3139 θέμενος,

1274 3126 1432 3179 κατέχων
1452 3129 1491 3167 τὸ
1505 3130 1696 3181 τύμπανον,
1715 3136 1877 3187 ὥρμησεν
1899 3142 1946 3184 εἰς
1961 3141 2000 3180 τὸ
2015 3144 2262 3200 δικαστήριον.)

1328 3198 1391 3224 121.
1417 3188 1596 3233 τελεταῒς;
1618 3190 1819 3238 Ἐπινοίαις.
1847 3204 1928 3236 I't'ct.
2334 3226 2369 3250 50

1326 3255 1389 3282 123.
1422 3245 1483 3303 (εἷς
1500 3246 1711 3295 Ἀσκληπιοῦ
1733 3264 1741 3291 :
1762 3253 1860 3292 Ἐκεῖ
1875 3255 1942 3308 γὰρ
1960 3259 2051 3310 ἱερόν
2071 3261 2176 3299 ἐστιν.
2195 3264 2241 3307 ὡς
2255 3280 2311 3303 νο-

1272 3302 1398 3338 σοῦντα
1416 3305 1472 3339 οὖν
1494 3305 1564 3342 ἐκεῖ
1578 3305 1722 3359 ἔφερεν.)

1325 3370 1385 3396 12⁴.
1417 3359 1473 3396 ἐπὶ
1493 3364 1535 3413 τῇ
1555 3364 1703 3414 κιγκλίδι
1726 3380 1735 3406 :
1757 3368 1860 3418 (Ἀντὶ
1878 3373 1956 3420 τοῦ,
1977 3373 2012 3410 ἐν
2031 3376 2080 3427 τῷ
2100 3375 2312 3433 δικαστηρίῳ
