2533 3808
284 192 356 225 413

341 268 455 309 1363,
479 265 518 299 3¹
555 259 745 308 legebatur
775 254 866 291 ὅταν.
898 275 945 279 —
980 254 1024 287 32
1048 250 1102 286 ἐπὶ
1134 251 1200 285 τῶν
1230 262 1281 298 τρ.

287 330 487 374 εἰπεκρεμων
508 319 552 354 Θ.

1053 164 1351 204 ADNOTATIO
1380 164 1432 200 IN
1462 162 1627 201 SCHOL.

1399 247 1508 291 1378,
1537 259 1581 281 12
1600 245 1723 288 ἐπιθεὶς
1742 247 1786 282 Θ.

1402 304 1563 348 1381,21
1577 302 1631 339 διὰ
1654 303 1691 339 τὸ
1713 302 1995 349 κατάλληλονΘ.,
2014 303 2077 352 qui
2107 302 2352 346 23Ὀκλαδίας

343 395 354 416 1
365 379 450 422 368,
464 382 509 418 42
518 369 710 419 λιπόπυγάς
719 383 800 421 φησι
809 368 853 405 Θ.
863 359 1287 403 Βοτὶὺοῃάιιιῃλισποπύ-
1349 360 1501 396 omittit.

285 452 361 477 -souq
380 447 464 470 cum
489 433 651 470 Kustero
672 427 718 464 ad
736 425 891 463 Suidam
906 437 933 460 s.
951 422 1089 460 Λίσποι.
1104 424 1219 456 D1Nn.
1231 418 1287 455 τὸν

288 474 321 531 et
339 500 355 535 4
365 498 383 534 4
411 489 466 527 ἐπὶ
489 502 562 524 om.
575 484 710 534 &.‚qui
725 482 790 520 ὑπὸ
804 480 865 527 τὴν
879 479 1108 530 πυγήν.-46
1120 476 1184 528 γὰρ
1198 478 1231 512 αἱ
1244 477 1288 513 Θ.

368 549 454 596 369,
471 547 518 590 48
533 546 566 581 ἕν
581 547 629 595 τῷ
642 540 823 591 καταλόγῳ
840 553 915 576 om.
929 540 973 575 Θ.

345 621 356 642 1
368 607 455 652 375,
470 607 490 641 3
507 600 655 640 Ἀττικοὶ
672 603 713 636 V.
728 600 773 636 Θ.
788 618 839 625 --
861 603 879 640 4
898 593 1104 647 μυροπωλίῳ
1119 595 1163 628 V.

347 664 459 710 1377,
477 675 494 706 7
512 659 564 697 ἐπ’
580 656 766 709 αὐτοφώρῳ
786 654 921 704 θανάτῳ
946 653 992 690 Θ.
1009 672 1058 679 ——
1074 652 1094 686 3
1119 657 1204 699 post
1219 662 1293 696 μει-

293 716 392 773 ράκιά
408 718 571 757 additO.
593 731 646 762 γο.
667 715 696 750 τ’
718 715 778 750 οὐκ
799 711 955 750 ἀπέθανε.

1407 430 1421 452 1
1432 415 1518 462 385,
1529 414 1701 460 26ἐπειδὴ
1710 421 1795 463 τοῖς,
1811 430 1855 463 27
1874 416 2012 468 ἄνορχιν
2027 418 2072 455 Θ.
2086 417 2128 453 Id
2142 425 2197 453 est
2207 416 2354 468 ἔνορχιν.

1409 474 1519 520 1389,
1539 472 1559 507 5
1581 471 1624 508 τὰ
1642 472 1822 520 μετανοίας
1845 476 1902 520 V„
1928 473 1989 519 τὴν
2014 472 2195 522 μετανοίας
2215 477 2259 510 G.
2286 486 2357 522 pro

1352 531 1477 568 verbis
1496 528 1582 580 μετὰ
1602 530 1689 567 EO&

1410 603 1423 625 1
1434 588 1548 637 392,’1
1559 590 1578 624 3
1589 587 1645 624 καὶ
1655 587 1839 633 Ἀθηναίοις
1849 590 2049 627 οῐη.Θ.-1
2060 596 2078 634 4
2089 583 2144 626 οὖν
2154 590 2263 626 αὐτῶν
2274 592 2313 626 V.
2326 590 2361 626 Θ

1413 653 1523 692 1407,
1546 646 1594 681 26
1612 643 1666 685 οὒς
1683 645 1732 682 ἐλ.
1754 645 1837 682 Ald.

1233 793 1404 806 w

1173 877 1472 935 NUBES.

349 1024 582 1068 Argumenta
609 1015 744 1051 desunt
771 1013 810 1049 in
836 1013 930 1048 RaV.
962 1013 1006 1047 In
1023 1012 1112 1046 Ven.
1129 1008 1304 1056 leguntur

298 1080 371 1113 hoc.
389 1076 534 1119 ordine,
552 1075 602 1118 11,
619 1075 684 1116 IV,
704 1073 772 1115 III,
791 1072 874 1114 VII,
890 1071 935 1113 V,
954 1070 984 1112 1,
1003 1069 1067 1103 VI.

351 1139 449 1171 Ano.
474 1135 502 1168 I.
526 1133 546 1168 5
565 1128 837 1182 Ἀριστοφάνους.
863 1130 1083 1175 Sequuntur
1110 1123 1148 1158 in
1175 1120 1304 1156 Aldina

300 1201 335 1229 et
350 1191 478 1228 codice
493 1189 613 1238 Regio
635 1200 733 1233 2712
753 1183 996 1234 (membranis
1010 1179 1207 1228 Brunckii)
1225 1190 1308 1226 quae

304 1262 415 1298 supra
442 1247 567 1296 posita
595 1252 682 1281 sunt
703 1244 802 1280 inter
821 1241 1092 1289 Prolegomena
1106 1237 1152 1273 de
1169 1247 1306 1272 comoe·

301 1308 373 1351 dia,
394 1305 510 1342 sectio
533 1306 617 1340 VII.

354 1371 450 1402 Ano.
469 1367 515 1400 ΙΙ.
539 1377 557 1409 7
581 1361 663 1398 cod.
684 1368 721 1396 et
740 1359 827 1396 Ald.
846 1357 1009 1402 Μελίτου,
1032 1370 1044 1391 1
1057 1362 1075 1398 4
1094 1354 1254 1390 ἀστυκοῧ.

355 1428 449 1459 Ano.
465 1423 533 1465 ΙΙΙ,
550 1433 570 1455 a
584 1417 772 1455 Brunckio
787 1430 833 1452 ex
847 1414 1040 1451 codicibus
1057 1411 1308 1449 emendatum.

301 1510 342 1518 ...
361 1480 407 1515 25
430 1477 648 1530 φοιτήσοντος
663 1479 709 1513 V.
721 1472 944 1526 φοιτήσαντος
956 1471 1040 1508 Ald.
1057 1500 1095 1507 -.
1115 1471 1161 1506 3ο
1174 1468 1310 1503 mirum

303 1538 339 1573 ni
369 1533 633 1579 ἐκκυκληθείσης
665 1532 815 1581 scripsit
842 1529 1119 1579 grammaticus.
1153 1524 1311 1562 Ἔκλύειν

305 1595 350 1630 de
372 1591 578 1642 aperiendo
601 1590 675 1626 dici
698 1602 774 1625 non
802 1589 938 1638 potuit.
961 1590 1006 1623 Et
1024 1586 1200 1622 observat
1219 1583 1313 1619 Din-

303 1652 443 1688 dorfius
458 1648 654 1693 ἐκλυθείσης
668 1647 800 1696 legisse
818 1645 1104 1695 grammaticum
1126 1649 1313 1678 recentem

304 1710 369 1758 qui
390 1713 475 1756 Arg.
495 1710 533 1744 X
550 1706 741 1750 exaravit,
762 1718 798 1753 p.
817 1718 878 1752 79,
899 1717 931 1745 a,
952 1710 1013 1747 24,
1030 1701 1088 1738 καὶ
1105 1703 1164 1745 τῆς
1185 1699 1314 1749 διατρι-

306 1766 367 1810 ἔῖῆς
385 1762 606 1809 διαλυθείσης.
618 1791 658 1798 .-
673 1763 720 1799 33
739 1762 828 1798 τελεῖ
841 1761 924 1797 Ald.
945 1759 1097 1797 διδάσκει
1114 1761 1153 1795 C.
1171 1761 1309 1793 Brunc-

307 1823 371 1859 kti.
387 1850 426 1855 -
442 1822 489 1858 35
515 1819 618 1872 ἀέρα,
649 1818 766 1870 αἰθέρα
782 1818 839 1854 καὶ
860 1818 918 1857 τὰς
937 1816 1078 1868 νεφέλας
1095 1815 1315 1852 ἀνακαλεῖται

307 1884 400 1916 Mut.
418 1892 448 1915 a.
459 1908 500 1914 ...
511 1879 531 1913 3
555 1878 750 1913 ἀποστᾶσαι
769 1880 816 1912 V.
828 1906 868 1911 -
880 1882 898 1916 4
918 1876 1079 1924 μαθητῶν
1093 1877 1137 1910 V.
1152 1898 1191 1904 -
1205 1873 1227 1907 6
1244 1871 1317 1907 διά-

307 1952 376 1985 γων
399 1940 442 1972 V.
468 1939 564 1971 Mut.
592 1947 624 1970 a.
649 1934 734 1970 Ald.
765 1933 910 1970 Deinde
935 1932 1023 1968 κατὰ
1045 1934 1076 1981 β.
1098 1934 1139 1967 V.
1161 1960 1200 1966 .-.
1219 1938 1239 1967 8
1259 1928 1316 1965 καὶ

309 1995 396 2042 διαγ.
406 1996 494 2029 V.-—
508 1990 762 2028 1οδιδάσκειν,
772 2020 812 2026 .-.
826 2003 861 2026 12
878 1987 1315 2041 κατώρθωκότος1311111015.

309 2048 562 2101 κατωρθωκότα
585 2048 670 2086 Ald.
697 2051 788 2084 Mut.
818 2061 850 2085 a.
868 2077 907 2083 -
933 2053 979 2090 14
1006 2043 1317 2098 προσκαλούμενος,

311 2123 323 2144 1
336 2109 355 2143 5
372 2107 438 2144 ἀπὸ
455 2111 541 2146 V.,-
557 2121 569 2142 1
581 2108 601 2142 6
620 2104 797 2157 σύγκρισιν
818 2109 909 2154 ch.
933 2119 978 2150 27
990 2119 1003 2140 1
1015 2118 1049 2150 2,
1067 2108 1162 2140 Mut.
1184 2116 1216 2138 a.
1232 2102 1316 2138 Ald.

312 2194 348 2198 ,-
369 2168 414 2201 18
442 2165 695 2215 Σωκρατιστῶν
717 2164 880 2199 Brunck.
895 2191 904 2208 ‚
933 2176 1008 2199 uon
1027 2175 1073 2198 ex
1089 2160 1319 2198 membranis

310 2223 385 2258 suis
406 2222 512 2271 (Reg.
536 2235 580 2266 27
593 2235 604 2256 1
617 2220 664 2269 2).

362 2284 456 2316 Ano.
478 2282 539 2316 IV.
560 2280 636 2316 ΑΡ.
659 2280 845 2316 ΓΡΑΜΜ.
868 2279 1034 2315 additum
1067 2291 1087 2314 a
1106 2276 1318 2313 Dindorsio.

310 2368 350 2373 .-
370 2350 418 2385 19
441 2338 554 2388 Σωκρ.
583 2335 811 2387 προτρέπεται
838 2337 922 2374 Ald.
949 2368 988 2373 ..
1019 2337 1064 2372 23
1086 2337 1128 2375 ὡς
1153 2333 1319 2384 ἐπιλέγων

311 2399 351 2430 V.
374 2423 412 2429 ..
437 2395 483 2430 25
500 2411 520 2435 >«
534 2394 729 2442 legebatur
759 2394 816 2431 ὑπ’
842 2394 972 2447 ἀνδρός.
999 2392 1106 2445 Ὑπὲρ
1126 2392 1244 2444 ἀνδρὸς
1264 2396 1319 2437 V.‚

813 2456 827 2475 Ε

313 2494 440 2521 ortum
459 2485 614 2521 fortasse
631 2498 676 2521 ex
695 2485 751 2521 ὑπ’
772 2457 901 2536 ἀνδρρός.
914 2504 928 2518 υ
950 2490 1067 2522 Dum.
1088 2484 1321 2521 Praeferenda

314 2542 460 2578 videtur
482 2542 686 2578 Hermanni
708 2542 922 2590 conjectura
948 2544 1004 2579 ὑπ’
1033 2542 1150 2593 ἀνδρὸς
1171 2541 1220 2577 ἔτι
1243 2556 1319 2577 κατ.

314 2599 438 2635 Possis
456 2592 497 2634 αῧ
516 2613 593 2634 κατ.
619 2629 658 2634 -
686 2599 947 2647 Sequebantur
965 2600 1079 2635 verba
1096 2599 1134 2635 τὸ
1152 2597 1186 2634 δὲ
1204 2599 1321 2648 δρᾶμα

350 2686 357 2694 .
376 2682 385 2692 .
403 2683 411 2690 .
441 2654 690 2705 τεχνικώτατον
705 2685 713 2701 ,
740 2670 824 2704 quae
849 2656 1067 2692 Dindorfius
1090 2657 1177 2692 hinc
1198 2655 1321 2691 ablata

315 2713 354 2749 in
375 2712 447 2748 fine
463 2713 680 2761 Argumenti
709 2716 778 2748 VII
806 2714 944 2762 posuit.
969 2715 1172 2749 Trimetros
1193 2726 1321 2749 versus

315 2782 396 2806 esse
419 2769 684 2806 animadvertit
706 2770 917 2806 Meinekius
938 2771 1032 2808 Hist.
1059 2774 1164 2807 Com.
1193 2783 1228 2819 p.
1260 2772 1320 2815 48,

315 2826 577 2876 superioribus
594 2826 854 2876 adjungendos
870 2843 877 2864 :

418 2954 457 2991 τὸ
476 2953 511 2992 δὲ
527 2956 642 3007 δρᾶμα
661 2960 761 2993 τοῦτο
781 2959 842 3002 τῆς
855 2955 935 3003 ὅλης
953 2957 1122 3003 ποιήσεως

419 3011 603 3050 κάλλιστον
620 3006 707 3050 εἷναί
723 3028 808 3065 φησι
826 3013 882 3051 καὶ
896 3015 1162 3066 τεχνικώτατον.

318 3124 379 3181 Sjc
398 3123 549 3169 Aldina;
579 3126 617 3162 in
646 3129 736 3163 Ven.
760 3127 863 3164 deest
884 3131 1009 3173 ταῢτο,
1035 3129 1192 3166 fortasse
1209 3130 1319 3166 etiam

319 3184 416 3217 εἶναι.
443 3181 545 3218 Idem
565 3183 685 3219 codex
702 3199 803 3235 φασι,
825 3185 889 3221 sed
915 3185 999 3237 φησί
1024 3186 1183 3223 refertur
1199 3187 1244 3223 ad
1265 3187 1318 3223 sa-

320 3236 419 3274 bulae
436 3251 531 3275 vers.
553 3239 638 3283 522,
655 3249 695 3276 ut
712 3241 807 3278 vidit
825 3245 1071 3281 Hermannus.

371 3311 463 3342 Aac.
480 3309 523 3342 V.
548 3308 594 3342 28
615 3309 648 3343 ἐν
666 3307 779 3355 ἄστει,
811 3323 858 3358 29
885 3309 945 3359 μὲν
974 3325 995 3359 γ
1021 3311 1114 3348 ἐνίκα
1140 3314 1184 3347 V.
1211 3342 1248 3347 .-
1277 3313 1323 3349 3ο

1365 1004 1565 1056 διαρριφεὶς,
1588 1004 1641 1040 Α31
1673 1001 1874 1047 ἀναδιδάξας
1903 1004 1980 1040 Ald.
2011 1033 2049 1040 -.
2080 1006 2125 1041 32
2150 1003 2208 1041 καὶ
2227 1004 2371 1042 addidit

1364 1062 1539 1098 Dindorf.
1557 1061 1635 1098 Ald.
1654 1061 1951 1112 καταμέμφεσθαι.

1418 1124 1512 1156 Ano.
1535 1121 1594 1153 VI.
1622 1132 1634 1153 1
1657 1120 1699 1155 T.
1728 1118 1763 1154 δὲ
1782 1118 1886 1154 ταυτό
1906 1118 1988 1155 Ald.
2009 1149 2048 1154 -
2069 1130 2089 1154 2
2111 1119 2204 1170 αὐτῷ
2229 1121 2273 1155 V.
2291 1149 2330 1154 -.
2350 1120 2372 1155 6

1365 1176 1554 1214 πέπλεκται
1574 1178 1658 1215 Ald.
1676 1206 1716 1211 -
1741 1193 1760 1225 7
1786 1179 1838 1214 sic
1863 1178 2096 1214 Dindorfius.
2122 1177 2336 1227 Legebatur
2355 1177 2377 1214 ἃ

1367 1235 1402 1270 δὲ
1429 1236 1610 1286 ὁλοσχερῆ.
1640 1238 1733 1272 Ven.
1760 1236 1958 1287 ὃλοσχερῆς,
1979 1266 2018 1271 -
2043 1237 2064 1272 8
2084 1235 2207 1272 αὐτίκα
2226 1235 2321 1285 μάλα
2341 1237 2377 1282 ἡ,

1369 1306 1413 1328 10
1431 1292 1488 1328 καὶ
1509 1291 1559 1328 ἔτι
1579 1294 1599 1336 ἡ
1621 1295 1666 1330 V.

1420 1353 1518 1387 Ano.
1537 1352 1621 1386 VII.
1643 1351 1686 1386 13
1707 1348 1769 1399 μὲν
1788 1364 1862 1388 om.
1884 1351 1929 1387 V.
1948 1379 1988 1386 ...
2010 1350 2054 1386 15
2075 1350 2255 1400 εἰσάγοντα
2276 1352 2323 1389 V.
2339 1380 2379 1386 -

1372 1455 1383 1476 1
1395 1442 1415 1476 6
1437 1440 1494 1477 καὶ
1513 1454 1586 1479 om.
1598 1442 1644 1479 V.
1663 1470 1704 1476 .-.
1723 1454 1770 1488 19
1788 1413 1935 1483 Μέλτίτος
1956 1444 1997 1477 V.
2013 1444 2069 1477 De
2084 1441 2328 1490 sequentibus
2343 1455 2378 1479 V.

1371 1498 1467 1534 dicta
1491 1498 1537 1534 ad
1557 1499 1665 1534 linem
1683 1503 1772 1547 Arg.
1793 1499 1858 1536 lV.

1423 1560 1521 1594 Ano.
1541 1559 1640 1592 VIII.
1671 1557 1804 1601 «VIII,
1833 1556 1904 1601 IX,
1926 1557 1962 1591 X
1984 1556 2239 1592 recentiorum
2262 1569 2383 1605 gram-

1374 1614 1596 1649 maticorum
1610 1622 1695 1649 sunt
1708 1618 1939 1664 Argumenta
1952 1627 1997 1650 ex
2010 1613 2290 1663 antiquioribus
2301 1627 2384 1663 quae

1373 1684 1486 1720 supra
1515 1671 1759 1708 exhibuimus
1781 1672 2002 1720 composita.
2016 1690 2031 1704 »
2050 1675 2167 1709 Dum.
2185 1701 2225 1707 -
2245 1685 2289 1707 21
2307 1670 2384 1708 Μέ-

1371 1729 1463 1771 λιτος
1481 1730 1560 1765 Ald.
1578 1759 1617 1765 -.
1635 1731 1681 1765 28
1701 1731 1821 1766 ἑαυτοῦ
1841 1730 2050 1767 Ernestius.
2070 1729 2286 1778 Legebatur
2301 1728 2383 1766 τού-

1373 1802 1446 1824 του.
1471 1815 1510 1821 -
1540 1789 1586 1823 32
1616 1788 1669 1823 ἐπ’
1703 1786 1832 1823 ἐκείνου
1864 1790 2114 1824 Hermannus.
2146 1789 2291 1823 Monac.
2327 1787 2385 1822 ἀπ’

1374 1842 1513 1879 ἐκείνου.
1543 1875 1582 1879 -
1612 1845 1658 1880 33
1685 1837 1742 1880 οἶν
1773 1848 1922 1881 Monac.
1950 1844 2015 1896 γὰρ
2033 1845 2119 1882 Ald.
2146 1876 2187 1882 .-
2218 1846 2262 1887 34
2286 1845 2320 1880 ἐν
2338 1857 2384 1880 ex

1375 1904 1523 1939 Monac.
1554 1909 1602 1939 et.
1630 1905 1720 1950 Arg.
1750 1904 1788 1938 X
1817 1902 1998 1938 additum.
2035 1901 2231 1938 Ernestius
2260 1901 2316 1938 ἐπὶ
2339 1915 2384 1938 ex

1377 1958 1484 1994 Hom.
1506 1986 1543 1990 -
1566 1960 1613 2005 39
1642 1958 1801 2008 βουλήσει
1824 1973 1870 1995 ex
1889 1963 2035 1997 Monac.
2065 1967 2101 1995 et
2135 1963 2217 2007 Arg.
2233 1961 2282 1994 X.
2304 1959 2386 1995 Ald.

1376 2013 1501 2059 νοήσει.
1526 2045 1565 2050 -.
1583 2016 1628 2058 43
1645 2014 1726 2051 Ald.
1747 2017 1960 2064 γεγενῆσθαι.
1977 2015 2181 2064 Sequentia
2199 2016 2238 2051 in
2256 2015 2386 2052 codice

1376 2073 1585 2108 Matritensi
1621 2073 1758 2120 (Iriart.
1781 2074 1894 2109 Catal.
1922 2086 1959 2122 p.
1989 2075 2078 2121 236)
2104 2074 2157 2109 ita
2184 2073 2386 2120 leguntur:

1377 2128 1431 2165 διὰ
1439 2129 1566 2166 τούτων
1582 2128 1616 2166 δὲ
1629 2129 1794 2166 δείκνυσιν
1811 2129 2055 2181 Ἀριστοφάνης
2069 2129 2164 2166 ἄθεον
2178 2129 2234 2166 τὸν
2244 2129 2387 2181 Σωκρά-

1377 2202 1462 2235 την,
1488 2189 1534 2229 ὡς
1562 2186 1689 2238 ἀφέντα
1714 2185 1790 2228 τοὺς
1813 2186 1966 2231 συνήθεις
2000 2185 2093 2229 θεοὺς
2122 2186 2180 2223 καὶ
2209 2182 2388 2236 νομίζοντα

1377 2243 1532 2295 Νεφέλας
1559 2245 1616 2281 καὶ
1641 2244 1751 2296 Ἀέρα.
1780 2242 1853 2281 ὅθεν
1893 2243 1951 2281 καὶ
1974 2243 2127 2296 Νεφέλαι
2154 2244 2338 2293 ὠνομάσθη
2367 2247 2389 2290 ἡ

1379 2306 1535 2353 παροῦσα
1550 2301 1730 2353 κωμῳδία.

1432 2368 1530 2397 Ano.
1545 2364 1601 2397 IX
1619 2375 1665 2397 ex
1683 2361 1813 2398 codice
1824 2362 1961 2398 Matrit.
1982 2361 2126 2398 editum
2144 2361 2167 2397 l.
2188 2374 2219 2397 c.
2237 2390 2276 2396 -.
2295 2362 2317 2397 6
2330 2364 2390 2398 τοῦ

1379 2417 1497 2458 παιδὸς
1522 2418 1669 2454 addidit
1692 2419 1897 2455 Harlesius.
1914 2449 1953 2455 -.
1973 2433 1992 2445 ‘-
2011 2419 2130 2455 codex
2156 2418 2390 2470 φοιτήσαντος.

1379 2506 1419 2512 .-
1441 2489 1454 2510 1
1467 2476 1487 2511 5
1508 2476 1629 2512 codex
1649 2474 1696 2524 μὴ
1721 2491 1863 2525 καταγν.
1887 2477 2061 2513 Correxit
2079 2480 2328 2513 Hermannus.

1432 2537 1528 2569 Aac..
1552 2536 1589 2570 X
1617 2534 1736 2570 edidit
1776 2533 1994 2570 Dindorfius
2022 2547 2069 2569 ex
2097 2534 2229 2569 codice
2253 2534 2386 2570 Tauri-

1378 2591 1483 2626 nensi
1502 2591 1560 2632 34.
1576 2590 1700 2627 Habet
1720 2591 1855 2639 Regius
1875 2592 1989 2639 2821,
2012 2591 2237 2627 confirmans
2258 2604 2388 2628 emen-

1379 2647 1549 2683 dationes
1571 2647 1594 2685 l.
1622 2648 1667 2683 23
1690 2656 1725 2684 et
1743 2648 1789 2684 36
1806 2648 1999 2684 indicatas.

1770 2782 1998 2821 SCHOLIA.

1433 2871 1460 2902 1,
1481 2857 1500 2890 Γ»
1520 2858 1588 2893 σνο’
1602 2861 1800 2894 Kusterus.
1817 2857 1899 2893 Ald.
1917 2856 2003 2905 σμε’.
2024 2860 2313 2895 «Numerantur
2324 2860 2392 2896 soli

1381 2914 1562 2957 trimetri,
1586 2916 1734 2951 omissis
1760 2914 1999 2951 brevioribus
2024 2915 2231 2952 versibus.»
2259 2919 2391 2953 Hmm.

1382 2974 1473 3019 ch.
1495 2987 1514 3007 σ
1538 2970 1609 3017 ’-7
1629 2973 1662 3008 ἐν
1684 2971 2074 3016 §misenum-mannus,
2092 2973 2142 3008 «i.
2161 2965 2391 3026 espostcrio-

1380 3042 1418 3064 re
1436 3037 1540 3078 parte
1552 3030 1686 3065 horum
1701 3029 1974 3079 colloquiorum
1990 3029 2076 3066 inde
2095 3043 2116 3065 a
2135 3043 2168 3066 v.
2188 3043 2299 3066 222.»
2316 3034 2389 3067 Le-

1380 3085 1535 3135 gebatur
1554 3088 1588 3123 ἐν
1606 3086 1758 3124 εἷσθέσει.
1773 3102 1842 3136 -9
1862 3087 1987 3138 τρίτον,
2015 3096 2184 3135 quartum
2205 3088 2244 3124 in
2264 3087 2387 3125 editis.

1435 3143 1586 3181 Scholia
1600 3145 1645 3181 ad
1667 3159 1700 3180 v.
1720 3147 1785 3181 1-3
1805 3146 1878 3181 hoc
1896 3145 2028 3181 ordine
2046 3143 2158 3181 habet
2170 3148 2214 3182 Β.
2230 3159 2238 3181 :
2258 3158 2293 3191 2,
2314 3146 2350 3191 3,
2365 3159 2390 3181 1.

1384 3200 1427 3237 Θ.
1444 3201 1590 3238 orditur
1607 3215 1626 3238 a
1642 3202 1768 3238 verbis
1783 3201 2046 3254 παρεπιγραφή·
2069 3216 2223 3251 συγκ.....
2240 3201 2390 3254 περιὸλ.,

1381 3258 1402 3293 l.
1424 3258 1554 3302 42-44.
1571 3288 1605 3294 -.
1632 3260 1677 3296 15
1700 3262 1742 3298 R.
1761 3259 1832 3296 ἔστι
1853 3258 1887 3297 δὲ
1905 3274 1976 3310 σχ.,
1999 3268 2036 3296 et
2059 3272 2131 3295 om.
2154 3259 2230 3311 γάρ.

1437 3328 1476 3360 2,
1497 3330 1516 3352 2
1530 3331 1540 3351 1
1562 3332 1636 3366 νομ.
1658 3321 1755 3354 τοῦτο
1775 3322 1819 3354 V.
1839 3347 1877 3352 -
1899 3324 1944 3362 24
1965 3315 2026 3366 μὲν
2047 3330 2118 3353 om.
2147 3320 2191 3355 R.
2207 3344 2245 3348 -
2264 3317 2311 3353 26
2330 3316 2386 3354 ἐπὶ
