2517 3792
53 2623 58 2625 μ
102 2589 138 2614 ⁴0
208 2587 270 2612 975.
298 2577 356 2611 νῦν
383 2586 392 2612 :

891 231 1139 270 SCHOLIA
1179 232 1234 269 ΙΝ
1272 231 1528 271 PLUTUM.

150 325 424 379 προείρηται·οὖ
447 322 516 373 μὴν
537 322 627 360 ἀλλὰ
650 322 710 360 καὶ
733 322 913 361 ἐξούλευον
934 317 1026 360 οὗτοι
1048 339 1097 360 τω
1117 322 1183 375 πρὸ

150 382 272 421 τούτου
286 382 353 420 ἔτει
374 380 566 433 ἀρξάμενοι.
585 381 669 432 φησὶ
683 380 750 450 γὰρ
769 381 963 433 Φιλόγορος
975 411 984 428 ,
1002 382 1057 419 ἐπὶ
1074 383 1185 421 Ιλαυ·

151 440 299 486 κίππου,
317 455 376 476 και
392 442 413 484 ἦ
437 438 543 490 βουλὴ
567 438 657 475 κατὰ
673 439 822 490 γράμμα
843 439 918 476 τότε
940 442 1077 491 πρῶτον
1098 441 1183 476 ἐκα-

151 498 274 542 θέζετο·
292 497 351 534 καὶ
367 496 418 534 ἔτι
435 513 492 533 νυν
516 497 658 546 ὄμνυσιν
683 499 743 534 ἀπ
761 497 888 535 ἐκείνου
907 501 990 534 καθε
977 499 1041 534 εδει
1029 500 1123 534 Τσθαι
1150 498 1184 533 ἐν

118 568 200 592 sto)
225 553 408 606 γράμματι
435 556 463 606 ᾡ
490 554 530 591 ἂν
559 554 708 605 λάχωσι.
793 554 950 603 Ἄλλως.)
985 570 1089 592 τουτο
1127 555 1182 606 ἀφ’

150 595 297 663 ἑέέρου’
282 627 373 649 εστιν
391 615 618 663 ἑρμηνεῖ-σαι·
638 613 808 659 Αθηναῖοι
825 612 914 671 γὰρ
906 612 973 650 ἀπὸ
987 615 1054 649 τῶν
1071 613 1184 663 ..ιυλῶν

150 670 284 709 ἐποίουν
304 669 382 712 τοὺς
400 669 562 713 δικαστὰς
585 670 676 707 κατὰ
696 670 864 738 γράμμα,
881 684 948 707 οιον
967 673 987 714 ἡ
1004 669 1126 719 πρώτη
1146 668 1185 706 τὸ

153 743 175 765 α
197 727 278 779 ἔσχε
310 730 466 777 σημεῖον,
497 727 556 765 καὶ
582 731 603 773 ἡ
631 728 771 779 δευτέρα
798 727 837 764 τὸ
868 730 906 777 β,
933 743 991 764 και
1021 729 1055 764 αι
1082 726 1185 763 ἄλλαι

152 785 230 835 ὁμοί
221 802 275 828 ’.ως
291 783 354 827 ἕως
371 789 446 844 τοῦὐ
443 802 475 823 κ.
494 785 592 835 [δέκα
609 784 705 838 γαρ
692 787 805 823 συλων
820 786 929 822 οὐσων
942 784 1023 821 δέκα
1038 783 1186 834 ἐγίνοντο

102 859 134 884 ιο
152 843 329 880 δικασταί·
334 843 347 893 ]
365 845 383 880 6
408 846 465 880 οὐν
494 843 612 893 λαχὼν
629 843 668 880 τὸ
691 859 713 879 α
734 845 869 895 πρῶτος
895 842 1050 887 ἐδίκαζε,
1069 856 1129 878 και
1155 843 1185 877 οἳ

152 900 251 938 ἄλλοι
269 900 404 950 ὁμοίως.
490 900 516 950 (''
512 902 645 944 Αλ.λως
663 903 709 943 ὡς
726 900 781 937 ἐπὶ
798 916 864 936 των
853 899 1057 971 υρητόρων·
1074 900 1104 935 οἷ
1119 897 1185 950 γὰρ

153 957 319 1008 λαχόντες
339 957 440 1007 μόνον
461 958 699 1010 ῥητορεύουσι·
721 957 811 1007 λέγει
835 960 890 994 οὖν
911 956 963 994 ὅτι
981 961 1047 1008 ἀρα
1065 959 1082 993 6
1098 957 1183 1000 κλῆ

157 1014 211 1067 ρός
228 1030 288 1052 σου
306 1017 368 1052 οὐκ
391 1017 546 1061 ἀνῆλθεν.
628 1014 778 1057 Ἄλλως.
791 1016 998 1072 εκληροῧντο
1019 1013 1129 1065 γὰρπ

153 1073 193 1109 τὸ
220 1072 369 1123 γράμμα
389 1072 449 1109 καὶ
474 1071 582 1114 οὕτως
599 1070 768 1115 ἐδίκαζον,
798 1071 891 1122 τάχα
912 1086 969 1108 ουν
996 1070 1036 1108 σὺ
1053 1100 1062 1117 ,
1083 1085 1185 1123 φησι,

103 1147 135 1171 1⁵
156 1131 314 1181 λαχοῦσα
334 1131 396 1167 οὔκ
413 1128 626 1175 ἐδίκαζες,
607 1144 719 1172 επινες
740 1128 775 1166 δὲ
794 1128 851 1165 διὰ
879 1144 978 1166 τουτο
999 1133 1108 1178 εἶπεν,
1131 1128 1186 1164 ἵνα

153 1188 325 1239 διαὸάλλῃ
350 1187 412 1231 τὰς
443 1189 608 1238 γυναῖκας
636 1191 682 1231 ὡς
710 1187 888 1241 φιλοίνους.
921 1190 1105 1240 ε’ρωτηματ
1094 1203 1188 1230 ,ικως

153 1251 222 1285 οὖν.
239 1245 359 1292 ἐπειδὴ
383 1245 443 1283 καὶ
460 1245 614 1298 γέροντές
633 1247 718 1283 εἰσιν
742 1248 773 1283 οἱ
799 1246 1009 1290 δικάζοντες·
1038 1245 1090 1282 διὸ
1112 1249 1186 1282 εἰπε

151 1304 236 1356 πρὸς
252 1303 314 1350 τὴν
332 1307 454 1356 γραῦν,
476 1322 489 1337 α
510 1304 584 1341 ἀλλ’
605 1305 642 1341 οὗ
660 1305 805 1355 λαχουσ’
823 1303 936 1347 ἔπινες
955 1305 988 1340 ἐν
1006 1319 1054 1340 τω
1070 1303 1186 1355 γράμ-

154 1378 251 1413 ματι.
270 1364 298 1412 n)
313 1386 359 1391 —-
375 1361 505 1414 ὓὸρίζει
522 1360 642 1407 αὐτήν.
662 1370 724 1399 Dv.
742 1362 887 1413 λαχοῧσ’
912 1376 920 1400 3
946 1362 1186 1413 Κληριι)θεῖσα.

100 1434 137 1459 20
155 1418 266 1462 ἔπινες
282 1432 292 1457 2
308 1418 500 1463 Ἐδίκαζες.
519 1434 574 1470 γρ.
597 1418 824 1471 δικαστηρίῳ.
853 1427 892 1456 P.
911 1418 1166 1471 κληρωσαμένη
1178 1449 1186 1463 ,

153 1478 189 1514 ἐν
213 1479 263 1530 τῷ
289 1477 514 1529 δικαστηρίῳ.
542 1478 590 1516 Θ.
619 1476 694 1514 δέον
720 1478 841 1523 εἰπεῖν,
869 1477 946 1514 ἀλλ’
973 1478 1011 1514 οὐ
1042 1476 1187 1528 λαχοῧσ’

153 1535 283 1588 ἔκρινες
308 1537 343 1573 ἐν
367 1537 416 1587 τῷ
441 1535 643 1587 γράμματι,
663 1537 708 1578 ὡς
733 1534 926 1587 ἔμπροσθεν
952 1534 1014 1580 τὴν
1035 1534 1187 1586 ἱστορίαν

154 1593 294 1644 εἴπομεν
308 1594 356 1636 εἷς
373 1593 412 1631 τὸ
425 1593 507 1644 [277]
523 1612 540 1626 u
554 1595 589 1631 ἐν
608 1596 651 1645 τῇ
666 1595 756 1645 σορῷ
772 1594 843 1630 νυνὶ
856 1593 964 1644 λαχὸν
982 1592 1021 1630 τὸ
1040 1592 1188 1661 γράμμα

153 1666 227 1689 σου.
259 1669 275 1684 ιι
303 1653 321 1688 ὁ
355 1650 390 1688 δὲ
425 1650 622 1688 διαὸάλλων
658 1650 765 1696 αὐτην
801 1653 847 1694 ὡς
876 1651 1037 1701 μέθυσον
1067 1651 1186 1703 φησίν·

101 1726 136 1751 25
157 1725 173 1741 α
194 1707 273 1745 ἀλλ’
294 1709 332 1746 οὔ
350 1708 494 1760 λαχοῧσ’
524 1708 636 1751 ἔπινες
652 1710 686 1746 3v
704 1725 753 1746 τω
773 1708 1012 1781 γράμματι.»
1033 1716 1086 1746 Br
1104 1709 1188 1760 παρ’

154 1765 327 1805 ὑπόνοιαν.
346 1765 436 1804 οὕτω
452 1766 518 1818 γὰρ
529 1766 674 1820 ὤφειλεν
691 1769 819 1804 εἰπεῖν·
838 1771 906 1819 ἄρα
921 1769 958 1805 οὐ
970 1768 1144 1819 κληρωθεῖ
1145 1783 1188 1804 σα

153 1827 188 1862 ἐν
207 1840 256 1861 τω
275 1824 459 1876 γράμματι
489 1824 662 1872 ἐδίκαζες;
690 1826 746 1862 6
728 1825 763 1862 οε
783 1825 822 1863 τὸ
844 1828 912 1863 τῶν
930 1829 1100 1875 γυναικῶν
1129 1825 1189 1878 φί-

151 1882 261 1919 λοινον
281 1884 420 1935 σκῶψαι
436 1881 542 1920 θέλων
563 1882 673 1926 ἔπινες
690 1882 784 1935 φησί.
806 1891 844 1921 Ρ.

205 1952 269 1978 973.
299 1938 366 1990 ἐγὼ
395 1937 430 1976 δὲ
459 1939 674 1979 κατακέκν.ε
705 1940 796 1979 Ὑπὸ
829 1938 954 1993 ἔρωτος
982 1941 1123 1992 πάσχ’ω.
1141 1941 1188 1980 Θ.

101 2019 138 2044 30
158 2006 218 2036 Dv.
233 1996 624 2049 ἐρωτικῶςλελύπημαι.
640 2005 681 2035 P.
697 1998 863 2051 δειλάκρα
880 2001 926 2045 ζὴ
944 1998 1059 2051 ἄκρως
1070 1998 1187 2038 ἀθλία.

159 2063 192 2094 V.
212 2056 258 2094 Θ.
279 2064 338 2094 Dv.
357 2055 469 2093 ἀθλία.
489 2063 519 2093 Ρ

204 2126 267 2152 974.
294 2113 352 2150 τὸν
381 2113 526 2163 κνισμὸν
561 2112 638 2150 τίνα
668 2127 677 2152 :
709 2113 819 2161 (Ἀντὶ
844 2117 904 2151 τοῦ
936 2115 1187 2164 κατακνισμόν.

153 2171 310 2218 ἐπίτηδες
323 2170 405 2221 δε)
388 2187 434 2213 ως
452 2173 643 2222 καπρῶσαν
664 2170 814 2208 σκώπτει
830 2187 893 2216 την
915 2176 1038 2223 γραῦν.
1097 2171 1191 2222 (Ἀλ-

154 2230 235 2271 λως.
262 2227 404 2278 κνισμός
429 2229 501 2265 ἐστι
523 2227 647 2278 κυρίως
672 2231 694 2273 ἡ
720 2228 803 2278 πρὸς
824 2245 887 2274 την
919 2228 1010 2279 μίξιν
1041 2229 1190 2280 βακχεία

102 2301 138 2326 35
157 2301 217 2323 και
243 2285 408 2337 πύρωσις.
437 2287 583 2322 ἐνταῦθα
608 2289 665 2323 οὐν
694 2285 991 2337 κατακέκνισμαι,
1024 2287 1099 2324 ἀντὶ
1129 2291 1190 2325 τοῦ

156 2343 216 2380 υπ’
233 2342 356 2394 ἔρωτος
372 2342 513 2394 πάσχω.
517 2344 589 2392 )-
600 2357 720 2380 ουκουν
736 2344 842 2395 ἕρεις.
835 2357 842 2364 ·
858 2344 989 2394 Λέγεις.
1006 2344 1189 2384 ἀνύσασατ

154 2400 396 2440 Τελειώσασα.
418 2410 477 2438 De.
496 2398 683 2447 τελέσασα,
701 2417 750 2438 σπ
753 2401 898 2441 εύσασα,
921 2405 968 2442 Θ.
992 2404 1080 2455 ἐρεῖς
1100 2403 1190 2440 ἀνύ-

157 2474 248 2496 σασα
270 2471 279 2497 :
305 2457 425 2501 Εἴποις
449 2457 691 2497 σπουδάσασα.
718 2466 758 2496 Ρ.
777 2459 853 2496 τίνα

155 2517 342 2555 ΘυυΗΡ

880 2460 1188 2499 εΚατακέκνισαι.

420 2573 486 2618 Δή.
513 2575 558 2613 Θ.
581 2577 670 2613 νῧνῑ
699 2574 843 2613 Λοιπόν.
870 2575 966 2628 φίλον
994 2590 1002 2616 :
1026 2577 1192 2628 Ἠγαπη-

156 2631 271 2681 μένον.
293 2639 357 2669 Dv.

206 2702 270 2727 976.
299 2687 460 2739 πενιχρὸν
479 2702 487 2726 :
507 2689 671 2740 Πτωχόν.
689 2690 936 2742 εὖπρόσωπον;
953 2692 1110 2745 <Ωραῗον.
1126 2702 1189 2732 Dv.

156 2757 199 2788 P.
213 2748 350 2798 ὡραῖον.
372 2748 418 2785 Θ.
437 2746 551 2790 ἄλλως
571 2761 579 2785 :
601 2748 689 2786 Κατ’
706 2749 810 2787 ἄλλον
830 2749 967 2802 τρόπον.
990 2759 1030 2788 Ρ.

209 2817 273 2843 977.
301 2804 481 2855 χρηστὸνῑ
502 2805 658 2854 Ἀγαθὸν.
674 2821 760 2846 τουε
784 2807 897 2851 Τίνος.
918 2808 990 2858 (και
1008 2825 1107 2852 τινος
1129 2811 1188 2860 Θ.)

105 2879 139 2904 ⁴5
159 2860 347 2957 &efflei-3²
332 2859 429 2910 εγὼε
447 2863 511 2904 Εἷς
526 2862 646 2915 χρείας
661 2858 706 2910 ἦ)
709 2868 764 2901 θον
781 2866 918 2918 χρῆζων
933 2866 1012 2918 ἐγώ.
1030 2876 1094 2906 Βυ.
1112 2869 1190 2905 ἐδε-

157 2917 243 2964 ήθην
344 2925 385 2956 P.

227 2989 272 3014 78.
301 2974 454 3024 κοσμίως

158 3048 235 3076 τως.
258 3040 320 3071 Dv.

210 3104 274 3129 979.
305 3089 495 3141 ὑπηρέτουν
518 3104 526 3128 :
547 3090 715 3131 Ἐδίδουν.
735 3102 776 3133 Ρ.

105 3175 140 3202 50
210 3161 275 3186 980.
308 3146 360 3184 ὅτι
383 3160 391 3185 :
411 3146 520 3186 Διότι.
546 3149 644 3186 ἐδεῖθ’

156 3220 245 3243 τοτε.
265 3214 342 3246 Πυ.,

209 3277 274 3302 98¹.
305 3261 470 3312 ἐκνομίως
501 3293 509 3300 .

475 2989 483 3014 :
507 2977 704 3021 Εὗτάκτως.
726 2981 841 3023 καλῶς
862 2995 871 3019 :
892 2981 1025 3032 Ἤγουν
1045 2983 1192 3035 πρεπόν-

502 3262 625 3301 ·Ἀντὶ
650 3268 709 3301 τοῦ
728 3268 927 3319 ὑπερφυῶς,
950 3272 997 3306 ὑπ
999 3269 1189 3320 ερὸαλλόν-

157 3336 242 3367 τως,
257 3319 427 3370 μεγάλως.
449 3319 619 3370 (κυρίως
601 3335 635 3357 03
649 3321 688 3358 τὸ
701 3324 747 3359 υπ
736 3339 819 3373 .ερ
802 3324 840 3361 τὸ
857 3327 1110 3375 νενομισμένον
1114 3330 1188 3376 )-

159 3380 197 3416 οὗ
217 3377 357 3417 πολλὰῑ

664 3163 673 3188 :
690 3150 858 3203 Ἔχρηζε.
881 3154 1045 3192 ἑκάστοτε
1062 3169 1070 3194 z
1087 3155 1190 3195 Πάν-
1208 3170 1214 3176 ·

2200 239 2273 272 375

1240 323 1405 372 ἐκνομίως
1435 337 1443 361 :
1472 323 1678 375 Ὑπερφυῶς
1703 324 1761 361 καὶ
1791 323 1880 375 πέρα
1912 327 1972 370 τῆς
2005 324 2196 371 συνηθείας.
2226 327 2275 364 Θ.

1240 383 1439 432 ὑπερφυῶς,
1458 380 1615 418 ἐπέκεινα
1633 381 1749 431 νόμου.
1770 392 1833 422 Dc.
1854 382 2159 435 ὑπερὸαλλόντως,
2176 386 2278 434 ὑπερ-

1240 442 1350 491 φυῶς,
1370 439 1455 490 ὑπὲρ
1481 439 1520 475 τὸ
1552 441 1807 490 νενομισμένον.
1833 441 2006 492 ᾐσίύνετο
2028 455 2036 480 :
2062 440 2273 480 Εὐλαὸεῖτο.

1241 505 1358 534 Paris.

1292 568 1369 592 εις-2.·
1386 554 1490 604 ᾔτησ’
1508 568 1516 592 :
1534 553 1724 601 Ἔζῆτησεν
1743 557 1816 606 ε’μέ.
1836 566 1900 595 lm.
1918 557 1956 594 τὸ
1975 556 2103 594 εἴκοσιν
2122 557 2257 596 Ἀττικὸ

1241 611 1329 661 μετὰ
1348 615 1408 648 τοῦ
1428 627 1456 648 ν.
1478 619 1518 649 V.

1292 682 1356 708 983.
1387 671 1432 711 εἰς
1449 671 1500 718 ἱμ.

1241 729 1378 778 ἀγορᾶς.
1399 735 1459 763 Dv.

1525 683 1533 707 :
1554 669 1679 721 Χάριν.
1699 673 1746 714 εἷς
1762 671 1972 721 ὑποδήματα
1998 684 2006 709 2
2025 671 2157 721 Ἤγουν
2175 672 2277 724 χάριν

1293 798 1356 823 934.
1387 785 1471 835 [ὅτι]
1489 784 1527 822 τὸ
1548 785 1718 837 ἀγοράσαι
1735 790 1793 824 νῦν
1811 786 1964 832 συνήθως
1979 789 2063 836 ἡμῖν
2078 803 2183 840 φησιν
2203 789 2279 825 ἀντὶ

1240 846 1298 880 τοῦ
1319 842 1530 888 ὠνήσασθαι.
1547 851 1586 882 R.
1609 851 1648 881 V.
1673 845 1719 882 Θ.
2302 863 2332 887 ιι·

1293 915 1357 939 935.
1389 899 1548 938 ἐκέλευσε

1242 958 1410 1007 εἱμάτιον.
1432 965 1494 996 Βυ.

1294 1030 1355 1054 986.
1385 1020 1502 1069 πυρῶν
1525 1030 1533 1055 :
1552 1016 1669 1056 Σίτου.
1692 1019 1739 1057 Θ.
1761 1018 1860 1064 ἐδετθ

1243 1074 1416 1124 μεδίμνων

1575 914 1584 940 :
1612 895 1720 940 Εἶπεν
1756 901 1830 952 ἐμέ.
1863 903 2074 953 θοιματίδιον
2108 916 2117 942 :
2146 904 2280 956 Μικρὸν

1908 1021 2001 1062 εΕἷς
2020 1035 2096 1070 γρει
2089 1018 2139 1062 ἀς
2159 1013 2279 1066 ἠλθεν.

1448 1035 1906 1127 ’Μοοίων.1)υ.μοδίηιιι)ν
1943 1078 2131 1130 τεττάρων.
2167 1078 2280 1116 πάντα

1241 1135 1351 1169 ταῦτα
1371 1135 1552 1185 παρεῖχον.
1574 1133 1620 1170 Θ.
1641 1140 1682 1171 Ρ.
2305 1156 2336 1180 15

1293 1203 1357 1229 987.
1388 1193 1425 1229 οὔ
1439 1190 1553 1228 πολλὰ
1573 1203 1581 1229 :
1604 1192 1802 1243 Εἷρωνικῶς
1822 1208 1906 1245 ’ρησι
1923 1192 2054 1238 παίζων
2066 1209 2073 1215 ·
2088 1192 2201 1232 πολλὰ
2217 1193 2282 1245 γὰρ

1243 1248 1435 1293 κατέλεξεν.
1457 1257 1494 1287 R.
1515 1256 1556 1287 V.
1579 1250 1753 1300 εἷρωνικὸς
1768 1253 1785 1288 6
1803 1250 1914 1301 λόγος.
1933 1252 1978 1289 Θ.
2000 1260 2062 1289 Dv.

1295 1320 1358 1345 988.
1388 1306 1562 1359 ᾐσχύνετο
1585 1321 1593 1346 :
1614 1308 1762 1348 Ἐδεῖτο.
1782 1319 1846 1348 Dv.

1295 1379 1359 1403 989.
1389 1367 1453 1417 οὐχ
1469 1364 1583 1403 ἕνεκεν
1604 1367 1770 1415 μισητίας
1789 1381 1796 1406 :
1817 1368 2023 1420 [Πορνείας.
2042 1368 2144 1406 οἱονεὶ
2159 1383 2286 1418 μισγη-

1243 1422 1337 1470 τίας,
1364 1423 1461 1475 παρὰ
1486 1424 1524 1461 τὸ
1556 1423 1775 1476 μίσγεσθαι.]
1805 1426 1864 1463 καὶ
1891 1428 1924 1463 ἐν
1953 1425 2085 1469 τούτοις
2114 1426 2281 1476 μισητίαν
2303 1443 2338 1467 20

1244 1481 1327 1533 φησὶ
1340 1480 1379 1518 τὸ
1400 1483 1447 1524 εἷς
1464 1480 1523 1524 τὰς
1539 1481 1721 1525 συνουσίας
1738 1484 1954 1536 εὐεπίερορον.
1973 1484 2038 1535 οὐχ
2052 1483 2166 1530 ἕνεκα,
2188 1485 2284 1537 φησὶ,

1243 1543 1302 1575 τοῦ
1325 1541 1510 1591 ὑπηρετεῖν
1539 1555 1604 1586 μου
1625 1542 1669 1591 τῇ
1696 1540 1872 1592 ἀσελγείᾳ.
1895 1564 1947 1570 —
1971 1541 2154 1591 μισγοτιάς
2179 1555 2187 1580 :
2211 1542 2285 1580 Μί-

1244 1596 1346 1646 ξεως,
1370 1596 1565 1649 συναφείας.
1584 1607 1651 1636 Dv.
1676 1599 1840 1649 μισητίας
1867 1613 1875 1638 :
1898 1598 2054 1645 Μίξεως,
2075 1600 2282 1652 συναφείας,

1244 1655 1315 1692 ἀπὸ
1334 1659 1392 1692 τοῦ
1411 1655 1525 1705 μίσγω
1546 1656 1582 1694 δὲ
1598 1657 1768 1708 μισγητία
1784 1657 1843 1695 καὶ
1865 1657 2022 1708 μισητία.
2041 1660 2090 1697 Θ.
2112 1658 2284 1711 πορνείας,

1245 1713 1379 1763 μίξεως.
1401 1722 1442 1752 Ρ.
1465 1722 1526 1751 Br.
2305 1731 2338 1755 25

1296 1784 1359 1808 990.
1390 1773 1496 1808 αἰτεῖν
1519 1784 1527 1809 :
1548 1773 1684 1817 Ζητεῖν.
1730 1772 1879 1825 ἔφασκεν
1902 1787 1911 1812 :
1933 1772 2094 1823 Ἔλεγεν.
2113 1783 2178 1813 Dv.

1297 1843 1359 1867 991.
1390 1828 1480 1866 οὕτω
1510 1834 1666 1881 μεμνῇτο
1685 1832 1731 1873 ὡς
1751 1831 1966 1884 ζΗρωδιανός
1986 1847 2089 1883 φησιν
2107 1834 2142 1870 ἐν
2163 1836 2207 1885 τῇ
2226 1837 2286 1880 τῆς

1245 1886 1444 1939 Ὁμηρικῆς
1458 1888 1667 1940 προσῳδίας.
1689 1892 1790 1926 τοῦτο
1810 1888 1847 1926 δὲ
1864 1890 1898 1926 ἐν
1917 1889 2072 1942 εἰρωνεία
2087 1890 2147 1928 καὶ
2162 1891 2286 1942 χλεύῃ.

1244 1952 1284 1982 V.
1307 1948 1462 1995 μεμνῆτο
1484 1958 1492 1983 :
1513 1945 1732 1996 Ἐνθυμοῖτο.
1752 1955 1819 1985 Dv.

1529 2016 1537 2042 ζ
1557 2003 1834 2054 Ἐπιθυμοῧντα.
1854 2007 1901 2044 Θ.
1921 2005 2161 2055 ἐκνομιώτατα
2183 2019 2193 2044 :
2212 2007 2286 2044 ἀντὶ
2309 2024 2342 2048 3ιι

1245 2063 1304 2097 τοῦ
1326 2061 1492 2113 σφοδρῶς.
1512 2071 1551 2100 R.
1570 2073 1609 2102 v.
1631 2063 1832 2115 ὑπερφυῶς,
1854 2061 1941 2115 ὑπὲρ
1964 2062 2004 2100 τὸ
2028 2063 2273 2114 νενομισμένον

1245 2119 1293 2157 Θ.
1313 2127 1375 2155 Βυ.

1298 2189 1361 2214 993.
1393 2177 1410 2213 6
1438 2176 1597 2228 βδελυρὸς
1618 2191 1626 2215 :
1653 2177 1695 2216 Ὁ
1717 2177 1871 2229 αἰσχρός.
1892 2179 1942 2217 Θ.
1967 2187 2030 2218 Dv.
2052 2179 2220 2231 μυσαρός.
2239 2193 2283 2222 Ρ.

1246 2233 1296 2271 ἔτι
1316 2247 1324 2272 :
1346 2235 1406 2276 Εἷς
1423 2234 1462 2270 τὸ
1475 2234 1564 2279 ἓξῆς.
1586 2243 1650 2275 Dv.
1669 2240 1745 2273 νοῧν
1766 2250 1774 2274 :
1794 2235 1945 2274 Σκοπόν.
1967 2245 2009 2275 Ρ.

1299 2305 1362 2330 994.
1394 2291 1601 2340 μεθέστηκεν
1625 2307 1633 2332 :
1658 2293 1879 2339 Μετεὸλήθη.
1900 2294 1946 2332 Θ.
1973 2298 2037 2333 Dv.
2059 2293 2278 2344 μεταὸέίῗλη-
2307 2312 2339 2336 35

1245 2365 1314 2387 ται.
1333 2351 1482 2399 μεθιστῶ
1498 2349 1537 2387 τὸ
1567 2351 1719 2401 μετάγω.
1742 2358 1783 2389 Ρ.
1811 2350 1975 2401 μετετέθη
1995 2355 2056 2399 τῆς
2079 2352 2263 2396 διαθέσεως

1248 2407 1465 2457 μετηλλοίγη.
1483 2416 1543 2446 Br.
2275 2400 2280 2404 ¹

1297 2016 1361 2041 992.
1392 2003 1510 2055 ἐρῶντ’

1298 2479 1361 2503 995.
1393 2466 1544 2518 [τουτονὶ
1567 2480 1575 2505 :
1594 2466 1752 2510 Εἰκότως
1776 2461 1851 2504 εἷπε
1871 2467 2017 2507 τουτονί.
2045 2468 2144 2522 ἔφερε
2161 2468 2229 2522 γὰρ
2250 2471 2284 2507 ἐν

1245 2524 1458 2576 ταῖς-χερσὶν
1479 2523 1536 2561 διὰ
1558 2524 1597 2562 τὸ
1617 2525 1755 2577 πέμψαι
1779 2523 1840 2575 μὲν
1862 2524 1972 2575 αὐτὴν
1995 2526 2134 2578 ἐκείνῳ,
2162 2526 2210 2577 μὴ
2232 2526 2286 2565 δέ-

1247 2581 1368 2626 ξασθαι
1382 2581 1418 2619 δὲ
1435 2582 1551 2629 αὐτὸν,
1568 2583 1644 2620 ἀλλ’
1660 2582 1869 2636 ἀποπέμψαι
1885 2584 1990 2622 πάλιν
2012 2584 2135 2637 αὐτῇ]
2305 2601 2340 2626 ω

1299 2653 1361 2678 996.
1391 2639 1477 2677 τάπὶ
1490 2644 1550 2677 τοῦ
1570 2640 1712 2684 πίνακος
1731 2654 1739 2679 :
1755 2640 1876 2684 Ἐντὸς
1891 2644 1951 2678 τοῦ
1966 2641 2121 2684 πίνακος.
2142 2650 2205 2680 Dv.
2224 2657 2286 2679 σα-

1246 2697 1295 2740 νὶς
1326 2698 1611 2750 ζωγραφουμένη.
1632 2697 1734 2742 πίναξ
1754 2698 1795 2736 τὸ
1814 2698 1895 2742 ἄκος
1910 2702 1972 2750 τῆς
1990 2699 2126 2746 πείνης,
2145 2700 2251 2750 ἤγουν
2269 2703 2287 2737 6

1248 2755 1448 2808 θεραπεύων
1477 2755 1540 2802 τὴν
1572 2757 1693 2794 πείναν
1723 2755 1779 2794 διὰ
1810 2759 1878 2794 τῶν
1899 2758 1933 2794 ἐν
1960 2759 2054 2810 αὐτῷ
2076 2758 2283 2809 βρωμάτων.

1246 2816 1292 2853 Θ.
1309 2820 1395 2852 Vict.

1299 2885 1362 2911 997.
1392 2872 1510 2910 ε’νόντα
1531 2885 1539 2910 :
1560 2871 1840 2923 Ἔνυπάρχοντα.
1862 2871 2099 2917 ὑπειπούσηςε
2123 2872 2286 2924 Κρυφίως
2305 2893 2339 2917 45

1247 2929 1461 2979 μηνυσάσης.
1481 2931 1527 2968 Θ.
1550 2937 1612 2966 Dv.
1641 2930 1671 2966 οἳ
1701 2928 1762 2978 μὲν
1792 2928 1866 2966 ἀντὶ
1894 2932 1954 2966 τοῦ
1981 2928 2160 2976 εἰπούσης,
2191 2932 2221 2967 οἱ
2251 2930 2286 2967 δὲ

1245 2986 1361 3039 ’ἠρέμα
1378 2985 1627 3038 φθεγξαμένης,
1649 2985 1666 3023 ὃ
1682 2986 1741 3022 καὶ
1762 2986 1915 3035 ἄμεινον.
1934 2994 1972 3023 R.
1987 2995 2029 3025 V.

1299 3057 1361 3082 998.
1392 3043 1508 3095 ἔδρασ’
1528 3057 1536 3081 :
1560 3043 1759 3089 Ἐποίησεν.
1781 3052 1845 3081 Dv.

1298 3115 1362 3140 999.
1395 3100 1515 3150 ἄμητά
1534 3116 1571 3137 τε
1589 3100 1832 3152 προσέπεμψεν
1848 3115 1856 3139 :
1876 3095 1978 3145 Εἶδος
1993 3102 2206 3146 πλακοῦντος
2221 3119 2284 3153 γα-

1246 3158 1453 3201 λακτώδους.
1470 3160 1506 3195 οὖ
1521 3158 1622 3208 μόνον
1640 3156 1692 3194 ὅτι
1705 3159 1766 3195 οὐκ
1779 3158 1916 3202 ἐδέξατο
1929 3158 1972 3197 τὰ
1987 3160 2081 3212 δῶρά
2098 3175 2163 3210 μου
2173 3191 2182 3205 ,
2197 3162 2285 3199 ἀλλὰ
2307 3181 2340 3204 50

1246 3217 1305 3255 καὶ
1325 3215 1454 3254 οἴκοθεν
1472 3215 1608 3267 ἔπεμψέ
1629 3230 1686 3264 μοι
1707 3215 1792 3253 ἄλλο
1808 3216 2050 3264 πλακούντιον,
2073 3218 2216 3267 (ὡσανεὶ
2231 3218 2290 3256 λε’-

1246 3290 1314 3324 γων
1337 3273 1461 3322 μηκέτι
1477 3289 1635 3318 πατησαι
1658 3274 1726 3310 ἐκεῖ
1748 3289 1803 3322 με.
1817 3275 1827 3323 )
1846 3297 1899 3303 -—
1921 3289 2069 3324 αμητα;
2091 3275 2166 3320 Την
2186 3277 2274 3326 λεγο-

1248 3330 1353 3380 μένην
1372 3332 1550 3372 ἰοιωτικως
1567 3333 1627 3367 ‘sk
1616 3331 1726 3367 -ὧίαν,
1746 3335 1818 3382 εἴγε
1833 3331 1899 3384 γὰρ
1917 3333 2020 3371 αὐτὸν
2036 3335 2070 3370 ἐν
2087 3336 2161 3376 ταῖς
2176 3348 2216 3384 χε
2220 3332 2286 3384 ρσί

377 3377 590 3430 Ὑπηρέτουν
609 3380 712 3416 αὐτο.
736 3387 799 3419 Dc.
821 3383 929 3420 ἐδεῖτο
950 3385 1120 3430 δηλονότι.
1142 3395 1188 3427 Ρ
1248 3390 1294 3426 Θ.
1315 3396 1378 3426 Dc.
1400 3404 1443 3425 τα
1462 3390 1582 3430 κοινῶς
1598 3388 1767 3439 ταρχανά.
1783 3397 1847 3428 Dv.
