2517 3792
880 242 1031 282 lanx
1063 244 1292 282 NOMINUM
1327 245 1389 284 ΕΤ
1419 246 1603 285 RERUM.
2216 264 2289 294 629

252 330 297 364 dii
314 331 345 363 in
359 331 473 363 melius
486 331 673 362 convertant
688 340 695 361 ε
711 339 854 370 quorum
868 334 1169 373 1112113Ν1Ἰ111111111η
1186 334 1219 363 in
1247 331 1254 388 J

252 380 438 409 certamine
454 377 495 408 de
507 378 710 416 possessione
722 376 816 408 urbis
830 387 850 408 a
868 379 1020 409 Minerva
1038 380 1160 409 rictum
1180 379 1220 408 iis

254 424 421 462 tribuisse,
439 424 588 454 atterum
604 425 768 454 Minci-rie
781 426 955 463 acceptum
976 424 1098 463 referri
1114 425 1220 463 sama

253 471 302 500 cst
317 470 509 509 popularis,
525 469 613 500 Nub.
631 472 686 500 587
708 479 756 509 sq.
777 469 867 500 ,tddc
893 471 1106 501 Athenienses.
1133 471 1221 501 Athe-

251 516 366 546 niensis
378 515 560 555 reipublicae
573 514 805 546 administratio
819 515 858 546 ad
874 516 1060 547 rudissimos
1077 516 1220 547 homines

249 563 281 592 et
303 561 470 592 sceleratos
489 561 628 599 devenit,
651 563 712 601 Eq.
734 566 784 593 191
803 570 872 601 sqq.
891 563 1082 592 Athenarum
1103 562 1220 592 reditus

250 607 348 638 annui
376 610 580 639 recensentur
611 610 702 647 l'esp.
727 611 908 646 657—660,
936 617 1032 648 prope
1060 609 1110 639 bis
1135 609 1220 640 mille

249 653 377 685 talenta.
404 654 541 685 Athenis
565 656 664 685 crant
687 655 840 694 plurima
875 655 1084 693 tribunalia,
1126 657 1217 694 Vesp.

253 703 321 730 110.
337 700 476 731 Athenas
500 700 532 730 in
555 699 713 739 judicium
727 700 909 731 citabantur
932 700 1067 731 insulani
1083 703 1113 731 et
1130 701 1217 738 ξένοι,

248 748 305 776 Αυ.
334 748 423 784 1422,
451 749 526 777 1454
549 755 613 786 sq.,
652 748 738 777 1458.
764 747 834 776 Lex
857 745 897 776 de
917 748 1105 785 pereqrinis
1130 748 1219 776 inter

248 794 334 823 cives
349 792 574 824 describendis
590 794 666 832 post
683 794 979 823 commorationem
997 792 1215 831 aliquantam

248 839 283 869 in
297 839 392 878 urbe,
412 842 497 871 Rau.
523 842 594 870 416.
614 839 745 869 Athenae
769 842 863 877 Byrsa
888 838 982 869 dictae
1011 839 1079 877 (per
1100 839 1216 877 lusum)

247 886 383 924 Dra·m.‚
398 884 453 924 fr.
493 889 562 916 280.
587 884 734 915 Athenas
756 883 910 922 consuqit
937 885 1097 923 Cercyoiu
1125 884 1215 915 Nub.

249 934 318 961 508.
338 931 489 971 (Athenas
505 931 577 970 suga
593 930 783 961 rusticorum
800 929 985 968 intelligitur
1009 929 1102 960 Eccl.
1133 931 1216 968 243.)

207 976 367 1008 Athencea
385 985 449 1008 non
465 977 595 1008 dicitur
608 976 648 1007 de
666 976 807 1007 muliere
822 976 1034 1014 Atheniensi,
1053 975 1111 1006 sed
1125 976 1215 1015 ἀστή,

245 1025 302 1053 Av.
322 1026 392 1054 828.
411 1023 509 1061 conf.
528 1025 610 1054 Pac.
630 1023 699 1053 271.

206 1069 419 1100 Athenienses
432 1069 611 1109 αὐτόχθονες
623 1092 630 1106 ,
648 1071 799 1108 γηγενεῖς,
827 1069 907 1098 Pac.
933 1071 1004 1098 261.
1031 1069 1078 1099 De
1095 1076 1163 1108 qua
1182 1077 1217 1099 re

245 1117 414 1154 imprimis
429 1114 669 1154 superbiebant
690 1116 723 1145 et
739 1113 829 1154 quod
854 1116 1003 1153 ipsorum
1028 1114 1110 1145 urbs
1136 1116 1216 1144 ante

242 1163 334 1193 alias
343 1171 457 1194 omnes
467 1164 668 1200 exstitisset,
683 1164 741 1193 Av.
756 1165 823 1201 Arq
847 1164 898 1193 II.
909 1162 954 1193 Ab
968 1165 1049 1193 Ione
1063 1162 1213 1199 oriundi,

242 1209 321 1240 Ach.
351 1211 416 1240 104.
438 1211 488 1240 De
510 1208 769 1240 Atheniensibus
801 1210 971 1239 certamen
1001 1210 1153 1248 Neptuni
1183 1211 1215 1239 ct

242 1256 420 1293 Minervae,
438 1257 500 1295 Eq.
520 1258 590 1286 562.
608 1253 825 1285 Athenienses
841 1255 982 1285 oraculo
1000 1255 1091 1294 jiissi
1110 1263 1215 1293 reqna

242 1301 411 1340 abroyare
423 1303 456 1332 et
468 1301 576 1332 solum
590 1301 705 1332 Jovem
721 1300 782 1330 sibi
797 1308 907 1339 reqem
920 1301 1107 1340 prrestcere,
1123 1301 1212 1332 Nub.

242 1352 272 1379 2.
291 1347 547 1379 Atheniensium
568 1347 713 1377 veterum
731 1345 850 1377 cicada-e
871 1348 905 1377 in
928 1347 1098 1385 crinibus,
1123 1347 1211 1378 Nub.

240 1396 313 1426 984.
329 1393 543 1424 Athenienses
557 1392 722 1433 quomodo
731 1391 832 1431 same
848 1393 899 1423 rel
908 1395 1001 1433 peste
1017 1396 1089 1423 suis
1105 1396 1214 1424 saeri-

233 1440 328 1480 ficiis
343 1442 451 1471 totam
471 1442 601 1471 terram
622 1439 865 1477 liberaverint,
881 1441 1012 1471 oraculi
1035 1441 1139 1479 jussu
1163 1451 1215 1472 sa—

240 1486 407 1526 crificium
427 1486 613 1526 προηρὸσιον
628 1486 742 1516 Cereri
757 1480 954 1524 offerendo;
971 1486 1213 1526 undesruqum

235 1534 406 1573 primitioe
418 1532 654 1571 undecumque
669 1531 714 1562 ad
734 1540 788 1562 eos
810 1534 941 1570 mis-sce,
961 1535 1024 1573 Eq.
1052 1536 1130 1572 729,
1157 1534 1211 1564 Pl.

245 1581 333 1610 1054.
351 1581 433 1616 Quae
446 1578 593 1609 debeant
621 1577 758 1615 Thesea,
780 1578 878 1617 cujus
896 1579 1020 1610 ccedem
1044 1580 1214 1610 ulciscun-

241 1627 322 1663 tur,
345 1627 378 1656 et
400 1625 542 1656 honores
564 1623 714 1655 heroicos
731 1623 895 1664 festaque
922 1627 950 1656 ei
977 1628 1209 1665 constituunt,

240 1671 295 1702 Pl.
311 1673 381 1701 627.
399 1670 651 1701 Atheniensium
675 1671 708 1700 et
726 1671 919 1701 Boeotorum
943 1671 1069 1702 bellum
1091 1672 1132 1703 de
1157 1675 1213 1704 Ce-

240 1717 350 1755 toenis,
365 1725 429 1748 sec.
444 1717 554 1747 alium
565 1715 671 1746 schol.
681 1715 721 1746 de
734 1718 914 1756 utriusque
920 1718 1038 1756 populi
1055 1720 1210 1758 imperio,

231 1763 396 1802 faustum
418 1761 679 1794 Atheniensibus
711 1770 813 1801 opera
850 1763 1034 1794 Melanthii
1070 1765 1211 1795 Arcadis

239 1809 340 1849 (quod
354 1811 413 1847 v.),
430 1811 513 1840 Pac.
539 1812 608 1840 890.
636 1808 856 1839 Athenienses
871 1808 953 1846 sore
979 1811 1019 1840 ut
1042 1812 1213 1842 emineant

237 1858 328 1887 inter
343 1855 442 1887 urbes
464 1857 504 1886 ut
526 1854 682 1895 aquilam
706 1856 796 1884 inter
818 1862 915 1893 ares,
933 1855 1068 1886 Bacidis
1087 1865 1210 1887 oracu-

239 1902 332 1940 lum,
351 1904 409 1933 Av.
429 1905 501 1933 978.
519 1900 728 1932 Athenienses
753 1900 902 1931 servilem
933 1902 1136 1940 κατωνάκην,
1159 1912 1211 1942 ge-

235 1947 362 1978 stabant
374 1947 434 1978 sub
448 1946 574 1986 Hippia,
593 1948 670 1985 Lys.
693 1948 783 1984 1151,
805 1949 894 1985 1155,
908 1946 1013 1977 schol.
1036 1949 1209 1979 619.Αοῐί-

235 2002 299 2033 qua
311 1995 343 2024 et
355 1993 546 2024 venerabilis
561 1992 732 2031 disciplina
756 1992 997 2024 Atheniensium
1020 1995 1210 2025 immortali-

234 2040 296 2071 bus
309 2033 453 2070 versibus
466 2038 668 2076 describitur,
681 2037 770 2069 Nub.
787 2041 955 2070 961-1023.
966 2041 1208 2072 Atheniensium

234 2088 381 2117 veterum
396 2085 466 2116 laus
480 2084 679 2116 strenuitatis
694 2084 826 2123 bellicae,
841 2087 903 2125 Eq.
921 2090 1095 2118 565-574.
1115 2089 1209 2119 Athe-

234 2133 362 2164 nienses
377 2141 417 2163 ex
433 2131 565 2170 antiqua
580 2132 612 2161 et
627 2138 711 2161 nova
726 2130 894 2170 disciplina
918 2132 1002 2163 inter
1024 2142 1058 2163 se
1080 2142 1206 2174 compa·

236 2178 313 2216 rati,
332 2181 416 2209 Ran-
442 2179 615 2208 727—733.
644 2176 860 2207 Athenienses
886 2179 1042 2209 tenuibus
1067 2181 1207 2212 natibus

234 2226 335 2256 erant
347 2223 426 2254 inde
439 2232 460 2254 a
473 2223 605 2260 Thesea,
618 2230 716 2262 quem
730 2231 834 2261 quum
848 2224 1036 2255 Herculesa
1046 2228 1146 2264 petra
1160 2229 1206 2265 (in

237 2273 333 2308 Orco)
341 2270 497 2307 solveret,
509 2270 644 2308 partem
655 2270 789 2299 natium
805 2270 1125 2310 reliquissejerunt,
1141 2276 1171 2304 E
1174 2283 1203 2314 q.

235 2320 325 2348 1368.
352 2314 644 2355 Neptunifavore
659 2316 894 2354 principatum
924 2318 956 2346 in
973 2320 1060 2347 mari
1077 2320 1203 2358 tenent,

233 2363 324 2396 Nub.
343 2365 414 2394 304.
432 2366 457 2392 A
469 2363 570 2392 Ponto
591 2360 631 2391 ad
649 2361 826 2392 sardiniam
843 2372 943 2402 usque
959 2364 1106 2403 plurimis
1124 2365 1206 2396 urbi-

233 2410 294 2440 bus
317 2409 496 2449 imperant,
532 2410 626 2447 l'esp.
651 2410 721 2438 700.
746 2408 788 2438 lis
815 2409 900 2439 mille
926 2410 1019 2440 urbes
1049 2411 1204 2443 tributum

233 2455 397 2496 pendunt,
415 2454 451 2485 id
474 2455 524 2485 est
550 2454 687 2491 nuiltae,
714 2456 779 2484 nisi
805 2463 901 2485 verus
924 2458 972 2486 est
990 2458 1058 2495 ipse
1076 2457 1205 2489 illenu-

232 2510 360 2539 merus,
383 2502 474 2540 Vesp.
491 2502 562 2530 707.
587 2499 842 2530 Atheniensium
864 2501 986 2531 tributa
1005 2512 1043 2532 ex
1064 2505 1182 2534 Graeeia
1195 2529 1203 2543 ,

237 2550 328 2587 Vesp.
363 2551 434 2578 520.
463 2546 717 2577 Atheniensium
742 2548 863 2577 civium
883 2547 996 2585 faisse
1024 2557 1202 2581 numeram

230 2594 332 2625 vicies
345 2593 444 2632 mille,
461 2601 504 2623 ex
518 2592 637 2622 multis
654 2600 835 2632 apparere,
854 2595 893 2624 ut
910 2602 952 2624 ex
966 2596 1200 2635 Demosthene,

234 2641 329 2681 Vesp.
354 2642 425 2671 709.
443 2638 658 2670 Athenienses
671 2639 847 2678 utrimque
866 2643 1020 2679 qermani
1042 2642 1204 2673 archonte

230 2684 540 2727 Lysimachide(ol.
559 2687 610 2722 83,
627 2684 657 2723 4)
671 2686 796 2715 inventi
811 2687 891 2716 sunt
909 2688 1018 2725 14240,
1030 2691 1202 2727 pereqrini

229 2732 529 2774 παρεγγεγραμμένοι
541 2733 634 2768 4760,
648 2738 712 2760 sec.
730 2730 990 2771 Philochorum,
1012 2734 1103 2773 Vesp.
1129 2737 1199 2766 718.

231 2780 488 2811 Atheniensium
504 2780 573 2809 tres
590 2778 685 2813 τάξεις
702 2780 849 2818 tempore
869 2780 998 2811 Solonis
1013 2792 1023 2812 .·
1047 2784 1179 2813 Diuerii
1192 2807 1200 2821 ,

237 2825 361 2862 Pediei,
377 2825 528 2863 Paralii,
557 2825 650 2863 Vesp.
672 2827 760 2855 1223.
783 2828 914 2857 Eorum
936 2826 1046 2858 decem
1071 2829 1199 2867 tribus,

230 2871 287 2901 Pl.
306 2871 376 2901 277.
391 2869 602 2899 Atheniensis
612 2870 733 2908 populi
749 2870 868 2901 divisio
883 2874 916 2902 in
932 2875 1100 2911 quattuor
1112 2875 1201 2905 clas·

231 2924 296 2953 ses,
314 2916 469 2954 A1·q.Eq.
486 2916 538 2951 11,
553 2916 588 2944 in
607 2916 676 2945 tres
693 2915 828 2954 classes,
848 2919 908 2957 Eq.
934 2921 1004 2948 627.
1023 2919 1201 2951 Athenien-

229 2971 281 2994 ses
296 2962 462 3001 mysteriis
482 2962 514 2990 et
531 2960 749 2999 reliqionibus
771 2961 895 3002 dediti,
917 2964 1004 2994 Nub.
1031 2969 1108 3004 302,
1127 2969 1198 2998 305.

232 3011 361 3041 Eorum
374 3009 510 3046 πατρῷοι
538 3008 619 3036 sunt
629 3008 789 3046 Juppiter
802 3010 835 3038 et
850 3010 981 3048 Apollo,
997 3008 1086 3041 Nub.
1110 3015 1198 3044 1468.

230 3053 328 3095 Apud
344 3061 396 3084 eos
409 3052 581 3088 fratribus
598 3052 720 3083 licea-at
742 3055 777 3083 in
797 3057 1053 3087 matrimonium
1076 3057 1200 3090 ducere

229 3107 361 3132 sorores
376 3106 418 3129 ex
427 3099 543 3137 patre,
559 3097 647 3128 Nub.
668 3101 740 3128 1371
776 3101 844 3129 Lex
866 3109 983 3131 eorum
1005 3101 1200 3140 defiliabus

230 3144 413 3184 ἐπικλήροις,
432 3145 488 3173 Αυ.
510 3145 598 3172 1653.
616 3143 824 3174 Nutriebant
848 3145 998 3175 homines
1022 3147 1140 3186 nihili,
1160 3152 1199 3180 iit

230 3190 452 3223 immolentur
480 3190 515 3218 in
545 3196 672 3227 maqna
702 3190 903 3221 calamitate
931 3191 1096 3231 publica,
1133 3197 1195 3235 Eq.

232 3240 322 3268 1136.
344 3233 560 3266 Athenienses
578 3236 726 3273 reqiones
743 3235 828 3266 bello
844 3240 1072 3276 expuqnatas‚
1087 3240 1198 3277 ejectis

229 3282 368 3318 incolis,
391 3281 480 3310 sorte
499 3279 692 3311 dividebant
715 3282 804 3311 inter
827 3290 904 3311 suos
932 3284 1017 3314 cives
1041 3285 1172 3316 colonos
1185 3299 1197 3325 ;

231 3337 308 3370 quie
322 3326 500 3358 dicebatur
516 3325 690 3356 cleruchica
709 3328 792 3357 terra
805 3351 813 3365 ,
831 3328 920 3358 Nub.
946 3332 1015 3360 203.
1045 3333 1119 3367 Qua
1141 3341 1196 3363 ra-

231 3378 320 3408 tione
338 3373 504 3403 mensium
526 3380 665 3402 suorum
690 3372 779 3402 diem
808 3377 987 3404 numerent
1011 3380 1197 3415 exponitur

230 3420 317 3454 Nub.
343 3421 439 3457 1131,
465 3419 552 3449 1134.
582 3417 739 3449 Tibicinio
762 3418 919 3457 student,
940 3420 1019 3451 Ach.
1055 3425 1135 3461 862,
1163 3427 1194 3455 et

1324 333 1488 372 cithara’,
1512 335 1600 366 Sub.
1626 338 1696 367 964.
1721 340 1782 367 Orc
1798 337 1937 371 serebant
1953 341 2083 379 obolos,
2105 343 2161 371 Av.
2178 345 2237 373 503
2259 347 2291 373 et

1321 379 1425 411 schol.
1458 384 1498 412 ln
1527 382 1614 413 betto
1640 392 1715 413 cum
1741 384 1833 414 Chiis
1855 385 1976 418 horum
1996 397 2115 418 numos
2138 388 2242 420 litera
2261 391 2292 420 X

1321 428 1505 465 siqnabant
1527 431 1559 459 et
1577 430 1809 468 repudiabant
1827 441 1837 461 :
1856 433 1947 464 unde
1965 435 2292 475 χίὸδηὶος-κίὸὃηλος

1321 471 1361 502 de
1389 473 1586 505 adulterino
1615 484 1737 514 numo,
1765 480 1821 508 Ar.
1866 482 1932 509 158.
1958 480 2112 511 Piscibus
2139 481 2292 512 multum

1320 519 1554 558 vescebantur,
1580 523 1662 553 Pac.
1688 526 1758 553 811.
1780 539 1820 545 —
1834 525 2077 556 Atheniensium
2095 526 2205 557 insana
2225 529 2290 559 stu-

1319 561 1389 602 dia,
1408 568 1480 596 ante
1500 567 1724 607 ὸρνιῡομαινίαν,
1753 574 1956 601 recensentur
1988 576 2044 603 Aa.
2074 576 2289 612 1280--1283;

1319 609 1433 641 deinde
1450 612 1682 652 ὀρνιθομανοῦσι
1698 638 1706 652 ,
1729 618 1939 648 1281-1307.
1965 618 2172 649 Athenienses
2188 620 2290 659 Κεχη-

1319 659 1395 686 vator
1411 657 1501 696 dicti,
1519 667 1539 689 a
1560 659 1656 690 verbo
1673 662 1845 701 κεχηνέναι,
1862 665 1923 703 Eq.
1946 667 2033 695 1262,
2053 669 2169 696 Eorum
2184 666 2292 697 incon-

1318 703 1454 741 stantia,
1480 705 1540 744 Eq.
1563 708 1620 736 518
1638 714 1686 745 sq.
1707 706 1748 737 lis
1771 715 1866 738 1101110
1890 718 1938 739 res
1960 712 1991 740 et
2016 719 2122 740 earum
2146 711 2290 742 studium

1319 751 1393 778 sunt
1415 757 1471 788 pro
1489 750 1550 780 alio
1568 751 1682 790 quovis
1696 752 1841 791 imperio,
1861 755 1951 785 Eccl.
1968 759 2025 786 5138
2040 765 2103 795 sq.,
2122 757 2200 787 coll.
2217 761 2290 797 580,

1319 796 1377 824 583
1394 803 1465 834 sqq.
1479 794 1686 827 Athenienses
1701 799 1896 838 ταχύῧουὶοι,
1913 802 2105 840 μετάῧωλοι,
2123 803 2201 833 Ach.
2218 806 2290 842 630,

1318 842 1376 870 632
1390 864 1398 878 ‚
1421 841 1542 880 quales
1562 845 1665 873 etiam
1684 846 1717 874 in
1736 845 1816 875 aliis
1842 847 2012 877 coma‘diis
2039 848 2289 880 traducuntur.

1318 888 1520 925 Praepropere
1537 887 1724 927 decernunt,
1743 890 1869 920 decreta
1889 900 1922 921 se
1934 895 2140 924 exsecuturos
2150 897 2265 933 negant
2280 919 2289 934 ‚

1318 932 1411 962 Eccl.
1432 935 1489 964 797
1505 942 1554 973 sq.
1570 935 1684 965 Omnia
1696 936 1784 974 justo
1804 936 1925 967 tardius
1942 937 2073 977 faciunt,
2090 940 2164 978 Lys.
2186 944 2224 971 56
2239 949 2288 980 sq.

1316 979 1349 1008 et
1370 978 1440 1008 sch.
1459 981 1748 1020 Perstrinquntur
1764 984 1802 1012 ut
1822 983 1915 1014 mata
1936 985 2078 1015 consilia
2095 987 2264 1024 capientes
2278 1010 2289 1025 ,

1317 1023 1406 1054 Nub.
1424 1027 1480 1055 587
1498 1034 1562 1066 sq.,
1589 1028 1681 1058 Eccl.
1706 1031 1778 1065 139;
1802 1030 1836 1058 in
1855 1031 2050 1068 Lysistrata
2077 1034 2290 1071 1227—1238,

1316 1071 1356 1099 ut
1379 1071 1469 1101 male
1499 1073 1710 1103 consulentes
1738 1074 1860 1112 sobrii,
1887 1077 2010 1113 optime
2035 1078 2171 1115 aqentes
2193 1077 2288 1109 ebrii.

1315 1117 1374 1146 Sed
1395 1126 1467 1156 quae
1496 1119 1594 1150 stulte
1620 1120 1850 1159 decreverunt,
1881 1130 1915 1152 ea
1938 1123 2092 1153 divinitus
2118 1123 2149 1153 in
2178 1125 2291 1156 melius

1315 1163 1409 1201 verti,
1429 1167 1522 1195 vetus
1538 1165 1660 1196 dictum
1674 1190 1682 1204 ,
1698 1175 1762 1206 quo
1785 1166 1905 1198 datum
1929 1170 1976 1198 eis
1999 1168 2290 1207 hocserebatura

1315 1211 1493 1249 Miner-ra,
1519 1213 1614 1242 mala
1635 1213 1779 1244 consilia
1805 1215 1923 1244 autem
1945 1222 1966 1244 a
1989 1217 2172 1254 Neptuno,
2194 1218 2286 1248 Eccl,

1315 1257 1488 1288 473-475.
1504 1257 1598 1289 Adde
1612 1258 1754 1289 Athenae.
1774 1259 2027 1291 Atheniensium
2045 1261 2157 1292 concio
2176 1264 2216 1293 ut
2234 1271 2288 1301 pe·

1315 1302 1447 1341 cudum‚
1471 1306 1562 1344 I'esp.
1582 1308 1619 1335 32
1634 1313 1683 1345 sq.
1704 1307 1996 1345 Perstrinquntur
2014 1307 2046 1336 in
2067 1307 2234 1338 tonstrinis
2257 1311 2289 1339 et

1314 1348 1493 1380 medicinis
1515 1351 1665 1381 multum
1686 1353 1868 1389 morantes,
1893 1353 2005 1390 otiosi,
2021 1353 2076 1383 Pl.
2101 1356 2172 1384 338.
2191 1355 2288 1385 Athe-

1314 1394 1471 1426 niensium
1484 1396 1648 1433 neglectus
1673 1397 1887 1436 concionum,
1905 1398 1984 1429 Ach.
2006 1400 2041 1428 19
2055 1407 2144 1439 seqq.
2163 1401 2196 1430 et
2217 1400 2286 1431 sch.

1315 1445 1364 1471 22.
1386 1442 1595 1474 Athenienses
1612 1444 1786 1481 κακοήθεις,
1803 1445 1885 1475 Pac.
1906 1447 1963 1475 822
1982 1453 2046 1484 sq.,
2059 1445 2130 1475 sch.
2149 1446 2200 1476 Pl.
2216 1449 2287 1477 342.

1315 1490 1429 1518 Eorum
1446 1488 1527 1519 lucri
1551 1490 1667 1529 privati
1684 1489 1800 1529 cupido
1817 1490 1848 1520 in
1864 1490 1969 1529 jrebus
1985 1491 2121 1530 publicis
2136 1492 2266 1531 agendis
2278 1517 2287 1531 ‚

1312 1534 1405 1564 Eccl.
1436 1538 1491 1566 185
1520 1544 1606 1575 sqq.‚
1639 1540 1697 1567 205
1723 1545 1795 1576 sqq.
1826 1539 1905 1567 Sunt
1928 1537 2072 1568 homines
2098 1542 2286 1579 πανοῦργοι,

1313 1579 1411 1620 sures,
1429 1583 1637 1622 sycophantae
1654 1585 1686 1613 et
1713 1583 1783 1613 aliis
1802 1583 1901 1621 vitiis,
1916 1584 2009 1614 Eccl.
2025 1586 2187 1616 436-454
2201 1609 2209 1624 ,
2228 1590 2287 1616 560

1312 1635 1384 1667 sqq.
1425 1628 1470 1659 Ob
1492 1628 1723 1660 calliditatem
1759 1631 1792 1659 et
1818 1629 2067 1668 impudentiam
2097 1633 2287 1670 notantur;

1313 1682 1419 1713 quare
1441 1676 1567 1706 Atticus
1585 1675 1718 1706 obtutus
1735 1676 1768 1706 in
1786 1676 1989 1716 Phidippida‚
2007 1677 2095 1708 Nub.
2121 1680 2198 1708 1173
2220 1687 2285 1718 sq.,

1315 1723 1402 1750 1176.
1420 1725 1536 1751 Eorum
1550 1721 1578 1751 τί
1592 1722 1688 1761 λέγεις
1704 1722 1763 1760 σύ;
1787 1724 1874 1753 1174.
1906 1723 1947 1752 [Ἰ
1957 1722 2104 1761 furaces
2118 1726 2287 1763 perstrin-

1310 1769 1454 1805 yuntur,
1475 1770 1556 1798 Pac.
1582 1770 1652 1798 402.
1674 1768 1777 1798 Multi
1803 1776 1917 1798 earum
1942 1769 2084 1807 eimedi,
2117 1772 2200 1800 Pac.
2238 1773 2285 1800 11.

1312 1814 1426 1841 Eorum
1438 1813 1571 1851 juvenes
1584 1813 1674 1851 impii
1692 1813 1723 1843 in
1741 1815 1858 1853 patres,
1876 1814 1967 1844 Eccl.
1987 1817 2059 1853 638,
2073 1817 2160 1846 Ran.
2186 1817 2287 1846 274-

1312 1860 1370 1888 276
1387 1860 1420 1888 et
1433 1859 1502 1889 sch.
1520 1859 1613 1889 Adde
1629 1859 1833 1899 Phidippides
1847 1861 1878 1890 et
1894 1860 2061 1890 patricida.
2090 1862 2133 1892 [ί
2147 1862 2286 1900 perJ‘uri

1310 1906 1478 1935 notantur
1500 1908 1588 1936 Ran.
1617 1905 1698 1936 ibid.
1722 1906 1939 1937 Athenienses
1962 1907 2180 1948 φιλολοίδοροι,
2200 1910 2285 1940 Pac.

1310 1953 1360 1981 42.
1376 1955 1492 1982 Eorum
1515 1960 1606 1982 senes
1624 1951 1702 1981 nihil
1725 1953 1826 1990 magis
1843 1955 1952 1983 amant
1965 1961 2059 1991 quani
2075 1953 2240 1991 judicare
2253 1956 2286 1985 et

1309 1998 1430 2028 calculo
1449 1998 1592 2037 suffragii
1623 1998 1790 2036 mordere,
1814 1998 1895 2029 Ach.
1919 2002 1979 2029 375
2002 2007 2052 2038 sq.
2085 1999 2285 2030 Judiciorum

1307 2044 1449 2075 studium
1485 2054 1549 2084 quo
1583 2044 1786 2075 Athenienses
1814 2044 1964 2084 flagrant,
1990 2047 2173 2084 saepissime
2190 2049 2284 2078 nota-

1309 2094 1380 2130 tur,
1394 2094 1446 2131 ut,
1465 2094 1601 2131 proeter
1623 2094 1716 2131 I'esp.
1733 2094 1874 2131 passim,
1889 2092 1980 2123 Nub.
1997 2095 2054 2123 208
2071 2100 2147 2122 cum
2162 2093 2282 2131 schol.,

1313 2142 1402 2173 1220,
1435 2141 1524 2175 1429,
1552 2140 1616 2177 Eq.
1650 2140 1740 2176 1317,
1764 2140 1852 2181 Ραε.ψ
1876 2141 1947 2174 505,
1982 2141 2040 2169 Αυ.
2065 2141 2116 2176 38,
2149 2140 2187 2168 4ο
2218 2147 2281 2179 sq.,

1311 2188 1524 2222 1286—1289,
1553 2184 1686 2215 Thesm.
1708 2187 1785 2215 1030
1801 2193 1852 2224 sq.
1878 2188 1992 2214 Eorum
2011 2184 2194 2223 paucissimi
2209 2185 2283 2222 &ms

1307 2231 1429 2261 λιασταὶ
1445 2255 1453 2269 ,
1468 2231 1572 2261 litium
1587 2239 1708 2268 osores,
1726 2233 1784 2261 Ac.
1805 2234 1861 2260 110
1873 2239 1924 2270 sq.
1940 2230 2032 2261 Adde
2044 2230 2114 2261 sch.
2132 2233 2212 2261 Pac.
2230 2235 2280 2270 55,

1311 2279 1386 2315 107,
1404 2279 1461 2307 Ar.
1494 2279 1568 2307 1695
1587 2300 1595 2314 ‚
1623 2279 1685 2307 etc.
1712 2278 1841 2306 Eorum
1871 2276 2122 2315 sycophantia,
2146 2279 2203 2307 Av.
2229 2280 2279 2308 38.

1307 2322 1382 2352 Duri
1400 2326 1431 2352 et
1445 2322 1551 2353 acerbi
1566 2321 1689 2360 judices
1712 2321 1772 2351 sub
1787 2321 1915 2359 Cleone,
1933 2323 2015 2351 Pac.
2033 2323 2092 2352 349
2112 2330 2161 2361 sq.
2186 2322 2280 2353 Athe-

1305 2368 1464 2399 niensium
1479 2368 1680 2407 prael'ractum
1697 2367 1871 2406 ingenium,
1889 2368 1905 2397 ὁ
1916 2367 2043 2402 αὐτοδὰξ
2055 2367 2177 2407 τρόπος,
2196 2370 2278 2399 Pac.

1306 2417 1375 2445 607.
1402 2414 1479 2444 Duri
1495 2416 1586 2445 erant
1609 2414 1641 2444 in
1659 2413 1780 2452 socios,
1807 2415 1889 2444 Pac.
1914 2417 1985 2444 936.
2006 2413 2189 2444 Facillime
2222 2414 2280 2444 ad-

1304 2460 1519 2491 ducebantur
1544 2462 1584 2491 ut
1608 2462 1776 2500 punirent
1808 2460 1909 2491 urbes
1941 2462 2071 2497 socias,
2098 2462 2176 2491 Pac.
2211 2465 2277 2493 171.

1304 2507 1464 2536 vocantur
1480 2509 1613 2546 κεστρεῖς
1630 2530 1638 2545 ,
1645 2505 1698 2544 fr.
1718 2509 1794 2543 203;
1814 2506 1931 2545 μολγοί,
1941 2505 1997 2544 fr.
2021 2509 2085 2537 157.
2106 2506 2278 2539 Athenien-

1303 2553 1387 2582 sium
1409 2552 1579 2590 colluvies,
1602 2554 1736 2583 Lacaena
1752 2554 1827 2591 Lys.
1851 2555 1918 2583 170.
1936 2571 1975 2578 -
1990 2552 2197 2584 Athenienses
2219 2555 2277 2585 soli

1304 2598 1470 2628 homiuum
1491 2598 1610 2636 aliquid
1635 2602 1720 2629 certe
1739 2598 1866 2637 sapiunt
1888 2598 1920 2628 111
1933 2598 2118 2637 Judicandis
2143 2599 2278 2638 ingeniis

1304 2647 1470 2684 poetarum
1496 2644 1560 2683 (sic
1583 2647 1668 2675 recte
1687 2653 1761 2675 eum
1784 2644 1889 2675 locum
1914 2644 1998 2684 cepit
2024 2644 2169 2683 schot),
2187 2648 2274 2676 Ran.

1304 2694 1374 2721 809.
1400 2694 1508 2729 Neque
1531 2690 1630 2729 poetis
1652 2690 1742 2721 duris
1757 2693 1788 2721 et
1804 2690 1940 2721 austeris
1962 2690 2159 2721 delectantur
2175 2700 2278 2730 neque

1302 2737 1388 2767 sinis
1403 2760 1412 2775 ,
1436 2737 1490 2767 sed
1507 2737 1648 2767 odoratis
1664 2738 1695 2768 et
1719 2737 1976 2777 νεκταροσταγέσι
1990 2736 2061 2774 ,fr.
2079 2739 2148 2767 563.
2177 2738 2273 2769 Athe-

1302 2783 1427 2813 nienses
1438 2786 1631 2822 spectatores
1647 2783 1765 2813 ironice
1777 2782 1947 2813 laudantur
1958 2785 2045 2813 Ran.
2064 2786 2274 2820 1109--1118‚

1301 2829 1407 2860 schol.
1429 2833 1518 2867 1112,
1541 2831 1628 2859 1114.
1645 2831 1723 2859 Sunt
1740 2828 1771 2858 in
1788 2828 1863 2858 11110
1879 2829 2024 2858 convivae
2036 2828 2273 2867 sapientissimi,

1301 2876 1379 2914 Lys.
1398 2877 1487 2905 1227.
1504 2874 1710 2905 Athenienses
1732 2874 1843 2904 rustici
1859 2873 2006 2904 laudibus
2023 2873 2204 2912 reipublicae
2227 2875 2273 2905 fa-

1302 2920 1364 2951 cile
1391 2920 1583 2959 capiuntur,
1608 2920 1688 2950 Ach.
1715 2921 1888 2950 371-374,
1914 2935 1953 2940 -
1969 2919 2185 2949 Athenienses
2212 2923 2272 2960 qui

1300 2974 1379 2997 cum
1397 2966 1568 2996 Cleomene
1592 2966 1789 2996 Eleusinem
1810 2966 2083 3003 occupat-erant,
2107 2967 2217 2996 morte
2239 2969 2273 2997 et

1301 3012 1463 3043 bonorum
1468 3011 1702 3051 publicatione
1713 3011 1851 3041 multati
1867 3021 1876 3041 .·
1886 3018 1987 3049 poena
1996 3012 2125 3050 scripta
2134 3012 2168 3041 in
2178 3019 2272 3043 tenea

1300 3059 1463 3089 columna
1479 3056 1524 3087 ad
1548 3059 1640 3087 retus
1660 3057 1824 3096 templum
1839 3058 1965 3095 posita,
1984 3058 2064 3095 Lys.
2090 3058 2160 3087 274.
2192 3057 2272 3089 Vide

1299 3104 1476 3134 Marathon.
1497 3103 1712 3134 Athenienses
1730 3102 1850 3140 transf
1851 3110 1934 3141 uqas
1950 3102 1997 3132 ad
2012 3104 2135 3133 Persas
2151 3102 2270 3142 depre-

1300 3148 1637 3187 hensosfflaniebant,
1659 3150 1740 3179 Pac.
1763 3150 1830 3178 107.
1857 3150 1919 3184 Qui
1936 3150 2104 3187 AEqyptiis
2132 3149 2269 3180 auxilia

1300 3196 1410 3227 tulere
1427 3197 1446 3225 I
1449 3203 1533 3225 naro
1551 3203 1636 3233 reqe,
1648 3203 1711 3234 per
1725 3194 2112 3234 Elleqabaz-umpereunt,
2123 3195 2178 3225 Pl,
2198 3198 2264 3226 178.

1297 3241 1512 3274 Athenienses
1520 3242 1753 3279 principatum
1765 3240 1975 3279 accipiebant
1988 3240 2027 3270 ob
2038 3240 2266 3278 calamitates,

1297 3294 1374 3325 quie
1394 3286 1668 3316 Lacedcemonem
1687 3285 1907 3324 detinebant,
1932 3285 2137 3316 Philochoro
2162 3287 2241 3316 teste
2255 3310 2264 3325 ,

1297 3334 1375 3370 Lys.
1411 3334 1498 3362 1138.
1531 3331 1708 3362 Jurabant
1736 3331 2008 3362 Lacedtemonios
2035 3339 2057 3361 a
2090 3332 2265 3362 Messeniis

1293 3385 1438 3417 pressos,
1458 3381 1466 3406 1
1479 3379 1544 3407 138.
1562 3377 1640 3407 Vide
1655 3376 1776 3407 cimon.
1791 3377 2044 3408 Atheniensium
2057 3384 2159 3407 sacra
2173 3375 2264 3407 bella

1296 3423 1381 3459 duo,
1405 3426 1461 3453 Ar.
1488 3426 1557 3453 556.
1579 3422 1794 3453 Athenienses
1821 3423 1878 3462 (ol.
1902 3426 1961 3460 83,
1976 3423 2006 3461 4)
2029 3421 2261 3461 insaniefru-
