2517 3792
1071 180 1282 219 NUBIUM.

138 279 402 323 regnaverant,
417 277 644 307 everterunt.
662 269 855 305 Ernestius
873 266 1141 308 κατανύσαντας.

137 334 265 368 Hfflm.
286 351 331 357 —
358 329 478 372 48-52
510 328 686 377 proximo
715 327 861 363 scholio
883 327 1079 375 postponit
1103 329 1145 361 R.

137 410 188 418 -—
203 390 250 431 48
264 384 528 437 ἀσυναρτήτων,
544 391 592 433 49
613 384 727 430 θήσειν
745 388 802 431 R„
823 384 886 433 qui
907 385 949 420 51
975 397 1049 420 0111.
1072 383 1147 419 αλλ’

138 443 346 485 ὅτι-θεούς.

190 509 287 549 249,
309 503 328 537 3
350 502 483 551 χαλκοῦ’
513 499 534 545 ἢ
565 504 716 551 χρυσοῦ,
747 500 803 537 ἐπὶ
831 503 889 537 τοῦ
914 501 1046 550 χαλκοῦ
1067 499 1146 534 Ald.

135 558 306 603 ἐξεδέξατο
325 562 383 605 V.‚
403 559 468 608 qui
494 572 567 595 om.
588 559 608 595 5
638 558 838 608 ἔδει-νομ.
857 581 900 585 -
932 560 954 593 6
981 558 1095 608 λεπτῷ
1114 555 1148 592 δὲ

138 616 325 666 ιομίσματι
357 617 488 653 Suidas
521 630 548 652 s.
586 616 767 666 Νόμισμα.
799 639 846 644 --
877 630 921 652 10
954 615 1149 664 legebatur

135 673 321 726 σιδαρέοισι
343 674 546 724 νομίσμασι.
575 676 704 712 Dclevi
728 674 931 724 νομίσμασι.
961 671 1149 723 σιδαρέοισι

136 741 262 769 autem
289 745 426 782 genere
461 734 666 769 masculino
690 733 832 769 dictum
858 740 936 775 est,
963 729 1147 779 quemad-

138 789 292 827 modum
312 791 342 826 οἱ
357 791 480 840 χαλκοῖ
500 791 691 828 dicuntur.
712 794 830 827 Dixi).
852 792 1090 824 Hermannus
1114 794 1150 822 et

139 848 346 885 Meiuekius
379 861 426 885 ex
457 849 614 897 Reisigii
648 847 931 891 emendatione,
953 845 1069 894 petita
1104 857 1150 879 ex

137 907 383 955 grammatico
406 910 462 943 De
490 915 628 943 constr.
661 905 813 942 verbor.
847 917 883 953 p.
909 903 991 953 1384
1021 906 1148 939 Herm.

138 972 174 1001 et
190 965 354 1014 Georgio
370 968 504 1013 Lecap.
519 965 557 1000 in
573 965 742 1000 Matthaei
760 966 878 999 Lectt.
896 964 1016 1010 Mosq.
1034 974 1070 1009 p.
1090 974 1108 1005 7
1120 974 1149 1002 1,

137 1021 224 1060 ὅπου
245 1021 414 1074 σιδαρέοις
429 1022 634 1070 νομίζουσιν.
653 1022 787 1058 Suidas
807 1035 814 1056 :
833 1018 1054 1068 Νομίζουσιν,
1075 1019 1150 1054 ἀντὶ

137 1084 194 1117 τοῦ
207 1080 398 1129 νομίσμασι
411 1081 650 1130 χρῶνται.--1
664 1093 677 1114 1
695 1077 826 1118 Ἄλλως
835 1090 916 1136 0111.
930 1079 974 1113 V.
985 1075 1094 1112 ἐδόκει
1114 1076 1151 1112 τὸ

137 1139 204 1175 τῶν
220 1137 415 1180 Βυζαντίων
439 1135 595 1185 νόμισμα
613 1136 795 1187 ἐλάχιστον
823 1134 1066 1171 εἶναιπάντων
1093 1134 1152 1170 καὶ

136 1193 372 1247 φαυλότατον,
405 1193 464 1230 ἅτε
495 1195 654 1245 σιδηροῦν
683 1193 837 1244 ὑπάρχον
857 1192 937 1229 Ald.
975 1191 1087 1229 ἐδόκει
1117 1191 1151 1228 δὲ

136 1253 264 1304 φαῦλον
284 1245 372 1288 εἶναι
387 1250 426 1288 τὸ
451 1250 608 1301 νόμισμα
624 1253 692 1289 τῶν
708 1249 904 1295 Βυζαντίων
928 1252 973 1292 ὡς
993 1251 1151 1301 σιδηροῦν

134 1314 235 1347 V.-
258 1324 302 1346 12
327 1310 455 1347 malim
479 1312 541 1355 τῆς
571 1309 654 1356 ὕλης
675 1325 683 1346 ;
710 1311 782 1347 nisi
807 1308 962 1360 ὑπάρχον
983 1308 1152 1345 scriben-

135 1369 224 1407 dum
243 1382 329 1406 cum
349 1369 431 1406 Ald.
452 1373 573 1406 Dmn.

191 1428 280 1474 250,
307 1427 352 1464 15
373 1425 449 1476 οὐχὶ
466 1425 560 1468 θεοὺς
583 1430 629 1462 V.
652 1451 693 1456 —
717 1440 758 1473 17
786 1426 862 1463 ἀλλ’
877 1426 907 1463 οἱ
928 1423 972 1462 τὰ
995 1428 1040 1463 V.
1066 1423 1154 1462 ἀλλὰ

136 1483 180 1522 τὰ
204 1487 248 1523 G.
266 1509 307 1515 —
332 1498 376 1533 19
392 1484 491 1521 ἅτινα
508 1489 552 1522 G.
573 1483 650 1521 τίνα
669 1488 714 1521 V.

190 1544 279 1590 253,
303 1556 350 1579 22
385 1541 450 1584 εΩς
469 1565 502 1571 -
519 1549 629 1585 σκιαῖς
650 1556 723 1579 om.
738 1546 781 1579 V.
803 1564 847 1570 -
865 1544 912 1579 23
947 1547 1021 1583 ταῖς
1054 1543 1153 1590 ἡμῶν

136 1603 227 1643 θεαῖς
250 1614 324 1638 om.
341 1604 386 1638 R.
407 1599 451 1637 τὰ
471 1599 672 1652 γὰρ-(25)
698 1601 803 1652 ἀποφ.
819 1599 878 1636 καὶ
899 1599 997 1641 σκιάς
1012 1613 1086 1636 om.
1108 1603 1152 1637 V.

136 1658 194 1696 καὶ
212 1658 353 1710 νεφέλας
370 1664 468 1700 σκιᾶς
483 1657 592 1708 ὠνόμ.
614 1662 658 1695 R.
684 1657 892 1708 ὀνομάζομεν
914 1658 995 1693 Ald.

192 1716 279 1761 254.
304 1716 439 1754 Suidas
461 1730 488 1753 s.
513 1716 711 1765 Σκίμπους,
734 1715 822 1768 ἱερὸν
847 1714 1025 1765 σκίμποδοί
1051 1730 1153 1767 φησιν

139 1772 210 1825 Ἀρ.
229 1775 263 1810 ἐν
288 1772 365 1818 Ν.ἢ
382 1772 443 1819 τὴν
457 1776 525 1810 τῶν
540 1772 733 1825 φιλοσόφων
758 1773 924 1825 καθέδραν
946 1772 967 1818 ἢ
989 1772 1044 1810 τὸν
1064 1772 1154 1824 κρά-

138 1830 254 1868 ὅατον.
269 1856 310 1862 -
322 1832 370 1867 30
388 1828 446 1867 τὸν
466 1846 520 1883 κρ.
535 1846 590 1868 σκ.
609 1831 700 1880 λέγει
715 1831 877 1873 Ἀττικῶς
897 1834 957 1877 R„
978 1845 1061 1880 quae
1079 1845 1152 1868 om.

137 1890 284 1928 Suidas.
308 1911 357 1917 --
389 1892 432 1927 31
461 1889 766 1941 σχωλοκραὸάτιον
792 1893 837 1926 V.
859 1889 1153 1941 σχολοκραὸάτιον

139 1953 184 1986 G.
204 1948 318 2000 χωλὸν
349 1949 536 2001 κραὸάτιον
562 1950 643 1986 Ald.
673 1955 787 1986 Recte
810 1950 946 1987 Suidas
974 1949 1156 2003 χωλοκρά-

139 2006 257 2052 ὅατον,
278 2020 349 2056 pro
368 2021 445 2056 quo
471 2008 546 2044 duo
569 2008 681 2044 codd.
703 2007 1008 2060 χωλοκράδὸατον.
1028 2035 1076 2041 -
1107 2011 1154 2046 32

139 2063 340 2114 σκιμὸάζειν
355 2066 501 2102 Suidas.
522 2065 770 2103 Scribebatur
786 2066 1005 2115 σκιμπάζειν.
1031 2066 1087 2103 Il).
1100 2081 1157 2116 χο-

142 2121 279 2158 λαίνειν
297 2125 342 2159 V.
362 2147 404 2153 —
431 2125 477 2160 33
494 2122 551 2160 τὸν
572 2123 719 2160 Suidas.
739 2123 778 2160 τὸ
803 2127 845 2160 V.
869 2124 946 2160 Ald.
970 2132 1007 2160 et
1024 2124 1152 2161 Suidae

138 2179 259 2216 codex
273 2181 436 2217 Bruxell.
460 2180 626 2230 σκιμὸοὺς
642 2181 890 2218 Ruhnkenius
912 2181 1065 2225 (collato
1084 2186 1158 2219 He-

140 2237 290 2285 sychio,
307 2236 464 2286 Σκιμὸός
476 2266 487 2287 ,
500 2237 639 2288 χωλός).
656 2238 832 2287 σκαμὸοὺς
852 2243 898 2275 V.
914 2239 996 2276 Ald.
1011 2240 1156 2286 Suidas,

140 2295 205 2345 qui
224 2293 359 2344 ἔχοντα.
379 2294 470 2345 ἔχειν
489 2300 534 2332 V.
554 2296 636 2333 Ald.
653 2295 730 2346 ἔχον
747 2298 792 2334 G.

195 2352 284 2397 257,
303 2366 323 2399 7
353 2351 507 2390 σέσωστο
533 2354 609 2390 duo
627 2354 778 2390 codices
803 2355 924 2403 Regii.
950 2376 1001 2382 —
1031 2360 1075 2398 14
1099 2355 1156 2391 καὶ

140 2409 313 2458 μέλλοντα
323 2414 475 2447 V.—22
491 2411 719 2448 vocabulum
740 2413 840 2449 inter
862 2412 1060 2461 Ἀθάμας...
1082 2414 1157 2450 ἀλλ’

139 2467 382 2504 obliteratum
402 2467 502 2513 ἐτύθη
524 2469 626 2506 haud
647 2469 762 2507 dubie
786 2470 865 2507 fuit.
888 2474 1004 2507 Dmn.

193 2526 282 2572 258,
305 2533 354 2570 24
377 2526 580 2579 περιέάλλει
599 2531 645 2565 V.

192 2584 266 2620 260
276 2583 391 2620 habet
403 2585 459 2630 V.‚
468 2585 770 2636 περιτετριμμένος
780 2586 812 2622 ἐν
824 2586 946 2637 λόγοις,
955 2586 1156 2637 εὔγλωττος,

141 2638 314 2689 εὔστομος.
343 2640 504 2686 παιπάλη
543 2640 578 2679 δὲ
606 2641 681 2679 ἀντὶ
714 2646 774 2680 τοῦ
799 2643 949 2695 τραχὺς,
979 2644 1156 2681 δυσκατά-

142 2701 290 2742 ληπτος,
308 2697 382 2734 ἐπεὶ
401 2697 562 2735 παίπαλα
582 2701 754 2750 καλοῦμεν
772 2699 817 2737 τὰ
833 2703 901 2738 τῶν
923 2701 1061 2752 χωρίων
1075 2701 1158 2747 ἡδύ-

142 2769 238 2803 ματα
261 2754 388 2804 (scrib.
407 2754 590 2807 δύσὸατα).
611 2779 657 2785 —-
677 2759 724 2794 36
744 2762 854 2796 ταῦτα
873 2758 935 2809 μὲν
952 2759 1062 2809 λέγων
1077 2762 1094 2796 ὁ
1111 2761 1153 2798 Σ.

140 2815 186 2848 R.
211 2832 258 2839 —
275 2814 321 2857 37
343 2812 537 2862 legebatur
556 2814 749 2867 Σωκράτης
768 2818 815 2860 εἷς
833 2815 877 2854 τὰ
894 2817 1030 2867 θύματα
1044 2832 1156 2868 παρα-

141 2868 270 2920 τρίὸων
294 2868 441 2921 ὀρεινοὺς
466 2870 578 2913 λίθους
604 2874 662 2909 καὶ
694 2873 837 2926 κρούων.
859 2876 1035 2913 Correxit
1056 2876 1155 2912 Din-

143 2926 241 2962 dorf.
274 2939 320 2962 ex
357 2927 415 2972 R.‚
442 2928 483 2963 in
502 2941 579 2977 quo
608 2939 665 2967 est
701 2932 894 2983 Σωκράτης
930 2932 1155 2985 παρατρίὸων

141 2997 234 3020 οπω.
251 3010 261 3019 .
278 3010 287 3018 .
304 3011 315 3021 .
338 2983 542 3035 λιπωρίνους
563 2986 622 3023 καὶ
648 2996 804 3039 κρ.-41
833 2998 918 3039 post
933 2990 1071 3042 τρίμμα
1095 2990 1155 3039 μὲν

142 3041 266 3091 pergit
290 3043 334 3077 R.
360 3040 460 3077 αὐτὸν
485 3040 622 3079 ἔσεσθαι
650 3045 742 3095 λέγει
761 3047 857 3098 παρὰ
876 3047 915 3084 τὸ
946 3048 1075 3098 τρίὸειν
1097 3046 1156 3085 καὶ

142 3096 246 3147 θίγειν
262 3098 354 3147 (fort
372 3097 514 3148 θλίὸειν)
536 3100 620 3151 πρὸς
641 3102 809 3148 ἀλλήλους
824 3103 902 3146 τοὺς
923 3105 1048 3151 λίθους,
1065 3106 1156 3141 reli-

142 3154 227 3203 quis
247 3153 310 3199 τὴν
335 3153 621 3206 ἀπὸ-κρόταλον
645 3160 804 3197 omissis.
826 3184 877 3189 —
901 3164 948 3205 43
969 3163 1156 3213 περιτρίμ-

143 3225 238 3260 ματα
256 3214 506 3248 Hermannus.
523 3215 793 3266 πολυτρίμματα
815 3218 899 3254 Ald.
927 3241 972 3247 —
993 3232 1013 3255 2
1034 3220 1156 3257 codex

143 3266 315 3318 ἔντριὲος,
332 3276 374 3305 ut
392 3269 554 3306 videtur.

197 3325 284 3372 261,
302 3326 324 3362 6
339 3327 608 3378 παρακελεύεται
628 3329 719 3380 αὐτῷ
737 3335 869 3367 σιωπᾶν
890 3330 948 3367 καὶ
965 3333 1129 3383 εὐφημεῖν
1145 3363 1154 3380 ,

2143 188 2215 220 427

1206 266 1260 303 ἵνα
1295 266 1432 313 εὔξηται
1454 266 1560 317 μηδὲν
1588 267 1791 319 βλάσφημον
1813 269 1918 305 εἰπεῖν
1940 270 1986 304 V.
2011 270 2105 323 Qu.ae
2131 277 2218 305 suut

1823 337 1840 356 τ

1208 378 1253 401 ex
1274 366 1416 402 scholio
1445 380 1480 404 V.
1502 367 1588 403 263.
1608 388 1657 394 —
1683 381 1705 415 9
1724 378 1841 418 σωκρα
1864 367 1998 404 codex.
2019 390 2070 394 —
2097 374 2212 411 14-21

1208 436 1281 458 om.
1301 427 1344 459 V.
1362 447 1408 451 —
1425 438 1436 459 1
1448 425 1466 460 5
1482 426 1515 460 αἱ
1531 425 1572 462 N.
1590 424 1771 475 διέχθωσιν
1785 425 1869 475 [sic]
1891 429 1951 470 R.‚
1974 425 2075 475 quod
2097 439 2218 463 corre-

1208 482 1263 516 xit
1287 481 1462 518 Dindorf.
1487 482 1698 531 Lege-batur
1719 482 1861 519 ἔλθωσιν
1884 485 1917 519 αἱ
1940 485 1982 521 N.

1263 542 1352 586 263,
1372 540 1490 583 34-36
1510 554 1583 576 om.
1601 544 1659 584 V.‚
1679 541 1725 577 dc
1745 555 1820 590 quo
1837 555 1870 578 v.
1890 542 1935 577 ad
1956 543 2042 578 261.

1263 604 1352 647 264,
1376 609 1422 646 42
1447 603 1718 653 ε’δογματίσαντο
1741 605 1825 641 Ald.
1857 627 1901 633 —
1926 606 1972 647 48
1998 604 2051 641 ὅτι
2075 605 2222 642 πλάτεια

1210 661 1226 695 ὁ
1248 659 1317 702 υἱὸς
1332 663 1522 709 ἡνιοχεῖται
1542 663 1574 697 ἐν
1591 663 1639 711 τῷ
1666 661 1740 710 ἀέρι
1762 665 1805 697 V.
1828 665 1870 697 In
1889 664 1933 698 R.
1960 662 2020 698 laic
2046 672 2102 699 cst
2127 663 2223 699 ordo

1210 717 1441 753 scholiorum
1469 731 1530 754 vv.
1559 720 1647 763 264,
1666 720 1753 764 265,
1772 717 1851 761 δόξα
1880 734 1929 759 τις
1946 741 1995 746 -—
2021 719 2106 769 ἀέρι.
2131 720 2223 761 ἰδίως

1210 795 1261 800 --
1278 773 1392 810 εἰπών.
1411 774 1445 816 ὃς
1463 776 1678 827 παρείληφας
1704 798 1752 804 —-
1775 777 1932 826 λαχοῦσα
1951 775 2069 813 τόπον.
2091 776 2224 814 ἀκατά-

1209 832 1320 876 ληπτε
1336 854 1388 860 -
1408 833 1609 884 διωρίσαντο
1624 829 1722 870 εἶναι.

1265 897 1354 941 265,
1378 897 1425 933 50
1441 895 1551 934 τὸτοῦ
1567 896 1664 943 ἡλίου
1689 896 1776 934 Ald.
1795 922 1846 929 —
1866 899 1915 934 53
1933 895 2054 948 αἰθέρα
2069 898 2100 933 λ.
2122 897 2226 935 εἰπών

1212 965 1284 988 om.
1302 956 1345 989 V.
1366 975 1414 980 —
1432 967 1452 990 2
1474 953 1609 1004 Ἐρινῦς
1624 958 1670 991 G.
1687 953 1844 1005 Ἔριννῧς
1858 958 1903 990 V.
1919 981 1968 987 --
1989 960 2008 997 4
2029 953 2227 1003 νενόμισται

1210 1010 1298 1046 Ald.
1313 1034 1362 1038 —
1382 1011 1403 1047 5
1422 1011 1581 1056 ἀλλήλων
1593 1010 1658 1064 γὰρ
1671 1010 1935 1063 προερχομένων
1950 1012 2033 1049 Ald.
2050 1015 2227 1051 Correxit

1212 1071 1320 1105 Kust.
1338 1072 1418 1106 Hoc
1439 1078 1476 1106 et
1495 1083 1598 1120 seqq.
1621 1084 1694 1107 om.
1715 1074 1759 1107 V.
1788 1090 1841 1099 —
1872 1084 1890 1116 7
1913 1073 1960 1122 τῷ
1987 1071 2155 1123 συνθέτῳ,
2182 1086 2226 1108 10

1212 1125 1431 1177 ἀστράπτει-ἢ
1443 1126 1498 1163 ὅτε
1509 1126 1680 1172 σκηπτοὺς
1695 1127 1883 1177 ἐπιπέμπει
1892 1129 1974 1165 Ald.
1991 1129 2048 1165 καὶ
2059 1130 2170 1172 ἄλλως
2182 1134 2227 1170 R.

1267 1191 1356 1238 267,
1381 1204 1428 1226 22
1465 1191 1763 1237 ἐπαναδίπλωσις,
1798 1198 1844 1235 24
1887 1195 2037 1243 χρῆσθαι
2070 1195 2229 1245 ἐμφανῶς

1212 1247 1298 1283 Ald.
1315 1251 1464 1298 χρᾶσθαι
1476 1251 1533 1294 V.‚
1554 1249 1616 1298 qui
1630 1250 1770 1285 omittit
1788 1250 1948 1301 ἐμφανῶς
1966 1259 2003 1286 et
2022 1253 2228 1301 sequentia.

1214 1327 1263 1332 —
1279 1306 1326 1342 25
1342 1305 1442 1357 φασὶν
1464 1310 1509 1343 R.
1530 1331 1570 1336 -
1587 1320 1632 1353 27
1652 1305 1718 1358 γὰρ
1733 1306 1831 1358 ἑορτὴ
1847 1308 2019 1345 Wolfius.

1268 1363 1342 1399 268
1359 1363 1630 1415 περικεφαλαίαν
1648 1373 1688 1401 ut
1707 1366 1869 1414 glossam
1886 1366 2001 1404 habet
2018 1370 2062 1404 R.

1268 1433 1314 1466 27
1326 1435 1356 1467 1,
1374 1428 1422 1469 49
1438 1421 1595 1458 λείπεται
1611 1423 1672 1459 hic
1692 1431 1728 1459 et
1744 1437 1833 1460 mox
1846 1424 1983 1461 iterum
2001 1429 2046 1462 G.

1270 1492 1357 1525 272,
1379 1481 1425 1516 53
1455 1480 1530 1516 κατ’
1549 1479 1649 1517 αὐτὸν
1670 1484 1716 1517 G.
1731 1504 1783 1508 —
1807 1496 1821 1518 1
1843 1480 2044 1532 Αἰγύπτιος.
2066 1482 2168 1520 Idem
2184 1498 2230 1521 ex

1215 1538 1420 1574 Heliodoro
1438 1539 1659 1575 Atheniensi
1673 1548 1802 1576 narrat
1818 1540 2017 1577 Athenaeus
2035 1555 2070 1589 9,
2092 1555 2126 1591 p.
2144 1555 2232 1591 229,

1214 1598 1256 1632 Ε.
1290 1599 1356 1632 Est
1386 1596 1463 1632 haec
1485 1597 1634 1646 inepta,
1657 1598 1687 1633 si
1716 1611 1791 1646 qua
1817 1598 1908 1644 alia,
1931 1599 2100 1635 narratio
2129 1614 2137 1635 :
2166 1600 2232 1636 sed

1215 1653 1325 1703 longe
1349 1655 1514 1703 ineptior
1534 1656 1733 1692 scholiasta
1754 1663 1832 1702 est,
1855 1657 1919 1705 qui
1941 1665 2147 1707 propterea
2164 1659 2231 1695 Ni-

1215 1712 1292 1748 lum
1317 1711 1378 1749 hic
1396 1714 1597 1749 memorari
1617 1722 1800 1749 autumat.
1819 1717 1937 1751 Dum.

1271 1773 1342 1817 273
1360 1774 1405 1806 V.
1427 1769 1512 1815 αὔτη
1531 1770 1682 1813 Σκυθίας
1701 1770 1773 1807 ἐστὶ
1793 1771 1912 1821 λίμνη.
1930 1770 2009 1823 περὶ
2023 1771 2149 1818 ταύτης
2173 1772 2231 1810 καὶ

1215 1827 1398 1880 εΗρόδοτος
1423 1831 1562 1881 ἱστορεῖ.
1582 1829 1748 1866 σκοπελὸν
1768 1830 1816 1880 (ἐν
1847 1824 1870 1880 ἦ
1896 1829 1955 1867 καὶ
1979 1831 2145 1867 σκοπελὸν
2168 1832 2231 1881 G.)

1215 1886 1274 1924 καὶ
1303 1887 1461 1939 νιφόεντα
1491 1887 1707 1940 ψυχρότατον
1734 1889 1785 1924 ἀεὶ
1819 1888 2022 1939 νιφόμενον,
2050 1898 2087 1926 et
2119 1890 2234 1927 habet

1217 1946 1380 1995 glossam
1409 1945 1486 1997 ὄρος
1514 1946 1668 1999 Θρᾴκης.
1695 1946 1839 1998 Θράκης
1859 1949 1971 1984 etiam
2001 1948 2147 1985 Suidas.
2166 1952 2233 1986 Est

1217 2017 1309 2040 vero
1325 2005 1453 2041 Ioniae.

1271 2063 1361 2110 275,
1381 2064 1424 2099 31
1448 2061 1486 2099 τὸ
1513 2064 1556 2100 ις’
1581 2067 1833 2100 Hermannus.
1856 2066 1906 2115 τῷ
1935 2067 1974 2108 ις’
2001 2065 2083 2103 Ald.
2103 2087 2154 2093 —
2184 2067 2232 2102 38

1217 2121 1335 2162 αὐταῖς
1349 2124 1394 2157 V.
1420 2143 1467 2147 —
1497 2122 1542 2165 43
1571 2121 1797 2172 παχυνομένη
1819 2123 2062 2171 σωματοειδῶς
2085 2136 2157 2160 om.
2186 2128 2232 2161 V.

1217 2180 1306 2214 Haec
1322 2179 1359 2214 in
1383 2178 1463 2214 Ald.
1486 2179 1557 2223 sic,
1585 2179 1698 2231 δρᾶμα
1729 2179 1883 2231 Χεερέλαι
1908 2179 1967 2217 ἅτε
1996 2179 2030 2223 ἐξ
2058 2179 2154 2231 ἀέρος
2174 2181 2233 2218 καὶ

1217 2235 1409 2285 πνεύματος
1429 2236 1528 2273 οὐσία
1547 2237 1771 2287 παχυνομένη
1790 2237 2037 2287 σωματοειδής.
2065 2237 2180 2276 ἀέναοι
2197 2237 2233 2276 δὲ

1218 2291 1273 2329 διὰ
1286 2293 1414 2337 παντὸς
1427 2293 1568 2330 νάουσαι
1581 2323 1590 2340 ,
1608 2297 1652 2336 ὡς
1667 2294 1787 2336 ἀέναος
1800 2295 1953 2343 ποταμὸς
1969 2298 1986 2331 ὃ
2004 2296 2233 2338 ἀδιαλείπτως

1219 2351 1315 2403 ῥέων.
1337 2374 1390 2379 -—
1413 2358 1458 2396 44
1476 2352 1652 2404 περιόδους
1669 2353 1753 2389 Ald.
1775 2353 1953 2390 Correxit
1968 2354 2109 2403 Spanh.
2124 2355 2232 2392 Conf.

1218 2410 1334 2447 schol.
1347 2414 1462 2460 Vesp.
1476 2424 1561 2457 270.
1574 2433 1619 2439 —
1637 2417 1682 2457 47
1699 2425 1753 2460 sq.
1768 2412 1925 2464 ἀρθῶμεν
1942 2409 1975 2447 δὲ
1991 2413 2170 2449 ἀναπ.οηι.
2188 2416 2233 2450 R.

1272 2471 1360 2514 278,
1391 2483 1435 2505 12
1458 2468 1517 2505 εἴτ’
1540 2469 1594 2505 ἐπ’
1623 2469 1703 2506 Ὠκ.
1722 2473 1767 2505 V.
1794 2491 1840 2496 —
1875 2469 1919 2505 15
1940 2469 2066 2519 δυνηθῇ
2091 2483 2165 2507 om.
2189 2474 2233 2507 V.

1217 2529 1263 2562 G.
1284 2524 1344 2562 ἅτε
1357 2524 1419 2571 τὴν
1435 2528 1566 2562 ἑαυτῶν
1584 2525 1714 2576 γένεσιν
1733 2526 1965 2576 γινώσκουσαι
1991 2527 2086 2571 εὐθὺς
2114 2527 2235 2580 διωρί-

1217 2598 1322 2620 σαντο
1343 2582 1444 2621 πόθεν
1461 2586 1636 2636 εὑρεθῆναι
1654 2583 1767 2628 δεήσει
1781 2588 1827 2620 V.
1844 2607 1895 2611 —
1918 2598 1931 2620 1
1943 2599 1961 2631 7
1982 2584 2172 2636 βαρυηχέος
2185 2589 2232 2622 V.

1271 2643 1346 2678 280
1367 2643 1405 2678 in
1421 2645 1464 2679 V.
1495 2651 1551 2679 est
1571 2641 1700 2694 ἔφαμεν
1719 2641 1771 2679 ὅτι
1797 2647 1932 2685 τοῖς-
1948 2642 2174 2686 ἐπικάθηνται
2200 2645 2234 2680 αἱ

1216 2698 1356 2751 νεφέλαι
1376 2701 1431 2749 (ut
1448 2704 1506 2746 R).
1529 2700 1776 2751 δενδροκόμους
1794 2698 1830 2737 δὲ
1847 2705 1919 2742 ταῖς
1942 2699 2127 2748 κομούσαις
2145 2701 2230 2750 (scr.

1217 2756 1410 2807 κομώσαις)
1431 2764 1596 2810 κορυφαῖς
1616 2764 1685 2800 τοῖς
1705 2757 1866 2809 δένδρεσι.
1893 2759 2094 2810 τηλεφανεῖς
2115 2756 2149 2794 δὲ
2176 2757 2232 2808 ἀφ’

1216 2809 1263 2852 ῶν
1281 2837 1328 2843 -
1348 2818 1531 2865 καταφανῆ
1552 2814 1693 2863 γίνεται.

1271 2874 1344 2909 283
1361 2872 1447 2921 ἄγαν
1461 2872 1556 2908 θείων
1573 2872 1687 2908 habet
1701 2876 1744 2912 V.
1755 2881 1791 2908 et
1805 2871 1984 2922 ἧχῆματα.
1994 2871 2237 2914 Victorianus

1220 2931 1372 2966 videtur
1394 2929 1571 2981 Κρότους,
1592 2928 1670 2978 βοὰς
1686 2930 1893 2978 scripsisse.
1915 2932 2035 2964 Dm).

1272 2989 1360 3033 287,
1381 2988 1428 3029 48
1451 2986 1689 3023 ἀποὸαλοῧσαι
1704 2999 1776 3022 om.
1798 2989 1841 3022 V.

1272 3045 1360 3092 289,
1380 3043 1426 3079 52
1440 3043 1609 3084 ἀθανάτας
1629 3045 1882 3079 Hermannus.
1904 3041 2075 3087 ἀθανάτης
2093 3042 2176 3079 Ald.
2196 3065 2231 3078 --.

1219 3103 1239 3138 3
1266 3101 1462 3151 legebatur
1480 3100 1554 3137 ἀντὶ
1582 3104 1639 3137 τοῦ
1660 3101 1900 3150 ἐπιφανῶμεν,
1926 3098 2168 3151 ἐπισκέψωμεν
2195 3109 2233 3137 et

1218 3168 1306 3210 post
1324 3162 1383 3196 τοῦ
1398 3163 1499 3210 χοροῦ
1517 3157 1728 3194 addebatur
1744 3157 1914 3206 ἐπίδωμεν
1931 3156 1990 3194 καὶ
2011 3157 2230 3210 σκεψώμεθα.

1219 3217 1316 3255 Illud
1343 3218 1563 3268 ἐπιφανῶμεν
1587 3216 1771 3265 glossema
1800 3222 1855 3252 est
1889 3215 1997 3252 verbi
2016 3217 2173 3267 ἀρθῶμεν
2195 3230 2230 3253 v.

1219 3277 1306 3322 276.
1324 3278 1442 3311 Dmn.
1463 3296 1515 3301 —
1533 3280 1552 3316 4
1573 3286 1646 3310 om.
1664 3276 1709 3308 V.

1273 3345 1361 3381 292,
1386 3346 1397 3367 1
1410 3338 1428 3374 4
1449 3329 1604 3380 μηχαναὶ
1621 3330 1764 3367 addidit
1789 3332 1967 3381 Nagelius
1984 3344 2003 3367 e
2018 3330 2163 3369 scholio
2183 3330 2228 3367 ad
