2517 3792
843 202 993 241 lxplix
1027 198 1256 239 §0511315111
1299 199 1360 237 ET
1392 199 1584 239 RERUM.

201 301 293 331 -48.
315 295 476 328 Muliebris
494 293 634 326 mundus
655 291 811 332 plurimus
836 290 1019 322 recensetur
1035 288 1084 328 fr.
1107 290 1177 317 309.

202 346 368 376 Mulierum
385 342 553 374 tendicula*
567 340 619 377 (de
631 341 747 369 ornatu
761 337 959 376 earnm)‚sr.
975 339 1044 367 663.
1065 334 1182 366 Mulie·

202 400 256 422 res
272 391 486 432 παρετί).).οντο
500 413 507 425 ,
525 387 717 427 proesertim
738 393 834 416 nora>
848 386 986 423 nuptie,
1006 385 1089 413 Ran.
1109 382 1178 411 5¹0.

202 437 406 469 Mulieribus
430 436 527 466 ultra
551 432 654 464 modii
676 434 828 472 pretium.
846 432 972 471 pacisci
992 437 1054 468 per
1075 428 1178 466 Ieyem

199 492 264 516 non
284 483 418 520 licebat,
436 481 527 513 Eccl.
546 484 633 511 1025.
649 479 797 510 Mulieres
810 477 943 515 semina,
960 476 1092 516 pultem,
1106 482 1178 511 ova,

200 532 308 569 olera,
334 530 423 567 allia,
449 537 546 568 panes
573 527 736 565 vendunt,
762 533 936 565 caupona»,
960 525 1034 562 Lys.
1051 525 1108 552 457
1127 530 1177 561 sq.

199 579 287 607 luter
311 575 495 606 molendum
521 574 640 605 hordea
665 575 801 609 canunt,
821 571 909 603 Nub.
929 573 1014 601 1358⁴
1034 566 1178 599 Mulieres

200 621 368 660 mala‘‚sr.
389 625 463 659 1163
483 621 614 651 mirrha*
626 644 633 658 ‚
647 619 702 659 sr.
719 623 788 651 236.
807 617 1094 658 Freqzientissinie
1111 622 1177 653 pcr—

198 669 399 706 stringuntur
418 670 449 698 ut
477 667 605 697 bibaces
627 670 658 697 et
681 665 830 701 ebriosoe‚
853 663 982 695 Thesm.
1004 664 1063 691 630
1082 668 1154 699 sqq.
1170 682 1178 695 ,

199 717 258 745 688
271 723 363 754 sqq,
380 716 438 744 735
453 722 524 753 sqq.
539 736 546 750 ‚
565 712 653 743 Ecel.
674 715 728 742 132
743 720 828 750 sqq,
846 711 919 748 Lys.
941 709 1008 745 197,
1025 709 1103 743 466,
1123 704 1176 735 Pl.

199 763 271 797 645,
290 760 361 796 737,
381 763 454 797 972,
472 761 535 790 etc.
548 779 586 784 —
601 760 642 790 In
660 758 858 797 Lysistrata
874 754 1040 786 Mulierum
1058 751 1179 783 Cboms

199 807 376 847 ingre-duur
395 816 468 837 cum
486 806 572 836 urnis
588 814 678 845 aquae
700 804 800 845 plenis
822 802 1014 842 opitulatum
1040 799 1177 830 mulieri-

199 854 260 885 bus
286 854 317 885 in
337 862 409 884 arce
427 855 538 883 contra
561 861 652 883 senes
673 860 741 882 eam
767 859 822 890 per
846 850 949 887 ignem
977 849 1177 885 recepturos,

199 901 373 932 319—351.
398 901 541 937 Pugnant
569 907 642 929 cnm
670 896 821 934 senibus,
843 898 1016 926 354-386.
1045 891 1179 923 Senibus

202 947 422 983 provisorem,
448 946 636 986 πρόδουλον,
656 942 862 975 incitantibus
875 966 883 979 ,
907 949 939 971 se
956 940 1119 979 quieturas
1133 938 1179 969 di-

200 994 279 1024 cunt
291 1016 300 1031 ,
326 994 382 1023 471
396 994 489 1022 -475
504 1015 511 1029 ‚
527 999 622 1022 omne
638 994 744 1021 tamen
766 988 942 1029 periculum
961 986 1103 1017 adituras
1122 994 1178 1024 pro

199 1039 361 1079 republica
380 1047 453 1069 cum
471 1036 678 1075 mulieribus,
698 1039 870 1067 539—550.
895 1033 1026 1065 Civibus
1048 1033 1177 1062 narrant

197 1084 315 1126 quibus
332 1083 506 1114 bonoribus
522 1082 646 1114 assectae
663 1082 725 1113 sint
739 1090 756 1112 a
771 1080 949 1120 republica;
968 1078 1019 1110 cui
1035 1077 1178 1108 vicissim

197 1131 291 1162 utiles
304 1129 368 1161 sint
381 1129 466 1159 viros
481 1137 519 1159 ex
537 1137 570 1160 se
584 1131 674 1159 natos
689 1127 866 1167 symbolam
883 1124 1087 1161 conferendo,
1101 1123 1177 1154 dum

197 1177 257 1207 viri
275 1175 452 1216 symbolam
470 1183 604 1205 avorum
623 1183 640 1206 e
655 1174 788 1204 Medicis
812 1171 1060 1211 absumpserint,
1079 1173 1179 1201 636-

197 1226 268 1254 657.
278 1222 415 1253 Irritatae
428 1231 446 1253 a
459 1220 599 1259 senibus,
610 1221 724 1251 acriter
733 1219 908 1257 minantur,
918 1217 1019 1258 utqui
1031 1217 1113 1248 mala
1126 1216 1178 1247 de·

197 1271 282 1300 creta
296 1268 413 1299 saciant
424 1292 432 1306 ‚
448 1270 623 1299 683-707.
639 1269 756 1298 Fausto
774 1266 904 1297 oraculo
918 1264 1147 1296 confirmantur
1161 1272 1178 1293 a

197 1315 373 1354 Lysistrata
389 1337 397 1352 ,
423 1316 598 1346 769-780.
627 1313 780 1344 Fabulam
810 1312 850 1343 de
875 1312 1008 1343 Timone
1034 1310 1177 1341 virorum

196 1370 300 1400 osore,
318 1361 489 1392 mulierum
507 1364 647 1391 amatore
661 1361 803 1398 narrant,
822 1361 996 1390 805—820.
1016 1356 1136 1389 Officiis
1149 1360 1178 1387 et

196 1407 361 1439 blanditiis
375 1407 498 1438 animos
512 1416 626 1438 senum
642 1407 792 1447 capiunt,
810 1407 1023 1437 1016-1072.
1040 1403 1179 1435 induciis

196 1455 309 1492 sactis,
328 1462 362 1486 se
378 1456 543 1494 promptas
559 1462 627 1485 esse
646 1453 758 1484 dieunt
775 1461 835 1484 sua
853 1453 961 1483 omnia
985 1451 1179 1482 intrantibus

197 1502 287 1540 dare,
304 1500 358 1532 sed
373 1502 509 1531 caveant
525 1509 648 1539 canem,
668 1502 882 1531 1188—1215.

158 1549 266 1580 Multa.
286 1548 459 1579 Multarum
479 1548 600 1588 species
623 1548 766 1587 aliquot,
787 1546 881 1579 Eccl.
897 1549 956 1577 655
972 1553 1044 1584 sqq.
1063 1545 1178 1576 Multa

196 1597 314 1635 qravis
336 1603 454 1626 eorum
476 1596 535 1635 qui
561 1597 762 1626 accusantes
786 1594 873 1624 alios
897 1599 1056 1624 caussam
1080 1600 1177 1622 suam

197 1650 264 1673 non
279 1641 666 1682 probarentjudicibus,
681 1641 770 1673 Nub.
787 1643 857 1672 776.

158 1689 195 1720 M
198 1688 349 1728 unycliia
365 1689 479 1719 Diana
493 1686 588 1727 apud
604 1689 804 1725 Pirceenses,
818 1688 877 1717 Av.
892 1687 961 1717 874.
971 1687 1013 1716 Ei
1024 1685 1181 1726 ἀρκτεύοϊ

196 1745 245 1765 ται
266 1737 412 1774 viryines
427 1736 564 1772 Atticae,
584 1735 658 1773 Lys.
675 1736 745 1765 645.

158 1780 352 1819 Munychion
367 1780 487 1810 mensis
500 1803 508 1818 ,
526 1782 585 1811 Αυ.
607 1782 695 1810 1046.
716 1781 766 1811 Eo
781 1787 894 1810 mense
909 1786 1010 1809 verno
1021 1778 1181 1818 judican-

201 1829 260 1858 tur
273 1826 411 1857 Athenis
427 1827 502 1857 lites
520 1828 610 1857 inter
619 1828 831 1866 pereqrinos,
846 1827 904 1856 Av.
926 1827 1012 1856 1478.

159 1874 253 1904 Muri
271 1872 362 1912 lonqi
379 1872 532 1910 Athenis,
554 1881 575 1903 a
590 1874 719 1904 Piroeeo
732 1874 767 1903 in
782 1873 874 1910 astu,
893 1872 955 1911 Eq.
973 1873 1046 1909 815,
1062 1878 1084 1901 a
1101 1870 1180 1902 The-

198 1918 350 1949 mistocle
366 1919 554 1956 exstructi,
571 1917 614 1948 ib.
634 1920 704 1948 886.

159 1968 269 2003 Musae,
284 1967 342 1996 Av.
360 1966 438 2003 783,
457 1964 549 1995 Eccl.
570 1967 628 1995 882
642 1987 650 2001 ,
665 1972 779 1994 novem
800 1963 890 1994 Jovis
906 1971 1006 1994 sacrae
1020 1963 1179 2003 virgines,

197 2011 389 2042 invocantur
408 2014 496 2043 Ran.
522 2014 696 2042 874—882.
715 2014 815 2042 Musae
841 2011 1177 2051 ἑλικοὸὁστρυχοι,,ϊι·.

1205 1537 1210 1583 l

198 2060 280 2096 314;
302 2058 435 2099 εὐλυροι,
453 2060 539 2089 Ran.
568 2061 639 2089 229.
661 2061 760 2088 Musae
788 2060 898 2096 vates,
923 2060 983 2088 Av.
1008 2060 1066 2089 724
1085 2058 1179 2097 (apud
1208 2060 1209 2093 ᾗ

199 2104 300 2136 schol.
318 2114 325 2135 :
343 2108 456 2143 Musae,
474 2103 589 2143 vates).
608 2107 770 2134 Musarum
787 2104 872 2134 sama
885 2104 1007 2142 celeris,
1028 2108 1087 2135 Au.
1107 2108 1178 2136 924.

200 2154 315 2181 Earum
337 2151 454 2189 θίασος,
473 2150 596 2182 chorus
616 2159 725 2189 sacer,
744 2151 770 2181 T
769 2150 872 2181 hesm.
888 2154 921 2181 41
938 2161 946 2188 3
972 2151 1071 2190 orgia,
1092 2154 1179 2182 Ran.

200 2201 261 2230 356
273 2208 282 2235 3
295 2199 424 2237 pratum
437 2221 446 2236 ‚
461 2200 548 2229 Ran.
568 2200 658 2228 1300.
674 2201 836 2227 Musarum
859 2197 969 2228 famuli
984 2200 1114 2237 poetce,
1132 2207 1180 2229 se-

198 2244 339 2275 cundum
354 2247 546 2281 Homerum,
563 2246 621 2274 Av.
641 2245 713 2282 909,
731 2245 802 2274 913.
818 2245 917 2274 Musae
938 2244 1179 2284 Aristophanis,

202 2292 295 2330 Vesp.
317 2293 412 2328 1022,
436 2293 523 2321 1028.
560 2291 644 2320 Cum
669 2291 778 2321 Musis
805 2292 951 2321 certavit
979 2291 1179 2330 Thamyris,

198 2340 277 2376 Arq.
299 2339 383 2368 Ran.
400 2338 460 2368 IV.
477 2337 654 2375 Sinqulari
669 2340 773 2375 Musa,
789 2339 845 2367 Av.
862 2340 940 2374 905,
957 2340 1030 2376 937,
1048 2338 1178 2369 Thesm.

203 2386 272 2422 107,
293 2386 378 2414 Ran.
398 2384 494 2421 1306,
515 2386 604 2413 1308.
623 2387 714 2413 Musa
728 2382 805 2422 dea,
830 2385 886 2414 Av.
910 2386 997 2415 1719.
1026 2386 1069 2415 In
1091 2387 1181 2416 Pace

200 2434 292 2461 Musa
309 2429 497 2469 imploratur
515 2431 550 2460 ut
564 2430 652 2469 pacis
670 2429 838 2460 festivitati
850 2430 986 2469 propitia
1004 2431 1085 2462 adsit
1099 2455 1107 2470 ,
1121 2441 1178 2461 nu-

201 2477 283 2517 ptias
302 2476 435 2507 deorum
455 2477 488 2506 et
504 2475 671 2507 beatorum
692 2477 800 2516 epulas
822 2476 1003 2515 celebrans,
1028 2486 1181 2517 respuens

200 2523 302 2554 malos
312 2525 344 2554 et
358 2524 503 2563 impuros
517 2526 642 2562 poetas,
661 2522 741 2554 filios
754 2523 891 2562 Carcini,
906 2524 1105 2562 Mor-simum,
1119 2529 1182 2556 Me-

200 2569 358 2601 lanthium
369 2593 378 2608 ,
393 2571 568 2601 775-816.
585 2573 677 2600 Musa
686 2569 861 2607 silvestris,
880 2571 1016 2610 λοχμαία
1027 2595 1036 2609 ,
1053 2572 1182 2602 invoca-

200 2620 265 2655 tur,
284 2624 423 2656 quacum
440 2615 575 2646 luscinia
588 2616 685 2655 canit,
702 2618 761 2648 Au.
778 2619 835 2648 737
850 2625 922 2658 sqq.
947 2621 1036 2648 Musa
1049 2622 1181 2649 Lacaena

202 2671 274 2703 quae
299 2664 412 2701 canat,
430 2665 506 2702 Lys.
532 2664 610 2693 1298
626 2671 698 2703 sqq.
716 2663 792 2694 coll.
815 2666 902 2695 1249.
923 2667 1022 2695 Musae
1037 2665 1180 2705 apicula,

201 2709 468 2747 blandimentum,
484 2709 577 2740 Eccl.
590 2711 675 2740 974.-

161 2760 323 2794 Mnsaeus,
338 2757 447 2786 Lunae
461 2757 494 2786 et
510 2755 670 2794 Eumolpi
680 2754 782 2794 filius
798 2756 987 2787 secundum
1007 2757 1182 2789 Philocho-

203 2810 300 2839 rum,
328 2801 519 2832 monstravit
543 2801 685 2832 remedia
710 2802 894 2833 morborum
919 2806 950 2833 et
973 2804 1125 2835 vaticinia
1150 2808 1182 2836 et

204 2849 436 2888 expiationes,
463 2856 485 2879 a
511 2847 668 2887 Sophocle
694 2849 906 2889 χρησμολόγος
934 2850 1065 2886 dictus,
1092 2855 1178 2883 Ran.

207 2896 296 2926 1033.

165 2941 293 2972 Musicae
317 2939 368 2971 lex
396 2947 508 2971 severa
537 2940 620 2980 apud
657 2941 806 2980 antiquos
833 2941 1061 2982 Athenienses,
1090 2943 1181 2975 Nub.

204 2989 379 3018 970-972.
397 2986 527 3024 Musice,
543 2988 565 3017 i.
581 2994 609 3017 e.
628 2986 784 3026 ἐγκύκλιος
799 2989 933 3026 παιδεία,
952 2991 1014 3029 Eq.
1035 2993 1102 3021 188.

164 3037 309 3074 Myrmex
325 3031 376 3062 :ei
397 3035 528 3073 ποριστῇ
547 3034 671 3063 restem
689 3033 789 3064 mittit
811 3034 903 3065 Pluto
920 3043 993 3065 cum
1016 3036 1126 3072 minis;
1143 3037 1182 3067 ob

206 3079 463 3120 improbitatem
475 3081 746 3119 perstrinyitur,
761 3080 830 3112 alio
846 3083 952 3112 etiam
970 3084 1182 3122 mayistratu

197 3126 367 3166 functus,
386 3128 473 3157 Ran.
494 3129 582 3156 1506.

168 3171 402 3212 Myrmidonas
427 3171 506 3202 alea
531 3170 688 3203 ludentes
707 3172 953 3205 introduxerat
978 3174 1162 3215 AEschylus

206 3221 296 3250 Ran.
315 3219 404 3248 1400.

167 3263 368 3304 Myronides‚
401 3262 476 3294 dux
502 3271 689 3304 generosus;
719 3273 756 3296 eo
787 3266 938 3297 archonte
966 3275 1064 3298 nemo
1088 3277 1183 3300 ausus

210 3309 321 3341 suisset
337 3309 516 3341 mercedem
535 3309 615 3342 serre
630 3319 668 3342 ex
691 3311 873 3351 reipublicae
890 3312 1181 3354 administratione,

210 3356 305 3388 Eccl.
320 3359 380 3387 303
396 3364 469 3396 sqq.

171 3401 350 3439 Myronides
374 3401 515 3442 hispidus
527 3426 537 3442 ,
556 3403 646 3443 nigro
668 3402 781 3444 podice
794 3426 802 3441 ‚
828 3404 973 3436 hostibus
998 3406 1160 3437 timendus
1173 3431 1182 3446 ,

1172 3201 1181 3216 5

2181 205 2249 237 071

1284 286 1358 325 Lys.
1377 290 1550 318 801-803.
1571 285 1786 326 Intelliqitur
1801 287 1910 317 victor
1932 284 2152 325 OEnophytis,·
2175 294 2255 317 nam

1281 335 1359 363 erat
1375 335 1477 363 etiam
1495 333 1600 371 alius,
1618 332 1659 364 de
1678 341 1744 373 quo
1760 332 1806 363 ad
1822 333 1963 371 Eccles„
1978 336 2049 364 801.

1240 379 1439 418 Myrrhine,
1458 388 1549 410 uxor
1566 381 1758 414 Pisistrati,
1778 381 1915 419 Hippioe
1930 381 1962 410 et
1980 378 2171 419 Hipparchi
2183 387 2255 409 rna·

1282 428 1345 464 ter,
1363 435 1467 466 quam
1486 428 1691 457 Pisistratus
1709 426 1820 457 redux
1833 435 1898 466 pro
1914 428 2070 457 Minerva
2092 428 2126 457 in
2149 434 2256 457 curru

1281 472 1536 504 Atheniensibus
1551 472 1751 511 ostenderit,
1765 474 1826 513 Eq.
1843 474 1914 504 449.

1240 519 1425 559 Myrrhina
1455 521 1620 550 rmeretrix
1632 543 1640 557 ,
1676 520 1862 551 secundum
1900 518 2105 559 Eupolidem
2117 543 2127 557 ,
2163 518 2256 549 bonis

1280 568 1376 596 exuit
1396 567 1594 605 Leoyoram,
1613 566 1703 597 Ναὶ).
1722 569 1790 597 109.
1808 568 1974 597 Meretrix
1993 566 2185 604 Corinthia,
2200 566 2254 596 Pl.

1283 614 1351 643 149.

1238 658 1400 698 Myrrhina
1417 658 1532 689 mulier
1546 660 1579 688 in
1599 659 1790 696 Lysistrata
1803 658 1890 689 venit
1908 658 1940 688 in
1963 658 2150 689 concionem
2173 658 2256 697 Lysi-

1279 705 1397 741 511313),
1413 708 1451 735 69
1464 712 1534 744 sqq.
1553 706 1625 734 Post
1638 704 1859 743 jusjurandum
1874 713 1948 734 cum
1970 704 2082 735 ceteris
2102 704 2132 735 in
2152 713 2255 735 arcem

1279 751 1357 789 abit,
1376 754 1446 781 253.
1466 749 1525 789 lbi,
1546 752 1696 781 monente
1710 750 1900 788 Lysistratus,
1919 750 2076 781 Cincsiam
2091 751 2255 789 maritum,

1279 798 1335 837 qui
1353 798 1482 830 advenit
1505 798 1670 838 pruriens,
1695 797 1827 828 infinitis
1848 797 1952 828 modis
1978 797 2138 837 ludificat,
2157 801 2257 829 837-

1279 847 1351 875 951.

1238 890 1443 930 Myrrhinus
1454 913 1463 928 ‚
1475 898 1589 931 payns
1605 891 1737 922 Atticus
1748 914 1758 929 ,
1777 899 1799 921 a
1813 891 1937 928 myrtis
1951 889 2064 921 dictus
2076 913 2084 927 ‚
2111 889 2165 920 Pl.
2184 892 2255 920 586.

1279 938 1597 977 Myrrhinusiorum
1615 939 1727 969 Diana
1743 938 1899 973 Coloenis.
1917 940 1972 968 Αυ.
1991 937 2062 967 874.

1238 985 1398 1023 Myrsina
1413 984 1529 1024 (myrti
1546 985 1657 1023 ramo)
1677 984 1858 1024 abiqebant
1870 992 2018 1021 muscas,
2035 985 2094 1023 Eq.
2112 985 2161 1014 59.

1238 1031 1353 1069 Myrtia
1366 1055 1374 1069 ,
1387 1033 1560 1071 panaria,
1583 1031 1766 1071 Ancylionis
1791 1032 1823 1062 et
1836 1032 1985 1062 Sostratae
2003 1029 2064 1060 lilia
2078 1053 2086 1068 ‚
2112 1038 2130 1060 a
2155 1028 2255 1060 Philo-

1278 1077 1387 1109 cleone
1403 1078 1489 1117 loesa,
1503 1080 1537 1109 in
1558 1080 1668 1118 Vespis
1686 1081 1773 1109 1396.

1238 1125 1360 1162 Myrtus
1378 1133 1479 1155 sacra
1497 1126 1612 1156 Cereri
1632 1126 1665 1155 et
1688 1125 1834 1164 inferis:
1855 1131 1895 1155 ea
1913 1122 2172 1154 coronabantur
2190 1123 2255 1152 ini-

1281 1172 1358 1202 tiati
1380 1173 1414 1202 et
1439 1170 1692 1210 thesmothetoe,
1723 1173 1805 1202 teste
1828 1169 2052 1210 Apollodoro,
2082 1171 2167 1199 Ran.
2184 1171 2255 1199 330.

1278 1218 1388 1257 Myrtis
1418 1218 1674 1249 coronabantur
1699 1217 1906 1254 Archontes,
1938 1219 2032 1255 I'esp.
2058 1218 2128 1246 861.
2163 1213 2257 1253 Myrti

1278 1264 1493 1296 Archontibus
1510 1265 1542 1295 in
1563 1273 1693 1303 mensa,
1713 1264 1767 1303 fr.
1798 1267 1865 1295 175.
1894 1265 1937 1294 In
1963 1263 2088 1293 Samice
2113 1263 2257 1292 Junonis

1280 1312 1446 1351 templum
1467 1311 1591 1350 inferri
1610 1311 1710 1350 nefas
1726 1313 1822 1349 erat,·
1836 1311 1918 1350 quia
1936 1317 2041 1349 quum
2057 1308 2122 1339 illa
2136 1316 2158 1338 a
2172 1307 2256 1338 Plu-

1280 1359 1358 1388 tone
1379 1358 1596 1397 impetrasset
1621 1359 1660 1387 ut
1683 1356 1808 1387 Semele
1830 1355 2036 1386 redderetur
2059 1353 2212 1390 Baccho,
2229 1355 2257 1383 si

1279 1404 1543 1435 dilectissimum
1569 1405 1641 1443 ejus
1667 1404 1737 1434 loco
1772 1405 1835 1443 ipsi
1861 1402 2073 1441 demitteret,
2103 1399 2258 1431 Bacchus

1278 1453 1433 1490 myrtum
1449 1459 1569 1482 caram
1584 1450 1645 1481 sibi
1663 1451 1827 1490 plantam
1843 1450 1985 1481 Plutoni
2009 1448 2121 1479 dolose
2142 1448 2258 1484 7111511,-

1281 1499 1431 1528 testatur
1448 1497 1577 1537 Iophon
1595 1498 1759 1536 trayicus.
1786 1499 1870 1527 Hinc
1894 1497 2028 1535 myrtus
2048 1502 2152 1525 sacra
2175 1492 2258 1531 inse-

1279 1546 1341 1581 ris,
1358 1546 1443 1574 Ran.
1459 1546 1531 1574 330.
1547 1543 1640 1582 Myrti
1662 1543 1812 1582 virgineae
1825 1542 1951 1580 baccae,
1970 1550 2047 1581 quse
2069 1549 2089 1571 a
2108 1539 2259 1570 mulieri·

1281 1589 1342 1620 bus
1361 1592 1394 1620 et
1418 1590 1608 1629 rirqinibus
1626 1587 1775 1620 studiose
1800 1588 1964 1626 eduntur,
1980 1591 2035 1619 Ab.
2057 1588 2145 1618 1099.
2164 1585 2257 1625 Myrti

1280 1644 1370 1666 ramo
1385 1637 1515 1675 sumpto
1532 1636 1565 1666 in
1583 1635 1741 1666 conviviis
1755 1634 1930 1665 recitabant
1947 1633 2081 1672 AEschyli
2097 1632 2236 1663 carmina
2250 1655 2258 1669 ‚

1280 1682 1370 1714 Ναί).
1392 1685 1468 1713 1364
1485 1691 1534 1723 sq.
1551 1686 1727 1721 Myrtorum
1750 1681 1872 1719 sorum,
1896 1682 1927 1711 αἱ
1944 1681 2099 1722 μυρρίναι,
2125 1679 2256 1711 Thesm.

1280 1733 1351 1761 448.

1238 1775 1423 1816 lescellus
1456 1775 1639 1806 oraculum
1669 1777 1801 1815 accepit
1834 1775 1953 1806 urbem
1984 1776 2013 1806 ei
2047 1773 2260 1805 condendam

1281 1831 1351 1854 esse
1367 1822 1422 1854 ubi
1437 1821 1477 1852 de
1491 1830 1608 1852 sereno
1619 1822 1700 1852 caeto
1714 1822 1818 1853 cadat
1834 1822 1940 1853 imber
1951 1831 1961 1851 .·
1971 1821 2011 1852 de
2025 1829 2092 1861 qua
2103 1829 2139 1851 re
2153 1829 2260 1860 quum

1280 1869 1503 1909 desperasset,
1518 1868 1637 1899 urbem
1652 1871 1685 1899 in
1699 1869 1809 1899 Italia
1826 1868 1978 1899 condidit
1989 1876 2025 1898 eo
2036 1868 2106 1898 loco
2119 1867 2177 1898 ubi
2188 1867 2260 1907 pel-

1282 1917 1379 1947 licem
1402 1924 1502 1946 suam
1527 1916 1690 1946 lacrimas
1704 1914 1914 1953 fundentem
1940 1914 2043 1952 vidit,
2070 1913 2160 1945 Ναὶ).
2187 1915 2257 1945 371.

1281 1965 1326 1994 In
1350 1964 1494 1994 Crotone
1511 1962 1594 1993 urbe
1610 1961 1785 1992 condenda
1803 1971 1910 2002 quum
1928 1961 2111 1992 oracutum
2135 1962 2164 1991 ei
2188 1969 2262 1999 pro-

1273 2011 1449 2051 posuisset
1468 2009 1522 2040 vel
1545 2008 1683 2039 divitias
1699 2009 1750 2039 rel
1768 2008 1997 2039 raletudinem
2016 2008 2150 2046 honam,
2170 2007 2260 2038 hanc

1277 2056 1441 2097 praetulit
1454 2055 1531 2086 urbi
1544 2064 1616 2086 suce
1630 2055 1897 2093 conciliandam,
1914 2057 1975 2095 Eq.
1995 2058 2081 2085 1091.

1239 2105 1351 2143 Mysia
1366 2114 1377 2134 .-
1394 2111 1469 2134 eam
1493 2104 1634 2134 vastant
1652 2103 1761 2134 Graeci
1779 2102 1914 2141 Trojam
1928 2110 1996 2132 esse
2011 2102 2153 2141 opinati,
2168 2099 2257 2131 Ναίν.

1281 2153 1352 2181 922.

1240 2196 1363 2235 Mysius
1377 2194 1511 2235 pileolus
1532 2194 1668 2234 Telephi
1683 2196 1783 2234 Mysi,
1799 2194 1878 2226 Ach.
1895 2197 1967 2225 439.

1239 2244 1364 2282 Mystoe
1375 2250 1466 2273 anno
1479 2243 1557 2280 post
1577 2243 1806 2272 initiationem
1827 2241 1872 2272 ad
1890 2241 2054 2272 ἐποπτείαν
2071 2241 2262 2272 admittun-

1284 2291 1354 2328 tur,
1378 2291 1464 2320 Ran.
1481 2291 1539 2320 745
1553 2290 1586 2319 et
1600 2290 1668 2319 not.
1694 2288 1772 2319 Vide
1790 2288 1920 2327 initiati,
1937 2288 2102 2328 Mysteria.

1240 2337 1410 2376 Mysteria
1434 2336 1563 2366 Cereris
1580 2336 1614 2365 et
1635 2336 1853 2374 Proserpinoe
1875 2336 2054 2374 Eleusine,
2078 2342 2205 2374 maqna
2227 2335 2260 2364 et

1276 2390 1391 2422 parva
1406 2382 1515 2421 (Ayris
1530 2392 1539 2412 :
1557 2389 1588 2412 v.
1610 2382 1708 2419 not),
1733 2381 1805 2412 hcec
1830 2381 1993 2412 Herculis
2020 2389 2141 2411 caussa
2166 2381 2261 2410 insti-

1283 2430 1361 2460 tuta
1381 2428 1424 2459 ab
1449 2428 1720 2465 Atheniensibus,
1741 2436 1845 2468 quum
1873 2428 1930 2458 lex
1956 2429 2088 2458 vetaret
2108 2428 2260 2466 pereqri-

1282 2483 1365 2506 num
1379 2476 1527 2513 initiari,
1550 2474 1604 2505 Pl.
1624 2476 1697 2512 845,
1718 2477 1808 2512 1013,
1827 2474 1883 2505 ubi
1903 2474 2054 2513 Mysteria
2067 2482 2192 2512 magna.
2209 2472 2259 2504 Ad

1282 2530 1324 2553 ea
1353 2521 1514 2552 mutieres
1541 2522 1714 2560 carpentis
1751 2520 1926 2551 vehuntur
1960 2520 2176 2556 Eleusinem,
2204 2520 2258 2551 Pl.

1286 2570 1374 2599 1014.
1404 2567 1559 2606 Mysteria
1586 2567 1706 2598 vehens
1732 2567 1840 2598 asinus
1863 2575 1906 2598 ea:
1932 2566 2016 2597 urbe
2041 2567 2260 2603 Eleusinem,

1281 2617 1367 2646 Ran.
1388 2617 1455 2645 159.
1470 2614 1636 2653 Mysteria
1654 2614 1784 2644 Cereris
1801 2615 1834 2644 et
1848 2615 2065 2652 Proserpinae
2081 2612 2259 2643 Eleusinia

1282 2662 1518 2701 respiciuntur
1534 2660 1624 2691 Nub.
1645 2662 1820 2691 302—304.
1847 2661 1886 2690 M
1888 2662 2013 2699 ysteria
2032 2660 2200 2698 Dionysiis
2216 2667 2261 2689 ce-

1283 2706 1525 2744 lebrabantur,
1556 2708 1670 2744 noctu,
1695 2715 1772 2737 cum
1789 2705 1954 2745 facibus,
1988 2709 2075 2737 Ran.
2110 2708 2180 2737 343.
2217 2707 2259 2736 It!

1282 2755 1455 2793 mysteriis
1471 2752 1596 2783 Bacchi
1609 2755 1642 2783 et
1657 2754 1788 2784 Cereris
1801 2761 1865 2784 cur
1880 2753 2078 2783 immoletur
2087 2760 2158 2790 sus,
2174 2754 2258 2783 Ran.

1283 2803 1355 2831 338.
1380 2798 1551 2830 Initiandi
1574 2801 1606 2829 in
1628 2800 1796 2838 mysteria
1813 2801 1937 2830 vestem
1954 2798 2144 2838 ponebant,
2167 2797 2256 2828 Ναί).

1283 2849 1356 2885 497,
1372 2848 1405 2877 et
1423 2847 1526 2876 variis
1547 2845 1657 2876 modis
1672 2846 1894 2876 terrebantur
1919 2844 1962 2875 ab
1984 2846 2142 2882 initiatis,
2164 2845 2257 2882 I'esp.

1287 2896 1376 2930 1361,
1394 2895 1481 2923 1363.
1501 2892 1606 2922 Vestis
1629 2892 1663 2922 in
1682 2900 1744 2931 qua
1769 2892 1840 2931 quis
1856 2899 1969 2930 magna
1986 2890 2136 2929 mysteria
2156 2889 2260 2919 initia-

1282 2943 1335 2971 tus
1348 2941 1428 2976 erat,
1445 2940 1487 2969 ut
1503 2937 1632 2969 deabus
1646 2939 1905 2968 consecraretur
1913 2938 2054 2976 patrius
2076 2944 2147 2966 mos
2170 2937 2259 2973 erat,

1286 2989 1369 3018 teste
1398 2984 1589 3016 Melanthio
1617 2986 1667 3014 De
1691 2985 1882 3023 mysteriis,
1908 2983 1963 3014 Pl.
1990 2985 2060 3014 845.
2086 2983 2260 3021 Mysteriis

1283 3033 1413 3064 initiati
1428 3030 1525 3070 apud
1539 3029 1669 3068 inferos
1686 3031 1777 3060 inter
1796 3029 1908 3060 beatos
1918 3028 1999 3067 fore
2015 3028 2258 3066 credebantur,

1283 3081 1367 3110 Pac.
1393 3080 1464 3108 374.
1494 3076 1569 3107 I'ide
1593 3076 1721 3106 initiati.
1739 3077 1876 3115 Mystici
1899 3077 2069 3114 sumptus,
2088 3075 2178 3106 Ναί).
2208 3078 2259 3114 17,

1282 3126 1339 3158 ubi
1354 3123 1429 3156 vide
1443 3125 1570 3154 notam.
1587 3124 1754 3162 Mysteria
1770 3122 1971 3154 cabirorum
1982 3122 2014 3153 in
2027 3122 2257 3161 Samothracia,

1283 3177 1366 3205 Pac.
1383 3173 1454 3209 278,
1472 3173 1542 3202 277.

1242 3227 1364 3260 Mysus,
1378 3218 1456 3249 Ach.
1474 3219 1544 3247 430.
1574 3217 1692 3255 Mysus
1707 3217 1811 3247 Sacas
1833 3216 1887 3247 vel
1902 3217 2050 3255 Acestor‚
2072 3218 2174 3256 poeta
2192 3219 2259 3248 tra·

1284 3269 1389 3308 qicus,
1412 3266 1504 3304 I'esp.
1525 3266 1614 3300 1221,
1633 3265 1691 3293 Av.
1709 3265 1759 3294 31.

1243 3314 1405 3354 Mytilene,
1418 3310 1501 3341 urbs
1518 3309 1612 3340 Lesbi
1625 3309 1762 3347 insulae,
1781 3309 1825 3340 ab
1846 3309 2102 3341 Atheniensibus
2119 3308 2260 3340 descire-

1284 3361 1366 3391 rat:
1383 3359 1483 3389 victoe
1495 3357 1538 3387 ab
1563 3356 1708 3387 Charete
1723 3355 1808 3388 duce
1821 3357 1950 3387 incolas
1974 3355 2077 3387 occidi
2103 3355 2256 3387 decreve-

1283 3407 1369 3438 runt
1381 3404 1596 3437 Athenienses
1615 3403 1783 3436 suadente
1807 3404 1943 3443 Cleone,
1965 3403 2025 3435 sed
2042 3403 2165 3443 paullo
2179 3405 2257 3443 post
