2517 3792
843 222 996 259 INDEX
1031 220 1267 258 NOMINUM
1309 223 1373 260 ΕΤ
1402 223 1592 264 RERUM.

198 309 259 340 bus
272 332 280 347 ‚
306 310 402 348 eique
429 307 594 338 tribuum·
608 315 631 337 a
647 306 822 337 nonnullis
843 306 921 337 laus
938 306 1075 345 Sybaris
1100 312 1172 336 con-

195 355 292 393 a'iloe,
308 354 393 386 Sub.
409 357 480 392 332,
501 356 560 384 Αυ.
577 357 648 384 521.
669 355 710 384 In
725 354 898 392 Prytaneo
910 352 1046 392 publice
1060 351 1170 382 aleba-

198 403 270 439 eur,
298 403 356 432 Ao.
387 404 457 435 521,
490 401 571 431 Pac.
609 401 695 431 1084.
727 401 942 430 Memoratur
976 401 1008 429 in
1041 399 1171 430 Cratini

196 448 339 478 Neiiiesi.
359 446 526 478 Nonnulli
542 447 759 485 superstitem
763 445 879 484 fuisse
895 445 1052 483 credunt,
1065 452 1171 485 quum

199 496 278 524 Aves
293 494 491 532 ayerentiir,
510 494 567 523 Ae.
584 495 654 523 521.

159 539 398 578 Lamprocles,
420 537 567 569 Midonis
585 538 635 569 cel
650 537 749 577 Jilius
777 538 829 568 rel
854 537 1072 576 discipulus:
1099 538 1170 576 ejiis

196 592 334 616 carmen
355 584 500 615 Παὶλάδα
530 585 710 624 περσέπολιν
741 585 905 614 memorat
933 583 1170 622 Phrynichus,

198 630 287 662 Sub.
304 633 376 662 967.

157 679 363 717 Lampsacus
381 688 391 707 .·
410 685 483 708 eam
501 676 620 707 urbem
644 675 854 708 Themistocli
877 676 1024 715 laryitus
1047 676 1096 705 est
1112 678 1170 706 Ar-

199 725 359 754 laserxes
375 723 422 754 ad
441 725 570 761 vinum,
591 724 652 762 Eq.
672 724 722 753 84.

157 771 343 809 Lainptreus
365 771 416 809 (ex
435 770 591 809 Lainptris
603 792 612 807 ,
628 777 706 808 pago
731 768 946 799 Erechtheidis
969 767 1084 805 tribus)
1097 767 1171 806 ,sr.

200 818 251 847 93.

160 865 298 902 Lamus,
318 864 398 895 urbs
417 865 684 903 Loestryqonum,
705 864 784 894 Pac.
800 865 870 893 758.

158 914 251 942 Lanae
275 920 293 942 a
315 910 525 942 vendentibus
547 909 585 940 ad
609 909 749 940 fraudem
767 908 964 946 madefactae,
989 909 1073 938 Itan.
1098 910 1172 937 1386

197 965 247 996 sq.
265 959 296 988 et
309 957 378 988 sch.
398 958 505 988 Lanae
525 964 585 995 ope
598 955 802 996 pauxillum
823 955 886 985 olei
906 954 1079 984 instillant
1093 955 1172 984 auri

199 1006 348 1042 (cyrone,
374 1005 464 1042 Vesp.
486 1005 556 1033 701.

159 1049 300 1080 Laniticii
329 1052 361 1080 et
389 1051 522 1080 texturae
549 1048 737 1087 descriptio,
771 1049 847 1086 Lys.
882 1049 1064 1084 567-587,
1093 1047 1172 1078 coll.

198 1095 302 1126 schol.

160 1141 348 1173 Laomedon

199 1190 270 1219 584.

159 1234 290 1274 Lapides
310 1237 372 1265 tres
385 1235 549 1274 apponunt
565 1235 739 1270 cocantes,
759 1235 838 1264 Pac.
860 1235 936 1263 1230
950 1234 982 1263 et
1001 1232 1070 1263 sch.

161 1280 316 1320 Lapithae
335 1288 412 1311 cum
431 1282 467 1311 H
470 1281 723 1319 ippocenlauris
740 1281 1011 1318 intemperanter
1027 1278 1176 1309 libidino-

374 1152 385 1172 .·
413 1142 442 1172 ei
467 1139 617 1171 mercede
644 1148 760 1170 muros
788 1140 923 1171 struxit
949 1139 1086 1178 Apollo,
1113 1142 1172 1171 Αυ.

199 1329 245 1358 sis
255 1328 428 1366 puynant,
446 1325 536 1357 Sub.
555 1327 625 1356 349.

162 1375 309 1404 Larinus
332 1372 498 1403 bubulcus
524 1373 653 1411 accepit
669 1371 714 1402 ab
730 1371 880 1402 Hercule
896 1370 992 1402 boves
1013 1372 1177 1410 Geryonae

200 1418 365 1450 abductos
391 1420 423 1449 et
443 1418 522 1449 bene
548 1420 697 1449 nutrivit
712 1429 722 1449 .·
742 1417 822 1449 hinc
847 1417 931 1448 dicti
954 1418 1067 1458 λαρινοὶ
1095 1417 1174 1457 βόες,

201 1465 389 1497 secundum
422 1467 545 1504 Lycum
574 1465 762 1505 Rheyinum
774 1489 782 1504 ,
810 1467 891 1496 Pac.
924 1469 995 1496 925.
1028 1467 1177 1496 Larinas

201 1512 368 1544 bubulcus
384 1511 527 1552 quidam
549 1520 693 1551 maenus
707 1523 717 1543 .·
741 1520 762 1542 a
777 1520 843 1552 quo
865 1513 980 1551 mayni
1007 1511 1100 1542 bores
1122 1521 1177 1551 ap-

198 1559 334 1598 pellati,
346 1560 524 1597 pascentes
540 1559 594 1595 τὴν
606 1559 730 1599 ἤπειρον
742 1558 903 1598 (Epirum
914 1560 944 1597 9)
961 1556 1002 1588 de
1011 1560 1177 1597 prosapia

202 1605 302 1635 boum
320 1605 493 1644 Geryonis,
510 1607 567 1635 Αυ.
585 1607 655 1635 465.

164 1653 314 1689 Larissa,
334 1651 415 1682 urbs
435 1651 640 1690 Thesprotia?
654 1662 664 1681 .·
680 1650 721 1680 ibi
737 1651 849 1689 mayni
867 1649 976 1687 bores,
991 1653 1047 1681 Αυ.
1065 1653 1136 1681 465.

161 1701 260 1727 Lasus
279 1698 536 1727 Hermionensis
549 1720 558 1735 ,
575 1699 675 1736 poeta
702 1697 849 1735 lyricus,
873 1696 1013 1727 carmine
1038 1697 1180 1728 certabat

203 1751 278 1774 cnm
301 1742 464 1773 Simonide
486 1746 517 1773 et
536 1742 639 1780 dixit,
658 1742 742 1774 ninii
763 1751 889 1781 moror,
919 1743 1010 1781 Vesp.
1033 1745 1109 1774 1410
1128 1752 1176 1783 sq.

205 1790 342 1820 Primus
361 1788 500 1828 cyclicos
525 1788 642 1819 choros
666 1790 820 1820 instituit
843 1787 1031 1819 secundum
1053 1791 1180 1820 veteres

202 1835 420 1872 scholiastas,
438 1837 496 1865 Av.
518 1837 604 1865 1403.

162 1885 297 1919 Latona,
317 1881 447 1912 Thesm.
465 1884 519 1912 117
532 1905 541 1919 ,
563 1885 637 1918 120,
658 1883 733 1919 123,
757 1884 812 1911 129
824 1905 832 1919 ,
850 1884 1007 1921 χρυσῶπιε
1021 1905 1029 1920 ,
1046 1881 1090 1912 ib.
1107 1885 1176 1914 321.

203 1929 321 1959 Latona
334 1928 543 1969 ὀρτυγομήτρα
561 1927 612 1965 (ail
631 1927 793 1966 Ortygiam
808 1927 948 1957 insulam
968 1929 1178 1969 respiciendo)

204 1974 372 2006 invocatur
390 1975 421 2005 iu
438 1975 652 2005 consecranda
666 1974 744 2004 urbe
757 1974 880 2012 avium,
896 1976 955 2005 Ac.
973 1978 1044 2006 870.

164 2021 356 2052 Laui-eoticae
375 2024 521 2060 noctuae,
539 2020 820 2059 tetradmchma,
834 2023 891 2051 Αυ.
914 2025 992 2052 1106
1005 2046 1013 2060 ,
1030 2022 1099 2053 sch.
1116 2024 1178 2063 Eq.

207 2070 296 2099 1093.

164 2115 350 2151 Laurium,
367 2115 401 2145 in
415 2115 527 2145 Attica
542 2125 551 2145 .·
568 2113 613 2144 ibi
628 2113 793 2151 metalla,
809 2114 873 2153 Eq.
893 2115 952 2144 362
964 2136 973 2150 ,
993 2114 1180 2154 aryentij‘o-

204 2159 308 2198 dinoe,
325 2162 383 2191 Αυ.
405 2164 493 2195 1106,
511 2159 722 2200 aurifodinae
735 2161 768 2190 et
782 2161 930 2197 noctuae,
949 2161 1012 2199 Eq.
1039 2164 1126 2192 1093.

166 2209 286 2237 Laurus
302 2205 445 2244 Pythica,
456 2214 564 2245 prope
582 2205 749 2245 tripodem
764 2205 983 2244 Delphicum,
999 2215 1093 2245 quam
1110 2216 1182 2247 qua-

205 2253 245 2284 tit
261 2252 371 2292 Apollo
385 2253 436 2283 vel
450 2252 576 2291 Pythia
593 2252 734 2283 reddens
750 2252 909 2289 oracula,
925 2253 978 2283 Pl.
995 2257 1065 2284 213.
1082 2257 1182 2284 Lauro

206 2299 350 2330 coronati
378 2301 472 2330 vates
498 2301 531 2329 et
555 2298 768 2336 sacerdotes,
792 2300 875 2329 Pac.
909 2301 994 2329 1044.
1025 2301 1182 2332 Laurum

209 2347 357 2377 tenentes
370 2345 540 2376 canebant
555 2347 693 2376 Homeri
706 2347 877 2383 carmina,
896 2345 985 2376 Nat).
1009 2349 1098 2377 1304.

166 2392 430 2424 Latruncnioruni
445 2391 510 2422 ludi
527 2391 577 2422 lex
588 2415 596 2430 ‚
612 2391 703 2422 Eccl.
723 2394 794 2422 987.

168 2440 303 2476 Leoena,
323 2437 503 2469 Corinthia
518 2439 694 2477 meretrix,
710 2437 764 2468 Pl.
784 2439 850 2468 149.

168 2489 290 2516 Leaenae
314 2483 367 2515 vel
396 2484 506 2515 leones
529 2484 668 2515 eburnei
701 2483 981 2523 conquiniscentes
1008 2485 1124 2525 sculpti
1151 2487 1182 2517 in

207 2530 386 2561 manubriis
397 2530 584 2568 cultrorum,
599 2532 676 2570 Lys.
696 2533 748 2561 231
773 2532 806 2561 et
824 2530 894 2560 sch.

171 2575 324 2608 Lebadea
347 2577 510 2608 Boeotiae:
529 2585 566 2608 eo
587 2576 742 2616 consuyit
772 2576 982 2616 Trophonius
1007 2579 1039 2608 el
1055 2578 1184 2611 celebre

210 2624 354 2654 antrum
367 2621 530 2660 condidit,
546 2622 634 2653 Ναί).
651 2626 720 2653 508.

170 2668 362 2708 Lechaeum,
375 2670 409 2699 in
427 2668 566 2707 Euboea,
580 2670 643 2709 Eq.
661 2673 730 2699 561.

174 2716 260 2746 Lecti
273 2716 426 2746 velerum
438 2714 536 2754 pedes
556 2714 727 2746 habebant
747 2715 1014 2754 ὡρθαὶμισμένους
1035 2717 1183 2749 carbun-

211 2761 299 2792 culis
312 2762 344 2792 et
358 2761 483 2792 electro
496 2783 506 2799 ,
519 2763 560 2792 ul
579 2769 669 2792 nunc
683 2763 824 2800 aryenlo
842 2761 892 2792 vel
913 2764 1076 2793 cassitero
1089 2787 1098 2802 ,
1119 2767 1181 2805 Eq.

212 2809 282 2837 532.

173 2852 267 2883 Ledae
284 2851 360 2889 fitia,
377 2853 450 2890 Lys.
472 2855 560 2883 1314.

172 2898 280 2937 Legati
299 2897 503 2929 Athenienses
517 2899 635 2938 quibus
653 2898 758 2929 modis
776 2898 864 2933 cives
881 2907 957 2930 suos
975 2900 1184 2941 frustrentur,

213 2943 291 2975 Ach.
309 2946 462 2975 65—171.

173 2989 303 3021 Lemnia
316 2989 401 3027 vitis,
419 2991 497 3020 Pac.
520 2993 594 3021 1162
611 2992 643 3021 et
655 2991 726 3022 sch.
742 2991 891 3022 Lemnius
908 2991 987 3029 ignis
1000 3016 1008 3031 ,
1029 2995 1184 3032 proverb.

215 3040 238 3066 a
266 3035 408 3066 Vulcani
430 3035 569 3075 officina
587 3037 631 3067 ibi
652 3039 739 3076 sila,
755 3039 795 3068 ut
816 3039 994 3068 Lemnium
1010 3040 1142 3070 malum
1164 3050 1186 3071 a

216 3081 417 3112 mulieribus
433 3083 592 3120 Lemniis,
610 3091 687 3123 quae
700 3085 893 3114 meretrices
907 3086 1002 3122 sunt,
1019 3086 1096 3124 Lys.
1115 3090 1186 3125 299,

216 3130 287 3158 298.

176 3173 335 3212 Lemniae,
355 3172 462 3203 sabula
483 3172 700 3213 Aristophanis
719 3186 726 3203 ι
746 3182 777 3205 v.
787 3173 844 3214 fr.
865 3176 1046 3213 324-341,
1064 3184 1101 3215 p.
1127 3179 1184 3208 491

178 3228 312 3297 ise-:gnus
327 3264 468 3295 fabarum
481 3266 662 3296 tenerarum
677 3265 764 3296 ferax
776 3289 784 3303 ‚
794 3265 847 3304 fr.
867 3268 938 3296 325.

178 3316 301 3350 Lenaea,
316 3313 382 3342 sive
395 3313 556 3350 Dionysia
569 3314 713 3349 rustica,
729 3312 807 3343 Ach.
825 3314 898 3350 504,
916 3316 974 3343 202
989 3335 998 3350 ,
1015 3312 1187 3344 celebrata

218 3358 249 3388 ἐν
267 3357 454 3398 μετοπώρῳ,
471 3357 538 3388 sch.
563 3360 633 3388 378.
654 3358 696 3388 lis
718 3358 782 3388 ludi
801 3359 919 3388 scenici
943 3357 1186 3397 praebebantur,

219 3403 298 3434 Acti.
318 3406 405 3441 1155,
419 3404 552 3435 Baccho
563 3406 664 3443 sacri,
680 3408 748 3436 202.
762 3405 842 3436 0371?
856 3404 981 3443 Ληναίῳ
996 3403 1090 3443 ἁγών,
1105 3405 1184 3436 Aeli.

2168 236 2242 265 003

1273 310 1331 338 504
1347 332 1355 347 ,
1377 308 1447 340 sch.
1466 313 1523 340 202
1537 333 1545 348 ,
1566 313 1650 342 Itan.
1669 313 1726 342 404
1739 336 1749 350 ,
1769 313 1858 343 Prol.
1883 315 1960 349 ΙΙΙ,
1986 316 2014 343 8.
2042 315 2081 344 In
2106 315 2246 344 Lenaico

1272 362 1376 394 ayone
1400 356 1522 387 Bacchi
1544 356 1725 388 daduchus
1745 367 1821 389 cum
1843 358 2004 398 lampade
2019 358 2125 390 dicit.-
2149 361 2245 390 Invo-

1271 404 1346 432 cate
1371 401 1492 433 deum!
1515 406 1700 442 proesentes
1724 405 1948 444 respondent,
1974 406 2110 444 Σεμε).ἠῐ’
2140 405 2244 445 Ἴακχε

1271 449 1476 488 πλουτοδόται,
1496 452 1579 481 Itan.
1596 453 1666 481 470.
1685 452 1813 482 Lenoeis
1837 453 1939 482 etiam
1962 453 2089 482 meloeci
2105 450 2244 490 choraqi

1270 497 1392 533 eranl,·
1421 504 1529 536 quare
1557 498 1589 527 in
1613 498 1764 528 Lenaicis
1780 497 1890 528 choris
1911 500 2083 537 pereyrini
2111 498 2245 528 saltare

1268 544 1444 580 poterant,
1461 542 1550 582 quod
1563 551 1627 573 non
1643 543 1764 573 licebat
1783 545 1815 574 in
1834 544 1975 575 urbanis
1995 546 2173 583 Dionysiis,
2190 544 2242 575 Pl.

1272 590 1331 618 953
1347 595 1374 618 c.
1392 590 1483 618 nola.
1505 590 1634 619 Lenceis
1651 598 1710 620 suo
1725 591 1829 620 etiam
1849 592 1998 629 tempore
2012 599 2033 620 a
2048 591 2155 629 poetis
2174 598 2243 620 cer-

1273 636 1342 664 tari
1361 635 1571 666 carminibus
1594 634 1640 666 ad
1662 637 1770 666 risum
1794 638 1983 676 compositis
2003 636 2118 667 scribit
2141 635 2243 667 schol.

1272 682 1335 720 Eq.
1351 683 1421 711 547.

1235 727 1404 765 Lenoeum,
1421 726 1585 765 templum
1602 726 1725 757 Bacchi
1740 729 1775 758 in
1791 729 1896 767 ayris,
1911 736 2030 767 quare,
2048 727 2125 758 Ach.
2146 731 2215 758 202.

1233 777 1398 812 Leogoras,
1414 776 1518 813 pater
1535 773 1716 805 Andocidae
1732 777 1893 814 oratoris,
1916 776 2129 813 luxuriosus,
2147 784 2248 815 equos

1273 820 1382 858 atem,
1396 819 1580 851 secundum
1597 820 1797 859 Eupolidem
1814 821 1897 852 bona
1917 821 2067 861 perdidit
2079 830 2143 861 per
2156 823 2228 860 Myr
2240 838 2248 843 -

1274 866 1409 896 rhinam
1428 868 1646 904 meretricem,
1665 866 1754 898 Nub.
1777 870 1842 898 109.
1861 868 2013 906 Ainynias
2029 876 2157 898 cii—nans
2175 876 2246 897 cuin

1274 915 1425 950 Lcogora,
1450 914 1541 951 Vesp.
1564 915 1652 943 1269.

1235 957 1388 987 Leonidas
1411 958 1554 989 animose
1572 957 1731 997 pugnabat
1755 958 1785 988 in
1803 962 1914 989 Persas
1931 967 2025 990 arena
2043 967 2104 989 non
2122 958 2248 998 paucio-

1275 1012 1337 1041 reS,
1362 1004 1438 1042 Lys.
1468 1006 1680 1042 1254—1261,
1714 1004 1966 1044 Thermopylis,
1993 1007 2055 1044 Eq.
2084 1010 2132 1036 55.
2163 1005 2249 1041 Quid

1275 1049 1488 1088 responderit
1514 1051 1693 1081 nuncianli
1721 1050 1843 1081 caelum
1876 1052 1941 1090 teqi
1972 1053 2108 1090 sayillis
2133 1052 2251 1081 Persa-

1275 1103 1365 1133 rum,
1388 1097 1479 1136 Vesp.
1499 1099 1586 1128 1084.

1238 1144 1389 1173 Leontini
1412 1153 1422 1173 :
1446 1144 1488 1173 iis
1514 1143 1730 1174 Athenienses
1753 1143 1886 1174 auxilio
1906 1145 2049 1174 mittunt
2075 1143 2251 1173 Lachetem

1277 1187 1395 1219 ducem
1423 1197 1500 1220 cum
1528 1190 1695 1228 navibus;
1721 1197 1786 1229 quo
1813 1191 1982 1227 revocato,
2005 1189 2198 1228 Sophoclem
2220 1191 2251 1219 et

1276 1234 1526 1274 Pythodorum,
1546 1235 1652 1266 exilio
1670 1235 1809 1267 tandem
1826 1235 2004 1273 multatos,
2031 1237 2120 1274 i'esp.
2139 1237 2208 1265 240.

1236 1283 1370 1312 Leontis
1387 1282 1510 1317 tribus,
1536 1284 1628 1321 I'esp.
1648 1285 1698 1317 81,
1717 1284 1773 1312 Ae.
1790 1284 1859 1312 496.

1237 1327 1462 1367 Leotropbides
1491 1328 1676 1367 (choragus)
1692 1350 1700 1365 ‚
1725 1330 1784 1358 Av.
1815 1329 1904 1358 1406.
1932 1328 2185 1366 Perstrinyitur
2218 1330 2253 1358 iit

1278 1373 1491 1405 vehementer
1507 1374 1662 1413 yracilis,
1679 1374 1777 1411 lei-is,
1794 1372 2073 1411 mortuinafacie
2083 1385 2094 1410 ,·
2112 1373 2173 1404 loci
2193 1375 2252 1405 Co-

1279 1422 1455 1454 micorum,
1475 1420 1552 1451 ibid.

1237 1471 1372 1507 Leprei«,
1397 1467 1480 1498 urbs
1503 1467 1744 1506 Peloponnesi,
1765 1465 1846 1496 olim
1867 1466 2081 1503 Cauconum,
2112 1465 2165 1496 ubi
2190 1466 2256 1496 lora

1280 1514 1382 1544 valida
1400 1514 1515 1544 {iebant
1527 1538 1537 1551 ,
1556 1513 1636 1544 Ach.
1659 1515 1727 1544 724.
1750 1516 1885 1551 Lepreus
1903 1512 1993 1542 Eleus
2005 1535 2013 1549 ,
2032 1513 2082 1542 τὸν
2100 1513 2253 1553 Λέπρεον,

1279 1561 1380 1600 vulyo
1402 1561 1436 1590 το
1461 1561 1618 1600 Λέπρεον,
1648 1562 1683 1590 in
1707 1558 1958 1597 Peloponneso,
1983 1566 2089 1596 prope
2119 1558 2256 1597 Triphy-

1280 1607 1384 1645 liam;
1402 1606 1493 1637 ¹unde
1508 1608 1675 1646 Lepreum
1691 1605 1822 1637 dictum
1840 1604 1977 1643 Didymi
1993 1606 2178 1642 sententia,
2197 1608 2254 1636 Aa.

1282 1655 1352 1691 149,
1371 1656 1438 1683 151.

1240 1700 1427 1738 Lepreoloe,
1444 1698 1542 1730 urbis
1556 1699 1674 1737 Leprei
1690 1697 1822 1734 incoloe,
1837 1699 1894 1727 Ae.
1913 1698 1980 1726 149.

1240 1749 1390 1784 Leprus,
1410 1746 1501 1775 locus
1516 1746 1616 1775 extra
1629 1743 1747 1775 urbem
1760 1767 1770 1781 ,
1788 1744 1845 1774 ubi
1860 1744 2087 1772 coriariorum
2109 1741 2258 1780 ojyicince

1280 1793 1393 1829 erant,
1411 1791 1489 1822 Ach.
1506 1793 1576 1822 724.

1240 1837 1342 1868 Lesbii
1359 1846 1365 1866 :
1385 1845 1494 1867 eorum
1512 1835 1682 1875 λαικασμός
1695 1859 1704 1873 ,
1722 1835 1814 1866 Eccl.
1833 1838 1892 1866 920
1911 1836 1942 1864 et
1955 1833 2025 1863 sch.
2051 1833 2155 1863 Lesbii
2171 1835 2257 1863 inve-

1280 1885 1409 1915 nerunt
1424 1884 1458 1913 τὸ
1477 1883 1689 1923 αἰσχρουργεῖν
1713 1884 1757 1920 τῷ
1773 1880 1902 1919 στόματι
1923 1889 1929 1909 ;
1950 1880 2011 1909 loci
2033 1881 2256 1917 comicorum,

1287 1933 1380 1970 Vesp.
1405 1931 1494 1961 1346.
1515 1928 1716 1963 Λεσὸιάζειν;
1738 1935 1819 1957 nam
1841 1926 1951 1957 Lesbii
1974 1927 2260 1964 perstrinyunliir

1282 1977 1331 2008 ἐπὶ
1347 1980 1392 2016 τῷ
1404 1975 1590 2017 παρανόμως
1605 1974 1792 2011 πλησιάζειν,
1809 1976 1893 2004 Ran.
1910 1975 1996 2003 1308.
2016 1971 2143 2003 Lesbii&
2158 1973 2250 2002 λαως-ι

1281 2034 1394 2064 στριαι,
1412 2022 1649 2055 Pherecrates,
1668 2019 1750 2051 ibid.

1241 2070 1367 2102 Lesbiis
1385 2081 1394 2100 :
1412 2069 1457 2100 ibi
1479 2071 1633 2108 Napaeas
1647 2066 1783 2106 Apollo,
1801 2065 1887 2096 Nub.
1908 2066 1974 2095 144.
1994 2063 2049 2095 Ibi
2070 2063 2144 2094 dux
2158 2066 2250 2103 Ayyr

1283 2116 1393 2155 rhius,
1412 2115 1505 2146 Eccl.
1531 2118 1598 2145 102.

1241 2165 1354 2195 Lethes
1370 2169 1502 2201 campus
1519 2162 1554 2191 in
1571 2162 1666 2197 Orco,
1690 2161 1772 2190 Ran.
1794 2162 1859 2189 186.

1242 2210 1384 2241 Letoides
1403 2208 1552 2247 (Apono),
1568 2209 1631 2247 Eq.
1654 2209 1742 2236 1081.

1243 2255 1457 2294 Leucolopiias
1470 2253 1578 2289 (bomo
1593 2253 1818 2289 contemptus),
1836 2249 1930 2280 Eccl.
1950 2250 2020 2279 645.

1243 2299 1519 2340 Leucolophides.
1547 2297 1626 2329 Vide
1643 2297 1873 2334 Leucolopnus.

1243 2347 1472 2387 Lencolopbus,
1489 2347 1576 2384 pater
1592 2343 1766 2381 Adiinanti,
1785 2342 1866 2372 aliis
1885 2338 2158 2378 Leucolophides,
2175 2342 2257 2370 Han.

1287 2396 1375 2424 1513.
1403 2389 1683 2430 Leucolophides,
1714 2387 1917 2419 Porthaonis
1939 2386 2060 2425 filius,
2085 2385 2261 2416 Adimanti

1278 2441 1401 2480 pater,
1422 2436 1517 2477 apud
1531 2435 1733 2476 Eupolidem
1755 2436 1786 2465 el
1802 2433 1983 2464 Platonem
2000 2431 2259 2472 philosophum,

1285 2483 1370 2511 Rau.
1398 2482 1485 2510 1513.

1243 2527 1496 2562 Leuconoensis,
1515 2526 1570 2554 Av.
1588 2526 1659 2554 997.

1243 2572 1459 2611 Leucophrys
1482 2572 1598 2602 Diana
1611 2593 1619 2608 ,
1637 2570 1690 2600 cui
1714 2568 1901 2607 Maynesioe
1916 2573 2016 2596 sacra
2027 2564 2114 2604 fecit
2135 2565 2262 2596 Themi-

1283 2620 1415 2653 stocles,
1437 2619 1499 2657 [iq.
1519 2619 1568 2647 84.

1243 2665 1444 2701 Leucothea,
1461 2665 1530 2693 not.
1556 2663 1644 2700 resp.
1667 2662 1754 2692 1413.

1242 2712 1334 2744 Levis
1351 2712 1539 2742 armatura
1554 2710 1684 2739 minimi
1701 2707 1830 2745 habita,
1845 2707 1878 2736 et
1892 2703 2044 2736 hostibus
2056 2704 2170 2742 prima
2183 2703 2261 2741 obji-

1285 2760 1392 2796 citur,
1413 2757 1542 2788 Tliesm.
1560 2758 1630 2785 232.

1244 2807 1315 2836 Lex
1335 2806 1446 2835 Attica
1464 2802 1504 2832 de
1519 2801 1689 2840 ἐπι-Λήροις
1698 2797 1862 2838 filiabus,
1884 2799 1943 2828 Αυ.
1964 2798 2061 2832 1653,·
2078 2794 2118 2824 de
2133 2797 2261 2833 spui-iis

1276 2851 1385 2891 siliis,
1416 2852 1502 2879 1656.
1522 2849 1592 2878 Lex
1616 2847 1692 2876 erat
1710 2844 1865 2881 Athenis,
1898 2844 2024 2873 nemini
2053 2841 2155 2871 licere
2180 2843 2274 2870 ante>

1287 2898 1497 2928 tricesimum
1513 2894 1628 2924 oetalis
1645 2899 1776 2922 annum
1804 2892 1841 2920 ut
1859 2889 1909 2919 rel
1922 2887 2085 2926 sabulum
2110 2888 2143 2916 in
2160 2893 2260 2915 scena

1285 2942 1443 2975 exliioeac
1465 2940 1514 2970 rel
1533 2938 1579 2970 ad
1591 2938 1760 2978 populum
1777 2937 1861 2973 oret,
1878 2934 1967 2966 Nub.
1987 2938 2056 2963 510.
2077 2934 2106 2963 V.
2128 2933 2196 2962 not.
2215 2932 2262 2962 acl

1287 2992 1358 3020 530.
1376 2986 1460 3026 [Lex
1475 2985 1516 3016 de
1532 2992 1598 3015 non
1612 2981 1876 3022 oppiynerandis
1889 2982 2008 3017 armis,
2022 2979 2077 3009 Pl.
2100 2980 2173 3008 451.
2189 2979 2261 3008 Lex

1286 3035 1465 3067 Eleusinia
1484 3032 1525 3063 de
1542 3030 1688 3062 vestibus
1700 3052 1708 3066 ,
1728 3027 1898 3068 inquibus
1911 3028 1987 3067 quis
2004 3027 2165 3056 initiatus
2177 3024 2260 3062 sue-

1285 3083 1366 3119 rat,
1392 3079 1452 3110 deo
1473 3075 1728 3113 consecrandis,
1747 3075 1800 3105 Pl.
1818 3076 1889 3103 840.
1914 3075 1984 3103 Lea:
2007 3071 2047 3102 de
2071 3073 2260 3110 pereyrinis

1286 3128 1434 3160 Athenas
1453 3122 1712 3160 habitantibus,
1733 3123 1819 3151 Ran.
1846 3122 1916 3150 419.
1936 3121 2007 3150 Lex
2031 3117 2072 3148 de
2094 3117 2261 3148 Archonle

1278 3174 1417 3214 sabulis
1441 3172 1650 3202 Coniicoram
1674 3176 1738 3198 non
1757 3165 1979 3205 exaqilando‚
1995 3164 2083 3195 A'ub.
2100 3166 2149 3194 31.
2168 3162 2260 3194 Adde

1286 3219 1502 3252 Antimachus.
1523 3218 1592 3247 Lex
1608 3216 1688 3249 ξένον
1705 3215 1746 3253 μὴ
1763 3213 1915 3253 χορεύειν,
1932 3212 1986 3243 Pl.
2006 3215 2076 3242 954.
2094 3212 2162 3240 Lar.
2180 3209 2260 3243 ξὲοον

1288 3269 1329 3307 μὴ
1347 3269 1449 3306 μυεῖν,
1473 3263 1527 3294 Pl.
1548 3263 1634 3292 1014.
1657 3263 1727 3291 Lea:
1748 3261 1861 3290 Cineae
1879 3260 1911 3289 et
1931 3257 2054 3289 Phrini
2074 3256 2115 3286 de
2133 3263 2258 3294 compe·

1286 3312 1406 3344 scendo
1421 3312 1585 3350 juvenum
1614 3307 1714 3343 luxu,
1742 3307 1805 3345 Eq.
1823 3307 1892 3336 577.
1908 3306 1979 3335 Lex
2003 3311 2044 3334 ne
2069 3303 2144 3342 quis
2160 3301 2260 3332 ultra

1287 3358 1495 3389 medimnum
1519 3362 1597 3385 cum
1614 3352 1747 3392 semina
1775 3351 1817 3382 de
1847 3359 1882 3382 re
1902 3350 2021 3390 aliqua
2045 3348 2260 3379 contractum

1290 3405 1401 3441 ineat,
1424 3401 1514 3433 Eccl.
1540 3402 1627 3430 1017.
1647 3401 1715 3429 Lei
1738 3397 1865 3428 Solonis
1883 3398 1985 3426 etiam
2002 3402 2053 3424 eos
2073 3391 2257 3432 puniebat,
