2485 3808
895 205 1150 246 SCHOLIA
1189 207 1250 246 IN
1285 208 1545 256 EQUITES.

1217 307 1222 372 1

157 306 256 339 μενος
282 291 376 342 αὐτῷ
396 288 614 341 παραμείνῃς
639 289 723 340 πρὸς
743 289 804 334 τὴν
829 289 964 341 γραφὴν
989 294 1051 336 τῆς
1077 306 1189 335 κατη-

155 348 284 402 γορίας.
301 350 328 385 εἷ
345 347 411 399 γὰρ
427 347 517 384 οὕτω
533 350 576 399 τῇ
596 347 789 399 κατηγορίᾳ
805 347 936 398 χρήσῃ.

207 420 274 446 839.
302 408 370 444 τῶν
394 405 592 459 συμμάχων
617 405 646 443 τ’
674 405 785 457 ἄρξεις
815 419 822 444 :
854 404 1003 449 Ἐπαιξε
1031 406 1126 458 παρὰ
1154 406 1192 443 τὸ

156 465 446 517 θαλαττοκρατεῖν
458 462 534 507 τοὺς
545 463 741 510 Ἀθηναίους
757 464 815 501 καὶ
830 464 906 506 τοὺς
917 464 1087 509 νησιώτας
1101 464 1191 515 ἔχειν

120 531 138 556 ⁵
156 524 331 565 ὑποτελεῖς
354 522 479 574 φόρων.

208 594 271 619 8⁴0.
300 580 458 632 εργάσῃ;

156 639 215 676 καὶ
229 640 397 676 ἀπαιτῶν.

209 710 273 736 841.
303 695 441 742 λαὸὴνῖ

209 769 271 794 842.
301 755 508 807 κατεργάσει
523 754 588 807 γὰρ
607 767 615 792 :
635 754 816 799 Νικήσεις,
833 753 975 805 περιέσῃ
994 755 1111 791 αὐτοῦ.

486 579 658 623 Συνάξεις.
680 579 773 617 τὸδὲ
802 579 918 629 σείων,
941 574 1010 618 οἷον
1033 580 1192 618 διασείων

459 695 647 748 Ἀφορμὴν,
666 697 792 746 λῆμμα
809 699 854 739 ὡς
870 695 1079 739 παλαιστής.

107 828 139 852 ιο
208 811 393 865 πλευρὰς”
375 826 489 864 εχωνζ
508 812 655 862 Σῶμα”
636 841 651 850 3
637 828 726 863 7mv
741 811 881 864 ἰσχυρὸν
895 811 954 848 καὶ
967 811 1193 863 στερρότητα,

157 870 332 909 τουτέστιν
346 870 533 930 ἑταιρίαν”
513 887 527 908 ε
531 886 602 922 [ων
618 869 793 916 τοιαύτην.

210 943 276 968 843.
306 931 368 967 οὐκ
385 932 413 967 ὠ
436 928 573 979 ’γαθοὶε
599 930 653 966 Οὐ
675 931 785 965 ταῦτα
808 931 926 964 τοῦτον
954 926 988 970 S'
974 942 1022 964 ει
1042 928 1100 964 τὸν
1122 925 1195 978 τρό-

159 1003 236 1034 πον,
253 990 298 1030 ὡς
314 990 410 1037 ὑμεῖς
426 985 512 1039 φατὲ
529 1002 588 1023 και
605 986 834 1037 προσδοκᾶτε.

212 1045 263 1095 μὰ
286 1045 344 1082 τὸν
369 1044 528 1083 Ποσειδῶ
555 1058 563 1082 :
586 1042 671 1081 εὈτι
694 1042 774 1095 περὶ
799 1042 952 1094 τριαίνης
974 1041 1124 1086 ἀκούσας
1150 1044 1197 1080 εἷ-

108 1116 140 1142 1⁵
159 1102 292 1142 πόντων
309 1105 376 1140 τῶν
396 1100 529 1139 ἱππέων
547 1101 606 1138 καὶ
623 1101 724 1138 σείων
743 1100 803 1138 καὶ
819 1100 1000 1153 ταράττων
1013 1131 1024 1152 ,
1040 1102 1096 1138 τὸν
1118 1103 1195 1140 Πο-

158 1161 305 1198 σειδῶνα
324 1158 478 1209 ὄμνυσιν.

210 1231 275 1257 845.
305 1216 535 1267 ἐπιστομίζειν
559 1230 567 1255 :
596 1216 867 1268 Κατασιγάζειν,
888 1217 945 1254 ἐπὶ
965 1216 1078 1268 στόμα
1104 1217 1196 1269 ἔχειν

157 1277 226 1314 τῶν
242 1275 320 1313 κατ’
339 1276 443 1325 ἐμοῦ,
462 1275 572 1326 λέγων
589 1275 649 1313 καὶ
670 1275 870 1313 διαὸάλλων
891 1275 978 1326 μηδὲ
1001 1274 1116 1328 φωνὴν
1139 1278 1196 1314 ἐᾶν

156 1333 330 1387 παριέναι.

209 1405 274 1431 846.
304 1393 371 1429 τῶν
390 1391 546 1429 ἀσπίδων
565 1394 633 1429 τῶν
655 1393 693 1429 ἐκ
719 1390 838 1430 Πύλου
863 1406 872 1430 :
902 1392 1017 1431 Πάλιν
1037 1395 1054 1430 6
1075 1392 1197 1431 Κλέων

157 1450 201 1488 τὰ
220 1465 301 1502 περι
318 1449 436 1488 Πύλον
455 1451 572 1509 θρυλεῖ
586 1450 695 1487 καὶῗ
666 1449 893 1518 μ’ρακτηρίαν
913 1466 973 1488 και
989 1450 1032 1488 τὰ
1053 1453 1121 1488 τῶν
1140 1453 1196 1488 αἷ-

156 1507 370 1560 χμαλώτων.
395 1507 468 1550 ἔθος
491 1509 526 1545 63
549 1511 591 1554 ἠν
610 1506 654 1544 τὰ
674 1522 743 1545 απο
763 1523 831 1544 των
853 1508 1029 1558 πολεμίων
1050 1508 1179 1546 ὅπλα’
1165 1525 1198 1546 εν

157 1569 227 1609 τοῖς
254 1567 356 1618 ἱεροῖς
383 1564 588 1603 ἀνατιθέναι.
619 1564 681 1608 ἕως
712 1569 785 1615 οὐν,
810 1581 926 1618 φησιν,
957 1566 1137 1604 ἀνάκειται
1155 1566 1200 1604 τὰ

159 1623 227 1662 ἀπὸ
249 1623 366 1663 Πυλου
387 1640 447 1661 και
467 1623 693 1676 Σφακτηρίας
717 1622 828 1670 οπλα,
852 1623 940 1676 ἅπερ
961 1623 1112 1671 ἀνέθηκα
1132 1626 1200 1669 τοῖς

104 1699 140 1725 :15
158 1684 245 1726 θεοῖς
263 1681 429 1732 νικήσας,
450 1682 559 1725 ουδεὶς
576 1698 645 1719 των
673 1683 803 1734 ἐχθρῶν
830 1682 999 1732 τολμησει
1019 1682 1095 1720 κατ’
1115 1685 1199 1734 ἐμοῦ

157 1741 280 1793 λέγειν.

209 1813 275 1839 847.
303 1797 417 1845 λαὸὴν
440 1797 507 1851 γὰρ
538 1797 728 1842 ἐνδέδωκας
757 1812 766 1838 z
798 1797 902 1836 Κατὰ
931 1802 1089 1837 σεαυτοῦ.
1111 1793 1199 1846 ο,ἶον

158 1856 318 1911 ἀφορμὴν
343 1855 432 1895 κατὰ
462 1859 523 1894 σοῦ
552 1854 774 1908 κατηγορίας.
805 1854 874 1893 ἀπὸ
894 1855 930 1894 δὲ
949 1858 1017 1893 τῶν
1045 1855 1200 1894 ἀσπίδων

155 1915 218 1962 τὴν
233 1914 347 1962 λαὸὴν
363 1919 470 1953 εἶπεν.

104 1995 140 2020 20
209 1986 275 2012 849.
307 1974 441 2011 αὐτοῖσι
456 1974 524 2016 τοῖς
538 1971 715 2025 πόρπαξι;
734 1971 805 2010 Συν
824 1972 945 2015 αὐταῖς
958 1974 1033 2016 ταῖς
1046 1971 1199 2024 ὄχάναις.

156 2030 325 2084 πόρπαξ’
309 2047 344 2069 εν
359 2024 461 2084 ᾡτὴν
476 2030 606 2068 ἀσπίδα
624 2029 844 2103 κατέχουσιν,
860 2030 878 2069 6
898 2032 1091 2068 καλεῖται’
1075 2031 1199 2082 οχάνη.

157 2088 358 2143 [περιφερὴς
377 2088 413 2127 δὲ
431 2082 519 2126 οῧσα
537 2091 560 2135 ἡ
582 2088 686 2132 ἀσπις
706 2090 850 2127 εκινεῖτο
871 2090 1083 2132 κυκλικως
1065 2088 1122 2127 οια
1139 2093 1199 2128 τοῦ

155 2147 362 2201 πόρπακος]
391 2146 589 2185 ἀνετίθεσαν
616 2145 653 2184 δὲ
678 2145 724 2184 τὰ
753 2148 792 2185 ἐκ
816 2149 885 2184 τῶν
917 2147 1082 2197 πολέμων
1109 2146 1201 2185 ὅπλα

111 2206 114 2209 ’
158 2205 239 2243 ἄνευ
258 2208 327 2244 τῶν
346 2205 496 2258 ὀχάνων,
512 2204 569 2243 ἵνα
591 2204 640 2254 μὴ
661 2204 807 2255 ἑτοίμως
823 2204 951 2256 ἔχωσιν
976 2207 1092 2249 αὐτοῖς
1111 2221 1137 2258 7
1140 2210 1202 2258 ρῆ-

105 2282 139 2308 35
158 2266 248 2301 σθαι.
269 2263 484 2315 [μηχάνημα
509 2262 565 2309 δὲ,
588 2277 841 2315 στρατηγημα,
861 2263 1127 2316 πανούργημα.]

211 2334 276 2360 852.
298 2322 450 2374 στῖφοςῑ
474 2320 667 2370 Σύστημα,
688 2322 830 2366 πλῆθος.
848 2325 948 2359 τοῦτο
969 2322 1004 2359 δὲ
1024 2322 1162 2375 SrpS's3v
1185 2326 1202 2360 6

160 2378 295 2426 Κλέων,
314 2377 410 2416 ἴνα”
391 2393 455 2430 εχῃ
471 2408 481 2428 ,
505 2378 615 2431 φησὶ,
640 2379 890 2431 συνερχόμενον
918 2381 1014 2417 αὓτω
1037 2380 1123 2433 πρὸς
1139 2380 1202 2427 τὴν

158 2435 352 2474 πολιτείαν.

210 2506 275 2533 854.
298 2493 511 2547 συγκεκυφὸς
536 2506 545 2532 ;
573 2493 756 2533 Συνελθόν.
784 2494 860 2531 ἀντὶ
886 2498 968 2545 τοῦ,
1000 2497 1201 2545 ὁμονοοῦσιν

105 2569 140 2595 40
158 2553 292 2595 ἑαυτοῖς
310 2552 371 2590 καὶ
395 2551 640 2602 συμπνέουσιν.
724 2551 886 2603 [Ἄλλως.
918 2555 1095 2602 ὁμονοοῦν.
1127 2555 1204 2592 ἀντὶ

157 2613 217 2648 τοῦ
244 2609 460 2653 συνελθόντες
487 2612 581 2663 αὐτῷ
604 2610 831 2661 συμπνέουσι.
854 2611 1045 2663 βριμήσαιο
1073 2612 1130 2663 δὲ,
1147 2614 1205 2665 ὄρ-

157 2667 333 2719 γισθείης.]

209 2738 274 2764 855.
302 2726 510 2779 ὀστρακίνδα
537 2740 545 2766 :
577 2728 789 2773 Βουληθείης
810 2727 914 2765 αὐτὸν
937 2727 1202 2782 ἑξοστρακίσαι,

159 2782 332 2820 τουτέστιν
373 2783 538 2836 ἐξορίσαι.
584 2786 632 2824 Θ.
673 2784 746 2822 ἔστι
787 2784 849 2835 μὲν
899 2785 1008 2836 ὄνομα
1050 2789 1201 2831 παιδιᾶς.

107 2856 141 2882 45
160 2839 250 2878 θέλει
277 2840 313 2878 δὲ
340 2842 459 2889 εἰπεῖν,
488 2841 674 2889 θελήσειας
701 2843 803 2881 αὐτὸν
835 2843 1153 2897 ἐξοστρακισθῆναι.
1186 2849 1203 2884 6

162 2897 199 2936 δὲ
222 2898 347 2950 τρόπος
367 2903 517 2943 τοιοῦτος
537 2903 598 2938 τοῦ
627 2900 910 2953 ἐξοστρακισμοῦ.
931 2903 1202 2955 προεχειροτόνει

162 2958 181 2994 6
200 2957 309 3007 δῆμος
335 2956 501 3010 ὄστρακον
532 2959 627 3012 εἷσφε
619 2959 714 3012 ’ρειν,
748 2958 808 2997 καὶ
839 2959 922 2998 ὅταν
951 2960 1052 3012 δόξῃ,
1076 2961 1204 3015 ἐφράτ-

161 3029 239 3052 τετο
267 3013 400 3052 σανίσιν
426 3018 449 3061 ἡ
469 3015 580 3068 ἀγορὰ
602 3033 661 3055 και
689 3018 932 3056 κατελείποντο
957 3019 1083 3058 εἴσοδοι
1106 3019 1202 3058 δέκα.

162 3072 205 3109 δι’
222 3076 270 3110 ὡν
299 3071 457 3115 εἰσιόντες
478 3073 570 3111 κατὰ
589 3074 696 3127 φυλὰς
721 3075 876 3114 ἐτίθεσαν
898 3076 1081 3128 ὄστρακον,
1110 3080 1201 3116 ἐντι-

105 3136 144 3177 ‘50
162 3129 274 3173 θέντες
299 3128 362 3175 τὴν
382 3131 588 3182 ἐπιγραφήν.
615 3133 826 3172 ἐπεστάτουν
849 3133 884 3172 63
901 3133 936 3172 οἵ
960 3150 996 3172 τε
1015 3136 1043 3172 θ’
1071 3135 1201 3188 ἄρχον-

134 3191 216 3232 ·τες
239 3187 300 3225 καὶ
329 3190 352 3233 ἡ
386 3188 505 3238 βουλή.
534 3190 792 3240 ἀριθμηθεντων
822 3192 857 3229 δὲ
887 3188 950 3243 [ὢν
978 3195 1126 3231 πλεῖστα
1145 3193 1203 3245 γέ-

161 3259 254 3283 νοιτο
283 3260 343 3282 και
376 3245 425 3295 μὴ
455 3245 604 3297 ἐλάττω]
639 3247 672 3285 ξ’
658 3264 792 3300 ακισχ·
787 3249 896 3300 .λίων,
918 3254 1037 3289 τοῦτον
1066 3251 1135 3289 ἔδει
1168 3253 1202 3289 ἐν

163 3301 250 3342 δέκα
279 3302 427 3354 ἡμέραις
460 3318 674 3352 μεταστηναι
707 3309 770 3352 τῆς
786 3307 930 3351 πόλεως·
959 3311 989 3346 εἷ
1014 3308 1050 3346 δὲ
1075 3307 1123 3359 μὴ
1140 3308 1202 3359 γέ-

166 3375 260 3398 νοιτο
282 3359 517 3411 ἑξακισχίλια,
550 3363 587 3398 οὐ
610 3362 807 3411 μεθίστατο.
837 3367 876 3402 οὔ
905 3366 1007 3416 μόνον
1035 3368 1071 3404 ’δὲ
1098 3367 1202 3414 Ἀθη-

305 3436 462 3458 SCHOLIAS-
483 3435 699 3458 ᾸΚῈΤΟΡΠΑΝῙ.

104 1403 140 1429 ’.Ὀ

2241 228 2262 258 6
2267 228 2287 257 .'›

1250 293 1339 330 ναῖοι
1355 293 1659 346 ὠστρακοφόρουν,
1679 294 1773 332 ἀλλα
1794 311 1852 333 και
1878 297 2021 350 Ἀργεῖοι
2041 301 2100 337 καὶ
2126 304 2290 349 Μιλησιοι

1250 350 1308 387 καὶ
1326 351 1509 402 Μεγαρεῖς.
1529 352 1651 403 σχεδον
1674 352 1709 390 δὲ
1727 355 1756 390 οἱ
1776 353 2000 405 χαριέστατοι
2015 357 2139 402 πάντες
2155 362 2292 413 ὠστρα-

1250 406 1441 456 κίσθησαν,
1473 408 1700 461 Ἀριστείδης,
1734 411 1877 460 Κίμων,
1903 416 2164 462 Θεμιστοκλης,
2196 419 2292 456 Θου-

1251 465 1409 511 κυδίδης,
1431 466 1658 514 Ἀλκιὸιάδης.
1681 484 1723 518 με
1716 467 1784 520 ’γρι
1814 468 1850 507 δὲ
1877 468 2094 523 εΥπερθῗόλου
2124 476 2290 528 ὀστρακι-

1251 522 1335 571 σμὸς
1354 522 1560 575 προελθι>ν’
1545 526 1598 561 επ’
1621 527 1725 564 αὐτοῦ
1749 526 1938 575 κατελύθη,
1959 529 2008 579 μὴ
2030 532 2292 578 ὑπακούσαντος
2310 550 2325 571 5

1250 595 1299 616 τι)
1318 579 1413 632 νόμῳ
1433 580 1488 618 διὰ
1508 597 1570 627 την
1588 583 1764 621 ἀσθένειαν
1795 600 1856 629 την
1879 588 2110 637 γεγενημένην
2131 597 2199 628 τοῖ
2174 619 2199 635 ,ς
2223 596 2292 631 τῶν

1251 636 1438 683 Ἀθηναίων
1465 640 1669 691 πράγμασιν
1700 640 1852 694 ύστερον.
1884 644 2088 695 [παροξῦναι
2112 649 2146 685 δε
2176 651 2228 687 δεῖ
2254 667 2293 689 το

1250 695 1457 746 ὀστρακίνδα
1486 712 1545 734 121.
1570 713 1685 735 πανῖα
1709 698 1752 735 *ὰ
1777 714 1923 738 τοιαῦτα
1952 703 2009 739 ἐπὶ
2039 720 2098 741 πα·
2095 720 2178 749 ,Οῑαζ
2205 724 2293 746 ταΰ-

1251 752 1411 804 σόμενα.]

1304 824 1368 849 857.
1416 811 1576 855 εἰσὸολὰς
1609 826 1617 851 ;
1652 813 1709 852 Τὰ
1740 816 1988 868 σιτοςρυ)άκια,
2021 819 2081 862 τὰς
2116 823 2294 869 αποθηκας

1251 868 1489 920 παραλάὸοιεν
1519 870 1725 921 φθάσαντες.
1755 870 1778 917 ἢ
1807 872 1969 917 εισὸολὰς
2000 877 2082 913 ὡσεὶ
2110 877 2165 915 3)3
2152 895 2207 930 ,γε
2235 884 2294 917 ττ’

1251 924 1380 977 χώρας.
1402 927 1598 971 εἶσΕολὰς
1579 927 1615 965 οε
1631 928 1748 979 ἔλεγον
1769 929 1845 973 τοὺς
1861 930 1985 975 τόπους
2008 934 2050 970 δι’
2067 951 2113 972 ων
2132 937 2292 975 εἰσέοαλ

1251 983 1311 1021 λον
1327 986 1358 1021 οἱ
1375 985 1550 1035 πολέμιοι.

1305 1055 1370 1080 853.
1402 1041 1594 1096 ἔχουσιγὰρ
1605 1044 1814 1096 πόρπακας;
1829 1046 2040 1092 Ωςδέοντὰς
2052 1052 2297 1103 ἀνατιθεμένας

1255 1099 1402 1144 ἀσπίδας
1419 1100 1467 1150 μὴ
1486 1100 1578 1153 ἔχειν
1600 1103 1802 1155 πόρπακας,
1825 1105 1910 1159 ὑπερ
1931 1112 1992 1145 τοῦ
2018 1108 2066 1158 μὴ
2088 1110 2209 1154 εξεῖναι
2229 1116 2283 1151 τοῖ
2284 1131 2297 1157 ς

1254 1159 1468 1211 ἐπιχειροῦσι
1483 1160 1574 1198 κατὰ
1594 1165 1654 1198 τοῦ
1674 1161 1785 1212 δήμου
1805 1162 1838 1207 ἐξ
1855 1165 1992 1213 ἑτοίμου
2006 1167 2204 1218 χρησασθαι
2224 1187 2298 1215 ταις

1255 1216 1391 1255 ἀσπίσι.

2317 845 2347 868 10

2271 911 2294 927 ΛΊ

2320 1138 2350 1162 15

1308 1288 1371 1313 859.
1410 1278 1652 1328 κρουσιδημῶν
1686 1292 1694 1317 :
1729 1279 1820 1318 Ἀντὶ
1851 1284 1933 1331 τοῦ,
1973 1283 2106 1335 κρούων
2138 1289 2182 1338 τῇ
2219 1291 2296 1339 ‚So-5.

1256 1333 1442 1383 ἐλυμαίνου
1462 1334 1521 1372 τὸν
1551 1336 1660 1386 δημον
1681 1338 1826 1375 απατων
1845 1339 1904 1376 καὶ
1929 1342 2178 1394 παρακρουόμε
2182 1361 2271 1415 νρς·
2262 1349 2298 1398 ,ᾔ

1258 1394 1337 1443 βοῇ.
1361 1391 1433 1430 ἔστι
1453 1392 1520 1446 γὰρ
1542 1394 1779 1448 παράκρουσις
1803 1396 1942 1448 μέτρον,
1960 1397 1978 1435 6
1994 1399 2170 1451 λέγεται’
2154 1419 2211 1440 επι
2230 1407 2298 1442 τῶν

1256 1455 1325 1494 τοῖς
1367 1449 1504 1503 μέτροις
1540 1454 1886 1504 παραλογιζομένων,
1923 1456 1998 1506 [καὶ
2046 1473 2187 1513 παρακρ
2191 1462 2299 1499 ούσα-

1257 1511 1336 1545 σθαι
1346 1508 1577 1561 ,ἀνατρέραμ
1601 1526 1660 1548 και
1682 1512 1934 1564 παράκρουσιν,
1957 1530 1990 1552 ε
1977 1514 2149 1564 ζαπάτην,
2176 1534 2301 1569 εμπαι-

1256 1537 1375 1617 γμόνῖ]

1310 1637 1372 1662 863.
1405 1625 1455 1675 [ἐν
1480 1628 1524 1677 τῇ
1552 1625 1651 1663 πόλει
1682 1627 1923 1679 ξυνιστάμενον
1955 1644 1964 1669 :
1992 1631 2103 1670 Οὐδὲν
2125 1635 2193 1671 τῶν
2211 1636 2302 1673 κατὰ

1257 1698 1345 1729 της
1334 1682 1468 1726 πόλεως
1483 1684 1712 1734 λογιζομένων
1732 1686 1791 1723 καὶ
1808 1689 1921 1737 ὁμοῦ
1913 1690 2106 1740 ισταμένων
2112 1692 2137 1743 .]

1311 1754 1376 1780 865.
1412 1745 1572 1793 καταστῇ
1612 1744 1884 1783 εΚατάσταο-ιν
1921 1747 2032 1799 λάὸῃ,
2069 1751 2103 1787 ἐν
2134 1750 2230 1789 εὐδία
2265 1756 2301 1803 ᾐ.

1259 1798 1377 1846 ἐπειδὴ
1413 1799 1473 1837 καὶ
1499 1799 1657 1874 εἐγχέλεις
1689 1802 1737 1852 μὴ
1771 1804 1960 1854 ’δυνάμεναι
1987 1806 2167 1858 νηχεσθαι,
2199 1812 2234 1847 ἐν
2257 1814 2300 1862 τῇ

1259 1859 1329 1895 ἷλύϊ
1348 1858 1446 1897 εἰσίν.
1480 1860 1511 1896 οἱ
1529 1863 1586 1896 οὖν
1611 1860 1808 1912 θηρεύοντες
1835 1877 1874 1900 το
1898 1863 1989 1916 ὕδωρ
2009 1865 2235 1918 ταράττοντες
2259 1885 2303 1906 α-

1258 1915 1419 1969 γρεύουσι
1435 1932 1496 1960 τας
1516 1917 1635 1969 ἐγχέλε
1639 1934 1678 1962 ις.

1312 1989 1375 2014 872.
1405 1978 1548 2026 ζεῦγος
1537 1976 1757 2027 πριάμενοςε

2319 1431 2355 1455 20

1785 1979 1938 2018 Πλείονα
1956 1980 2088 2020 εὔνοιαν
2106 1983 2230 2029 ἔδειξεν
2249 1985 2301 2024 ὅτι
2323 2008 2357 2033 30

1259 2034 1318 2071 καὶ
1340 2034 1527 2085 πριάμενος
1559 2034 1695 2082 ἔδωκεν,
1725 2039 1743 2073 6
1770 2038 1805 2075 δὲ
1825 2037 1914 2089 ἔχων
1938 2045 2065 2092 προῖκα
2086 2044 2124 2079 οὐ
2145 2043 2303 2083 δέδωκεν.

1259 2091 1328 2130 οὐδ’
1349 2091 1380 2130 εἴ
1393 2107 1426 2130 τι
1440 2107 1613 2144 χρησιμον
1633 2108 1730 2144 ..χει,
1747 2097 1790 2146 τῇ
1808 2095 1908 2134 πόλει
1909 2097 2116 2169 χαρίζεται.

1313 2162 1379 2189 874.
1409 2152 1499 2188 τοῖσι
1530 2150 1758 2191 δακτύλοισι;
1777 2153 1871 2206 Πρὸς
1886 2154 1925 2192 τὸ
1942 2154 1991 2204 μὴ
2015 2157 2150 2195 πταίειν
2171 2159 2227 2197 διὰ
2244 2177 2305 2205 τας

1261 2207 1429 2257 ἐμὸάδας.
1449 2207 1524 2258 ἅμα
1552 2208 1588 2245 63
1607 2209 1667 2246 καὶ
1685 2216 1753 2254 τοῖς
1782 2210 1963 2256 δακτύλοις
1985 2215 2053 2251 τῶν
2077 2219 2216 2268 χειρῶν,
2247 2219 2303 2257 δια

1259 2266 1298 2304 τὸ
1315 2265 1364 2316 μὴ
1381 2265 1555 2304 κλεπτειν.
2322 2303 2356 2328 35

1313 2337 1378 2362 877.
1408 2322 1466 2360 τὸν
1494 2323 1646 2375 Γρύττον
1670 2324 1879 2378 ἐξαλείψαςε
1906 2330 1953 2367 Οἱ
1979 2328 2041 2378 μὲν
2063 2331 2139 2368 ἀντὶ
2167 2336 2245 2381 τοῦ,
2265 2349 2304 2372 το

1259 2382 1364 2434 τυχὸν
1398 2398 1460 2428 της
1502 2383 1662 2435 πορνείας
1701 2383 1896 2438 ἐξαλείψας.
1930 2403 2029 2440 παρα
2064 2388 2122 2426 τὸν
2159 2407 2193 2428 εν
2229 2393 2301 2435 τοῖς

1260 2440 1350 2484 ὄνυξι
1370 2440 1494 2492 ῥύπον,
1522 2439 1601 2478 ὃν)
1587 2442 1726 2492 λέγουσι
1751 2447 1830 2495 γρῦ.
1859 2446 1890 2482 οἱ
1919 2444 1955 2483 63
1975 2446 2128 2498 Γρύττον
2148 2448 2259 2486 τινὰ’
2245 2466 2303 2488 επι

1260 2497 1412 2535 κιναιδία
1440 2497 1680 2538 διαὸάλλουσι.
1699 2516 1767 2538 των
1791 2501 1847 2539 ἐπὶ
1873 2504 2031 2557 μαλακία
2057 2505 2124 2558 γὰρ
2155 2507 2303 2546 διαὸαλ-
2337 2544 2342 2548 .

1260 2555 1416 2606 λομένων
1435 2558 1453 2593 6
1476 2558 1505 2595 Γ
1509 2571 1639 2609 ρυ.τος
1721 2557 1867 2603 Αλλως.
1887 2561 1990 2614 ὑγρόν
2007 2578 2084 2601 τινα
2103 2564 2164 2602 καὶ
2185 2581 2300 2605 κατω·
2322 2588 2358 2613 40

1261 2630 1391 2704 φερη,β
1400 2613 1435 2657 ὃς
1463 2612 1520 2652 διὰ
1542 2613 1604 2661 τὴν
1625 2616 1788 2664 πολλὴν“
1777 2617 1949 2670 υγρότητα
1974 2637 2007 2658 εν
2030 2626 2100 2664 τοῖς
2126 2624 2304 2677 ἑταιρείοις

1262 2671 1441 2726 διέτριὸεν.
1477 2675 1494 2710 6
1528 2671 1564 2710 δὲ
1609 2673 1731 2713 Κλέων
1769 2677 1988 2728 δημαγωγῶν
2031 2679 2176 2718 θάνατον
2210 2684 2304 2735 αὐτῳ

1262 2730 1408 2777 ἐπέθηκε
1426 2729 1488 2775 τὴν
1506 2730 1648 2781 ζημίαν

1331 2803 1377 2828 78.
1404 2793 1707 2842 πρωκτοτηρεῖν;

1261 2846 1466 2897 νευομένων.
2321 2881 2355 2906 45

1313 2918 1377 2944 880.
1408 2904 1464 2942 ἵνα
1486 2904 1535 2955 μὴ
1569 2906 1735 2958 ῥήτορες;
1759 2908 1939 2960 Ἀπείρητο
1955 2909 2022 2962 γὰρ
2048 2914 2117 2955 τοῖς
2136 2912 2300 2958 τοιούτοις

1261 2962 1449 3015 ἀγορεύειν.
1472 2963 1694 3001 διαὸάλλει
1676 2964 1711 3001 οὲ
1731 2965 1808 3009 τοὺς
1825 2967 2010 3019 ῥητορας(
1992 2984 2037 3011 ως
2061 2970 2246 3014 τοιούτους.

1313 3034 1376 3059 882.
1408 3021 1731 3072 ἀμφιμασχάλουῑ
1767 3025 1980 3075 Χειριδωτοῦ
2015 3027 2167 3076 ιματίου.
2199 3030 2230 3066 οι
2265 3030 2300 3068 δὲ

1260 3079 1431 3116 δουλικοῦ.
1515 3075 1674 3129 [Ἄλλως.
1705 3095 1785 3129 μικ
1771 3084 1827 3133 ροῦ
1859 3082 2080 3134 χιτωνίσκου.
2113 3089 2154 3135 ἠν
2178 3085 2213 3124 63
2241 3088 2302 3125 καὶ

1260 3135 1539 3188 ἑτερομάο-χαλος
1567 3139 1704 3174 ὁτῶν’
1689 3141 1860 3190 εργατῶν,
1889 3145 1928 3178 οὑ
1952 3158 2016 3188 την
2045 3143 2127 3192 μίαν
2156 3143 2354 3196 μασχά-ὅο

1259 3195 1322 3240 λην
1347 3193 1548 3246 ἔρραπτον.]
1631 3192 1774 3240 Αλλως.
1801 3198 2049 3251 ἑκατέρωθεν’
2030 3216 2169 3252 εχοντος
2191 3208 2299 3254 χειρῖ-

1259 3252 1319 3295 δας
1335 3253 1372 3290 οὐ
1390 3268 1545 3303 μακρας,
1566 3253 1680 3291 ἄλλη
1659 3270 1722 3298 εως
1741 3258 1810 3293 τῶν
1827 3259 2033 3308 μασχαλῶν.

1311 3323 1377 3349 883.
1407 3310 1528 3361 [αλλ”
1513 3311 1581 3362 εγώ
1596 3327 1674 3352 σοι;
1691 3315 1965 3367 Παρεπιγραφή.
1985 3316 2102 3355 δίδωσι
2118 3317 2184 3369 γὰρ
2203 3318 2296 3368 αὐτῷ

1732 2793 1900 2844 Πρωκτὸν
1925 2796 2098 2846 ἐπιτηρεῖν
2120 2799 2188 2834 τῶν
2214 2813 2304 2847 πορ·

1223 3328 1233 3401 l
1257 3369 1420 3419 με...]

2135 3447 2155 3469 6
