2485 3808
930 161 1184 203 SCHOLIA
1220 166 1280 204 IN
1315 165 1586 215 EQUITES.

238 271 302 297 311.
332 256 467 308 πάρες·
485 258 556 294 Γου
578 255 739 299 Κλέωνος
762 255 915 299 εἰπόντος
942 258 1226 311 διαρραγησομαι

186 317 244 354 καὶ
273 331 332 353 του
354 313 622 352 ἀλλαντοπώλου
644 313 818 364 εἰρηκότος
837 329 875 351 ου
895 330 1063 368 παρησω,
1089 320 1106 355 6
1128 319 1228 371 χορὸς

183 374 266 426 πρὸς
284 373 322 411 τὸ
343 372 520 424 εἰργμένον
539 372 642 422 φησὶν
665 371 716 409 ὅτι
734 372 841 425 πάρες
867 373 962 425 αὐτῷ
982 376 1224 428 διαρραγῆναι.

236 445 299 471 342.
330 432 395 483 [τῷ
414 431 473 468 καὶ
487 430 660 474 πεποιθὼς
683 445 691 469 1
715 431 793 470 Τι’νι
809 433 1030 485 τεθαρρηκὼς
1051 434 1154 479 ἀξιοῖς
1178 451 1230 488 5¹²·

148 500 165 525 5
184 492 348 529 λονεικεῖν
367 489 443 539 ἐμοὶ
460 488 519 526 καὶ
537 489 754 539 διαλέγεσθαι
768 491 796 542 3]

234 561 299 586 3⁴3.
325 546 399 593 ὁτιὴ
418 546 528 598 λέγειν
549 542 616 590 οἶός
636 549 665 585 τ’
684 548 752 599 ἐγὼ
770 562 778 587 ;
800 550 910 602 Κάγὼ
925 549 1065 593 δυνατός
1083 552 1154 600 εἶμι
1168 549 1227 587 καὶ

180 606 295 650 ἱκανὸς
309 608 429 644 εἰπεῖν.

173 680 206 719 ¹·
233 665 501 716 καρυκοποιεῖνῖ
522 666 678 713 Κοσμεῖν
701 666 856 718 ποικιλίᾳ
885 666 950 704 τινὶ
979 666 1144 736 ῥημάτων
1168 664 1226 703 τὸν

179 722 294 774 λόγον.
316 722 501 773 πλαγίως
488 722 523 760 65
539 725 582 774 τῇ
598 722 721 766 λεξέιε
704 740 749 766 ως
769 725 933 797 μάγειρρς
953 725 1141 776 ἐχρησατο.
1163 740 1227 761 κα-

128 798 162 824 10
181 782 380 835 ρυκεύματα
400 781 467 834 γὰρ
484 781 542 819 καὶ
562 779 750 831 ἢδύσματά
780 785 845 820 εἰσι
873 782 916 820 τὰ
938 782 1136 835 ἀρτύματα.
1167 782 1226 820 καὶ

179 840 334 894 καρύκη,
354 840 466 878 κοιλία
480 871 489 887 ,
510 840 552 886 ἦν
573 844 629 877 νῦν
652 840 884 889 μονθυλευτὴν
905 843 1085 879 καλοῦσιν.

232 911 296 937 244.
326 898 396 936 ἰδου
414 897 453 936 λε’
454 911 550 966 γειν;
578 898 747 942 Χλευάζει
766 899 867 936 αὐτὸν
884 915 936 936 οτι
951 897 1226 969 ὃύναμαιλέγειν

177 955 338 1007 λέγοντα.
365 959 408 1008 τῇ
435 955 471 994 65
496 958 554 993 τοῦ
575 955 755 1026 (τμήματος
783 956 931 1009 ἐμφάσει
957 956 1014 994 τὸν
1035 955 1224 1016 διασυρμὸν

178 1013 314 1059 ἔδειξεν.
332 1014 416 1067 φησὶ
434 1012 520 1066 γὰρ,
536 1012 708 1065 ἀφόρητόν
721 1014 813 1050 ἐστιν
835 1016 864 1051 εἰ
885 1014 1002 1052 καὶσὺ
1025 1014 1085 1067 ρή.
1070 1030 1139 1065 -ιι)ρ
1160 1018 1202 1053 εἰ.

229 1087 293 1112 345.
323 1072 632 1124 ὠμοσπάρακτονε
661 1070 819 1115 Ἀστείως
844 1072 904 1110 καὶ
939 1076 1036 1116 οὗτος
1066 1075 1111 1115 ὡς
1141 1072 1226 1124 πρὸς

177 1131 355 1184 μάγειρον.
380 1133 398 1168 6
415 1130 450 1168 δὲ
469 1145 545 1172 νους
565 1131 673 1182 αὐτῳ.
679 1133 780 1168 τοῦτο
796 1130 975 1181 βούλεται.
1003 1133 1031 1168 εἰ
1052 1137 1125 1184 πρᾶ
1128 1146 1223 1181 γιια,

175 1189 278 1242 φησὶ,
310 1188 445 1226 σκολιὸν
474 1169 686 1239 προσπέσοι,
713 1189 775 1225 οὐκ
803 1187 846 1227 ἄν
874 1205 958 1227 ποτε
990 1189 1226 1241 κατορθώσαις

174 1246 251 1284 οὐδὲ
268 1246 456 1289 διανύσαις.
471 1245 750 1297 ὠμοσπάρακτον
768 1246 825 1293 65,
840 1247 1030 1297 δυνάμενον
1045 1247 1224 1300 σπαράξαι

172 1304 231 1342 τὸν
245 1304 402 1355 λέγοντα.
458 1302 603 1347 Ἄλλως.
625 1304 804 1342 ἀδιάθετον
820 1305 1030 1344 καταλαὸὼν
1045 1306 1103 1344 καὶ
1115 1306 1223 1357 ὠμόν.

120 1378 156 1403 20
174 1365 221 1407 ὡς
235 1362 320 1416 πρὸς
333 1362 496 1415 μάγειρον
511 1362 546 1400 65
568 1362 607 1400 τὸ
624 1362 904 1416 ὠμοσπάρακτον
920 1364 942 1411 ἢ
960 1364 999 1402 τὸ
1028 1365 1224 1418 νεοσπάρα-

175 1436 270 1459 κτον·
301 1424 464 1474 χρηστῶς
488 1420 523 1459 65
545 1422 622 1458 ἀντὶ
643 1436 703 1458 του
724 1423 854 1468 καλῶς,
873 1422 1074 1475 ὠφελίμως,
1092 1438 1225 1475 συμφε-

177 1479 313 1528 ρόντως.
334 1478 494 1529 ἐπέμεινε
527 1478 562 1516 65
594 1495 674 1530 τῃ.
657 1495 768 1532 τρο-’τ
789 1495 849 1518 και
873 1483 922 1518 τιΝ)ι
951 1483 1148 1533 ἀστεϊσμῷ,
1179 1483 1224 1524 ὡς

174 1537 262 1592 πρὸς
297 1537 474 1609 μάγειρον.
504 1537 657 1590 χρηστὸν
692 1537 758 1590 γὰρ
788 1537 918 1589 ἔδεσμα
942 1539 1087 1591 λέγομεν
1116 1539 1156 1577 τὸ
1187 1543 1223 1577 εὖ

174 1596 378 1649 ἠρτυμένον.

227 1666 292 1692 346.
319 1653 396 1691 ἀλλ’
421 1646 506 1691 οἷσθ’
527 1652 612 1705 ὅπερ
641 1652 847 1696 πέπονθας.
872 1652 979 1692 Ἀλλὰ
1007 1652 1167 1704 γινώσκω
1205 1654 1223 1692 ὃ

173 1711 384 1755 πέπονθας
365 1729 387 1758 η
407 1704 484 1749 οἰδα
500 1711 539 1749 τὸ
557 1711 690 1763 ἐπᾶράν
706 1727 758 1751 σε.
780 1711 870 1749 ἀλλά
889 1727 947 1762 μοι
964 1712 1055 1749 δοκῶ
1074 1712 1224 1750 συνειδε-

173 1786 230 1808 ναι
251 1769 314 1817 τὴν
335 1770 448 1808 αἰτίαν
466 1771 510 1807 δι’
522 1770 565 1817 ἢν
585 1772 632 1813 εἰς
649 1773 811 1808 τοσοῦτον
826 1769 950 1842 θράσος
967 1771 1218 1823 προελήλυθας.

224 1842 291 1868 347.
325 1832 361 1866 εὖ
377 1827 470 1866 κατὰ
485 1828 603 1873 ξένου.
624 1830 670 1867 Οἱ
687 1827 754 1881 γὰρ
771 1827 896 1872 καταξ
899 1827 974 1866 ένου
989 1828 1144 1880 λέγοντες
1165 1831 1220 1867 εὖ·

172 1886 332 1931 κόλωςλέ
315 1902 463 1939 εγουσιν,
480 1889 525 1931 ὡς
540 1885 632 1924 κατὰ
650 1885 752 1931 ξένων
769 1886 829 1924 καὶ
842 1901 880 1924 ου
899 1887 1085 1925 πολιτῶν
1066 1899 1222 1940 οημηγο-

119 1961 157 1988 30
177 1961 341 2000 ρουντες..

224 2018 289 2044 348.
319 2003 383 2051 τὴν
407 2003 514 2042 νύκτα
538 2005 721 2057 θρυλλῶν.
746 2004 792 2043 Οἱ
812 2003 880 2056 γὰρ
902 2002 950 2055 μὴ
978 2003 1136 2078 ἔμπειροι
1160 2009 1220 2043 τοῦ

173 2064 386 2116 συνηγορεῖν,
408 2061 468 2100 ἐὰν
487 2063 696 2114 διδαγθῶσιν
718 2061 786 2099 ἀπὸ
806 2062 1027 2115 πράγματος,
1048 2063 1095 2111 μὴ
1117 2063 1219 2115 ἔχον-

171 2137 226 2165 τες
239 2122 309 2159 ἀπὸ
325 2121 458 2174 φύσεως
472 2120 512 2158 τὸ
528 2120 655 2170 λέγειν,
674 2122 862 2158 ἀσκοῦνται
877 2120 938 2158 καὶ
952 2121 1045 2164 ἰδίως
1061 2121 1219 2173 διάγουσι

171 2180 232 2218 καὶ
254 2183 462 2234 γρηγοροῧσι
479 2178 535 2217 διὰ
548 2182 609 2233 τῆς
628 2178 748 2219 νυκτὸς
766 2178 826 2216 καὶ
845 2179 936 2231 ὕδωρ
956 2179 1126 2219 πίνουσιν.

225 2251 289 2277 ³49.
320 2237 411 2289 ὕδωρ
438 2252 475 2275 τε
501 2236 610 2273 πίνων
641 2249 650 2274 ζ
680 2237 850 2275 Τουτέστι
884 2238 1130 2289 ταλαιπωρῶν,
1159 2238 1218 2275 καὶ

172 2296 260 2346 μετὰ
273 2297 410 2334 πολλῶν
425 2294 592 2344 καμάτων
609 2294 667 2332 καὶ
682 2294 795 2331 πόνων
812 2294 1014 2333 συντάσσων
1027 2296 1084 2333 τὸν
1101 2296 1215 2348 λόγον.

171 2354 342 2392 δεικνύναι
356 2353 392 2392 65
409 2353 465 2391 διὰ
481 2352 608 2391 τούτων
624 2352 763 2390 πάντων
781 2352 940 2404 βούλεται
958 2352 1020 2400 τὴν
1040 2354 1216 2392 ἀσθένειαν

170 2413 273 2449 αὖτου
288 2414 354 2449 τῶν
368 2410 480 2461 λόγων
495 2410 626 2457 καιτὴν
641 2410 802 2463 ἀπορίαν.
862 2410 1008 2454 Ἄλλως.
1032 2413 1217 2464 ἀγρυπΙῶν

169 2469 230 2508 καὶ
248 2469 445 2523 φροντίζων,
462 2468 522 2506 καὶ
538 2472 605 2507 τῶν
623 2472 754 2507 νυκτῶν
770 2471 923 2520 μελετῶν
940 2485 999 2507 και
1019 2470 1194 2521 σκεπτόμε
1183 2495 1215 2500 ·-

125 1087 158 1113 15

121 1672 156 1697 25

118 2250 154 2276 35

115 2538 152 2565 40
169 2544 224 2572 νος
241 2528 304 2575 τὴν
327 2528 424 2574 δίκην
428 2526 608 2575 ,τουτέστι
630 2529 864 2580 ταλαιπωρων
884 2527 942 2565 καὶ
963 2526 1052 2579 μετὰ
1081 2509 1212 2567 πολλοῦ

167 2585 327 2636 καμάτου
353 2585 556 2623 συντάσσων
575 2601 638 2631 την
656 2585 767 2632 δίκην.

236 2643 489 2688 κάπιδεικνὺςε
512 2643 682 2683 Ἰουτέστι
698 2642 915 2691 καταδηλους
930 2643 1008 2688 τους
1024 2643 1212 2683 λανθάνον-

166 2718 228 2746 τας
247 2702 357 2747 ξένους
375 2705 492 2740 ποιῶν.

219 2760 297 2804 τους
308 2761 425 2814 φίλους
435 2763 464 2798 τ’
482 2763 613 2799 ἀνιωντ
629 2763 759 2800 Λυπῶν
772 2760 900 2813 φίλους.
916 2760 1001 2813 πρὸς
1016 2760 1082 2813 γὰρ
1095 2761 1212 2814 φίλους

115 2825 149 2851 45
168 2816 228 2855 καὶ
241 2818 430 2871 γνωρίμους
447 2818 525 2862 τοὺς
541 2817 694 2868 δημότας
714 2835 764 2856 συ
757 2818 892 2856 Ιεὸαινε
909 2817 971 2862 τὰς
985 2819 1147 2863 τοιαύτας
1163 2820 1212 2871 γί-

168 2876 408 2919 νεσθαιδίκας.
427 2875 488 2914 καὶ
506 2875 617 2929 τούτῳ
635 2876 671 2914 65
686 2880 816 2929 χρῆται
839 2877 999 2927 δείγματι
1022 2893 1081 2923 της
1104 2880 1208 2916 ἀσθε-

168 2931 259 2975 νείας
271 2948 338 2970 των
353 2933 464 3004 λόγων
481 2935 606 2982 αὐτου,
623 2934 675 2973 ὅτι
688 2935 766 2979 τοὺς
789 2950 850 2985 μεν
869 2933 1016 2987 ’σίλους
1008 2935 1121 2979 ικανός
1137 2937 1210 2974 ἐστι

172 2990 338 3042 βλάπτειν
361 3006 422 3028 και
445 2999 654 3040 κακοποιεῖν,
674 2992 759 3045 πρὸς
783 2991 819 3030 65
838 2993 915 3036 τοὺς
934 2993 1134 3046 ἀλλοτρίους
1150 2994 1209 3032 καὶ

169 3047 280 3092 ξένους
295 3047 476 3091 ἐξασθενεῖ.

116 3117 152 3142 50
221 3119 286 3144 350.
314 3108 375 3150 τῆς
393 3105 535 3150 ἀνοίας.
556 3109 630 3152 Τῆς
651 3108 802 3161 μωρίας,
822 3110 882 3155 τ’ἧς
901 3108 1127 3155 ἠλιθιότητος.
1149 3109 1208 3147 καὶ

172 3161 411 3209 ἐξηπάτησας,
439 3163 541 3215 φησι,
572 3165 657 3202 διότι
683 3165 774 3203 κατὰ
807 3166 967 3215 μετοίκου
991 3182 1074 3204 ποτε
1101 3167 1209 3211 ξενίας

170 3222 364 3271 ἐπηνέγκου
379 3220 525 3272 γραφὴν,
541 3236 601 3258 και
614 3222 792 3267 ἐλπίζεις
773 3222 829 3260 οιὰ
846 3239 946 3262 τουτο
963 3223 1127 3262 δύνασθαι
1148 3225 1207 3262 καὶ

170 3277 390 3330 δημηγορεῖν.
418 3277 592 3326 μετοίκους
611 3278 644 3315 65
668 3279 811 3317 ἐκάλουν
827 3297 904 3324 τους
925 3282 982 3319 ἀρ’
1001 3281 1118 3343 ἑτερας
1139 3282 1206 3320 πό-

170 3335 255 3377 λεως
274 3334 542 3385 μεταδαίνοΙτας
556 3336 601 3378 εἷς
618 3334 737 3387 ετέραν
752 3352 811 3374 και
829 3339 1019 3382 οἰκουντας.

2281 188 2328 220 45

1339 275 1402 301 352.
1433 265 1805 317 κατεγλωττισμένηντ
1829 268 1955 323 mr'pr,
1975 271 2163 322 γενομένην
2179 277 2246 313 τῶν
2262 280 2330 316 σῶν

1284 321 1416 372 λόγων,
1454 325 1708 395 ἀπατωμένην,
1739 329 2018 380 ταραττομένην,
2040 334 2250 372 καταλελαλ·
2234 337 2331 386 ημέ-

1285 395 1345 426 νην
1376 385 1436 418 τοῦ
1465 382 1518 420 σοὶ
1549 383 1643 436 μόνῳ
1678 400 1863 437 προσεχειν
1894 387 1951 424 τὸν
1986 393 2076 429 νοῦν.
2115 391 2257 439 σύνηθες
2293 395 2329 432 65

1292 438 1442 476 τουτολέ
1427 455 1541 489 γουσι
1569 441 1616 491 μὴ
1638 441 1847 494 ἔχεινλόγον
1877 460 1964 483 και
1954 462 2050 499 ’ἀρα
2081 450 2236 501 ἀρχαίοις
2270 469 2330 491 και

1284 495 1471 548 νεωτέροις.

1339 566 1403 592 353.
1435 556 1644 606 [ἀντέθηκας
1672 573 1680 598 ζ

1284 610 1412 663 τάξω.,]

1337 683 1401 709 355.
1432 671 1649 709 κασαλὸάσω
1681 686 1690 712 :

1702 559 1884 606 Ἔστησας
1908 562 1942 606 ἐξ
1964 565 2119 609 ἐναντίας
2145 567 2205 605 καὶ
2221 569 2326 607 ἀντε-
2347 542 2364 566 5

1722 675 1937 726 Λοιδορησω.
1977 678 2050 717 ἔστι
2080 681 2116 719 65
2148 684 2329 728 κασαλὸάς

1283 726 1392 777 ὄνομα
1419 728 1568 780 ἑταίρας.
1597 733 1655 766 νῦν
1694 731 1728 768 65
1757 748 1872 784 ειρτκε
1876 750 1892 770 ν
1920 737 1982 772 ἀντ
1987 752 1996 772 ι
2031 742 2091 776 τοῦ
2129 742 2172 777 δι’
2202 744 2328 796 ἀγορᾶς

1283 765 1530 837 λοιὲορηθείην.
1575 787 1660 839 πρὸς
1703 786 1739 825 65
1790 790 1829 826 τὸ
1867 791 1946 843 ῥηὲθ
1949 807 1966 827 ν
2011 795 2077 832 ὑπὸ
2113 802 2174 835 τοῦ
2211 800 2327 854 ἑτέρου
2350 820 2382 846 ιο

1283 843 1424 880 mm?
1403 843 1502 881 οάσιι)
1534 847 1580 888 ὡς
1614 847 1806 898 στρατηγὸς
1838 849 2014 896 αντ.θΙ-κ.
2007 868 2036 898 Ι,
2059 871 2074 886 «
2107 856 2166 893 καὶ
2204 860 2329 897 Νικίαν

1282 900 1390 953 ταράξ
1393 918 1432 939 ιι).
1446 902 1624 947 »Νικίας
1605 903 1641 941 05
1651 905 1843 958 στρατηγὸς
1852 906 2052 953 Ἀθηναίων.
2110 911 2253 959 Ἄλλως.
2264 933 2329 954 κα-

1284 959 1456 1004 σαλῧάδες
1487 963 1623 1014 ἑταῖραι
1657 963 1755 1010 εἰσιν,
1781 966 1816 1001 αἱ
1846 965 1899 1002 ἀεὶ
1931 967 1988 1004 ε’πι
2021 971 2088 1007 τῶν
2127 974 2280 1024 οἰκημά-
2268 992 2328 1013 ων

1284 1019 1433 1056 ἑστῶσαι
1453 1021 1610 1069 γυναῖκες
1632 1020 1689 1058 ἐπὶ
1711 1025 1824 1074 μισθῶ
1841 1039 2059 1076 παρεγουσαι
2077 1035 2146 1072 τοῖς
2167 1033 2251 1082 βουλ
2253 1034 2330 1082 ομέ-

1283 1091 1350 1119 νοις
1375 1079 1459 1114 ἑαυτ
1462 1077 1513 1120 άς.
1542 1056 1764 1122 κασαλοάίἷες
1791 1080 1826 1117 65
1852 1081 2006 1134 εἴρηνται
2027 1087 2086 1138 ἀφ’
2115 1092 2153 1125 οὑ
2179 1094 2326 1131 ποιοῦσι.

1283 1136 1430 1172 καλοῦσι
1448 1134 1509 1185 μὲν
1530 1134 1597 1188 γὰρ
1615 1151 1676 1174 ουκ
1693 1135 1834 1188 ἔγουσαῑ
1852 1155 1929 1183 τους
1949 1143 2118 1193 ἔρειο-τας,
2133 1146 2274 1186 σοοοῧσι
2292 1149 2327 1187 65

1282 1192 1361 1236 τοὺς
1373 1193 1485 1241 ὄντας,
1499 1210 1552 1232 ινα
1568 1194 1693 1238 ἄλλους
1703 1195 1942 1238 καὶλάὲωσιν.
1960 1201 2035 1238 ἐπει
2050 1206 2106 1239 οὖν
2124 1206 2156 1241 ἰτ
2159 1221 2256 1255 αμως
2269 1223 2328 1245 και

1284 1252 1431 1295 ἀναιδως
1450 1268 1510 1289 και
1531 1255 1548 1290 6
1570 1252 1692 1291 Κλέων
1710 1254 1942 1307 ἀλλοτρίοις’
1927 1260 2148 1306 επεπὴδησεν
2166 1265 2240 1310 εἰκῆ
2267 1266 2327 1303 καὶ

1281 1325 1342 1355 της
1362 1309 1419 1347 επὶ
1444 1311 1498 1348 τοῗ
1500 1326 1514 1353 ς
1533 1309 1818 1362 κατορθώμασι
1800 1312 1899 1360 οόξης
1925 1316 2048 1360 αυτοὺς
2068 1319 2247 1371 ἀφείλετο,
2267 1323 2326 1361 καὶ

1283 1383 1332 1404 αι
1339 1369 1474 1420 εταῖραι
1494 1367 1528 1406 65
1544 1368 1765 1420 ἀναίσχυντοι
1784 1371 1844 1408 καὶ
1858 1373 2027 1421 ἀναιδεις,
2043 1377 2117 1414 επεὶ
2131 1379 2326 1426 επιπηδῶσι
2345 1396 2380 1422 20

1282 1427 1351 1468 τοῖς
1366 1426 1546 1478 ερασταῖς,
1562 1426 1703 1470 εἰκότως
1717 1430 1759 1465 6
1748 1429 1895 1476 ποιητης
1910 1434 1952 1483 τῇ
1966 1432 2054 1477 λέξει
2070 1434 2179 1487 ταύτῃ
2197 1452 2327 1491 κεχρη-

1282 1498 1351 1521 ται.

2350 1108 2382 1133 15

1333 1554 1397 1580 356.
1427 1540 1496 1593 ἔγω
1525 1541 1562 1580 65
1595 1543 1628 1594 γ’
1658 1543 1826 1598 ἤνυστρον
1855 1559 1864 1585 t
1899 1546 1956 1586 Τὰ
1988 1550 2220 1601 μηρυκίζοντα
2255 1556 2325 1592 τῶν

1281 1598 1378 1652 ζώων
1394 1605 1482 1652 τρεῖς
1501 1600 1670 1644 κοιλίας”
1649 1617 1740 1653 εχει,
1755 1603 2025 1657 κεκρύφαλον,”
2003 1623 2182 1661 ηνυστρον,
2200 1613 2322 1663 εχῖνον.

1282 1657 1463 1709 μηρυκίζει
1483 1657 1537 1706 65,
1551 1675 1634 1697 οταν
1655 1661 1704 1710 μὴ
1722 1665 1849 1714 τροφῆς
1866 1664 2128 1715 παρακειμενης
2144 1668 2377 1720 [ἀναπεμ-25

1280 1715 1373 1767 πάζῃ
1393 1714 1454 1761 τὴν
1476 1717 1510 1753 ἐν
1528 1719 1571 1768 τῇ
1590 1717 1704 1770 κοιλίᾳ
1720 1718 1848 1771 τροφὴν
1871 1720 1956 1771 καὶ]
1980 1726 2117 1769 κινῆται
2132 1725 2170 1763 τὸ
2188 1727 2322 1778 στόιια,

1280 1771 1397 1826 ὥσπερ
1418 1772 1472 1818 αἲξ
1495 1774 1554 1811 καὶ
1583 1774 1760 1827 πρόὸατον
1786 1777 1846 1814 καὶ
1867 1778 2035 1828 κάμηλος.
2060 1780 2199 1827 εἰκότως
2220 1783 2256 1822 65
2276 1801 2323 1830 ως

1280 1830 1443 1882 μάγειρος
1457 1831 1589 1876 τούτοις
1602 1833 1776 1886 ἠμείψατο
1795 1834 1852 1872 τὸν
1870 1836 2031 1878 Κλέωνα.

1332 1902 1398 1928 357.
1431 1890 1748 1943 καταδροχθίσαςζ
1772 1893 2014 1965 Ἐκροςρησας,
2040 1900 2235 1939 καταπιών.
2264 1901 2321 1940 επὶ

1279 1946 1314 1985 65
1333 1963 1401 1985 των
1416 1948 1573 2000 ἀθρόιι)ς’
1558 1965 1822 2002 εκροφουμενων
1840 1968 1900 1990 και
1917 1954 2101 2001 ἀπληστως
2118 1957 2265 2008 λεγεται.

1332 2005 1591 2050 ἀναπόνιπτοςῖ
1612 2008 1676 2054 Μὴ
1697 2009 1882 2062 νιψάμενος
1903 2012 1991 2063 μηδὲ
2015 2014 2146 2059 πλύνας
2164 2016 2227 2060 τὰς
2247 2021 2320 2069 χεῖ-

1278 2080 1356 2117 ρας,
1387 2065 1464 2103 ἀλλ’
1493 2066 1748 2119 ἀκάθαρτος,“
1734 2084 1788 2105 ινα
1813 2069 1852 2107 τὸ
1878 2071 2029 2124 ρυπαρὸν
2052 2074 2157 2111 αυτοῧ
2186 2077 2318 2125 μᾶλλον

1276 2123 1403 2174 ἐνδείξῃ
1432 2140 1498 2161 των
1525 2124 1675 2177 τρόπων.
1704 2129 1969 2197 παρατηρητέον
1991 2130 2026 2168 65
2056 2147 2108 2168 οτι
2134 2136 2204 2177 τοῖς
2233 2134 2319 2179 ἴσοις

1277 2181 1482 2231 ἀμείιεσθαι
1516 2184 1699 2235 φιλονεικεῖ
1731 2185 1790 2222 τὸν
1821 2186 1987 2234 Κλέωνα,
2020 2204 2069 2225 τω
2106 2189 2167 2240 μὲν
2210 2192 2318 2232 θύννιι)

1275 2238 1440 2292 ἤνυστρον
1459 2239 1518 2277 καὶ
1546 2240 1676 2278 κοιλίαν
1694 2243 1850 2280 ἀντιτιθε
1847 2259 1890 2289 ις,
1908 2247 1956 2281 τῶ
1977 2245 2013 2283 65
2035 2250 2150 2301 θερμῳ
2169 2248 2208 2287 τὸ
2229 2252 2316 2288 οἰνα-
2335 2271 2370 2297 35

1274 2296 1460 2342 πόνιπτος,
1479 2313 1528 2336 τω
1548 2298 1583 2336 65
1603 2298 1683 2352 οἴνῳ
1699 2299 1757 2338 τὸν
1778 2301 1905 2351 ζωμόν.

1327 2368 1390 2394 358.
1426 2358 1631 2429 λαρυγγιω;
1650 2358 1950 2409 Καταὲοησομαι,
1977 2376 2079 2414 φησι,
2105 2365 2172 2400 τῶν
2201 2365 2315 2405 ἄλλων

1275 2413 1439 2486 ῥητόρων,
1469 2412 1492 2459 ἢ
1521 2430 1583 2461 την
1612 2414 1773 2467 φάρυγγα
1802 2419 1958 2468 ἐκτεμῶ,
1990 2435 2145 2458 50055552
2171 2438 2315 2462 κατασι-

1273 2471 1371 2522 γάσω
1390 2471 1467 2515 τοὺς
1487 2472 1645 2525 ρῆτορας.
1668 2473 1857 2523 τμηθείσης
1875 2475 1942 2528 γὰρ
1961 2480 2022 2524 τ’ἧς
2040 2478 2229 2531 φάρυγγος,
2250 2499 2315 2536 007

1273 2523 1341 2567 οἷόν
1372 2545 1410 2567 τε
1438 2546 1500 2576 την
1537 2530 1652 2583 φωνὴν
1684 2531 1875 2584 προιεσθαι.
1903 2537 2168 2588 παρατηρητέον
2198 2538 2234 2577 65
2262 2558 2313 2579 οτι
2331 2560 2367 2585 40

1271 2587 1389 2640 ωσπερ
1416 2590 1433 2625 6
1458 2588 1581 2627 Κλέων
1606 2589 1775 2640 ἐπήνεγκε
1803 2593 1919 2630 κασαλ
1922 2593 2020 2631 &dom
2044 2594 2121 2639 τοὺς
2145 2598 2180 2634 ἐν
2204 2598 2313 2638 Πύλω
2358 2604 2363 2607 ”

1271 2661 1402 2697 στρατη
1406 2662 1500 2697 γους,
1532 2646 1621 2685 οὕτω
1648 2647 1708 2685 καὶ
1737 2652 1834 2691 οὗτος
1857 2650 2032 2702 ἐχρήσατο
2056 2655 2106 2690 τῶ
2137 2655 2312 2708 λαρυγγιῶ

1270 2702 1346 2747 τοὺς
1369 2704 1527 2775 ρήτορας.

1322 2778 1382 2799 και
1408 2763 1533 2801 Νικίαν
1562 2762 1702 2814 ταράξω
1733 2795 1741 2802 .

2339 1982 2374 2007 30

1733 2763 1945 2810 ·Φοὸησω.
1974 2766 2212 2812 ’δυσοιώνιστος
2237 2768 2273 2807 65
2292 2770 2310 2808 6

1269 2819 1404 2863 hocin.
1427 2821 1587 2873 ἐμφαίνει
1605 2820 1702 2871 65,
1682 2837 1734 2858 οτι
1754 2822 1813 2859 καὶ
1833 2822 1934 2865 αὐτὸς
1951 2838 2018 2860 των
2039 2819 2308 2876 εὐδοκιμούντων
2327 2848 2361 2873 45

1292 2878 1533 2930 νστρατηγός.
1557 2878 1616 2916 καὶ
1637 2881 1654 2916 ὃ
1675 2879 1744 2921 υἱὸς
1762 2878 1996 2939 Στράτιππος.
2018 2882 2251 2932 ἐμνημόνευσε
2272 2885 2307 2924 65

1266 2938 1326 2972 τοῦ
1342 2936 1462 2973 Νικίου
1482 2936 1706 3006 Δημοσθενης
1732 2942 1777 2984 [p.
1796 2942 1856 2983 34].
1872 2941 1912 2983 ἦν
1936 2936 1970 2975 65
1991 2940 2190 2998 Νικηράτου
2211 2944 2304 2987 παῖς.

1319 3006 1382 3031 361.
1414 2994 1489 3031 ἀλλ’
1516 2996 1552 3031 οὐ
1579 2994 1789 3046 λάορακας;
1811 2994 1956 3047 Λάὸραξ
1979 2990 2066 3040 εἶδος
2092 2998 2218 3049 ἰχθύος.
2247 3002 2305 3054 ἀφ’

1266 3054 1305 3088 οὗ
1328 3054 1477 3089 ποιεῖται
1499 3067 1561 3097 την
1583 3052 1830 3104 προσηγορίαν.
1857 3052 1985 3104 κε’χηνέ
2003 3070 2040 3092 τε
2056 3054 2123 3108 γὰρ
2144 3058 2248 3095 αὐτοῦ
2266 3058 2305 3096 τὸ

1265 3107 1378 3157 στόμα
1405 3108 1464 3146 καὶ
1494 3108 1624 3161 ἀθρόως
1648 3124 1708 3146 και
1730 3109 1869 3162 λάορως
1893 3111 1932 3148 τὸ
1959 3111 2080 3173 δέλεαρ
2106 3114 2301 3154 καταπίνει.
2322 3136 2356 3162 50

1264 3165 1338 3203 οθεν
1372 3166 1431 3203 καὶ
1463 3167 1540 3218 εὖγε
1547 3170 1611 3219 ρῶς
1643 3167 1838 3206 &Mezenti
1864 3169 1939 3207 ἐπεὶ
1967 3175 2025 3208 οὖν
2045 3174 2062 3208 ὃ
2090 3172 2132 3221 μὲ
2136 3188 2153 3208 ν
2180 3172 2300 3211 Κλέων

1263 3223 1371 3276 ἔφησε
1393 3224 1529 3267 θύννους
1551 3224 1695 3277 θερμους
1716 3228 1910 3274 καταπιεῖν,
1934 3229 1990 3265 ὃ
1971 3227 2007 3266 65
2034 3229 2302 3275 ἀλλαντοπωλης

1264 3282 1333 3319 ἀπὸ
1353 3298 1413 3328 της
1430 3298 1502 3319 αυ.
1499 3299 1534 3328 ης
1550 3298 1674 3333 τεγνης
1690 3282 1903 3334 ὁρμώμενος,
1920 3285 1959 3323 τὸ
1976 3302 2143 3338 ηνυστρον
2159 3286 2217 3323 καὶ
2236 3285 2298 3331 τὴν

1263 3342 1340 3378 κοι)
1343 3339 1396 3377 ίαν
1415 3340 1474 3378 καὶ
1494 3343 1550 3378 τὸν
1570 3341 1683 3391 ζωμὸν
1700 3341 1897 3390 ἀντέθηκεν,
1914 3345 1932 3381 6
1947 3343 2048 3396 χορὸς
2063 3343 2235 3395 μέμφεται
2253 3345 2298 3386 ὡς
