2517 3792
1054 159 1212 198 PLUTI.

90 247 300 302 κεκραμένον
316 247 478 286 ἔσπενδον
492 247 615 298 ψυχρῷ
631 244 729 282 ὕδατι
745 274 755 295 ,
772 245 809 282 οὗ
825 246 952 297 θερμῷ.
970 260 1100 295 μεμνη-

91 305 195 356 μένου
211 310 291 356 γοῦν
316 309 372 343 τοῦ
386 305 520 356 Ἑρμοῦ
539 303 666 341 τούτων
689 302 747 340 καὶ
767 306 809 354 τῇ
841 303 999 356 στερήσει
1026 304 1102 340 ὀδυ-

90 362 258 413 νωμένου,
278 362 363 415 πρὸς
379 362 414 400 ἓν
431 362 575 399 ἕκαστον
594 363 662 398 τῶν
679 361 771 411 οἴμοι
783 361 852 398 ἀπὸ
871 365 983 398 κοινοῦ
1001 360 1099 398 ἕνεκα

89 423 158 457 τῶν
176 420 396 471 σπλάγχνων.
415 419 517 466 ἡνίκα
536 418 602 472 γὰρ
620 419 738 469 ἐξῆγον
758 422 867 456 ταῦτα
886 423 943 456 τοῦ
957 419 1080 472 ἱερείου
1092 447 1100 463 ,

90 479 289 531 παραυτίκα
310 479 393 526 παρ’
427 479 528 514 αὐτοῦ
560 476 756 526 λεγομένων
786 477 983 527 ὀδυνηρῶς,
1009 476 1102 528 φέρει

90 536 147 574 τὸν
164 536 330 586 Καρίωνα
350 535 468 586 γελοῖοί
496 551 574 572 τινα
594 535 653 571 καὶ
680 538 834 593 προὲφυῆ
859 535 1003 585 λέγοντα
1020 564 1029 581 ,
1051 532 1102 570 ὅτι

91 593 193 639 ὀδύνη
210 608 269 631 σου
287 592 329 630 τὰ
352 593 539 644 σπλάγχνα
564 593 717 642 κατέχει,
736 595 764 629 ὠ
781 593 913 644 Ἑρμῆ,
929 591 981 629 ὅτι
1001 593 1101 628 ἐστε-

91 650 198 702 ρήθης
216 655 272 689 νῦν
291 651 423 697 ἐκείνης
442 655 502 696 τῆς
519 653 586 688 τῶν
609 651 819 701 σπλάγχνων
842 650 970 692 θυσίας.
1006 700 1026 708 ...

148 712 242 746 1131
263 738 272 755 ,
304 710 348 746 16
380 708 438 746 ἐὰν
473 713 517 747 V.
546 734 586 740 -
607 724 646 754 17
673 709 796 754 ὀδύνην
817 709 861 746 Θ.
895 708 978 745 Ald.
994 710 1100 743 εἶπεν.

89 766 306 819 ἐπιστρέφειν
328 768 362 803 δὲ
382 766 456 804 ἀντὶ
476 770 535 804 τοῦ
553 767 608 804 ἐπὶ
624 776 692 804 etc.
707 768 753 805 Θ.
771 790 809 796 -
832 767 877 802 18
896 765 1101 802 eliminan-

91 824 182 862 dum
210 833 266 862 est
292 824 352 862 δέ·
380 834 512 862 auctor
543 826 644 862 enim
669 826 769 862 illius
794 824 927 861 scholii
957 823 1053 859 alius
1083 835 1102 858 a

91 882 322 931 praecedenti
340 883 528 919 diversam
557 891 707 920 secutus
736 890 792 919 est
814 880 1103 930 interpretatio-

91 954 176 978 nem
190 970 200 987 ‚
219 950 255 978 et
273 940 458 992 σπλάγχνα
477 955 552 978 11011
570 941 691 991 ipsius
708 939 912 984 Mercurii,
934 937 999 975 sed
1016 945 1102 974 ante

91 1009 389 1036 commemorata
414 1000 652 1035 victimarum
668 1026 678 1044 ,
709 997 847 1047 quibus
877 997 998 1032 fuerat
1019 1008 1102 1031 ma-

91 1065 233 1104 ctatus,
260 1058 472 1094 intellexit:
493 1057 580 1093 huic
599 1057 729 1105 itaque
745 1055 829 1106 πρὸς
848 1053 891 1092 τὰ
917 1053 1103 1104 σπλάγχνα

90 1114 193 1151 idem
213 1124 270 1152 est
284 1115 387 1164 quod
408 1115 464 1152 ἐπὶ
485 1121 555 1157 τοῖς
575 1115 802 1165 σπλάγχνοις.
824 1117 971 1151 Hans‘r.

147 1186 159 1208 1
174 1186 186 1208 1
198 1174 259 1216 32,
280 1174 326 1209 23
343 1171 364 1218 ἢ
380 1171 431 1209 ὕδ.
442 1176 484 1211 V.
496 1172 771 1216 καὶο111.Θ-α4
786 1171 874 1209 δὲτὸ
889 1175 935 1208 V.
951 1173 1102 1208 τοιοῦτον

90 1231 137 1268 Θ.
154 1235 224 1272 τοῖς
248 1229 421 1276 καπήλοις
438 1231 484 1269 Θ.
500 1230 587 1268 Ald.
602 1255 644 1263 —
662 1230 709 1267 25
729 1232 884 1276 ζητεῖται
901 1229 937 1266 δὲ
953 1229 1000 1267 Θ.
1016 1228 1101 1266 Ald.

88 1288 212 1332 ἄλλως.
231 1292 384 1336 ζητεῖται
402 1290 437 1328 δὲ
453 1295 514 1337 V.,
536 1292 572 1328 111
597 1304 675 1341 quo
693 1291 767 1327 hoc
791 1291 962 1327 scholion
981 1290 1105 1326 inser-

89 1355 167 1384 tum
189 1357 243 1386 est
262 1349 406 1386 scholio
427 1349 473 1386 ad
494 1363 530 1386 v.
564 1350 673 1385 1128.
695 1349 895 1399 Excerpsit
920 1348 1054 1386 Suidas
1076 1361 1103 1384 s.

89 1405 324 1457 Κεκραμένη,
357 1405 486 1453 Κύλιξ,
512 1405 632 1457 Οἴμοι.
656 1432 697 1437 -
725 1408 772 1443 26
801 1405 931 1452 σπονδὴ
956 1405 1103 1456 ἄκρατος

87 1466 134 1500 V.
162 1464 400 1516 κεκερασμένη
441 1465 558 1502 idem.
583 1463 804 1517 κεκρασμένη
830 1466 875 1503 Θ.
901 1489 940 1495 -
967 1477 1012 1510 27
1044 1463 1103 1500 καὶ

90 1532 167 1559 om.
197 1522 244 1560 Θ.
264 1522 323 1559 καὶ
344 1524 413 1559 τῶν
440 1522 564 1573 ἀερίων
594 1522 653 1559 καὶ
685 1522 925 1573 καταχθονίων
945 1521 1104 1559 τουτέστι

91 1577 229 1621 ζώντων
255 1580 314 1618 καὶ
339 1582 583 1618 ἀποθανόντων
601 1580 702 1632 ἄρχει
725 1583 767 1618 V.
791 1584 1004 1630 Utrumque
1036 1581 1104 1617 τῶν

89 1649 164 1673 om.
187 1638 336 1677 Suidas.

147 1695 260 1740 1133,
281 1697 324 1732 31
343 1695 451 1747 πέρας
474 1695 602 1747 σχοίης,
633 1697 785 1747 Duplex
809 1697 1076 1747 interpretatio
1095 1712 1103 1734 :

90 1752 198 1801 prior
227 1753 274 1790 ad
302 1754 363 1790 οὐκ
388 1752 428 1790 ἂν
464 1754 603 1804 φθάνοις
627 1768 694 1804 per
720 1769 759 1792 se
785 1756 904 1792 solum
932 1764 1075 1805 spectat
1096 1770 1103 1792 ε

90 1813 172 1846 l1'cee
193 1810 278 1846 hinc
297 1820 329 1847 te
351 1825 463 1859 qaam
485 1822 589 1860 potes
606 1815 793 1848 celerrime
804 1818 1012 1862 proripias,
1034 1827 1104 1849 non

89 1877 212 1904 tamen
230 1873 392 1905 invenias
410 1869 474 1906 tibi
485 1873 664 1906 malorum
667 1872 806 1919 finem,
823 1885 890 1907 nec
909 1876 1106 1907 imminen-

89 1935 141 1961 tes
158 1930 325 1962 miserias
351 1927 515 1976 effugias
536 1942 544 1964 :
566 1928 650 1978 pari
671 1929 786 1965 modo
816 1942 898 1965 eam
924 1929 1106 1978 loquendi

91 1984 291 2021 formulam
309 1985 492 2034 explicuit
507 1986 553 2022 ad
571 1999 606 2022 v.
625 1986 714 2033 875.
730 1987 860 2023 Altera
886 1983 1082 2038 conjungit
1097 2017 1105 2034 ,

85 2043 151 2078 οὐκ
171 2040 211 2078 ἂν
235 2039 374 2094 φθάνοις
390 2042 592 2093 ἀποτρέχων
609 2059 617 2066 ·
640 2045 706 2080 lzoc
727 2049 877 2093 insuper
893 2048 1020 2081 educto
1034 2074 1046 2090 ,
1070 2056 1107 2082 ta

91 2112 135 2135 ne
150 2101 331 2135 distuleris
342 2127 355 2144 ,
379 2114 426 2136 ne
444 2115 583 2137 moram
605 2105 719 2138 ullam
734 2107 999 2151 interposueris,
1019 2110 1106 2153 quin

89 2166 123 2192 te
143 2161 412 2205 quamprimum
440 2159 524 2194 hinc
550 2157 716 2206 facessas
743 2175 756 2196 :
783 2163 1107 2210 quemadmodum

88 2214 188 2251 adv.
209 2215 283 2258 485
306 2229 314 2251 :
337 2217 398 2252 οὐκ
425 2214 465 2252 ἂν
493 2215 724 2254 ἀναὸάλοισθε
756 2218 983 2262 ἀποθανόντες
1000 2232 1007 2240 ·
1029 2222 1104 2259 ἀντὶ

89 2274 148 2309 τοῦ
162 2302 172 2319 ,
190 2271 326 2323 ταχέως
345 2271 550 2315 ἀπελθόντες
563 2273 804 2320 τελευτήσατε.
825 2279 973 2315 ΗΕ11151·.

147 2344 161 2366 1
174 2345 187 2366 1
199 2332 260 2378 34,
275 2332 320 2377 37
336 2331 416 2382 ἐρεῖ.
431 2329 454 2376 ἢ
473 2330 564 2368 κατὰ
580 2331 619 2369 τὸ
635 2331 746 2370 κοινὸν
765 2332 855 2375 ἔθος·
872 2334 1012 2373 εἰώθασι
1025 2338 1107 2389 γὰρ,

93 2391 141 2436 39
167 2388 386 2437 ἐμπέσωσιν,
409 2396 456 2434 4ο
479 2390 764 2441 προσδοκήσωσιν
790 2394 899 2444 εὑρεῖν
927 2394 994 2431 τιν’
1011 2395 1106 2448 ὠφέ-

90 2446 185 2483 λειαν
207 2449 298 2496 Reg.

148 2504 260 2550 1137,
289 2504 334 2539 52
353 2503 532 2555 χορτάζειν
554 2505 689 2543 νεανίαν
714 2507 982 2558 interpretatio
1019 2511 1102 2548 ine—-

93 2569 171 2610 pta,
183 2575 297 2611 quam
306 2563 444 2612 repetit
462 2563 595 2601 Suidas
614 2578 642 2601 s.
659 2565 841 2612 Νεανικὸν,
855 2567 921 2604 ubi
937 2570 1107 2620 χορτάσαι

36 2619 40 2621 “
91 2618 227 2656 νεανίαν
244 2628 311 2656 est.
330 2624 420 2657 Post
436 2621 572 2658 νεανίαν
596 2623 703 2659 addit
727 2627 771 2660 V.
792 2624 852 2662 καὶ
879 2627 914 2662 ἐν
945 2627 1049 2669 ἐνίαις
1073 2627 1108 2665 δὲ

91 2677 224 2719 θυσίαις
244 2677 431 2728 λεγομένου
458 2678 579 2716 τούτου
596 2678 686 2717 ὥστε
718 2680 766 2730 μὴ
794 2681 870 2728 ἐξῆν
888 2684 1031 2733 (ἐζεῖναι
1049 2686 1110 2736 G.)

92 2736 291 2784 ἀπενεγκεῖν
307 2750 316 2758 ·
347 2749 431 2785 quae
455 2750 477 2774 e
504 2738 679 2788 proximo
706 2740 852 2778 scholio
878 2751 965 2779 sunt
992 2744 1107 2781 illata.

94 2793 314 2829 omn—53
335 2792 464 2844 κορέων
485 2797 531 2833 Θ.

152 2864 165 2885 1
178 2850 263 2896 138,
287 2864 301 2886 1
316 2850 501 2900 ὠφελήσας
516 2854 561 2891 Θ.
579 2854 766 2905 ὠφελεῖσαι
786 2860 905 2895 Dorv.
920 2859 1109 2911 ὠφελήσεις

97 2909 184 2955 Reg.
204 2909 334 2943 Monet
347 2908 534 2956 glossator
548 2919 635 2960 post
654 2911 749 2949 ἔνδον
761 2914 950 2963 apodosin
965 2916 1108 2955 deesse.

94 2961 227 3008 δηλαδὴ
240 2966 360 3001 Dorv.
380 2978 457 3002 om.
482 2967 608 3004 Θ.-2
623 2968 770 3019 λέγομεν
791 2975 904 3019 τοῦτο,
923 2974 942 3009 3
964 2973 1055 3011 κατὰ
1072 2975 1110 3013 τὸ

94 3018 250 3071 δεύτερον
274 3022 416 3069 πλῆθος,
439 3023 529 3070 ἀλλ’,
552 3030 574 3068 4
594 3023 712 3077 ὥσπερ
731 3030 776 3064 V.
793 3044 808 3060 α
823 3029 862 3066 Si
888 3030 1014 3068 locum
1035 3036 1109 3070 Ze-

94 3077 201 3114 nobii
226 3091 434 3128 componas
453 3086 488 3127 4,
508 3086 570 3128 44,
589 3095 722 3121 versus
740 3098 787 3121 ex
800 3086 1015 3137 Θεοπόμπου
1034 3092 1112 3128 Κα-

94 3134 218 3181 πηλίσι
237 3145 382 3173 sumtus
399 3137 602 3176 videbitur.
620 3157 636 3173 »
653 3144 880 3180 Henna—6
901 3144 967 3191 εἴη,
983 3148 1112 3193 πλῆθος

96 3193 194 3238 δηλοῖ
210 3192 268 3230 καὶ
282 3194 578 3247 προπαροξύνεται
590 3200 636 3235 V.
658 3200 813 3249 reliquis
832 3203 992 3243 omissis.
1019 3221 1112 3258 προ-

98 3250 344 3303 παροξύτονον,
367 3266 386 3298 7
405 3252 559 3296 ὀξύτονον
575 3255 621 3293 Θ.

153 3322 168 3344 ι
181 3314 265 3353 140,
285 3322 296 3344 1
309 3309 329 3345 5
348 3323 404 3359 sq.
421 3309 594 3349 ὓπέλαὸον
610 3313 775 3366 πονηρίας
791 3317 825 3354 ἐν
841 3318 891 3369 τῷ
901 3320 973 3369 ναῷ
993 3320 1109 3358 Dorv‚

218 3380 330 3410 501101..
355 3381 522 3413 «1111510111.

1139 2888 1148 3373 ι

2095 163 2169 201 609

1165 257 1260 281 -21
1275 242 1364 280 κατὰ
1381 258 1546 294 στεισμ...
1563 243 1694 292 codex,
1709 245 1813 294 quod
1830 244 2034 297 integravit
2059 247 2170 284 Dind.

1220 308 1330 349 1142,
1352 303 1399 339 23
1424 303 1536 345 καλῶς
1553 316 1627 339 0111.
1647 304 1802 341 6.-28
1818 304 2014 356 ἐπιφανείας
2026 308 2120 355 Reg.

1220 375 1233 397 ι
1248 367 1330 406 144,
1351 361 1396 396 35
1418 361 1455 397 οὐ
1481 359 1582 409 μόνον
1611 370 1648 397 et
1673 363 1867 411 sequentia
1890 376 1964 400 om.
1991 364 2105 401 etiam
2127 364 2172 402 Θ.

1163 419 1285 456 Multo
1308 418 1479 468 pluribus
1498 419 1572 455 haec
1587 421 1751 469 explicat
1773 421 1992 459 scholiastes
2012 422 2174 472 Regius,

1162 476 1200 512 iu
1220 484 1410 512 structura
1428 490 1512 512 cum
1537 478 1752 513 accusativo
1772 479 2034 531 ὑστεροχρονίαν
2052 481 2175 517 inesse

1163 542 1354 578 statuens,
1387 527 1454 570 οἷον
1483 534 1744 583 μεταλαμίῗάνω
1772 535 1869 583 τόδε,
1896 537 2051 575 τουτέστι
2074 541 2176 575 τοῦτο

1163 589 1270 642 ἀφεὶς,
1293 589 1406 642 ἕτερον
1431 590 1616 640 λαμὸάνω,
1643 600 1680 628 et
1710 593 1781 629 hoc
1816 593 1898 631 loeo
1928 595 2001 632 ἀντὶ
2021 599 2080 633 τοῦ
2102 595 2176 644 μετ’

1163 646 1223 697 ἐμὲ
1243 641 1344 698 εἶχες.

1220 707 1339 750 1146,
1371 707 1417 749 45
1440 719 1519 755 sqq.
1544 709 1626 744 Hoc
1656 708 1824 745 scholion
1842 710 1949 748 alteri
1980 714 2178 762 postponit

1162 766 1206 799 V.
1225 786 1275 791 —
1293 764 1340 807 48
1366 763 1562 815 ψηφίσματ’
1583 768 1623 801 V.
1648 783 1663 798 «
1684 769 1788 803 Fort.
1814 767 1989 820 ψήφισμα.
2020 789 2035 803 υ
2056 774 2176 807 ΒιΝῡ.

1164 820 1211 870 μὴ
1230 835 1304 859 0111.
1326 825 1366 859 V.
1389 822 1550 867 ἀλλήλων
1568 826 1614 860 G.
1630 851 1674 857 .-.
1687 833 1735 873 49
1754 825 1862 875 μηδὲν
1879 827 2051 865 additum
2072 843 2117 866 ex
2133 833 2176 866 V.

1165 898 1177 911 ι
1198 879 1301 916 Ἀλλὰ
1318 879 1426 917 ταῦτά
1446 896 1484 930 γε
1502 890 1571 918 ete.
1593 882 1696 919 Idem
1720 884 1810 928 haec,
1835 886 1902 935 qui
1923 887 2064 935 priora,
2084 888 2180 924 scri-

1163 938 1282 987 pserit
1318 940 1608 987 grammaticus,
1633 954 1679 976 an
1706 942 1901 988 diversus,
1936 945 2036 981 haud
2072 945 2180 982 facile

1164 996 1366 1033 constituo.
1382 996 1424 1033 Id
1443 997 1594 1046 quidem
1622 998 1768 1048 liquido
1790 1009 1907 1050 patet,
1923 1003 2026 1051 quod
2047 1012 2181 1040 auctor

1163 1053 1274 1102 hujus
1289 1054 1544 1092 adnotationis
1561 1057 1833 1096 existimaverit
1851 1061 2016 1109 primum
2036 1075 2075 1098 se
2092 1062 2180 1099 Plu-

1166 1119 1243 1148 tum
1259 1112 1434 1150 manibus
1457 1127 1621 1161 versare,
1641 1116 1706 1152 sed
1724 1119 2039 1166 contaminatum,
2061 1128 2181 1158 trans-

1166 1169 1242 1206 lato
1268 1170 1342 1207 huc
1361 1185 1405 1208 ex
1425 1173 1637 1221 posteriore
1657 1174 1784 1212 fabula
1800 1190 1926 1222 versu,
1948 1191 2059 1227 quem
2084 1179 2181 1215 ordo

1167 1230 1351 1278 temporis
1370 1243 1573 1281 rerumque
1593 1241 1784 1281 gestarum
1803 1236 1964 1284 repellat
1980 1251 1987 1273 ε
2004 1250 2090 1273 nam
2107 1237 2182 1274 m'i·

1166 1288 1267 1325 nime
1286 1288 1442 1337 dubito,
1465 1293 1557 1341 quin
1581 1294 1709 1342 spuria
1731 1294 1806 1330 sint
1827 1304 1863 1331 et
1889 1296 2009 1333 aliena
2027 1297 2068 1346 (l.
2096 1302 2129 1344 1)
2160 1296 2182 1342 ἢ

1166 1346 1224 1383 καὶ
1251 1347 1352 1389 αὐτὸς
1373 1350 1390 1385 ὁ
1415 1349 1560 1396 ποιητὴς
1586 1349 1726 1403 ὕστερον
1754 1353 1922 1390 ἐνθεῖναι·
1959 1355 1988 1391 si
2015 1355 2115 1392 enim
2144 1356 2184 1392 iu

1165 1406 1332 1442 secunda
1349 1406 1487 1444 refictae
1507 1417 1733 1459 novataeque
1757 1410 1896 1448 fabulae
1918 1414 2184 1451 commissione

1165 1464 1439 1514 Aristophanes
1460 1467 1563 1516 ipse,
1583 1468 1687 1517 quod
1702 1467 1790 1517 jure
1812 1483 1882 1506 suo
1900 1480 2062 1520 poterat,
2083 1473 2184 1510 inse-

1167 1522 1256 1568 ruit,
1275 1523 1365 1572 quid
1383 1523 1566 1561 attinebat
1588 1525 1770 1563 absonam
1794 1529 1956 1565 movisse
1979 1530 2185 1568 difficulta-

1169 1582 1266 1617 tem?
1286 1582 1388 1619 nulla
1418 1583 1549 1632 utique
1583 1592 1639 1620 est
1672 1584 1806 1634 ἀλογία,
1837 1600 1952 1636 quum
1975 1597 2088 1638 poeta
2115 1603 2180 1627 co-

1168 1639 1362 1687 moediam,
1383 1654 1467 1690 quae
1490 1654 1565 1677 non
1592 1651 1771 1689 steterat,
1792 1645 1963 1682 reficiens
1990 1648 2186 1698 multaque

1167 1704 1338 1743 mutans,
1358 1711 1399 1734 ea
1421 1699 1630 1746 immiscet,
1649 1713 1732 1750 quae
1757 1715 1842 1738 cum
1861 1706 2036 1752 praesenti
2057 1719 2185 1744 rerum

1167 1764 1269 1792 statu
1299 1767 1526 1806 congruunt.
1553 1762 1651 1796 Sunt
1682 1769 1808 1798 autem
1837 1762 1917 1799 haec
1943 1777 2019 1800 non
2051 1765 2186 1803 leviter

1167 1814 1306 1850 affecta
1331 1829 1339 1851 :
1363 1829 1490 1852 veram
1524 1821 1613 1862 ista,
1648 1818 1784 1867 inquit,
1824 1834 1910 1868 qaoe
1937 1824 1982 1857 de
2011 1834 2186 1872 occupata

1166 1874 1306 1920 Phyle,
1338 1879 1444 1911 victis
1465 1876 1512 1912 30
1530 1882 1717 1922 tyrannis,
1738 1888 1776 1914 et
1798 1881 1877 1928 lege
1900 1880 2082 1918 oblivionis
2110 1887 2187 1920 lata

1162 1943 1442 1980 praecesserant,
1464 1937 1622 1971 nondum
1641 1946 1751 1973 erant
1765 1947 1848 1973 acta
1861 1941 1984 1976 Diocle
2001 1942 2185 1988 archonte,

1167 2005 1276 2038 quam
1291 1996 1437 2039 primus
1461 1994 1590 2029 Plutus
1607 2008 1754 2031 scenam
1779 2002 1952 2041 exercuit,
1976 1999 2053 2036 οὐδὲ
2073 1999 2111 2037 τὸ
2131 2000 2188 2038 ἐπὶ

1166 2048 1355 2099 τριάκοντα
1385 2049 1453 2096 ἤδη
1483 2043 1542 2096 ἦν·
1574 2052 1738 2102 legerem
1771 2055 1948 2103 equidem
1980 2070 2051 2107 pro
2081 2072 2189 2096 more

1168 2108 1311 2144 Graecis
1326 2109 1479 2155 usitato,
1500 2108 1542 2146 τὰ
1560 2109 1616 2147 ἐπὶ
1633 2112 1701 2147 τῶν
1720 2126 1787 2163 τρ.;
1804 2113 1855 2149 ita
1881 2115 2001 2151 solent
2017 2114 2061 2152 τὰ
2077 2118 2188 2155 Πελο-

1168 2167 1407 2211 ποννησιακὰ,
1430 2165 1474 2203 τὰ
1493 2167 1717 2219 Χαιρωνικὰ,
1737 2169 1780 2207 τὰ
1797 2170 1852 2207 ἐπὶ
1874 2173 2090 2225 Λυσάνδρου.
2115 2176 2189 2213 Sed

1168 2223 1240 2260 hoe
1258 2224 1342 2261 leve
1366 2233 1423 2261 est
1446 2239 1524 2275 prae
1552 2227 1617 2271 iis,
1644 2241 1724 2276 quae
1754 2229 1879 2265 statim
1900 2242 2124 2280 sequuntur,
2149 2235 2187 2270 in

1170 2281 1308 2330 quibus
1324 2284 1510 2321 orationis
1525 2285 1692 2335 legitime
1701 2296 1928 2325 constructae
1943 2303 2060 2327 nexus
2076 2292 2189 2341 plane.

1167 2340 1417 2379 desideratur.
1453 2345 1554 2380 Sam,
1593 2345 1738 2381 Petitus
1783 2359 1894 2395 opem
1930 2357 2090 2386 conatus
2132 2360 2189 2389 est

1170 2398 1328 2435 Miscell.
1354 2412 1392 2446 1,
1422 2400 1484 2443 16,
1514 2414 1552 2450 p.
1585 2402 1651 2447 56,
1679 2403 1954 2442 rescribendo:
1981 2406 2090 2459 ὀγδόῳ
2122 2408 2190 2447 ἔτει

1170 2455 1311 2510 ὕστερον
1354 2457 1469 2508 μάχης
1500 2462 1561 2504 τῆς
1595 2460 1682 2508 μετὰ
1717 2462 1968 2515 Θρασυὸούλου
2004 2466 2191 2516 γενομένης

1173 2515 1318 2567 Κριτίας
1336 2516 1371 2552 ἐν
1400 2517 1557 2569 Πειραιεῖ
1576 2519 1743 2572 τελευτᾷ·
1765 2535 1850 2570 quae
1878 2523 1942 2559 vix
1961 2537 2047 2561 cum
2069 2527 2191 2563 Graeci

1170 2575 1356 2611 sermonis
1382 2575 1534 2625 ingenio
1553 2578 1642 2614 satis
1663 2581 1908 2617 conveniunt.
1941 2583 2054 2619 Ratio
2075 2597 2164 2622 vero
2178 2614 2189 2631 ,

1172 2646 1240 2668 cur
1261 2645 1332 2681 pro
1351 2632 1502 2686 πέμπτῳ
1518 2637 1684 2685 supponi
1703 2638 1871 2675 voluerit
1888 2638 2011 2692 ὀγδόῳ,
2033 2655 2078 2678 eo
2099 2643 2190 2680 niti-

1173 2698 1233 2726 tur
1250 2691 1508 2738 fundamento‚
1527 2694 1630 2743 quod
1643 2696 1834 2744 egregium
1854 2697 1946 2734 illud
1962 2699 2192 2749 Thrasybuli

1171 2748 1313 2785 facinus
1338 2751 1536 2787 exstinctae
1558 2753 1769 2800 tyrannidis
1787 2754 1832 2790 ad
1854 2768 1993 2792 annum
2016 2757 2191 2796 demittat

1170 2814 1348 2855 quartum
1361 2807 1410 2844 ol.
1430 2814 1476 2856 94
1490 2808 1582 2856 :hie,
1597 2810 1628 2846 si
1639 2818 1742 2847 retro
1759 2825 1946 2859 numeres,
1962 2827 1983 2850 a
1996 2815 2128 2852 Diocle
2140 2829 2187 2853 o—

1171 2872 1302 2900 ctavus
1331 2865 1414 2902 erit.
1436 2869 1521 2902 Non
1546 2867 1711 2904 Petitum
1738 2871 2026 2917 tantummodo,
2056 2873 2122 2909 sed
2150 2883 2188 2910 et

1171 2922 1383 2969 petavium,
1399 2926 1445 2961 G.
1461 2927 1495 2962 J.
1510 2925 1687 2961 Vossium
1707 2926 1803 2962 Hist.
1825 2928 1937 2963 Univ.
1956 2929 2058 2978 Epit.
2075 2930 2190 2967 alios-

1172 2992 1246 3028 que
1262 2980 1401 3016 multos
1424 2981 1462 3017 in
1480 2994 1564 3017 eum
1581 2995 1750 3019 errorem
1775 2983 1968 3021 Diodorus
1986 2986 2188 3037 implicuit,

1173 3037 1239 3086 qui
1261 3049 1394 3074 revera
1419 3044 1476 3082 14,
1496 3040 1531 3084 3,
1550 3040 1612 3076 isti
1632 3053 1731 3077 anno
1761 3040 1959 3079 historiam
1981 3043 2188 3093 ejectorum

1172 3103 1421 3142 tyrannorum
1457 3097 1622 3146 assignat
1650 3110 1658 3132 :
1683 3097 1772 3134 hinc
1804 3112 1883 3136 non
1913 3114 1985 3138 una
2015 3103 2120 3141 labes
2148 3106 2185 3142 111

1173 3151 1365 3190 turbatam
1391 3156 1572 3204 temporis
1600 3155 1699 3191 illius
1719 3156 1855 3194 seriem
1874 3161 2062 3208 manavit3
2085 3163 2189 3202 velut

1171 3209 1320 3261 ἀναρχία
1355 3211 1394 3247 111
1422 3225 1523 3248 anno
1550 3212 1718 3249 secundo
1749 3214 1799 3251 ol.
1830 3221 1879 3264 94
1907 3225 2072 3267 statuta,
2103 3234 2187 3270 quae

1172 3268 1420 3317 praecedentis
1437 3271 1506 3306 fuit
1526 3271 1710 3308 archonte
1725 3273 1965 3322 Pythodoro,
1979 3286 2022 3314 ut
2048 3277 2188 3316 diserte

1172 3326 1392 3378 Xenophon
1420 3335 1578 3366 testatur
1597 3329 1694 3368 Hell.
1714 3343 1751 3381 α,
1771 3332 1807 3378 3,
1827 3345 1860 3378 1,
1875 3345 2034 3384 regnum
2062 3335 2109 3372 30
2131 3336 2187 3372 vi-

2047 3405 2086 3436 39
