2517 3792
868 210 1023 250 INDEX
1053 207 1284 248 NOMINUM
1316 209 1379 247 ΕΤ
1409 210 1595 248 RERUM.

218 305 336 348 filium
358 303 461 341 dicit,
481 309 545 332 non
570 301 730 332 Melesioe.
758 301 870 331 Erant
894 302 1009 330 autem
1033 300 1200 339 quattuor

225 352 442 385 Athenienses
470 347 676 388 Thucydidis
701 350 834 379 nomine
851 360 861 379 .·
884 346 1198 386 liistorioyraphus,

224 401 282 439 qui
300 407 364 429 non
383 397 594 428 memoratur
606 403 626 425 a
645 396 801 431 Cornicis,
821 397 900 434 quia
918 397 1038 433 esiquo
1053 396 1200 432 tempore

225 444 300 475 dux
326 446 361 474 in
395 443 540 474 Thracia
566 449 643 472 cuni
673 441 794 472 Cleone.
828 441 1049 471 niziltabatur
1078 440 1200 476 0411110,-

228 491 449 530 Gai-yettius,·
472 488 674 525 Thessalus;
693 488 840 519 Melesia’
848 487 951 527 silius
970 487 1024 518 hic
1044 495 1201 517 memorii-

225 537 299 574 tus,
324 537 444 566 orator
464 536 613 573 optimus
628 557 636 570 ‚
661 532 720 563 sed
746 535 779 563 in
807 533 871 564 hac
895 542 1017 565 caussa
1048 533 1199 571 linquam

224 583 325 622 quasi
352 583 497 612 vinctam
526 580 652 611 habens
666 604 674 617 ,
703 579 891 611 damnatus
921 582 953 611 ct
974 588 1035 620 per
1062 580 1201 609 ostraci-

224 636 335 659 smum
352 628 478 666 ejectus
491 651 499 665 ,
518 626 612 663 itud,
628 626 698 656 seli.
717 626 796 657 Aeli.
816 629 886 657 702.

188 674 403 714 Thucydides
421 674 627 713 (historicus)
647 673 810 704 laudarit
833 675 859 704 T
859 673 1095 710 heranieneni,
1112 673 1199 702 Ran.

226 723 296 752 541.
313 720 405 752 Adde
418 721 542 760 paullo
556 722 637 750 ante
655 719 758 750 (licta.

185 767 374 798 Thumantis
395 769 643 806 perstrinqitur
663 768 700 796 ut
716 768 810 805 inops
826 768 859 796 et
882 767 994 802 vates,
1020 767 1082 805 Eq.
1112 768 1199 795 1269.

225 814 361 854 supplex
381 815 480 850 tangit
498 813 624 852 Delphis
642 813 820 852 pharetram
835 811 1004 852 Apollinis,
1024 820 1063 842 ne
1078 819 1203 842 sunmia

226 860 347 891 laboret
363 861 480 900 inopia,
496 860 539 890 ib.
563 863 639 890 1270
651 867 722 898 sqq.
739 858 940 890 Thumantis
959 860 998 889 ut
1012 856 1112 888 valde
1127 866 1204 897 yra-

225 907 300 938 eilis
315 908 567 946 perstrinqitur
584 905 628 936 ab
647 907 854 944 Hermippo,
869 907 926 936 Αυ.
948 907 1036 936 1406.

184 952 372 985 Thunorum
402 952 575 992 piscatores
600 951 802 991 speculantes
817 974 826 988 ,
856 952 919 991 Eq.
953 953 1012 981 313
1035 952 1068 981 et
1099 949 1201 981 schol.

225 1001 355 1030 Eorum
368 1000 509 1039 piscatio
525 1006 603 1038 quie
619 997 660 1034 fit
676 996 896 1035 tridentibus,
918 999 1010 1037 l'esp.
1029 999 1116 1028 1087.

191 1044 318 1076 rtem-ia
335 1046 531 1085 scaturiqo,
549 1053 571 1076 a
593 1052 663 1084 qua
685 1045 714 1075 T
711 1043 852 1074 hurium
872 1042 955 1074 urbs
979 1042 1091 1081 dicta,
1114 1042 1200 1074 Nub.

226 1094 298 1122 332.

190 1136 383 1176 Thur-ium,
405 1145 427 1167 a
456 1136 585 1168 Thuria
601 1136 812 1174 scaturiqine
834 1134 984 1172 dictum,
1007 1134 1139 1166 colonia
1168 1135 1203 1165 in

226 1182 338 1215 locum
373 1182 558 1214 destructae
597 1182 738 1222 Sybaris
762 1182 910 1213 deducta
936 1190 958 1213 a
982 1181 1203 1220 decemviris,

223 1237 373 1269 quorum
387 1231 516 1269 Lampo
529 1232 623 1260 vates
636 1230 726 1267 erat;
740 1238 849 1269 quare
862 1229 1096 1269 θουριομάντεις,
1114 1229 1203 1260 Νιιῠ.

227 1279 298 1308 332.
330 1277 449 1309 Thurii
473 1276 665 1308 Alcibiades
684 1276 828 1316 aasuqit
842 1277 963 1315 leqatis
980 1278 1129 1316 quicum
1146 1278 1203 1307 Sa-

227 1323 373 1355 laminia
388 1332 466 1355 eum
483 1325 629 1363 petitum
647 1322 873 1361 advenerant,
887 1326 947 1354 Αυ.
964 1325 1043 1363 Ary.
1061 1324 1110 1354 II.

184 1369 331 1410 'rhyoetei
352 1371 460 1410 panni,
475 1378 513 1401 ex
528 1368 683 1409 tragoedia
697 1369 868 1410 Euripidis,
886 1370 966 1401 Aeh.
987 1372 1059 1401 433.

185 1415 362 1455 Thymaetis
374 1440 382 1455 ,
396 1416 554 1455 sortasse
571 1416 616 1447 Th
623 1418 772 1455 uincatis,
789 1425 832 1447 ex
844 1425 933 1456 paqo
949 1417 1060 1448 tribus
1080 1418 1205 1456 Hippo-

228 1462 426 1501 thoontidis,
442 1472 463 1494 a
483 1462 660 1502 Thynia’ta
673 1462 772 1494 heroe
786 1462 878 1494 dicta
887 1472 900 1499 ;
916 1463 1001 1494 lodix
1016 1463 1204 1502 Thymaetis,

231 1510 324 1548 Vesp.
346 1512 434 1540 1138.

188 1554 372 1594 Thymele.-
388 1558 423 1586 in
439 1563 480 1586 ea
500 1555 680 1596 ῥαὸδοφὸροι
700 1554 943 1595 morabantur,
961 1556 1125 1595 εὐκοσμίας
1139 1564 1206 1595 spe-

226 1603 401 1633 ctatorum
418 1601 584 1640 custodes,
602 1604 683 1633 Pac.
700 1604 770 1633 734.

189 1648 384 1688 Thymoetas
407 1647 524 1686 heros,
548 1656 571 1679 a
593 1657 658 1688 quo
677 1647 791 1679 dictus
813 1656 924 1688 paqus
948 1647 1055 1679 tribus
1080 1650 1205 1687 Hippo-

227 1694 431 1734 thoontidis,
462 1697 556 1735 l'esp.
589 1698 677 1726 1138.
712 1694 898 1734 Thymoetes
911 1719 920 1733 ,
948 1704 1009 1726 rex
1034 1695 1208 1726 Athenien·

226 1743 335 1781 sium,
354 1743 389 1772 in
414 1741 538 1772 horum
561 1743 593 1773 et
617 1743 809 1773 Boeotorum
826 1741 866 1772 (Ie
885 1742 1029 1772 Celoenis
1052 1741 1138 1772 bello
1162 1740 1208 1772 ad

226 1788 440 1827 sinqularem
454 1796 609 1827 puqnam
624 1796 646 1818 a
660 1787 801 1819 Xantho
813 1790 1030 1827 proi-ocolus,
1046 1796 1110 1819 non
1125 1790 1207 1819 acci·

225 1835 277 1873 pit
290 1834 330 1865 ob
342 1836 566 1872 senectutem,
585 1836 668 1866 Pac.
685 1837 757 1872 890,
776 1834 855 1865 Acti.
875 1836 942 1865 146.

186 1879 302 1918 Θύμος.
325 1880 405 1911 Iside
418 1880 560 1911 Attium.

186 1926 329 1966 Thyrsus
350 1935 357 1957 :
375 1927 488 1966 Thyrsi
507 1926 661 1962 (tibicinis
674 1935 809 1957 uxorem
833 1927 1032 1958 meretricem
1051 1926 1206 1965 habentis)

226 1977 304 2011 κυνῆ
321 1973 410 2014 (γυνή
427 1973 564 2013 Bergk),
579 1973 619 2004 de
635 1973 730 2004 ramis
744 1975 775 2004 et
790 1974 872 2005 soliis
889 1974 941 2013 (ob
958 1973 1206 2013 dittographiam

225 2021 313 2060 γονή.
330 2019 489 2060 ,Βει’9Ιε.),
505 2021 649 2059 Insulis,
659 2020 714 2059 fr.
733 2023 806 2051 353.

191 2068 304 2099 Tiaroe
319 2069 513 2099 Persarum
527 2076 605 2099 cum
616 2069 738 2107 pennis
752 2075 798 2107 pa
805 2075 927 2098 vonum
939 2091 949 2105 ,
973 2066 1052 2098 Aah.
1070 2070 1120 2098 63.
1136 2067 1206 2097 Tia-

227 2123 310 2153 ram,
324 2116 379 2152 τὴν
391 2115 572 2156 κυρὸασίαν,
585 2115 670 2146 solus
683 2123 736 2145 rex
753 2123 886 2153 magnus
899 2118 1037 2145 erectam
1051 2115 1206 2153 gestabat,

227 2163 330 2193 ceteri
343 2164 461 2193 Persoe
475 2162 530 2193 vel
541 2163 712 2202 plicatam
728 2163 781 2193 ret
798 2165 830 2193 in
838 2162 995 2202 frontem
1011 2165 1204 2201 nutantem,

228 2208 417 2240 secundum
435 2210 663 2247 Clitar-chum,
680 2213 736 2241 Ar.
752 2212 823 2241 487.

193 2255 294 2287 rebioe
309 2256 391 2287 olim
406 2264 450 2287 ex
463 2256 594 2288 ossibus
608 2265 787 2287 cervorum.
800 2255 918 2295 confici
934 2255 1091 2287 solebant
1101 2280 1109 2295 ,
1124 2256 1204 2288 Ach.

231 2305 301 2333 863.
319 2304 454 2334 Earum
468 2303 549 2334 olim
557 2303 864 2343 frequentissimus
880 2311 962 2333 usus
977 2305 1010 2334 in
1027 2305 1184 2334 conrii-iis
1195 2328 1205 2342 ,

229 2351 311 2380 Pac.
326 2352 397 2380 531.
412 2351 476 2380 Est
487 2351 760 2380 instrumentum
773 2350 929 2388 πένθιμον,
947 2348 1135 2380 secundum
1150 2352 1208 2380 Di-

229 2394 382 2436 dymum,
400 2398 459 2427 Αυ.
479 2399 550 2427 217.

188 2440 341 2481 Tibicen,
365 2442 459 2473 Eccl.
481 2445 553 2474 891.
580 2441 762 2473 Tibicinum
788 2442 942 2482 φορῧειαί,
975 2443 1069 2480 resp.
1100 2444 1158 2472 582
1179 2444 1210 2473 et

229 2487 350 2526 schol„
366 2489 448 2519 item
466 2488 535 2519 sch.
551 2491 609 2520 Αυ.
625 2492 697 2520 861.
720 2489 883 2520 Tibicines
897 2490 932 2519 in
953 2488 1066 2519 choris
1080 2489 1210 2527 Diony—

230 2536 371 2573 siorum,
391 2538 472 2567 Pac.
493 2539 564 2568 531.

195 2581 321 2619 Tibius‚
339 2590 459 2613 nomen
473 2583 608 2622 servile,
626 2582 703 2614 Ach.
720 2585 798 2621 243,
814 2584 883 2613 not.
900 2584 984 2613 Itan.
1004 2585 1076 2613 965.

196 2627 403 2666 Timandra,
418 2631 531 2660 mater
545 2629 683 2664 Laidis,
703 2638 746 2660 ex
765 2630 915 2668 Hycaris
931 2628 1073 2666 Sicilire,
1096 2636 1117 2658 a
1135 2629 1211 2658 Dio-

232 2675 329 2713 nysio
344 2676 492 2714 tyranno
505 2675 592 2707 dono
605 2676 692 2707 data
708 2676 896 2707 Philoxeno
913 2674 1211 2714 dithyramborum

230 2723 361 2760 poetoe;
377 2731 521 2762 quocum
538 2722 740 2754 Corinthum
765 2724 872 2759 venit,
889 2724 922 2753 et
938 2730 961 2752 a
979 2721 1098 2752 multis
1117 2730 1212 2751 ama-

234 2767 351 2807 batur,
372 2769 493 2800 nobilis
507 2771 672 2800 meretrix*
684 2793 692 2807 ‚
710 2778 787 2809 quse
803 2770 905 2800 etiam
923 2777 999 2799 cuin
1014 2767 1211 2798 Alexandro

233 2815 270 2844 in
285 2815 410 2845 Persas
426 2815 547 2846 abiisse
553 2815 690 2854 fertur,
706 2816 761 2846 l’l.
782 2818 837 2847 179
854 2823 931 2846 cum
946 2816 1032 2845 nott.

192 2859 284 2891 Timo
301 2860 372 2899 (pro
385 2862 528 2900 θεομισής
547 2861 685 2900 ponitur)
701 2864 760 2892 Αυ.
782 2864 869 2893 1549.
883 2861 975 2892 Timo
989 2860 1209 2900 implacabilis,

234 2907 401 2937 Furiarum
416 2915 567 2947 propago,
583 2907 748 2947 improbus
771 2917 871 2948 nsque
887 2916 1022 2944 exosus,
1041 2907 1209 2937 mulierum

232 2961 354 2992 amans,
370 2955 449 2993 Lys.
467 2956 640 2985 808-820.
659 2954 746 2990 Quid
765 2954 806 2985 de
828 2963 864 2985 eo
881 2953 1053 2995 Neanthes
1078 2955 1210 2984 narret.

236 2999 400 3031 Conditus
418 3001 468 3030 est
482 3002 516 3030 in
534 3001 704 3031 inaccesso
722 3001 880 3040 sepulcro
897 3002 932 3031 in
948 3002 1003 3031 via
1019 3008 1062 3031 ex
1080 3001 1212 3031 Pirceeo

235 3046 282 3077 ad
295 3048 462 3077 Zosterem
475 3048 510 3077 et
524 3048 669 3077 Sunium
683 3046 827 3078 ducente
837 3071 845 3084 ‚
861 3049 933 3078 808.

193 3092 353 3124 Timoclea
374 3091 519 3132 epistatis
537 3092 932 3133 Tliaemoplloriazusaruin
956 3094 991 3124 in
1013 3094 1040 3124 T
1039 3092 1211 3132 hesmoph.

199 3186 361 3218 Timocles
380 3184 529 3224 archon,
548 3186 641 3225 Vesp.
659 3187 730 3216 283.

201 3233 417 3270 Timocrates,
429 3233 533 3271 pater
547 3233 675 3263 Orestoe
687 3232 908 3271 qrassatoris,
924 3233 980 3262 Αυ.
1000 3232 1089 3261 1487.

201 3280 390 3311 Timocreon
417 3278 567 3310 Rhodius
579 3302 588 3317 ,
610 3280 713 3318 poeta
743 3277 873 3317 lyricus
890 3287 900 3307 .·
926 3278 998 3316 ejiis
1025 3276 1150 3307 scolion
1178 3277 1213 3306 in

237 3325 394 3363 Plutum,
410 3325 490 3356 Ach.
506 3328 577 3363 532,
592 3326 661 3355 not.
677 3327 760 3355 Ran.
783 3326 871 3354 1302.

196 3371 395 3409 Timotheus,
409 3370 751 3402 diezAtheniensium
764 3369 964 3408 ditissimus,
979 3368 1069 3400 oedes
1086 3368 1212 3400 altissi-
1241 3403 1245 3417 Ι

237 3426 312 3449 mas
324 3419 392 3449 sice
405 3420 525 3449 turrem
540 3417 600 3448 sibi
613 3416 824 3453 condiderat,
835 3416 1089 3453 obselicitatem
1104 3424 1213 3447 canus
1239 3434 1246 3454 1

2194 219 2273 250 6319

1301 298 1332 327 ct
1348 297 1525 337 superbus,
1543 298 1660 337 postea
1675 295 1812 334 infelix,
1830 297 1881 328 Pl.
1901 299 1969 328 180.
1988 298 2157 335 Quomodo
2170 301 2275 338 picto-

1300 352 1354 373 res
1373 345 1447 383 esus
1466 343 1614 375 victoriis
1632 343 1824 382 illuserint,
1839 344 1918 375 ibid.
1935 345 2040 376 Multi
2060 346 2222 377 Timothei
2239 347 2273 376 ih

1300 391 1467 421 conurdiis
1484 393 1664 428 notantur,
1680 389 1722 420 ib.

1259 435 1484 468 Tintinnahula
1501 438 1605 468 serunt
1621 438 1824 475 inspectores
1840 437 2016 469 custodum
2031 441 2100 469 sire
2116 441 2273 470 circuito-

1302 491 1366 519 res,
1379 487 1437 514 Ac.
1455 486 1513 514 822
1527 487 1560 514 et
1570 483 1676 514 schol.
1694 483 1950 514 Tintinnabulis
1962 486 2193 524 ertorantur
2210 494 2275 517 non

1300 529 1411 559 solum
1428 530 1603 567 custodes,
1622 538 1666 559 an
1686 530 1822 567 riqitent
1837 554 1844 567 ,
1867 530 1925 561 secl
1949 534 2052 563 etiam
2071 535 2147 572 equi
2170 535 2203 564 et
2223 542 2276 564 co·

1303 576 1463 613 turniceS,
1483 584 1527 606 an
1544 578 1612 606 sint
1624 584 1808 614 piiqnaees,
1828 578 1903 616 Lys.
1924 580 1995 616 43³,
2015 581 2099 609 Ran.
2116 580 2165 610 78.

1267 620 1400 659 Tiphys,
1417 621 1564 660 diemon,
1583 623 1675 661 resp.
1697 625 1783 652 1038.

1265 667 1399 706 Tiryns,
1415 668 1497 699 urbs
1512 671 1649 708 Arqira,
1670 670 1751 698 Han.
1769 671 1846 707 Arq.
1870 670 1928 699 11⁷.

1260 714 1443 745 Tisamenus
1465 723 1486 745 a
1514 716 1654 745 Cornicis
1679 716 1929 752 perstrinqitur
1956 717 1993 746 ut
2020 719 2222 755 pereqrinus
2247 720 2279 748 et

1303 759 1459 798 verbero,
1478 760 1556 791 Ach.
1575 764 1645 791 603.
1670 762 1883 791 Tisamenum
1913 761 2143 802 Theopompus
2166 765 2282 803 appet-

1305 805 1390 836 Iam't
1401 808 1533 844 Sacanz,
1549 806 1735 837 barbarum
1749 815 1792 836 (11
1806 808 1970 837 Sacarum
1985 811 2082 847 qcnte
2100 810 2278 845 Thracica,

1303 854 1439 891 patrem
1453 855 1617 884 Acestoris
1630 855 1721 884 δαί-α’
1740 854 1872 891 trayici,
1891 856 1944 883 Ar.
1961 858 2010 884 31.

1266 900 1476 934 Tisamenus,
1497 901 1600 938 pater
1614 899 1812 938 Aqathonis,
1831 902 1912 929 Itan.
1933 903 1983 931 83.

1262 944 1424 984 Tisiades,
1439 953 1534 976 senex
1547 945 1645 984 judex
1661 947 1693 975 in
1713 947 1824 983 l'espis
1840 947 1911 976 401.

1263 991 1409 1029 Titanes,
1429 994 1485 1023 Av.
1508 994 1578 1023 469.
1609 991 1784 1023 Titanibus
1804 991 1940 1029 dejectis
1960 993 2121 1032 Juppiter
2140 997 2279 1034 reqnat,

1308 1039 1401 1077 l'esp.
1416 1041 1486 1069 846.
1506 1040 1608 1069 Titan
1624 1040 1763 1077 Iapetus,
1784 1038 1875 1068 Nub.
1891 1041 1961 1069 998.

1263 1083 1420 1115 Tithonus
1439 1084 1490 1123 (de
1503 1094 1578 1116 seue
1591 1085 1726 1121 dictum)
1739 1108 1747 1123 ,
1767 1093 1903 1115 summa
1919 1087 2054 1117 senecta
2073 1088 2106 1117 in
2130 1087 2285 1119 cicadam

1306 1139 1436 1169 versus,
1455 1131 1535 1162 Ach.
1556 1134 1627 1162 688.

1270 1177 1418 1212 Tithras,
1430 1177 1532 1216 filius
1549 1176 1748 1214 Pandionis,
1764 1185 1785 1207 a
1803 1185 1868 1217 quo
1887 1177 2062 1216 Tithrasii‚
2081 1180 2166 1209 Rau.
2183 1182 2252 1211 477.

1264 1223 1430 1254 Tithrasiae
1452 1227 1630 1263 Gorgones,
1648 1232 1670 1255 a
1687 1223 1784 1254 demo
1799 1225 1908 1255 Attico
1924 1225 2022 1264 cujus
2038 1225 2224 1264 populares
2246 1230 2286 1258 ut

1307 1270 1452 1309 improbi
1469 1271 1650 1308 notantur,
1669 1272 1755 1301 [lan.
1771 1271 1843 1300 477.

1270 1316 1455 1354 Tithrasii,
1478 1325 1590 1356 paqus
1615 1318 1747 1347 Atticus
1767 1315 1898 1355 AEqeidi
1921 1315 2027 1347 tribui
2055 1326 2214 1349 accensus
2229 1341 2237 1355 ‚
2265 1328 2287 1350 a

1310 1363 1491 1394 Tithrante
1516 1362 1705 1394 Pandionis
1725 1362 1798 1401 filio
1821 1374 1831 1394 :
1856 1364 2027 1394 notantur
2054 1366 2094 1395 ut
2121 1365 2286 1405 improbi,

1310 1412 1394 1441 Ran.
1411 1413 1482 1441 477.

1266 1455 1482 1495 Tlepolemus,
1501 1456 1590 1487 Nub.
1612 1459 1701 1494 1266,
1718 1457 1755 1486 in
1776 1457 1966 1494 Licymnio,
1981 1455 2113 1494 sabula
2129 1459 2289 1490 Xenoclis

1309 1504 1453 1542 traqici,
1474 1504 1507 1533 in
1533 1511 1602 1542 qua
1621 1502 1776 1533 Alcmene
1798 1501 1882 1532 dicit
1905 1504 2120 1540 Licymnium
2143 1507 2288 1535 occisum

1307 1557 1377 1580 esse
1394 1554 1414 1580 a
1434 1550 1633 1589 Tlepolemo.
1654 1549 1721 1580 Alii
1746 1549 1977 1588 Tlepolemum
2000 1549 2196 1582 histrionem
2217 1553 2287 1582 tra-

1307 1597 1419 1634 qieum
1436 1596 1556 1627 dicunt
1569 1595 1721 1634 Sophocli
1735 1594 1926 1633 addictum,
1948 1598 2038 1626 1264.

1267 1642 1438 1672 Tonstrina
1460 1652 1466 1672 :
1491 1642 1523 1672 in
1542 1642 1708 1672 tonstrinis
1724 1641 1937 1673 desidentium
1961 1644 2147 1673 otiosorum
2173 1652 2290 1674 sermo-

1309 1696 1376 1726 nes·‚
1390 1689 1443 1720 Pl.
1460 1691 1518 1720 338
1531 1691 1563 1720 et
1575 1689 1679 1719 schol.

1273 1735 1300 1764 T
1297 1743 1434 1766 onsuroe
1449 1738 1575 1775 species
1591 1735 1684 1772 duce,
1698 1734 1840 1772 σκάφιον,
1857 1738 1967 1771 κῆπος,
1984 1737 2041 1765 Αυ.
2061 1738 2131 1766 806.
2146 1739 2290 1766 Tonsura

1310 1783 1438 1822 misam
1455 1782 1540 1813 dicta
1555 1782 1702 1819 servilis,
1721 1783 1748 1812 T
1747 1780 1851 1811 hesm.
1870 1783 1942 1819 838,
1950 1780 2006 1820 fr.
2030 1784 2098 1812 195.

1269 1831 1409 1865 Τοξόται.
1432 1828 1510 1860 Πάθ
1522 1828 1657 1867 Scythae.

1274 1876 1537 1908 Trachiniorunz
1557 1883 1618 1905 rex
1635 1876 1738 1913 Ceyx,
1754 1875 1812 1904 Αυ.
1829 1877 1900 1904 250.

1268 1922 1455 1963 'tragelaphi
1469 1921 1675 1961 (Capricervi)
1694 1920 1779 1960 apud
1793 1920 1971 1959 AEschylum
1985 1943 1994 1958 ,
2015 1920 2123 1959 quales
2136 1921 2168 1951 in
2182 1923 2292 1954 aulacis

1309 1969 1440 2001 Persicis
1455 1968 1541 2008 pingi
1557 1968 1674 2004 solent,
1692 1970 1776 1998 Ran.
1792 1969 1850 1998 937
1865 1975 1916 2006 sq.

1269 2016 1409 2055 'rragicoe
1428 2014 1606 2046 saltationis
1622 2014 1759 2044 imitatio
1777 2015 1811 2044 in
1840 2015 1952 2053 l'espis
1978 2015 2054 2044 1484
2077 2022 2150 2055 sqq.
2173 2016 2291 2055 Traqi-

1309 2071 1426 2094 corum
1442 2061 1664 2103 τερατολογίαι,
1678 2063 1736 2091 Aa.
1752 2063 1832 2098 Ara.
1853 2061 1874 2090 I
1878 2061 1907 2090 I.

1275 2109 1453 2147 Traqa’dta
1467 2116 1577 2148 quare
1592 2107 1687 2137 dicta
1698 2131 1706 2145 ‚
1724 2109 1834 2137 varice
1847 2107 2027 2136 sententioe
2039 2128 2047 2143 ,
2067 2105 2164 2136 Prot.
2181 2108 2230 2147 X,
2249 2107 2268 2138 b
2280 2133 2289 2147 ,

1314 2156 1483 2186 119-124.
1510 2152 1690 2192 Ti·aqoedia
1715 2151 1881 2192 quomodo
1897 2151 2048 2189 differat
2064 2160 2085 2181 a
2108 2152 2290 2191 comoedia,

1309 2201 1394 2232 Prot
1426 2202 1485 2238 IV,
1507 2203 1543 2231 27
1565 2208 1635 2240 sq.;
1649 2201 1723 2237 IX,
1740 2207 1782 2236 a,
1799 2203 1836 2228 62
1850 2207 1942 2237 sqq.,·
1958 2206 1991 2236 p.
2012 2199 2120 2235 XIX,
2139 2200 2177 2229 73
2193 2207 2265 2239 sqq.
2278 2211 2291 2237 ;

1313 2249 1373 2286 IX,
1392 2247 1421 2285 b,
1441 2251 1471 2277 11
1491 2255 1579 2286 sqq.;
1599 2247 1642 2284 X,
1662 2245 1692 2282 b,
1708 2246 1840 2284 57—75,
1862 2247 2032 2274 108—112.
2052 2243 2153 2274 Chori
2173 2246 2293 2284 trayoe-

1311 2294 1378 2325 dice
1402 2302 1566 2333 personas
1589 2292 1618 2322 ἐν
1643 2295 1707 2326 ταῖς
1732 2291 1842 2326 ἐξόδοις
1865 2289 2028 2328 praecedit
2051 2291 2084 2319 et
2107 2292 2292 2322 comitatur

1313 2341 1456 2377 tibicen,
1480 2341 1569 2378 resp.
1588 2342 1657 2369 582.
1685 2341 1786 2377 Reqes
1803 2339 1837 2368 in
1856 2335 2026 2375 trayoeclia
2043 2336 2156 2370 ξυστίδι
2172 2339 2291 2369 amicti

1311 2385 1513 2426 procedunt,
1531 2385 1619 2416 Ναὶ).
1638 2388 1687 2416 70.

1271 2433 1510 2472 Tranquillitas,
1529 2432 1665 2471 Ἡσυχία
1679 2429 1869 2470 ἀγανόφρων,
1885 2431 1944 2460 Αυ.
1967 2431 2055 2459 1321.

1279 2483 1374 2511 Trias
1392 2479 1533 2518 epoilica
1549 2477 1644 2518 quid,
1663 2480 1719 2508 Ar.
1742 2479 1829 2507 1731.

1272 2525 1400 2556 Triballi
1417 2525 1472 2562 dii,
1488 2528 1546 2555 Αυ.
1564 2527 1655 2561 1529,
1673 2522 1756 2552 ultra
1773 2524 1897 2552 ceteros
1922 2519 2102 2551 habitantes
2114 2543 2122 2558 ,
2136 2521 2291 2559 utpopu-

1315 2573 1369 2603 lus
1391 2571 1624 2603 Triballorum
1640 2568 1775 2600 habitat
1790 2568 1890 2599 ultra
1908 2568 2090 2605 Gioeciam,
2109 2570 2200 2605 1553,
2219 2566 2290 2598 sch.

1318 2622 1405 2649 1520.

1272 2665 1430 2695 'rrihallus
1448 2663 1528 2694 deus
1555 2664 1590 2693 in
1617 2661 1741 2693 Avibus
1764 2659 1914 2690 indecoro
1935 2661 1968 2690 et
1990 2658 2154 2690 Thracica
2181 2658 2292 2689 habitu

1314 2710 1557 2742 Nubicuculiam
1573 2708 1702 2739 advenit
1722 2707 1846 2745 legatus
1863 2714 1881 2736 a
1897 2705 1959 2735 diis
1986 2713 2060 2734 cum
2087 2707 2234 2744 Neptuno
2261 2708 2293 2736 et

1315 2758 1448 2789 Hercule
1463 2781 1471 2795 ,
1494 2758 1568 2787 1567
1593 2763 1666 2795 sqq.
1692 2753 1847 2793 Loquitur
1871 2753 1905 2782 ut
1930 2751 2060 2787 intelligi
2087 2759 2149 2780 uon
2168 2750 2292 2790 possit,

1318 2806 1393 2836 1617
1407 2827 1415 2841 ,
1434 2806 1510 2834 1628
1525 2802 1600 2832 coll.
1619 2804 1695 2832 1680
1709 2809 1757 2839 sq.
1776 2798 1902 2829 Herculi
1922 2797 2130 2836 astipulatur,
2151 2799 2227 2828 1678
2240 2805 2290 2837 sq.

1277 2851 1478 2883 Tribunalia
1492 2848 1630 2880 Athenis
1648 2849 1779 2886 φονικῶν
1793 2847 1826 2876 et
1840 2845 2015 2883 δημοτικῶν
2028 2867 2038 2880 ,
2056 2843 2109 2873 Pl.
2130 2845 2186 2873 277
2214 2852 2291 2873 cum

1316 2901 1410 2930 nota.
1445 2895 1650 2928 Tribunalia
1669 2893 1793 2923 dii-ersi
1818 2891 1954 2928 coloris,
1989 2891 2080 2928 l'esp.
2112 2891 2201 2926 1110,
2233 2889 2286 2920 Pl.

1317 2947 1387 2982 277,
1403 2952 1444 2975 ez
1461 2941 1639 2974 Aristotele
1651 2963 1659 2978 ‚
1676 2941 1734 2970 278
1746 2962 1753 2976 ,
1771 2945 1846 2968 cum
1871 2938 1962 2967 nota.
1988 2937 2029 2966 In
2058 2934 2291 2966 tribunalibus

1314 2991 1381 3022 duo
1394 2989 1470 3022 cadi
1485 2987 1715 3028 ponebantur,
1729 2992 1842 3015 oeneus
1858 2984 1893 3014 et
1907 2983 2050 3021 liquem,
2071 2989 2215 3021 quorum
2236 2981 2291 3012 hic

1314 3039 1423 3076 ἄκυρος
1442 3060 1450 3075 ,
1477 3038 1512 3066 in
1530 3034 1630 3065 illum
1658 3032 1770 3063 solunt
1795 3029 1978 3068 sussraqia
1994 3027 2289 3066 demittebantur,

1315 3085 1458 3126 γοίριναι,
1473 3080 1683 3113 concharum
1698 3078 1836 3117 species,
1857 3077 1920 3116 Eq.
1942 3078 2030 3106 1150.

1279 3119 1398 3164 Tribus
1414 3129 1684 3163 Atheniensium,
1702 3123 1802 3164 φυλαί.
1826 3122 1990 3154 Tribuum
2005 3120 2119 3152 heroes
2132 3120 2289 3159 eponymi

1314 3177 1489 3210 duodecim
1503 3173 1794 3206 eteorumstatuoe
1807 3169 2087 3209 adprytaneunn
2098 3168 2181 3197 Pac.
2198 3168 2286 3196 1183.

1315 3224 1406 3256 Adde
1433 3222 1634 3260 Archagetae,
1663 3218 1844 3257 Eponymi.
1876 3214 2043 3247 Tribuum
2064 3211 2222 3253 proesecti
2251 3213 2289 3242 in

1316 3271 1456 3304 tabellis
1472 3267 1694 3309 proscribunt
1710 3266 1848 3296 nomina
1864 3264 1992 3294 civium
2007 3261 2117 3292 tribus
2130 3267 2204 3291 suae
2225 3258 2288 3290 sub

1313 3321 1410 3359 siqna
1425 3318 1636 3352 vocatorum,
1650 3315 1707 3344 Αυ.
1724 3313 1794 3342 450.
1811 3309 1948 3342 ,Iudices
1967 3317 2010 3340 ex
2034 3315 2170 3347 quaque
2196 3305 2290 3337 tribu

1314 3366 1433 3397 detecti
1466 3364 1574 3399 sorte,
1604 3369 1625 3391 a
1651 3357 1874 3390 thesmotheta
1899 3358 1931 3387 et
1952 3354 2075 3392 scriba,
2107 3354 2199 3392 Vesp.
2215 3354 2286 3383 7:⁷5.

1313 3412 1428 3444 'fribus
1445 3410 1636 3442 Athenarum
1653 3405 1799 3437 certatim
1824 3404 1882 3434 sibi
1906 3403 2062 3441 expetunt
2084 3400 2289 3439 pra-stantem
