2533 3808
303 232 402 264 631..

343 309 439 345 cltat;
454 304 594 346 jucunda
611 312 684 343 quae
700 302 808 333 sutura
824 301 874 332 est
890 301 1072 332 otiosorum
1087 301 1228 331 virorum
1243 299 1309 329 vita

342 356 371 386 ei
387 353 516 390 arridet,
531 354 562 382 et
577 350 645 380 abit
667 358 740 379 cum
764 357 864 379 uxore
883 348 915 378 in
933 349 1050 386 sorum,
1069 350 1245 378 583—727.
1267 346 1313 376 Ad

341 408 462 431 coenam
475 399 595 428 lautam
606 395 704 433 veuit,
717 393 789 425 felix
803 394 994 433 praedicatus
1004 394 1045 424 ob
1059 393 1153 424 talem
1169 401 1312 429 uxorein,

345 449 421 477 1125
439 454 454 475 3
504 467 509 473 .

303 453 510 524 anliolheqeqa
540 485 816 528 (Alexandrina),
842 486 931 518 Nub.
958 489 1030 518 967.
1063 486 1142 518 Vide
1166 487 1313 518 Alexan-

342 539 457 569 drina.

303 584 421 614 Roedas
440 581 677 623 philosophus,
698 581 734 611 in
759 587 859 619 quem
881 580 1040 620 Diphilus
1068 588 1207 611 carmen
1229 582 1313 610 scri-

336 632 426 669 psit,
451 631 491 660 ut
510 636 646 659 servum
667 635 745 658 eum
770 626 950 665 exhibens;
976 627 1066 668 quod
1099 628 1177 658 toeto
1199 628 1314 657 animo

340 677 421 707 tulit
433 675 567 712 Boedas,
586 674 676 705 Nub.
693 676 743 705 96.

301 723 406 754 ⁸wethi
427 724 503 761 (non
517 722 567 752 est
580 721 799 759 Aristophanis
813 720 947 759 fabula),
963 728 998 759 p.
1016 720 1088 757 445,
1105 719 1135 751 b.

302 771 417 802 amoti.
441 770 573 799 Eorum
595 769 629 798 et
659 766 916 798 Atheniensium
946 766 1073 797 bellum
1089 765 1130 797 de
1156 766 1310 802 Celoenis,

338 818 419 846 Pac.
432 818 502 845 890.
515 815 619 844 Boeoti
635 822 657 843 a
671 812 856 843 Thracibus
868 813 1004 852 expulsi·
1015 812 1109 843 sedes
1123 816 1314 852 quaerentes

337 862 518 892 inveniunt
532 862 567 890 in
590 859 764 890 Thessalia
782 858 829 889 ad
844 860 1087 898 Paqaseticum
1111 862 1237 898 sinum,
1256 861 1313 892 ubi

336 906 525 946 offendunt
548 913 664 936 corvos
679 904 773 935 albos
795 912 877 944 qicos
901 906 994 944 sequi
1016 906 1198 936 oraculum
1208 907 1315 945 J'usse-

338 956 410 992 rat,
426 954 480 985 Pl.
497 955 570 991 604,
592 952 682 983 Nub.
703 954 770 982 133.
787 955 812 982 Α
824 952 940 982 Bfflotis
962 953 1134 983 transitum
1162 956 1315 993 rogabant

338 1000 548 1031 Athenienses
563 999 701 1038 Delphos
718 997 906 1037 profecturi,
921 1000 979 1029 Av.
1007 1002 1063 1030 189
1078 1001 1110 1030 et
1124 1000 1195 1031 sch.
1214 1002 1314 1032 Boeoti

340 1045 570 1085 κολλικοφάγοι,
602 1045 682 1076 Ach.
713 1045 784 1075 872.
819 1043 970 1074 Vendunt
998 1044 1096 1083 gallos
1124 1046 1314 1083 gallinaceos

341 1096 369 1124 et
386 1091 484 1131 (qnod
499 1091 540 1121 ob
560 1090 740 1121 tibicinium
757 1089 980 1120 Thebanorum
997 1091 1098 1122 tacete
1117 1092 1258 1132 additur)
1274 1094 1315 1123 ci·

337 1139 452 1176 cadas,
482 1140 559 1175 871,
586 1138 618 1167 et
640 1136 701 1166 alia
730 1135 887 1175 plurima,
915 1138 1089 1168 874-884,
1116 1139 1313 1178 Συοὸοιωτοί,

340 1186 506 1216 Cratinus
521 1185 604 1214 Pac.
627 1185 697 1214 741.
713 1184 909 1213 Boeotorum
923 1181 1019 1212 boves
1036 1184 1236 1223 σκατοφάγοι,
1258 1187 1312 1217 Pl.

337 1234 397 1263 706
410 1239 437 1261 c.
456 1232 548 1261 nota.
562 1231 667 1260 Boeoti
682 1228 907 1260 Phocensibus
920 1230 1101 1260 oraculum
1113 1230 1314 1269 Delphicum

337 1277 491 1308 ablaturi
506 1277 693 1306 vincuntur
715 1275 759 1306 ab
782 1274 1060 1314 Atheniensibus,
1082 1278 1138 1307 Al).
1174 1281 1244 1307 556.
1270 1282 1313 1308 Ex

337 1324 435 1363 Phyle
459 1323 558 1353 boves
579 1325 766 1362 rapuerunt,
795 1321 875 1353 Aeli.
914 1325 1009 1362 lO23;
1038 1323 1106 1363 ipso
1134 1323 1258 1356 Choum
1283 1328 1315 1357 et

338 1370 532 1408 Chytrorum
549 1369 629 1399 sesto
641 1368 851 1407 irruptionem
866 1369 898 1400 in
915 1378 1008 1408 agros
1033 1371 1154 1402 Atticos
1181 1371 1312 1410 faciunt,

341 1419 419 1447 1076
437 1424 486 1455 sq.
511 1417 575 1445 Eos
592 1415 662 1445 odit
688 1415 884 1454 Lamachus,
911 1416 990 1447 Ach.
1015 1418 1085 1446 624.
1108 1419 1188 1448 Sunt
1212 1419 1315 1449 hostes

339 1461 592 1498 Atheniensium,
610 1462 673 1500 Eq.
699 1462 769 1491 479.
788 1461 886 1492 Boeoti
901 1465 1069 1493 vocantur
1083 1465 1140 1503 qui
1157 1473 1234 1503 pace
1251 1474 1314 1495 non

337 1510 486 1540 videntur
499 1508 648 1547 gaudere,
661 1509 740 1538 Pac.
757 1510 827 1538 466.
844 1510 1014 1540 Nimirum
1028 1510 1138 1541 Alcaeo
1153 1512 1315 1543 archonte
1340 1501 1346 1508 ’

336 1556 485 1587 inducite
511 1559 548 1586 50
578 1562 749 1585 annorum
767 1554 901 1594 fiebant
921 1557 1012 1586 inter
1040 1557 1259 1589 Athenienses
1282 1561 1314 1589 et

337 1602 609 1634 Lacedoeinonios
632 1609 704 1631 una
720 1609 798 1631 cum
813 1603 909 1631 sociis
932 1604 1062 1641 prceter
1083 1605 1227 1642 Boeotos,
1258 1607 1314 1636 Co-

337 1649 495 1685 rinthios,
512 1648 624 1685 Eleos,
639 1649 779 1678 auctore
794 1647 1008 1686 Philochoro,
1019 1649 1063 1679 ib.
1077 1652 1192 1681 Erant
1205 1651 1314 1683 hostes

338 1694 597 1727 Atheniensibus
611 1693 694 1724 dum
709 1693 958 1725 Lacedaemonii
974 1696 1154 1727 Deceleam
1171 1705 1312 1737 occupa-

340 1743 436 1781 bant,
466 1744 523 1772 Av.
556 1743 625 1771 189.
657 1742 799 1771 Boeotios
831 1749 964 1781 quoque
996 1742 1124 1781 leqatos
1158 1743 1314 1782 adfuisse

338 1789 469 1828 oportet
487 1789 522 1818 in
539 1787 656 1818 altera
668 1788 773 1826 parte
789 1788 1008 1826 Lysistratoe,
1024 1791 1100 1828 Lys.
1126 1792 1216 1828 1242,
1234 1792 1309 1823 coll.

341 1839 430 1866 1108.
450 1834 564 1871 Boeoti,
578 1835 654 1872 Lys.
671 1836 723 1871 35,
740 1835 790 1871 40,
807 1836 868 1864 etc.
882 1835 1078 1865 Boeotorum
1091 1837 1124 1865 et
1139 1836 1315 1867 Athenien-

330 1883 429 1921 ,sium
443 1880 607 1920 συμμαχία
624 1881 712 1910 inita
730 1879 862 1910 biennio
879 1882 959 1910 ante
973 1880 1238 1919 hancfabulam
1255 1884 1310 1921 (ot.

340 1931 392 1965 96,
411 1928 454 1966 2),
473 1928 554 1956 teste
572 1925 793 1963 Philochom,
817 1926 911 1956 Eccl.
932 1929 1044 1957 193.-
1057 1928 1098 1957 In
1117 1927 1312 1960 Acharneu-

338 1974 429 2004 sibus
445 1973 573 2003 amotus
592 1972 688 2002 homo
704 1971 821 2002 Thebis
838 1972 970 2003 advenit
985 1973 1016 2002 in
1031 1972 1135 2003 forum
1151 1974 1312 2015 Dicceopo-

341 2020 427 2059 ndis,
450 2019 606 2058 plurimas
629 2026 749 2049 merces
770 2019 907 2049 Boeotias
928 2018 1030 2049 ferens
1047 2023 1078 2050 et
1101 2021 1311 2053 venditurus:

338 2065 580 2097 Atheniensium
603 2064 764 2095 mercibus
781 2064 822 2095 ad
843 2065 1091 2104 permutandum
1114 2066 1244 2107 oblatis,
1258 2069 1312 2099 do-

337 2122 428 2143 mum
445 2111 654 2142 auferendum
671 2111 788 2150 accipit
801 2112 1044 2151 sycophantam,
1064 2115 1237 2146 860-958,

299 2159 417 2190 noeotia
430 2158 580 2196 εὐπεδιάς,
598 2160 672 2197 Lys.
687 2160 725 2188 88
743 2159 775 2188 et
793 2158 864 2188 sch.
880 2161 1094 2189 Recensentur
1107 2169 1179 2198 quae
1193 2162 1312 2193 Boeotia

336 2206 366 2236 in
377 2206 514 2235 Atticam
525 2212 643 2235 venum
658 2203 785 2243 mittat,
797 2206 878 2235 Pac.
898 2207 1109 2236 1003--1005,
1126 2209 1187 2237 Est
1200 2208 1313 2249 ὀρνιθο-

334 2253 453 2293 τρόφος,
472 2254 559 2282 1003.
578 2251 714 2282 Multus
730 2252 764 2281 in
782 2259 823 2282 ea
843 2259 974 2289 caseus,
992 2253 1053 2284 Ea.
1073 2254 1144 2284 479.
1166 2256 1312 2286 Boeoticae

335 2308 457 2330 merces
471 2299 600 2329 decreto
614 2297 795 2337 prohihitae‚
812 2300 886 2337 Lys.
902 2301 963 2328 702
976 2307 1024 2337 sq.
1043 2300 1173 2330 Boeotiae
1186 2303 1309 2340 anguil-

334 2346 387 2384 loe,
405 2354 421 2376 e
439 2346 516 2376 lacu
535 2343 697 2383 Copaide,
724 2346 798 2383 Lys.
816 2347 867 2383 36,
888 2348 959 2382 702,
979 2345 1034 2384 fr.
1061 2350 1131 2377 333.
1162 2350 1311 2379 Boeotica

334 2391 515 2429 dialectus,
541 2391 620 2422 Ach.
646 2392 718 2428 796,
746 2393 817 2428 871,
845 2393 916 2422 889.
944 2393 1093 2424 Boeotica
1115 2393 1310 2433 harmonia,

338 2439 400 2477 Eq.
420 2440 491 2468 989.

294 2484 448 2514 numium
460 2507 469 2521 ,
485 2482 576 2513 modi
591 2484 711 2514 musici
728 2491 831 2523 oenus
848 2492 869 2514 a
895 2484 1092 2524 Terpandro
1109 2487 1285 2520 inventum
1298 2515 1309 2529 ,

336 2529 415 2561 Ach.
439 2532 486 2559 13.

295 2575 434 2606 amotius
453 2575 504 2613 (?),
529 2573 729 2613 Taqen.,sr.
751 2577 822 2606 430.

295 2621 369 2652 Boni
383 2621 478 2659 genii,
489 2621 614 2660 Ἀγαθοῦ
623 2621 775 2659 δαίμονος,
787 2621 938 2660 poculum
947 2624 1101 2661 primum
1110 2625 1309 2663 vocabatur,

335 2667 578 2698 circumlatum
588 2668 665 2705 post
677 2675 820 2704 coenam,
835 2669 896 2707 Eq.
917 2671 966 2698 85.
983 2669 1033 2699 Ib.
1053 2673 1121 2707 106,
1140 2672 1217 2702 Pac.
1235 2675 1307 2711 300,

341 2716 433 2753 l'esp.
451 2718 520 2744 525.
538 2712 742 2744 sumebatur
757 2715 878 2743 mensis
898 2714 1043 2746 sublatis
1056 2739 1066 2753 ,
1090 2718 1123 2747 et
1147 2719 1309 2756 poculum

334 2768 457 2791 rursus
473 2759 692 2798 implebatur,
716 2761 810 2798 l'esp.
828 2761 906 2790 5255

297 2812 406 2838 Boreas
418 2814 552 2845 magnus
575 2806 756 2845 irrumpens
771 2807 805 2836 in
823 2808 1007 2838 Persarum
1024 2808 1167 2841 classem
1182 2811 1229 2842 ad
1245 2815 1308 2844 Ar-

335 2855 522 2891 temisium,
542 2855 634 2891 Vesp.
656 2854 745 2882 1124.
764 2854 893 2883 Boreas
910 2855 942 2884 et
958 2854 1012 2884 Sol
1038 2856 1212 2893 insabula
1237 2867 1308 2890 cer-

336 2901 426 2937 tant,
444 2901 523 2930 uter
539 2900 664 2929 viatori
682 2899 809 2939 σισύραν
822 2900 867 2930 sit
883 2901 1064 2939 exuturus,
1087 2904 1166 2934 Han.
1190 2908 1277 2936 1159.

297 2948 358 2977 Ros
372 2948 405 2976 in
420 2945 634 2976 didrachmis
656 2944 922 2984 Atheniensium,
950 2948 1006 2976 Ar.
1031 2952 1117 2979 1106.
1150 2950 1224 2982 Πάε
1250 2956 1303 2982 (le-

335 2992 426 3023 strini
439 2991 551 3029 boves,
570 2990 730 3030 Epirotici.

298 3037 473 3074 Brasidas‚
490 3036 563 3067 dux
578 3036 922 3075 Lacedoemoniorum,
946 3038 1203 3079 Tellidisfilius,
1224 3044 1304 3074 Pac.

335 3087 393 3114 282
407 3107 414 3121 ‚
431 3085 466 3114 in
482 3083 566 3122 Pylo
583 3085 703 3113 contra
718 3084 975 3115 Demosthenem
990 3088 1123 3124 puynat
1135 3111 1144 3124 ,
1162 3089 1194 3118 et
1211 3088 1307 3128 suqit

335 3130 464 3168 abjecto
480 3131 584 3166 scuto,
605 3131 666 3168 Eq.
687 3133 734 3159 55.
751 3130 917 3161 Brasidas
940 3131 1059 3169 effecit
1081 3135 1120 3163 ut
1136 3135 1247 3165 Scione
1264 3136 1307 3165 ab

334 3175 595 3206 Atheniensibus
613 3175 827 3214 descisceret,
868 3179 960 3216 I'esp.
984 3181 1053 3208 210.
1077 3183 1155 3209 Cum
1178 3182 1306 3212 masida

316 3222 436 3262 ,facere
451 3221 654 3251 insimulatur
674 3222 861 3262 Bdelycleon
883 3223 915 3253 in
938 3225 1048 3263 I'espis
1073 3227 1144 3255 475.
1169 3228 1306 3259 Brasidsc

337 3266 442 3297 favere
458 3266 588 3298 dictum
602 3275 666 3306 pro
682 3268 874 3306 λακωνίζειν,
889 3271 970 3300 Pac.
995 3272 1066 3300 640.
1083 3270 1214 3301 Athenis
1229 3272 1306 3302 lace-

338 3313 425 3342 ratus
439 3312 650 3350 sermonibus,
669 3315 739 3343 641.
762 3318 829 3344 Dux
852 3315 1169 3346 Lacedaemoniorum
1193 3319 1306 3349 Brasi-

336 3357 399 3388 11113
413 3358 562 3389 occubuit
577 3358 607 3388 in
621 3358 754 3389 Thracia
767 3359 813 3390 acl
828 3361 1058 3399 Amphipolin,
1070 3361 1112 3392 ib.
1130 3365 1304 3402 282-281,

335 3405 407 3435 octo
422 3405 590 3436 iriensibus
604 3407 683 3436 ante
699 3405 823 3438 editam
839 3406 1114 3446 hancsabulain,
1131 3409 1174 3440 ib.
1187 3412 1235 3441 48.
1259 3413 1304 3441 1ιό
1331 3429 1337 3446 1

974 217 1126 254 INDEX
1155 215 1386 253 NOMINUM
1417 215 1481 252 ET
1510 216 1700 254 RERUM.

1413 302 1446 332 et
1465 302 1585 333 Cleone
1600 304 1746 333 mortuis
1763 302 1911 334 inducite
1926 304 2132 335 tricennales
2148 303 2326 335 inibantur
2339 307 2384 336 in-

1415 349 1466 378 ter
1481 349 1696 379 Athenienses
1712 351 1743 380 el
1761 350 2032 389 Peloponnesios,
2051 352 2114 389 Eq.
2138 352 2226 381 1392.

1373 396 1511 424 Brauron
1526 419 1535 433 ,
1557 404 1668 434 passus
1690 397 1831 434 Atticm,
1854 396 1913 427 ubi
1933 397 2055 427 niultce
2076 398 2286 434 meretrices,
2304 399 2384 428 Pae.

1415 443 1484 471 874.
1503 441 1555 471 Ibi.
1581 443 1746 480 Dionysia
1763 442 1997 481 celebrantur,
2014 445 2092 482 Lys.
2119 443 2177 473 645
2202 444 2286 481 not„
2303 445 2385 474 Pac.

1414 489 1484 517 874.
1504 489 1700 518 Brauronia
1714 490 1848 526 Diana,
1875 491 1930 520 cui
1946 489 2142 528 ἀρκτεύονται
2165 491 2312 528 viraines
2334 492 2389 521 At-

1415 534 1489 563 ticce
1506 533 1686 563 Braurouiis
1703 533 1816 572 sesto,
1840 536 1917 573 Lys.
1941 537 2012 567 645.
2041 537 2242 567 Brauronia
2270 538 2387 567 Diana

1414 578 1716 617 (1]111(ἰ1)111’[(11(ῖα3,
1735 582 1789 610 Av.
1812 583 1882 611 874.

1373 625 1555 663 Brauronia,
1562 625 1709 664 festum.
1732 626 1808 657 Vide
1825 630 1976 657 Brauron.

1373 671 1489 702 Brettia
1513 672 1621 711 lingua
1644 673 1734 711 nigra
1761 673 1934 704 vehemens
1960 673 2018 713 (ab
2043 675 2281 714 Tyrrhenorum
2311 674 2390 706 urbe

1413 718 1540 757 Bretto)
1554 718 1623 757 ‚sr.
1640 721 1710 751 719.

1374 765 1597 796 Britomartis
1615 765 1767 805 nympha
1783 767 1819 796 in
1835 767 2015 796 venatione
2030 766 2159 796 retibus
2182 766 2303 797 incidit
2317 777 2326 797 :
2349 775 2392 797 ea:

1415 810 1537 849 quibus
1550 819 1571 841 a
1586 813 1702 842 Diana
1717 811 1876 850 liberata,
1892 813 2074 851 Dictynnce
2090 814 2213 842 Dianae
2227 813 2392 851 templum

1415 856 1581 895 condidit,
1597 861 1684 889 Ran.
1704 861 1793 889 1356.

1373 903 1531 941 Bromius,
1552 904 1681 935 Thesm.
1699 908 1770 936 991.
1786 904 1912 935 Bromia
1926 904 2096 943 festivitas,
2115 906 2288 944 Dionysia,
2303 904 2393 934 Athe—

1415 949 1465 979 nis
1478 950 1672 982 adventante
1688 960 1773 990 vere,
1791 951 1880 982 Nub.
1897 954 1967 982 311.

1374 996 1571 1034 Bucephalus
1585 1006 1697 1037 equus,
1705 997 1762 1036 fr.
1784 1001 1850 1028 135.
1865 997 2087 1037 Bucephalus
2103 1005 2208 1036 equus
2224 995 2335 1027 dictus
2354 996 2393 1027 ob

1416 1041 1524 1072 bovini
1540 1044 1826 1083 capitisfiquram
1839 1045 1868 1074 ei
1882 1046 2045 1080 inustam,
2061 1044 2101 1074 ut
2115 1042 2305 1073 Alexandri
2320 1042 2391 1080 ille,

1415 1089 1470 1117 cui
1493 1092 1630 1120 mortuo
1656 1090 1874 1129 Bucephalea
1899 1090 1983 1121 urbs
2010 1091 2179 1129 tanquam
2201 1096 2394 1120 monumen-

1417 1135 1490 1164 tum
1503 1135 1546 1165 ab
1561 1144 1636 1175 reye
1650 1136 1804 1174 condita,
1824 1136 1912 1167 Nub.
1930 1140 1979 1167 23.

1374 1179 1476 1218 Bulbi,
1490 1181 1734 1220 aphrodisiaci,
1750 1183 1843 1213 Eccl.
1861 1186 1950 1213 1092.

1374 1226 1511 1264 Bupalus
1528 1251 1536 1265 ,
1564 1230 1618 1258 cui
1640 1229 1780 1259 verbera
1802 1231 1958 1260 minatus
1979 1230 2057 1260 erat
2078 1230 2288 1268 Hipponax,
2312 1229 2391 1266 Lys.

1416 1276 1486 1304 301.

1376 1319 1546 1358 Bupalus,
1557 1319 1655 1360 filius
1666 1321 1840 1353 Archenni
1854 1321 2010 1361 artificis,
2027 1323 2086 1352 Av.
2103 1323 2175 1352 574.

1374 1365 1550 1405 euphonia,
1566 1366 1704 1405 festum
1720 1370 1816 1398 vetus
1830 1391 1838 1406 ,
1856 1368 1946 1407 quod
1961 1369 2039 1407 post
2065 1367 2230 1406 mysteria
2253 1365 2394 1410 solitum

1416 1413 1472 1450 assi
1493 1411 1635 1451 dicunt,
1661 1415 1697 1444 in
1726 1422 1791 1454 quo
1812 1414 1925 1444 boz-em
1946 1416 2104 1445 mactant
2134 1415 2170 1444 in
2192 1414 2393 1443 memoriam

1410 1459 1517 1496 primi
1533 1458 1622 1489 bovis
1640 1461 1673 1490 in
1691 1461 1775 1490 Arce
1791 1462 1933 1491 mactati
1957 1460 1997 1491 ob
2016 1459 2222 1490 devoratum
2250 1458 2394 1497 Diipolis

1415 1512 1555 1536 sacrum
1576 1506 1694 1537 libum.
1715 1506 1826 1538 Schol.
1857 1509 2000 1539 Venetus
2023 1508 2186 1538 Minervae
2210 1507 2267 1545 aqi
2288 1505 2391 1541 dicit,

1416 1551 1506 1581 Nub.
1524 1554 1595 1582 985.

1373 1598 1521 1636 Busiris,
1539 1598 1595 1629 Pl.
1618 1601 1686 1631 178.

1374 1644 1527 1682 Butali0,
1542 1644 1582 1675 ob
1599 1645 1826 1677 stoliditatem
1840 1647 1994 1684 notatus,
2014 1647 2101 1676 Ran.
2119 1648 2192 1677 990.

1373 1691 1537 1729 Buzyqes,
1564 1699 1744 1731 coynomen
1762 1694 1995 1731 Demostrati,
2014 1693 2072 1732 qui
2095 1691 2138 1723 ab
2167 1690 2338 1732 Eupolide
2354 1692 2393 1722 ut

1406 1735 1570 1774 furiosus
1586 1739 1741 1777 notatur,
1759 1740 1835 1777 Lys.
1855 1741 1925 1769 397.

1373 1784 1467 1820 Byrsa
1483 1782 1578 1813 dictae
1595 1784 1726 1814 Athenae
1744 1787 1810 1824 (per
1827 1784 1957 1823 lusum),
1972 1785 2107 1822 Dram.,
2123 1783 2178 1823 fr.
2197 1785 2267 1814 280.

1373 1829 1515 1868 Byrsine,
1532 1832 1633 1861 mater
1654 1830 1870 1870 Hippiaestcta
1883 1839 1948 1869 pro
1965 1828 2157 1868 Myrrhine,
2178 1832 2239 1869 Eq.
2256 1832 2328 1860 449.

1374 1875 1557 1913 Byzantium
1575 1886 1581 1906 z
1601 1876 1643 1907 ibi
1659 1876 1747 1906 numi
1762 1876 1866 1914 ferrei,
1883 1879 2011 1913 tenues,
2029 1876 2125 1913 mali,
2141 1876 2227 1906 Nub.
2248 1879 2316 1907 249.
2334 1880 2391 1907 Cu-

1414 1920 1529 1951 stodiae
1546 1923 1690 1961 Byzantii
1704 1922 1743 1952 ab
1760 1931 1793 1953 se
1810 1923 1886 1953 olim
1902 1924 1981 1953 actae
2004 1921 2218 1952 meminerunt
2233 1931 2324 1953 senes
2341 1924 2391 1953 At-

1413 1968 1469 1999 tici
1487 1970 1522 1999 in
1544 1971 1654 2009 Vespis
1671 1971 1731 2001 236
1744 1979 1816 2011 sqq.

1853 2057 1902 2101 C.

1374 2159 1500 2190 Cabiri.
1517 2161 1648 2191 Eorum
1663 2161 1826 2199 mysteria
1842 2162 1876 2191 in
1891 2159 2128 2198 Samothrace,
2145 2162 2228 2191 Pac.
2247 2162 2317 2190 278.
2340 2161 2391 2191 Iis

1413 2208 1543 2237 initiati
1559 2207 1730 2238 habentur
1739 2208 1831 2246 J'usti
1848 2210 1880 2239 et
1903 2209 2090 2239 servantur
2116 2209 2150 2238 in
2168 2207 2336 2247 periculis
2359 2209 2393 2237 et

1414 2253 1684 2293 tempestatibus,
1702 2253 1785 2284 ibid.

1371 2305 1511 2336 Cadmus
1525 2307 1679 2344 Agenoris
1694 2305 1787 2343 lilius,
1809 2305 1920 2336 relicta
1933 2305 2063 2337 Sidonia
2083 2305 2160 2335 urbe
2171 2328 2180 2343 ,
2200 2304 2327 2335 Thebas
2340 2312 2389 2335 ve-

1413 2355 1475 2391 nit,
1491 2353 1658 2392 Euripides
1672 2352 1806 2383 Phrixo
1823 2352 1946 2390 altero,
1966 2355 2052 2384 Ran.
2074 2356 2150 2383 1125
2163 2360 2234 2392 sqq.
2261 2354 2389 2383 Oracu-

1414 2399 1487 2429 lum
1502 2400 1531 2429 ei
1549 2398 1722 2428 redditum
1738 2407 1768 2429 v.
1787 2399 1820 2429 in
1840 2401 1934 2429 nota.

1371 2451 1489 2482 Cmcias
1504 2453 1634 2488 ventus,
1651 2453 1713 2491 Eq.
1733 2453 1804 2482 437.

1370 2508 1515 2541 Caenum,
1529 2503 1634 2533 καινόν
1648 2504 1813 2542 (Novum),
1829 2504 1923 2534 locus
1937 2505 1972 2534 in
1979 2503 2066 2542 foro
2073 2503 2249 2543 jitdiciali,
2264 2505 2306 2535 ut
2318 2506 2388 2535 Pa-

1411 2550 1585 2589 rabyston,
1611 2551 1789 2587 Triqonon,
1806 2551 1931 2588 Meson‚
1956 2552 2048 2589 Vesp.
2072 2554 2138 2581 120.

1370 2603 1568 2633 Calaminlha
1587 2602 1713 2641 planta
1743 2603 1832 2633 male
1857 2602 1950 2633 olens
1968 2626 1977 2641 ,
2005 2611 2074 2642 qua
2109 2604 2190 2633 usta
2216 2605 2388 2643 serpentes

1410 2649 1565 2687 abibunt,
1586 2649 1677 2679 Ecct.
1693 2651 1763 2679 648.

1369 2700 1560 2738 Calchedon,
1582 2702 1640 2739 [sq.
1660 2702 1727 2731 174.
1747 2700 1948 2731 scliotiastoe
1966 2700 2081 2739 lequnt
2099 2701 2279 2732 carchedon
2292 2698 2339 2740 ,1.
2357 2711 2384 2734 e.

1412 2746 1642 2784 Carthaqena.
1671 2749 1713 2775 Eo
1731 2745 1967 2785 expeditionem
1992 2755 2103 2785 parare
2127 2747 2244 2777 dicitur
2269 2750 2386 2788 Hyper-

1411 2792 1521 2829 bolus,
1539 2791 1581 2821 ib.
1606 2795 1695 2822 1303.

1371 2845 1451 2875 (1111
1457 2845 1505 2876 uli
1539 2843 1789 2883 suffraJioiuin
1817 2845 1990 2884 perforati
2026 2845 2260 2884 damnabant,
2292 2847 2385 2886 pleni

1409 2891 1650 2927 ίιΙ)311Ι1-1Ι111111’,·
1667 2891 2070 2933 11Ι112οριοι,11[11ἅκυροι,
2097 2894 2201 2934 lesp.
2211 2895 2282 2924 937
2308 2893 2385 2925 Vide

1409 2937 1578 2975 0111111111ῃ1
1596 2937 1721 2976 1111,.1111

1370 2990 1518 3026 Callias,
1538 2991 1563 3019 I‘
1566 2989 1732 3027 litenippi
1736 2988 1850 3027 silius,
1870 2993 1926 3021 Ab.
1946 2993 2025 3030 283,
2056 2989 2256 3029 dactuchus,
2283 2999 2384 3023 sacra

1408 3037 1497 3065 reste
1515 3034 1657 3065 indutus
1671 3036 1702 3064 in
1718 3035 1944 3067 Marathonia
1956 3045 2089 3075 puyna,
2104 3036 2161 3066 ubi
2176 3035 2303 3075 effosso
2317 3036 2383 3068 the-

1407 3088 1512 3111 sauro
1527 3080 1617 3110 dices
1630 3082 1773 3111 erasisse
1785 3081 1924 3119 dicitur,-
1939 3084 1988 3113 ter
2001 3090 2108 3113 curru
2121 3083 2198 3112 vicit
2213 3082 2381 3121 Olympia,

1407 3126 1642 3166 quarefilium
1659 3127 1848 3166 appellarit
1864 3130 2110 3167 Hipponicum,
2130 3127 2220 3159 Nub.
2239 3129 2291 3158 64.

1367 3179 1480 3209 Callias
1503 3178 1669 3217 Hipponici
1687 3178 1810 3217 fitius,
1833 3181 1984 3218 paterna
2012 3179 2098 3209 bona
2115 3187 2180 3219 per
2205 3179 2381 3210 lasciviam

1407 3225 1608 3263 absumpsit,
1633 3226 1737 3254 etiam
1753 3225 1900 3255 machus
1919 3225 2147 3264 deprehensus
2160 3237 2173 3263 ;
2189 3225 2284 3256 'satis
2300 3231 2378 3264 per-

1406 3272 1548 3301 strictus
1561 3271 1603 3300 ab
1622 3270 1790 3309 Eupolide
1805 3272 1837 3301 in
1860 3271 2115 3302 Adulatoribus.
2140 3273 2165 3302 A
2178 3272 2288 3310 primo
2303 3269 2379 3301 Cal-

1408 3318 1458 3348 lia
1483 3316 1662 3356 Pluenippi
1682 3316 1762 3356 filio
1783 3317 1845 3348 sibi
1870 3319 2108 3348 successerunt
2136 3317 2319 3356 Hipponici
2346 3317 2378 3346 et

1409 3363 1531 3393 Falliaae
1548 3364 1774 3401 alternantes,
1791 3366 1846 3394 Ar.
1863 3367 1922 3395 283
1935 3366 1966 3394 et
1984 3365 2052 3394 not.
2078 3361 2378 3402 Perstrinqebatur

1408 3412 1508 3440 etiam
1526 3418 1546 3440 a
1564 3411 1717 3448 Cratino,
1734 3412 1795 3450 Eq.
1815 3413 1885 3442 527.
1901 3410 2014 3442 callias
2027 3408 2375 3449 Hippobiui‚pro}1ip-
