2517 3792
86 1641 93 1645 “
139 1639 335 1676 annotavit
354 1641 500 1676 Hemst.
520 1654 528 1675 ε

1099 202 1262 240 PLUTI.

145 301 376 340 Terdmnach
400 314 410 334 .·
434 301 550 339 Alica,
572 299 664 331 laete
677 303 818 329 acetoso
839 301 951 336 cocta,
970 301 1005 327 ct
1015 301 1148 327 szccata

140 375 293 400 rursum,
317 372 402 408 quoe
420 356 646 405 postmodum
673 357 708 387 ιή
731 352 824 387 cibos
841 354 957 386 Ammo
976 361 1144 399 par-mur,

139 434 162 455 (ι
186 420 444 455 Turi-ornamus
464 416 656 461 Imprimis,
680 416 786 458 inque
809 412 1060 458 li›·‹·1›11'susane
1078 422 1149 444 ser—

139 486 251 513 vatur.
280 473 470 512 Permulta
488 469 754 519 complectitur
782 469 907 517 lingua
929 472 1146 504 Graecorum

140 533 316 582 vulgaris,
339 528 546 580 przesertim
565 529 601 563 in
623 526 815 568 arborum,
836 525 1054 569 herbarum,
1073 523 1150 559 ani-

139 591 320 627 mantium
337 616 346 632 ‚
371 599 573 634 rerumque
597 584 826 621 naturalium
854 583 1072 626 vocabulis,
1104 594 1148 617 ex

138 647 306 685 Orientis
333 644 503 681 sontibus
525 642 752 686 derivandam
785 656 868 691 quae
892 640 1100 691 primordia
1121 639 1149 674 si

138 704 335 753 Ducangio
365 704 530 752 penitius
562 702 715 737 fuissent
749 707 968 749 perspecta,
1004 709 1150 734 errores

138 775 228 800 sane
249 775 325 799 non
346 774 487 810 paucos
511 760 679 808 effugere
703 758 900 807 potuisset.
928 758 1070 792 Hmisr.

196 834 294 857 1002
319 820 392 856 hoc
413 820 548 855 Oidine
572 819 608 854 iu
629 821 670 853 V.
663 845 690 861 .‚
711 832 767 853 και
791 831 869 867 περι
888 818 948 860 ’ἧς
964 812 1151 864 παροιμίας

137 877 498 929 ταύτης-παροιμίαν
531 877 637 913 ἐλθεῖν
661 890 755 926 φασι.
790 876 819 911 οἱ
859 873 895 910 δέ
923 887 1024 924 φασιν
1046 870 1097 908 ὅτι
1117 871 1150 906 ἐν

138 938 583 990 τοῖς-ἄλκιμοιΜιλήσιοι.
605 937 747 980 Ἄλλως.
767 950 898 987 ισγυροι
911 950 976 972 ποτ
1003 937 1151 979 ἠσαν-·

139 1000 280 1051 υστερον
319 998 355 1036 δὲ
389 995 660 1048 δυστυχουντων.
698 995 805 1031 Adde
840 995 951 1030 ctiam
979 993 1149 1029 scholion

139 1072 175 1095 v,
200 1071 268 1103 ¹07
277 1058 311 1094 5.
331 1085 372 1090 -
393 1071 412 1104 7
437 1055 521 1092 ὅπου
550 1053 788 1104 προσετίθεντο
804 1082 812 1098 ,
833 1066 984 1100 quorum
1005 1065 1044 1087 se
1054 1065 1149 1099 par—

138 1117 230 1154 tibus
266 1117 533 1162 adjungerent,
564 1115 618 1147 ille·
649 1115 792 1146 omnino
832 1109 922 1145 bello
955 1113 1154 1157 superiores

138 1183 256 1210 erant.
289 1171 532 1224 προστίθεσθαι
557 1170 613 1205 vel
644 1168 852 1219 προσθέσθαι
876 1166 940 1204 τινὶ
964 1167 1153 1203 historicis

140 1249 183 1273 ea
212 1235 354 1271 virtute
384 1234 576 1283 frequens.
611 1231 848 1280 Phrynichus
872 1233 889 1267 6
912 1228 1153 1280 στρατηγήσας

138 1292 183 1330 τὰ
207 1292 286 1345 περὶ
304 1291 446 1341 Σάμον,
469 1290 527 1327 καὶ
547 1289 723 1342 Ἀστυόγῳ
749 1288 1000 1340 προσθέμενος,
1036 1287 1152 1324 schol.

138 1351 187 1387 ad
212 1355 281 1388 Av.
312 1364 347 1387 v,
372 1350 459 1396 750.
493 1351 640 1385 Hmwr.
676 1345 806 1389 πάντας
873 1375 903 1395 .,
933 1347 997 1396 qui
1031 1346 1053 1382 8
1085 1343 1151 1381 πό-

138 1408 243 1456 λεμον
262 1405 348 1459 πρός
365 1422 472 1448 τινας.
501 1406 625 1443 Ceteri
647 1404 731 1455 πρός
759 1420 834 1441 τινα
835 1350 944 1441 νπόλε
950 1419 1023 1453 μον.
1043 1429 1081 1433 -
1110 1416 1154 1439 io

137 1465 312 1516 ἐρωτῆσαι
331 1480 389 1501 και
418 1464 502 1516 πρὸς
526 1479 604 1506 τους
624 1461 717 1504 θεους
745 1462 894 1533 ἔχρησεν
919 1466 957 1498 V
975 1463 1082 1512 ‚qui
1108 1475 1152 1498 12

137 1526 226 1570 ἦσαν
243 1522 322 1559 πότ’
336 1525 436 1568 ἠσαν.
470 1522 592 1559 Ceteri
612 1520 720 1557 παλαι
743 1516 859 1556 πότ’
836 1535 936 1566 ησαν.
958 1545 999 1552 -
1026 1521 1070 1556 13
1095 1517 1153 1555 καὶ

139 1581 218 1633 περὶ
241 1584 285 1617 V.
291 1582 389 1630 ,qui
408 1580 551 1630 Δήμων.
582 1580 704 1617 Ceteri
723 1579 853 1628 Δάμων
869 1608 879 1623 ,
915 1579 961 1615 de
979 1592 1054 1628 quo
1074 1578 1154 1614 haec

551 1638 754 1674 «Advertit
783 1650 841 1674 me
868 1638 988 1673 forma
1014 1637 1152 1673 Dorica

138 1710 326 1746 nusquam
343 1697 444 1743 alibi,
461 1705 644 1747 quantum
667 1696 864 1743 recordor,
885 1697 921 1732 in
945 1695 1057 1744 hujus
1071 1695 1155 1731 scri-

140 1755 263 1804 ptoris
282 1756 434 1792 nomine
455 1765 647 1804 usurpata.
668 1758 710 1790 In
731 1754 884 1790 scholiis
905 1763 1006 1790 certe
1020 1753 1067 1789 ad
1084 1757 1152 1789 Av.

139 1825 175 1850 v.
196 1813 268 1849 302
285 1822 341 1849 est
360 1812 514 1862 Δήμωνι
544 1813 716 1850 similiter
739 1812 784 1848 ad
814 1812 962 1849 Pindar.
992 1815 1101 1849 Nem.
1120 1825 1154 1857 7,

144 1870 230 1917 155,
254 1878 291 1907 et
311 1871 412 1921 apud
431 1871 524 1907 alios
544 1872 683 1907 multos
705 1871 744 1906 in
765 1869 1004 1906 Bibliotheca
1021 1873 1154 1906 Meur-

139 1928 185 1964 sii
206 1931 346 1974 Graeca,
370 1929 435 1978 qui
461 1937 666 1978 propterea
686 1927 816 1977 Δήμων
841 1929 902 1964 1110
927 1942 1080 1978 (1110(1110
1102 1941 1155 1964 re-

140 1985 384 2023 scribendum
412 2001 493 2024 esse
527 1989 686 2024 censuit.
723 1990 848 2023 Gente
881 1991 1006 2024 Dorus
1041 1987 1155 2023 suerit

140 2047 281 2091 Demo,
313 2045 440 2082 dicere
466 2059 542 2082 non
576 2046 698 2082 habeo
724 2061 731 2081 ε
764 2045 868 2094 quod
896 2046 925 2082 si
951 2053 1153 2088 constaret,

141 2103 253 2139 facile
277 2104 382 2140 credi
406 2112 558 2152 poterat
573 2104 756 2141 Doricum
778 2104 858 2153 ejus
877 2118 1032 2147 nomen,
1055 2104 1153 2139 111111
1183 2138 1184 2143 ,

140 2163 349 2197 Damarato
382 2168 418 2196 et
450 2164 655 2197 Demarato
691 2161 915 2207 Corinthio,

142 2274 224 2312 ticis
260 2275 376 2312 fuisse
409 2288 644 2312 conversum.
692 2276 753 2312 Sic
786 2276 1004 2324 Epichaimi
1038 2275 1154 2311 Siculi

141 2332 353 2369 fabularum
375 2333 504 2370 titulos
523 2335 659 2383 saepius
673 2333 866 2369 adducunt
883 2331 1039 2384 Πύρρα
1020 2349 1042 2377 η
1056 2334 1154 2383 Προ-

141 2383 281 2434 μηθευς,
298 2383 414 2430 “Hem
431 2385 558 2434 γάμος,
582 2387 632 2430 Γῆ
652 2400 710 2422 και
729 2385 898 2432 θάλασσα,
919 2399 980 2435 qu¹
973 2399 1030 2421 am
1056 2387 1184 2435 Προ-

143 2448 268 2498 μαθεὶνς
283 2478 293 2495 ,
318 2447 436 2490 ’Ἤὸας
466 2451 521 2486 vel
541 2448 673 2495 Ἄδας,
706 2451 758 2486 Γα
788 2458 858 2486 etc.
880 2450 1057 2494 AEliano,
1089 2450 1154 2498 qui

141 2507 341 2555 genuinam
361 2507 649 2557 inscriptionem
671 2516 898 2551 servaverat,
916 2521 962 2543 ex
981 2521 1023 2544 ea
1044 2520 1155 2543 causa

141 2577 256 2613 grave
267 2564 403 2600 vulnus
417 2574 471 2601 est
484 2567 722 2614 impressum;
736 2565 1043 2601 mendosissimus
1055 2565 1154 2601 enim

142 2620 246 2657 locus
280 2624 338 2657 De
364 2622 477 2657 anim.
514 2623 571 2667 13,
600 2629 641 2667 4,
666 2623 717 2658 ita
738 2623 987 2671 redintegrari
1011 2622 1124 2658 debet
1147 2637 1154 2658 :

142 2676 364 2730 Ἐπίχαρμος
393 2677 456 2729 μὲν
477 2680 511 2716 ἐν
531 2677 648 2721 Ἥὸας
671 2679 776 2729 γάμῳ
791 2709 800 2725 ,
834 2680 891 2717 καὶ
913 2681 964 2731 Γᾷ
987 2679 1045 2716 καὶ
1074 2681 1152 2717 Θα-

141 2734 277 2787 λάσσᾳ,
309 2736 368 2773 καὶ
397 2736 540 2788 προσέτι
573 2736 730 2780 Μώσαις.
766 2741 984 2775 Occurrunt
1014 2738 1154 2786 alioqui

144 2792 364 2840 frequenter
396 2795 476 2830 sine
508 2795 724 2831 discrimine
754 2798 902 2831 Damon
924 2804 960 2832 et
992 2799 1153 2832 Demon.

143 2849 407 2898 Pythagoreus
428 2860 484 2887 est
508 2854 702 2900 Syracusis
724 2854 908 2890 oriundus
933 2853 1033 2903 apud
1058 2857 1151 2890 Iam-

143 2905 312 2942 blichum
327 2910 488 2952 Damon,
513 2910 800 2947 notissimusille
817 2911 975 2947 Phintiae
993 2911 1153 2955 sodalis;

143 2964 345 3012 Sicyonius
363 2965 460 3001 alter
478 2969 639 3003 Demon.
664 2968 831 3005 Celebris
849 2970 1012 3005 musicus
1032 2969 1155 3005 idem-

144 3034 218 3070 que
253 3021 463 3071 disciplinae
497 3025 649 3061 moralis
688 3034 724 3061 et
758 3027 878 3063 civilis
908 3028 1153 3075 peritissimus

143 3082 290 3115 Damon
305 3109 313 3124 ,
343 3081 403 3116 cui
423 3081 586 3118 Pericles
603 3095 758 3132 operam
788 3084 891 3120 dedit
912 3100 920 3120 z
943 3084 990 3120 ab
1013 3098 1058 3120 eo
1079 3085 1154 3120 du-

145 3144 205 3173 cta
230 3137 463 3174 musicorum
481 3148 594 3183 secta,
615 3139 743 3191 αἵρεσις
762 3140 954 3191 Δαμώνιος,
976 3155 1051 3177 non
1072 3144 1155 3178 Aou-

145 3192 282 3243 μώνιος,
298 3203 337 3230 111
353 3208 553 3244 perperam
567 3197 702 3246 legitur
715 3198 753 3234 in
768 3199 1151 3247 Porphyr.Hypomn.

145 3251 192 3286 ad
214 3251 372 3289 Ptolem.
395 3255 575 3290 Harmon.
592 3282 602 3299 ,
636 3255 739 3303 quod
768 3256 994 3292 Bullialdum
1024 3257 1154 3292 fefellit

145 3310 249 3344 Nott.
269 3309 315 3346 ad
327 3310 472 3347 Theon.
493 3313 639 3360 Smyrn.
656 3326 690 3361 p.
708 3313 794 3349 ¹205.
820 3316 929 3349 Hunc
944 3317 1152 3349 Damonem

147 3372 415 3410 Atheniensem
443 3387 517 3410 non
538 3376 656 3411 solum
674 3376 864 3424 appellant
891 3376 1074 3412 Plutarch.
1097 3380 1152 3412 Dc

952 2161 1154 2209 multisque
1182 2179 1185 2196 ε

141 2218 224 2254 aliis
242 2231 314 2254 usu
334 2218 451 2263 venit,
477 2219 514 2254 in
536 2218 693 2254 sormam
716 2219 909 2266 vulgarem
931 2232 949 2254 a
968 2231 1154 2267 gramma-
1183 2241 1185 2244 v

2143 213 2214 244 597

1211 303 1301 326 mus.
1324 303 1357 340 p.
1382 291 1488 338 1136,
1507 295 1546 337 E,
1570 301 1605 329 et
1621 293 1756 330 Athen.
1782 298 1838 337 14,
1856 307 1891 342 p.
1917 295 2004 337 628,
2022 298 2069 337 C,
2091 295 2153 330 scd
2182 304 2218 330 ct

1211 350 1429 385 testularum
1449 351 1627 399 suffragia
1644 379 1652 395 ,
1675 350 1813 399 quibus
1834 350 2078 387 labefactatus
2098 352 2219 400 patria

1210 408 1330 442 caruit
1350 437 1358 453 ‚
1391 417 1520 457 aperte
1551 409 1753 445 ostendunt
1785 423 1792 444 :
1820 409 1996 457 quocirca
2033 410 2093 444 vix
2127 410 2217 445 1111111

1208 463 1365 500 dubium
1396 466 1543 502 videtur
1560 495 1568 510 ‚
1594 468 1683 515 quin
1709 481 1791 502 cuin
1815 468 1935 515 ipsum
1969 467 2220 516 designaverit

1209 523 1391 570 Stephan.
1413 525 1447 560 in
1470 523 1566 569 ⁸02,
1599 524 1729 573 Δάμων
1755 524 1961 572 Δαμωνίδου
1985 525 2133 562 Ὄαθεν·
2172 527 2216 561 ad

1212 579 1309 614 illam
1343 580 1471 628 itaque
1504 594 1675 617 normam
1703 582 1926 618 Plutarchus
1961 582 2220 618 emendandus

1210 639 1247 673 in
1270 639 1400 674 Pericl.
1419 653 1452 688 p.
1481 653 1493 674 1
1505 640 1564 684 57,
1582 644 1611 675 A
1626 668 1634 684 ,
1652 640 1942 689 συμβόυλεύοντος
1958 642 2050 692 αὐτῷ
2063 641 2223 688 Ansium-J-

1210 696 1268 732 δου
1287 699 1344 732 τοῦ
1364 695 1512 741 Ὄαθεν,
1536 711 1610 732 11011
1626 727 1634 741 ,
1661 699 1762 746 (111011
1788 700 1977 735 Meursius
2000 699 2222 734 autumabat

1178 754 1181 796 Ι
1210 756 1266 789 De
1293 767 1379 802 pop.
1404 758 1480 789 Att.
1499 783 1508 802 ,
1529 753 1655 798 Οἴηθεν
1673 769 1680 790 :
1700 756 1766 791 nisi
1794 757 1876 804 quis
1898 765 2055 799 statuat,
2079 756 2156 791 haec
2175 756 2222 791 ah

1213 811 1301 859 ipsis
1325 810 1517 847 veteribus
1545 825 1611 860 per
1629 826 1822 860 errorem,
1851 828 1961 863 quen)
1994 814 2123 850 fecerit
2155 827 2222 849 ex-

1211 869 1414 906 cusabilem
1433 870 1629 918 perspicua
1646 870 1838 907 literarum
1855 873 2036 919 vicinitas,
2053 872 2223 920 aliquan-

1212 928 1260 963 do
1283 928 1396 964 fuisse
1416 927 1583 963 confusa.
1626 931 1731 964 Hunc
1758 930 1889 965 saltem
1911 930 2159 966 Demonidein
2189 937 2224 964 rt

1211 987 1316 1022 illum
1344 986 1595 1022 Damonidem
1631 1000 1704 1021 non
1741 988 1852 1023 fuisse
1881 987 2050 1024 diversos
2077 988 2224 1023 verosi—

1212 1044 1407 1080 millimum
1428 1052 1546 1091 put03
1580 1043 1739 1091 ideoque
1762 1045 1876 1093 magis
1901 1045 2040 1089 miror,
2062 1045 2151 1094 quid
2179 1045 2225 1079 sit

1213 1102 1315 1167 quod
1335 1101 1560 1137 Plutarchus
1579 1102 1819 1140 11111101110111
1849 1103 1895 1138 de
1916 1104 2047 1152 piiniae
2073 1102 2226 1150 syllabae

1213 1161 1250 1197 in
1276 1159 1407 1208 Δάμων
1408 1160 1659 1229 ⁶quantitati:
1678 1160 1856 1210 Δάμωνα,
1882 1161 2003 1210 inquit
2024 1174 2059 1210 p.
2082 1174 2091 1195 1
2105 1161 2165 1203 13,
2185 1162 2225 1202 1⁴,

1213 1221 1250 1255 Οὑ
1268 1217 1351 1269 φασὶ
1373 1217 1441 1253 &ew
1460 1216 1612 1267 τῦῦνθμα
1636 1219 1827 1269 βραγῦνθνῖ
1831 1234 1852 1255 α
1876 1217 1937 1262 τὴν
1958 1232 2128 1268 προ-ἱρᾶν
2146 1230 2227 1253 GU!-

1212 1275 1322 1321 *mg-tv
1343 1277 1422 1326 e'xzp:
1410 1275 1521 1327 ’ρειν·
1547 1277 1598 1313 sic
1615 1277 1735 1321 enim,
1763 1277 1832 1313 nisi
1853 1289 1871 1312 a
1894 1276 2059 1324 legitima
2081 1289 2098 1310 1
2101 1275 2226 1310 atione

1214 1336 1447 1372 aberraverit
1469 1349 1644 1385 perversa
1671 1337 1851 1386 loquendi
1871 1334 2128 1379 consuetudo,
2151 1348 2224 1370 non

1213 1409 1233 1431 a
1257 1394 1375 1444 δῆμος,
1397 1393 1541 1443 Δήμων,
1558 1395 1688 1444 Δάμων
1702 1425 1711 1443 ,
1736 1395 1800 1431 sed
1818 1394 1863 1430 ab
1881 1394 1950 1430 alia
1970 1406 2124 1442 prorsus
2145 1393 2225 1428 ori—

1214 1453 1312 1502 gine,
1330 1454 1506 1490 nimirum
1520 1467 1540 1490 a
1553 1454 1669 1490 verbo
1684 1453 1794 1501 δάμω,
1809 1452 1909 1489 1111110
1921 1452 2056 1500 δαμάω,
2073 1449 2225 1499 δαμᾶζω,

1215 1511 1461 1548 derivandum
1488 1512 1596 1548 soret.
1630 1516 1750 1560 Atque
1778 1512 1838 1547 hic
1856 1515 2002 1547 Damon
2021 1539 2030 1555 ‚
2063 1519 2223 1558 11130101·-

1214 1584 1326 1619 quam
1348 1571 1393 1607 de
1412 1580 1491 1607 arte
1507 1572 1648 1607 musica
1669 1572 1766 1607 forte
1785 1571 1969 1620 quaedam,
1994 1570 2088 1605 nihil
2107 1568 2226 1605 literis

1214 1629 1366 1665 videtur
1398 1630 1622 1666 mandasse:
1649 1629 1818 1666 diversus
1846 1643 1960 1678 ergo,
1991 1629 2057 1678 (11ιί
2085 1627 2225 1662 Atticas

1214 1688 1460 1737 antiquitates
1483 1697 1519 1724 et
1537 1689 1734 1724 historiam
1764 1688 1992 1737 composuit.
2013 1704 2027 1718 »
2041 1715 2079 1718 -
2100 1691 2140 1728 il,
2161 1699 2226 1720 πο-

1213 1744 1320 1793 λέμου
1347 1759 1420 1782 0111.
1442 1749 1486 1781 V.
1499 1747 1593 1794 1,]111
1619 1745 1894 1796 Ἀμπρακιώτας.
1927 1745 2047 1782 Ceteri
2071 1741 2225 1793 Ἀμέρα-

1214 1802 1350 1842 κιώτας.
1373 1820 1387 1834 τι
1403 1806 1496 1840 Cum
1513 1803 1767 1840 Ambraciotis
1784 1812 1889 1839 tanto
1909 1812 2092 1838 terrarum
2114 1802 2229 1836 inter-

1215 1861 1312 1897 vallo
1332 1861 1527 1910 disjunctis
1548 1862 1639 1910 quid
1662 1862 1822 1899 Caribus
1848 1874 2012 1911 unquam
2035 1861 2131 1904 fuit,
2164 1867 2228 1894 aut

1215 1932 1293 1955 esse
1326 1919 1449 1967 potuit
1483 1920 1653 1968 negotii?
1693 1925 1750 1956 An
1791 1919 2035 1956 metuendum
2067 1926 2150 1954 erat
2181 1930 2228 1952 ne

1216 1977 1433 2027 longinquis
1448 1978 1758 2026 expeditionibus
1776 1979 1870 2014 alter
1887 1978 2050 2027 populus
2072 1977 2228 2013 alterius

1214 2036 1305 2072 fines
1327 2036 1484 2072 infestos
1498 2035 1655 2072 haberet
1671 2038 1687 2074 ἶ)
1706 2037 1857 2073 Dixerit
1875 2036 2029 2085 aliquis,
2051 2048 2126 2070 non
2148 2047 2228 2070 esse

1215 2107 1362 2130 causam
1377 2124 1386 2139 ,
1421 2106 1489 2130 cur
1511 2093 1585 2130 hoc
1609 2094 1814 2132 absurdum
1838 2094 2033 2139 videatur,
2064 2094 2091 2129 si
2112 2093 2227 2129 modo

1182 2164 1185 2171 ·
1216 2152 1351 2188 vetusti
1384 2152 1567 2201 temporis
1596 2152 1782 2188 rationem
1815 2151 2054 2188 attendamus
2078 2163 2085 2187 τ
2112 2152 2226 2186 Caras

1214 2209 1370 2257 quippe,
1395 2209 1579 2257 Pelasgos,
1604 2210 1780 2258 Lelegas,
1810 2209 1929 2246 Sellos
1951 2208 2104 2244 mutatis
2131 2206 2222 2242 suh-

1214 2267 1302 2303 inde
1319 2267 1474 2304 sedibus
1493 2267 1672 2304 AEtoliam
1697 2268 1786 2304 olim
1802 2295 1811 2310 ‚
1837 2276 1873 2303 et
1891 2267 2141 2304 Acarnaniam
2159 2295 2168 2314 ,
2189 2275 2226 2302 ct

1213 2331 1472 2377 Thessaliam,
1507 2333 1597 2381 quin
1631 2340 1668 2368 et
1695 2332 1814 2380 ipsam
1841 2331 2001 2380 Epirum
2038 2330 2223 2366 tenuisse:

1209 2391 1287 2440 jam
1313 2391 1404 2426 nihil
1424 2390 1566 2435 obstat,
1588 2391 1809 2440 quominus,
1833 2390 1987 2439 quando
2007 2389 2060 2425 ibi
2090 2402 2225 2425 consc-

1215 2449 1362 2494 derunt,
1387 2448 1526 2485 bellum
1547 2449 1728 2485 adversus
1745 2449 1940 2498 proximos
1960 2446 2224 2484 Ambraciotas

1215 2508 1355 2544 fuerint
1372 2508 1507 2544 moliti.
1536 2512 1584 2544 At
1605 2509 1634 2543 si
1658 2507 1756 2556 quis,
1785 2515 1825 2543 ut
1841 2506 1984 2543 nodum
2002 2514 2222 2555 praesenteni

1214 2566 1425 2615 expediat,
1459 2565 1503 2601 ad
1536 2566 1821 2602 remotissimam
1861 2565 1962 2600 illam
2004 2564 2223 2600 memoriam

1182 2640 1185 2646 >
1214 2624 1450 2670 ascenderit,
1476 2624 1526 2669 is,
1551 2637 1696 2671 quaest),
1717 2624 1869 2672 cogitet,
1888 2622 2127 2659 Ambraciam
2146 2629 2223 2657 tum

1182 2648 1185 2716 l
1215 2696 1261 2718 ne
1278 2682 1467 2718 conditam
1489 2682 1640 2730 quidem
1664 2681 1800 2725 fuisse3
1826 2689 1969 2717 tantum
1999 2679 2129 2723 abest,
2147 2687 2187 2715 ut
2204 2693 2224 2715 a

1214 2740 1371 2778 Caribus
1393 2740 1519 2776 vexari
1536 2740 1705 2789 potuerit
1721 2754 1728 2775 :
1751 2746 2001 2788 praeterquam
2019 2735 2123 2784 quod
2141 2736 2224 2771 ani-

1215 2798 1450 2834 madvertere
1462 2798 1509 2833 sit
1530 2797 1710 2846 proclive,
1727 2809 1810 2845 quae
1824 2795 1870 2831 de
1885 2794 2042 2831 Caribus
2056 2793 2116 2828 hic
2135 2805 2224 2828 nar—

1215 2864 1356 2900 rantur,
1379 2855 1424 2890 ad
1450 2855 1559 2903 longe
1582 2855 1798 2890 inferiorem
1817 2860 1962 2889 aetatem
1987 2864 2067 2887 esse
2086 2850 2222 2885 demit-

1215 2913 1354 2950 tenda.-
1373 2912 1523 2948 Erroris
1547 2911 1694 2956 cubile,
1728 2919 1767 2946 ut
1787 2919 1879 2958 puto
1897 2938 1906 2954 ‚
1931 2906 2220 2957 liquidissimum

1212 2973 1251 3007 in
1285 2969 1436 3006 modum
1459 2969 1665 3013 detectum;
1695 2968 1796 3016 quod
1819 2966 1965 3003 tametsi
1998 2965 2221 3014 plerumque

1213 3041 1371 3078 pronam
1392 3026 1498 3061 simul
1521 3026 1564 3061 ad
1584 3025 1883 3061 emendationem
1899 3022 2103 3060 eruendam
2120 3021 2220 3056 viam

1180 3052 1184 3114 l
1213 3092 1494 3125 commonstret,
1511 3096 1643 3119 vereor
1660 3082 1846 3131 equidem,
1866 3094 1912 3118 ne
1929 3093 2033 3130 spem
2051 3086 2220 3116 nostram

1214 3143 1274 3179 hic
1290 3143 1504 3178 frustretur.
1527 3140 1621 3176 Mihi
1637 3153 1720 3188 quae
1738 3139 1880 3175 dudum
1900 3138 2118 3188 scrupulum
2134 3149 2219 3173 eum

1213 3199 1369 3249 agitanti
1389 3199 1425 3234 in
1452 3206 1614 3233 mentem
1631 3197 1815 3241 venerint,
1835 3195 2003 3233 breviter
2018 3206 2218 3244 exponam,

1213 3256 1467 3306 sagacioribus
1492 3255 1651 3303 ingeniis
1681 3254 1726 3290 ad
1757 3254 1994 3290 excitandam
2018 3253 2217 3289 veritatem

1215 3315 1311 3350 sorte
1339 3315 1547 3361 profutura.
1588 3311 1821 3348 Ambraciam
1854 3311 1953 3361 apud
1981 3310 2214 3359 Stephanum

1217 3372 1386 3421 proxime
1416 3370 1613 3419 praecedit,
1648 3371 1698 3405 sic,
1722 3379 1762 3405 ut
1793 3371 1920 3405 oculos
1953 3369 2118 3416 effugere
2145 3380 2213 3402 ne—
