2517 3792
1072 164 1236 203 PLUTl.

102 258 213 296 ὀπίσω
236 261 342 310 ponit
363 260 407 297 Θ.
428 257 516 300 ὅλως
544 269 619 294 om.
641 259 685 292 V.
702 279 744 288 -
768 256 811 291 13
835 254 925 292 ἔνθεν
946 253 1003 291 καὶ
1022 251 1112 289 ἔνθεν

103 317 328 369 στρεφόμενος
350 322 468 355 Dorv.
489 341 530 348 -
553 316 597 351 15
618 312 690 351 ἔστι
712 312 794 362 μὲν,
826 315 870 349 16
900 311 956 349 ἐπὶ
978 312 1112 363 φυλακῇ

104 378 190 423 Reg.
210 374 286 420 ἤτοι
315 373 449 426 φυλακὴ
475 373 588 410 Paris.
617 396 656 402 —
684 373 727 408 18
756 370 857 423 θύρας
876 373 937 415 τῆς
969 370 1114 420 ἐχούσης

104 431 312 483 στρόφιγγας
329 432 420 481 Reg.

160 489 271 534 1155,
299 490 346 526 38
367 501 422 537 sq.
448 487 611 536 Etymol.
643 484 937 534 ΙΙαλιγκάπ-ηλος,
963 488 980 522 6
1006 499 1114 534 μετα-

103 544 240 591 ίολεὺς,
261 549 279 583 6
297 546 336 583 τὸ
356 545 439 583 αὐτὸ
456 545 632 597 ἀγοράζων
650 543 707 580 καὶ
729 545 873 580 πωλῶν·
895 544 1009 594 paulo
1030 543 1114 592 ple-

103 603 188 641 nius
207 604 418 653 Hesychius
440 619 447 640 :
465 606 482 641 6
505 602 712 652 μετάὸολος,
733 602 800 639 ὃτὸ
820 601 902 638 αὐτὸ
915 601 966 638 ἀεὶ
987 599 1112 651 ἀγορά-

103 663 169 704 ζων
186 661 244 698 καὶ
264 662 411 707 πωλῶν,
432 663 477 703 ὡς
490 660 734 703 παλίνδουλος,
755 661 773 695 6
786 657 954 699 πολλάκις
972 655 1112 694 δουλεύ-

103 733 183 761 σας·
216 719 320 769 quod
349 720 538 770 posterius
567 732 612 755 eo
649 717 833 768 pertinet,
870 725 910 752 ut
943 721 1113 757 moneat,

103 777 208 815 πάλιν
237 779 274 814 in
310 779 382 815 hoc
409 777 597 815 vocabulo
617 774 830 825 composito
855 787 931 810 non
950 770 1114 822 simplici

105 844 251 873 tantum
269 849 410 886 suaque
421 835 584 886 gaudere
596 840 781 883 potestate
791 859 801 876 ,
815 830 881 868 sed
896 829 1113 866 continuam

106 894 418 943 frequentemque
437 893 646 943 significare
660 904 718 927 rer
721 902 783 926 um
798 897 1003 931 emtarum,
1021 899 1116 922 ven-

106 950 346 1001 ditat-umque
385 948 732 987 commutationem.
774 945 879 982 Idem
918 944 1046 980 docuit
1078 943 1115 978 in

106 1007 336 1050 Παλίνσκιος·
359 1007 397 1045 τὸ
413 1007 478 1059 γὰρ
496 1006 620 1050 πάλιν,
634 1004 780 1053 inquit,
802 1003 940 1052 ἐνιαχοῦ
960 1000 1116 1038 ἐπίτασιν

107 1066 227 1111 δηλοῖ,
244 1061 863 1115 ὡςπαλιγκάπηλος,παλίμπρατος·
881 1061 934 1097 ita
955 1058 1118 1096 sciiben-

107 1123 220 1167 dum,
245 1137 320 1160 non
348 1122 634 1172 παλίμπρακτος·
652 1119 740 1156 side
757 1119 933 1156 Polluc.
919 1147 949 1164 ¹,
973 1131 1030 1163 11,
1053 1118 1118 1167 qui

107 1178 151 1217 τὰ
166 1151 321 1230 856repov
343 1177 612 1230 πιπρασκόμενα
639 1176 715 1214 dici
744 1184 850 1213 notat
867 1175 1117 1226 παλίμπρατα,

106 1238 345 1287 παλίμπωλα,
371 1236 577 1286 additque,
598 1234 657 1272 καὶ
678 1236 695 1271 6
714 1238 814 1271 τοῦτο
833 1235 960 1280 ποιῶν,
983 1232 1121 1282 παλίμ-

106 1295 241 1341 πωλος,
266 1294 532 1344 παλιγκάπηλος
546 1305 554 1314 ·
571 1306 648 1342 quo
670 1301 793 1329 tamen
813 1293 897 1329 loco
910 1321 919 1337 ,
938 1306 982 1327 ne
1000 1292 1123 1328 forma

105 1353 210 1390 vocis
237 1353 403 1402 legitima
433 1351 686 1396 desideretur,
708 1351 834 1387 malim
867 1349 1121 1398 παλιμπώλης·

108 1423 242 1448 servus
262 1411 376 1447 etiam
391 1409 608 1459 παλίμὸολος
623 1417 659 1445 et
676 1408 936 1460 παλίμπρατος,
954 1410 971 1445 6
988 1408 1124 1445 πολλά-

106 1483 158 1509 κις
185 1467 328 1519 πραθεὶς
349 1467 385 1514 3,
420 1468 512 1512 1253
545 1479 670 1516 neque
700 1479 809 1502 usum
837 1466 1028 1515 eleganter
1049 1466 1123 1502 alio

110 1526 336 1562 translatum
356 1524 560 1562 observare
580 1524 769 1573 neglexit,
799 1523 1044 1575 παλίμπρατος
1063 1522 1122 1569 τὴν

110 1581 226 1635 ὥραν,
247 1581 514 1632 παλιγκάπηλος
538 1585 597 1619 τοῦ
617 1581 763 1623 κάλλους
789 1583 825 1627 6,
859 1595 943 1627 127,
964 1589 1000 1618 et
1026 1582 1126 1617 inter

109 1641 276 1678 rhetoris
291 1640 503 1691 opprobria
515 1668 524 1686 ,
538 1638 621 1692 πρὸς
638 1638 795 1691 ἀργύριον
813 1638 948 1690 βλέπων
959 1668 968 1685 ,
991 1639 1125 1688 παλίμ-

107 1713 254 1750 πρατος·
281 1699 474 1749 pauloque
498 1706 605 1748 post,
638 1696 918 1747 παλιγκάπηλος,
940 1696 1126 1749 πεπρακὼς

109 1755 250 1794 ἑαυτόν·
284 1756 480 1806 quomodo
503 1756 549 1792 de
584 1756 718 1792 Flacco
756 1756 867 1793 Philo
902 1756 1054 1794 Judaeus
1087 1770 1123 1806 p.

110 1828 201 1864 971,
221 1818 255 1851 A
271 1830 280 1851 ;
299 1813 467 1852 Φλάκκον
488 1814 555 1860 ἤδη
577 1815 689 1863 τιμῶν
708 1813 834 1851 ἀθλίων
852 1813 1062 1864 ἐωνημένοι,
1086 1814 1124 1857 ἃς

109 1874 128 1909 6
148 1870 336 1922 δοξομανὴς
355 1871 413 1909 καὶ
433 1872 676 1923 παλίμπρατος
704 1872 911 1922 ἕλάμὸανεν.
933 1874 1031 1910 Hinc
1051 1888 1120 1910 πα-

109 1930 327 1982 λιμπράτης,
348 1943 462 1980 quem
496 1930 640 1967 Glossae
663 1938 812 1968 veteres
836 1930 1061 1983 μεταπράτην
1088 1940 1124 1968 et

110 1992 287 2024 cocionem
307 1995 469 2033 vocant,
499 2000 635 2038 parum
658 2000 678 2024 a
699 1988 959 2041 παλιγκαπῆλῳ
989 1989 1123 2037 distat3

110 2045 215 2097 quod
233 2045 477 2082 maledictum
495 2053 537 2082 ut
559 2045 741 2095 sophistis
766 2046 837 2083 fuit
851 2059 875 2083 a
893 2047 1124 2084 liberaliori-

110 2105 182 2142 bus
201 2103 444 2155 philosophis
469 2102 682 2152 objectum,
703 2104 756 2140 sic
782 2105 940 2153 perinde
964 2113 1001 2141 et
1029 2106 1124 2142 illud

111 2163 148 2199 in
165 2162 284 2212 Epist.
300 2164 445 2198 Socrat.
468 2174 508 2211 p.
528 2174 565 2206 2,
585 2162 865 2211 quemlocum
855 2163 995 2212 lusigni
1017 2176 1124 2200 men-

111 2221 159 2258 da
177 2221 379 2258 liberabo:
403 2221 478 2257 ἇλλ’
507 2219 624 2272 ὥσπερ
651 2236 728 2262 τους
747 2219 910 2273 σοφιστὰς
925 2250 958 2281 ’..
964 2222 1024 2259 καὶ
1043 2224 1122 2260 Σω-

112 2278 243 2330 κράτην
262 2277 366 2331 φαίνῃ
385 2280 540 2316 ὑπονοεῖν
557 2278 809 2365 παλιιμπράτην
826 2278 904 2316 τινὰ
926 2283 1014 2317 εἶναι
1043 2296 1128 2318 παι-

115 2337 225 2384 δείας,
239 2336 357 2375 καὶτὰ
370 2336 535 2390 πρότερον
549 2337 681 2389 γράψαι
696 2354 734 2375 ου
736 2353 760 2389 s
774 2339 924 2381 ἁπλῶς’
906 2339 1126 2391 αρνούμενον,

116 2394 193 2432 ἀλλ’
213 2394 270 2432 ἐπὶ
285 2394 441 2433 πλείοσιν
455 2394 477 2441 ἢ
493 2400 564 2438 τοῖς
581 2394 659 2433 τότε
679 2395 870 2446 δεδομένοις
887 2397 953 2435 ὑπὸ
970 2402 1048 2436 σοῦ·
1068 2399 1124 2436 le-

116 2452 290 2502 gebatur,
316 2451 536 2505 αἷρούμενον·
563 2454 639 2490 ἀλλ’
655 2452 712 2490 ἐπὶ
733 2452 869 2491 πλείοσι
887 2460 957 2498 τοῖς
979 2455 1055 2493 τότε
1075 2457 1129 2493 δι-

117 2509 273 2560 δομένοις
285 2524 293 2531 ·
313 2519 370 2548 est
387 2520 514 2548 autem
533 2512 708 2563 ἀρνεῖσθαι
722 2514 956 2549 conditionem
969 2514 1127 2551 oblatam

117 2581 295 2616 respuere.
314 2568 514 2606 Μετάὸολοι
530 2583 642 2615 vero,
661 2570 869 2620 interprete
884 2571 1018 2618 Suida,
1039 2588 1128 2625 πρα-

117 2625 332 2675 γματευταὶ,
356 2632 596 2680 μεταπρᾶται,
617 2636 653 2664 et
678 2628 899 2677 μεταὸολεῖς,
919 2630 975 2667 illi
995 2644 1130 2668 recen-

119 2683 281 2720 tioribus
300 2684 535 2731 usitatiores,
556 2685 595 2721 hi
612 2686 767 2732 Atticis,
786 2695 828 2723 ut
845 2695 950 2724 notat
965 2688 1130 2726 Thomas

117 2743 186 2786 M„
208 2749 488 2791 proptereaque
509 2743 581 2780 soli
608 2756 630 2780 a
650 2745 798 2781 Polluce
818 2747 1129 2793 commemorati,

119 2796 290 2842 καπήλοις
308 2807 345 2834 et
373 2800 652 2849 παλιγκατι-ήλοις
671 2810 747 2839 tam
773 2803 910 2849 vicini,
938 2812 981 2840 ut
1007 2804 1053 2841 iis
1071 2806 1129 2842 vel

118 2855 354 2905 explicandis
385 2856 660 2905 adhibeantur,
688 2861 748 2896 vel
779 2862 954 2931 proxime
987 2862 1131 2912 junctis

118 2912 362 2950 adhaereant:
383 2915 414 2950 οἱ
437 2929 501 2962 μετ
489 2914 637 2958 αὸολεῖς
653 2916 711 2954 και
726 2918 757 2954 οἱ
771 2920 839 2955 τῶν
854 2918 964 2956 ὠνίων
979 2919 1132 2965 κάπηλοι

119 2969 222 3020 apud
251 2973 396 3008 Socrat.
429 2974 478 3009 H.
499 2975 540 3009 E.
572 2974 609 3019 3,
643 2988 711 3023 ¹73
731 2976 896 3024 graviter
913 2985 949 3013 et
973 2978 1130 3027 figuiate

119 3027 386 3064 Demosth.1n
407 3028 598 3079 Aristogit.
619 3044 658 3081 p.
679 3031 768 3078 835,
788 3036 849 3071 C.
870 3035 897 3070 εἷ
919 3033 954 3070 δὲ
974 3033 1130 3080 κάπηλός

120 3085 194 3121 ἐστι
212 3084 397 3136 πονηρίας,
428 3086 487 3123 καὶ
506 3088 791 3137 παλιγκάπηλος,
815 3106 873 3128 και
899 3091 1081 3141 μεταὸο)
1044 3107 1128 3138 ευς,

119 3140 178 3178 καὶ
200 3156 342 3191 μονονου
363 3143 450 3192 ζυγὰ
469 3159 527 3180 και
547 3144 725 3195 σταθμὰ”
707 3161 794 3196 εχων
816 3148 949 3194 πάντα,
973 3148 1036 3185 ὅσα
1056 3148 1131 3186 πώ-

120 3199 196 3236 ποτ’
229 3197 392 3250 ἔπραξεν,
430 3199 566 3238 ἐπώλει.
603 3206 686 3239 Jam
723 3206 843 3242 nostii
874 3207 1108 3254 grammatici
1121 3235 1130 3252 ‚

122 3268 247 3304 quum·
257 3255 524 3306 παλιγκάπηλον
549 3268 746 3309 exponunt
763 3260 820 3298 τὸν
840 3261 879 3298 τὸ
902 3261 986 3299 αὐτὸ
1011 3263 1069 3299 vel
1088 3262 1132 3299 τὰ

120 3311 208 3351 αὐτὰ
221 3313 273 3351 ἀεὶ
291 3313 504 3366 ἀγοράζοντα
519 3315 579 3353 καὶ
598 3317 799 3364 πωλοῦντα,
822 3319 933 3356 talem
952 3320 1132 3359 videntur

2105 172 2174 201 (511

1174 251 1402 287 intellexisse
1415 279 1424 295 ,
1447 250 1511 299 qui
1526 249 1693 299 ejusdem
1709 250 1856 299 generis
1871 263 2013 288 merces
2028 259 2064 288 ct
2083 251 2130 288 ad
2146 264 2185 288 se

1174 308 1314 345 delatas
1331 317 1493 353 emeret,
1518 316 1554 344 et
1585 308 1667 344 aliis
1691 307 1827 344 iterum
1855 309 2055 354 venderet3
2074 305 2185 359 'quod

1175 368 1242 403 etsi
1277 367 1449 403 nonnihil
1474 367 1625 403 disserat
1652 367 1917 417 explicationi,
1947 381 2030 417 quae
2060 369 2184 405 statim

1175 426 1418 475 proponitur,
1439 424 1486 461 al)
1515 438 1583 461 usu
1608 433 1729 461 tamen
1753 427 1856 461 vocis
1874 426 2035 476 ipsoque
2056 427 2187 475 παλιγ-

1175 482 1364 527 καπῆλων,
1385 482 1638 531 quorumdam
1665 482 1815 527 saltem,
1843 483 2016 520 instituto
2035 497 2111 520 non
2132 492 2188 520 est

1175 541 1338 577 alienum
1357 555 1364 576 ε
1383 540 1417 576 ht
1437 554 1455 575 c
1484 541 1582 576 enim
1600 549 1711 590 pacto
1730 541 1924 578 Phoenices
1950 556 2101 592 quoque
2120 557 2189 579 πα-

1174 598 1384 646 λιγκάπηλοι
1405 597 1616 634 scholiastae
1646 598 1798 635 Pindari
1829 599 1876 635 ad
1904 600 2013 648 Pyth.
2039 614 2074 645 2,
2102 601 2187 645 125,

1175 655 1268 691 nihil
1289 655 1544 705 opportunius
1564 654 1609 691 ad
1630 668 1706 690 rem
1725 656 2003 705 explanandam
2025 659 2089 695 illo
2104 660 2188 708 ipso

1177 712 1377 761 Sophoclis
1410 711 1513 755 loco,
1546 724 1657 760 quem
1689 712 1848 761 protulit
1875 728 1882 748 :
1906 713 2010 759 Ὼνὴν
2033 714 2108 751 ἔθου
2131 714 2189 751 καὶ

1176 775 1302 820 πρᾶσιν
1315 797 1324 815 ,
1345 770 1390 810 ὡς
1406 767 1529 810 Φοῖνιξ
1547 767 1651 819 ἀνὴρ,
1673 768 1837 811 Σιδώνιος
1856 770 2029 817 κάπηλος,
2051 773 2191 809 altero-

1177 841 1250 877 que
1268 827 1422 871 comici,
1442 825 1507 863 ubi
1524 840 1713 863 nonnemo
1734 829 1927 877 protinus,
1946 831 2054 866 simul
2078 839 2190 880 utque

1178 885 1217 921 id
1231 914 1240 930 ,
1261 884 1449 934 quidquid
1467 885 1577 920 suerit
1591 913 1599 929 ,
1619 885 1721 933 qnod
1738 887 1774 922 in
1790 886 1915 923 fabula
1933 888 2074 924 dictum
2093 902 2192 939 pra*-

1179 951 1362 988 cesserat,
1380 942 1636 992 contingeret,
1655 944 1733 980 lieri
1753 957 1791 980 se
1812 945 2030 982 Phoenicem
2055 947 2192 989 aiebat,

1179 1014 1253 1037 una
1280 1013 1394 1037 manu
1412 1000 1520 1045 dare,
1542 1000 1713 1050 accipere
1740 1002 1854 1038 altera
1874 1017 1880 1037 :
1904 1002 1998 1045 εὐθὺς
2018 1003 2052 1040 δὲ
2073 1003 2193 1047 Φοῖνιξ

1179 1058 1365 1108 γίγνομαι,
1387 1059 1443 1107 Τῇ
1477 1057 1537 1107 μὲν
1570 1057 1693 1107 δίδωμι
1726 1059 1815 1109 χειρὶ
1828 1089 1837 1104 ,
1873 1062 1915 1110 τῇ
1948 1059 1982 1097 δὲ
2010 1061 2193 1109 >augium

1180 1119 1270 1154 Des.
1295 1116 1482 1152 Heraldus
1499 1116 1623 1152 Anim.
1654 1117 1691 1152 in
1713 1116 1874 1153 Observ.
1908 1117 1954 1153 ad
1978 1122 2009 1154 J.
2035 1123 2078 1155 A.
2097 1128 2133 1155 et
2152 1123 2195 1156 R.

1183 1189 1218 1221 2,
1233 1189 1264 1211 c.
1278 1187 1314 1220 2,
1339 1174 1487 1220 §6l1aec
1507 1174 1651 1210 scholio
1667 1183 1797 1210 nostro
1813 1174 1984 1211 subdidit
2003 1191 2010 1211 :
2029 1176 2197 1226 Ηιιῐε-ἔμ-

1182 1247 1288 1285 πορον
1307 1232 1373 1269 ὑπὸ
1392 1234 1452 1268 τοῦ
1475 1231 1633 1277 καπήλου
1655 1237 1830 1268 contineri
1850 1236 1931 1268 vult
1947 1236 2069 1281 aliquo
2093 1249 2197 1279 casu,

1183 1302 1221 1328 et
1230 1289 1385 1337 κάπηλον
1404 1303 1481 1325 esse
1498 1294 1561 1337 qui
1589 1292 1688 1325 domi
1710 1295 1797 1325 emit
1811 1289 1880 1327 ἀπὸ
1899 1294 1956 1326 τοῦ
1977 1291 2198 1337 αὖτοπώλου,

1184 1359 1220 1386 et
1235 1351 1363 1386 vendit
1378 1348 1507 1384 ibidem
1528 1349 1576 1399 τῷ
1592 1347 1752 1399 ἐμπόρῳ,
1775 1362 1843 1396 quo
1871 1353 2014 1384 nomine
2037 1353 2121 1386 vult
2135 1364 2200 1398 al)—

1181 1412 1319 1457 pellart'
1336 1420 1604 1457 quemcunque,
1636 1412 1696 1455 qui
1713 1411 1802 1442 emit
1818 1405 1873 1442 ἐπὶ
1902 1405 2018 1453 ξένης,
2037 1412 2108 1443 sive
2133 1408 2200 1444 ἀπὸ

1185 1470 1245 1505 τοῦ
1275 1465 1500 1510 αὖτοπώλου,
1521 1470 1591 1501 sive
1612 1464 1680 1501 ἀπὸ
1704 1469 1764 1502 τοῦ
1790 1464 1967 1510 καπήλου·
1999 1468 2065 1501 sed
2080 1476 2117 1502 et
2140 1481 2200 1514 quc

1186 1530 1273 1562 emit
1283 1527 1380 1561 domi
1390 1552 1401 1569 ,
1430 1525 1528 1571 quod
1548 1525 1691 1558 vendat
1707 1522 1763 1559 ἐπὶ
1780 1521 1883 1568 ξένης.
1910 1525 1971 1558 Ex
1992 1537 2032 1558 eo
2056 1534 2198 1567 autem,

1186 1586 1284 1633 quod
1296 1582 1452 1628 κάπηλον
1471 1585 1553 1618 vult
1568 1595 1646 1617 esse
1658 1595 1738 1617 cum
1748 1609 1759 1625 ,
1789 1586 1852 1629 qui
1875 1587 1961 1617 emit
1974 1582 2042 1618 ἀπὸ
2059 1585 2118 1619 τοῦ
2136 1583 2201 1618 αὐ-

1186 1641 1366 1686 τοκώλου,
1386 1638 1654 1689 παλιγκάπηλον
1676 1653 1752 1675 esse
1764 1642 1865 1683 vult,
1885 1644 1948 1687 qui
1964 1645 2052 1676 emit
2061 1639 2129 1677 ἀπὸ
2142 1644 2201 1677 τοῦ

1187 1701 1346 1745 καπηλου
1358 1727 1368 1744 ,
1387 1708 1423 1734 et
1433 1711 1512 1733 eum
1527 1700 1713 1746 distinguit
1730 1696 1797 1733 ἀπὸ
1815 1699 1874 1733 τοῦ
1893 1697 2119 1746 μεταδολεός,
2140 1708 2202 1734 etse

1187 1763 1291 1796 nulla
1296 1771 1410 1807 poene
1418 1766 1471 1792 est
1480 1761 1573 1792 inter
1585 1766 1775 1803 utrumque
1787 1755 2011 1802 differentia.
2028 1762 2200 1803 Quorum

1186 1818 1275 1862 ista,
1289 1821 1351 1864 qui
1362 1819 1450 1850 emit
1463 1813 1518 1850 ἐπὶ
1539 1812 1634 1859 ξένης
1651 1837 1691 1842 -
1704 1814 1771 1848 sed
1783 1822 1820 1848 et
1830 1818 1894 1860 qui
1906 1818 1992 1850 emit
2005 1816 2104 1850 domi
2118 1824 2202 1860 etc„

1187 1876 1275 1913 satis
1296 1880 1479 1924 arguunt,
1501 1871 1677 1921 impediti
1694 1870 1877 1920 quiddam
1904 1872 2070 1908 Heraldo
2091 1873 2204 1910 fuisse

1187 1935 1310 1972 visum
1329 1933 1473 1969 haerere
1488 1931 1526 1966 in
1541 1928 1693 1980 ἐμπόρου
1709 1929 1964 1979 descriptione
1977 1958 1986 1975 ‚
2008 1931 2111 1979 qnod
2128 1931 2204 1967 sru-

1187 2001 1263 2029 stra
1296 1990 1426 2027 verbis
1455 1997 1582 2038 tegere
1607 1988 1655 2025 sit
1696 1997 1869 2024 conatus,
1899 1988 2060 2025 Budaeus
2091 1990 2202 2026 etiam

1187 2052 1361 2102 scripsit,
1381 2048 1403 2095 ἢ
1421 2048 1490 2085 ἀπο
1515 2050 1575 2084 τοῦ
1594 2047 1752 2092 καπήλου
1773 2047 1982 2095 ὠνούμενος,
2010 2048 2104 2084 illud
2131 2051 2198 2086 sci-

1188 2110 1273 2146 licet
1289 2106 1533 2158 participium
1545 2134 1553 2150 ,
1569 2113 1611 2141 ut
1626 2118 1754 2141 sensus
1769 2113 1972 2153 congruat,
1987 2105 2202 2143 addendum

1188 2167 1420 2204 existimans.
1456 2167 1596 2201 Sanare
1635 2163 1724 2199 licet
1759 2163 2006 2208 scholiasten,
2046 2163 2204 2213 ejusque

1189 2224 1391 2275 genuinam
1411 2229 1577 2258 mentem
1597 2221 1746 2268 assequi
1762 2221 1934 2256 oratione
1949 2221 1986 2256 in
2006 2222 2202 2258 meliorem

1190 2283 1363 2319 ordinem
1387 2279 1593 2329 redigenda
1621 2293 1628 2315 :

1189 2339 1256 2377 ἀπὸ
1277 2342 1336 2376 τοῦ
1370 2335 1635 2382 αὐτοπιί)λου,’λ
1616 2352 1638 2381 η
1664 2335 1733 2372 ἀπὸ
1755 2350 1815 2372 του
1843 2334 2028 2381 καπηλου,
2063 2350 2122 2372 και
2153 2336 2207 2374 ε’πι

1191 2398 1287 2444 ξένης
1313 2397 1439 2433 πωλῶν
1454 2408 1461 2415 ·
1491 2393 1595 2443 quod
1617 2394 1684 2439 iis,
1707 2406 1790 2443 quae
1819 2392 1994 2438 tradidit,
2017 2401 2093 2429 tam
2115 2407 2200 2429 con-

1191 2458 1302 2493 cinne
1325 2452 1548 2503 respondet,
1573 2460 1634 2496 ut,
1659 2451 1752 2501 quin
1784 2451 1837 2487 ita
1857 2450 2073 2499 reliquerit,
2096 2451 2209 2488 dubi-

1193 2514 1262 2551 tari
1293 2519 1468 2562 nequeat.
1501 2509 1630 2560 Steph.
1653 2509 1791 2559 Byz.in
1812 2508 1952 2553 Ἰσεῖον,
1979 2507 2084 2557 cujus
2105 2508 2205 2546 urbis

1191 2571 1376 2621 AEgyptiae
1390 2580 1529 2605 nomen
1545 2576 1626 2604 erat
1642 2567 1777 2604 incolis
1788 2595 1797 2612 ‚
1814 2574 1854 2602 ut
1865 2595 1875 2611 ,
1891 2567 2083 2614 Hesychio
2101 2575 2206 2612 teste,

1193 2628 1466 2679 Metapontinis
1485 2626 1587 2677 apud
1603 2626 1718 2663 Italos
1731 2653 1740 2670 ,
1759 2624 1807 2661 ab
1824 2625 1906 2675 ipsa
1923 2637 1963 2661 re
1985 2624 2202 2673 μεταὸόλοις·

1192 2701 1300 2733 nam,
1331 2699 1416 2736 quae
1446 2685 1521 2722 huc
1549 2684 1698 2734 egregie
1727 2683 1888 2727 faciunt,
1918 2683 2073 2719 πωλοῦσι
2095 2681 2207 2732 μόνοις

1191 2751 1260 2787 τοῖς
1277 2742 1441 2826 ἐμπόροις
1463 2742 1577 2815 Ηάθρόα
1595 2740 1639 2779 τὰ
1668 2740 1809 2794 φορτία,
1837 2738 1933 2789 παρὰ
1952 2742 2019 2776 τῶν
2027 2742 2208 2818 τεχνιτῶν

1193 2803 1417 2855 ἀγοράζοντες
1436 2801 1525 2838 αυτὰ
1557 2799 1636 2838 κατ’
1655 2800 1778 2849 ὀλίγα,
1813 2798 1871 2835 καὶ
1906 2796 2120 2840 κοτυλίζουσι
2138 2802 2206 2838 τοῖς

1193 2859 1390 2913 ἐγχωρίοις·
1414 2859 1481 2896 ubi
1498 2858 1685 2901 κοτυλίζειν
1702 2857 1847 2893 Polluci
1865 2869 2018 2904 quoque
2035 2863 2207 2891 notatum

1196 2935 1212 2944 ς
1221 2924 1336 2967 ,194,
1353 2917 1457 2954 idem
1477 2924 1532 2952 est
1544 2913 1669 2963 ,quod
1686 2913 1896 2949 scholiastae
1912 2913 2000 2949 κατὰ
2017 2911 2078 2957 τὴν
2098 2912 2201 2949 κοτύ-

1192 2979 1211 3014 J
1215 2993 1254 3022 ην
1271 2976 1380 3014 πωλεῖ
1372 2992 1410 3011 ·ν.
1429 2977 1575 3011 Hssms‘r.
1579 2974 1677 3018 —39
1697 2969 1764 3006 ἀπὸ
1777 2984 1836 3006 του
1853 2969 1970 3014 καπη]
1973 2984 2011 3005 ου
2029 2970 2206 3021 ἀγοράζων

1193 3033 1250 3071 καὶ
1266 3033 1479 3071 παλιπωλῶν
1498 3034 1605 3080 Reg.,
1627 3029 1693 3078 qui
1713 3034 1760 3071 40
1775 3026 1836 3071 τὴν
1850 3041 1924 3064 om.
1941 3052 1983 3058 —
2001 3034 2019 3071 4
2032 3041 2043 3063 1
2067 3028 2202 3077 λέγεται

1193 3091 1228 3128 δὲ
1256 3090 1314 3129 καὶ
1341 3089 1415 3141 (καὶ
1438 3086 1653 3134 delendum)
1672 3083 1880 3134 μεταῧολεὺς
1900 3088 1945 3123 V.
1962 3083 2100 3135 συνεχὲς
2118 3083 2203 3121 Ald.

1194 3149 1260 3187 ἀπὸ
1275 3152 1336 3186 τοῦ
1351 3149 1503 3198 συνεχῶς
1520 3143 1761 3194 μεταὸάλλειν.
1781 3145 2068 3193 καταχρηστικῶς
2082 3142 2117 3180 δὲ
2139 3145 2197 3180 ἁλ-

1192 3206 1374 3252 ληνάλλως
1391 3210 1477 3242 πᾶσι
1500 3208 1568 3244 τοῖς
1585 3200 1728 3249 ὀνόμασι
1743 3199 1909 3251 χρώμεθα
1933 3203 2024 3250 Reg.
2042 3228 2081 3232 -
2100 3204 2146 3244 43
2169 3200 2204 3238 δὲ

1192 3262 1287 3317 παρὰ
1307 3264 1422 3300 πολῶν
1438 3263 1481 3299 V.
1503 3259 1539 3297 δὲ
1556 3256 1649 3309 παρὰ
1661 3258 1798 3294 πολλῶν
1818 3260 1863 3294 G.

1250 3321 1361 3369 1159,
1384 3321 1445 3357 53.
1469 3316 1703 3356 Mercurium
1714 3313 1895 3365 ἡγεμόνιον
1917 3317 2059 3354 oraculi
2079 3316 2199 3353 moni-

2007 3395 2066 3426 39.

1659 2276 1840 2329 Εμπορος
1864 2292 1899 2313 οε
1935 2280 1952 2314 6
1980 2279 2061 2328 ἀγο
2047 2277 2197 2330 ράζων
2180 2294 2201 2321 ¹l
