2517 3792
0 3226 6 3318 1,

809 228 967 266 INDEX
998 225 1229 266 NOMINUM
1263 225 1327 263 ΕΤ
1357 225 1548 264 RERUM.
2158 235 2232 266 659

185 315 341 354 Infantes
362 317 501 356 septimo
518 322 608 345 nuno
625 312 740 345 dentes
765 322 877 344 omnes
898 313 1041 351 habent,
1071 315 1154 344 Itan.

184 365 255 393 418.

144 408 265 439 Inimici
281 418 288 438 ε
304 408 344 439 ab
359 408 396 438 iis
413 415 485 447 quae
503 407 592 438 utilia
609 406 783 445 discamus,
801 409 860 438 Ar.
880 408 1052 438 375-382.

143 454 260 485 Initiari
275 454 443 494 cupiebant
459 453 623 492 morituri,
640 453 679 484 ob
691 453 834 492 felicem
848 452 1073 484 conditionem
1095 453 1156 481 ini-

184 502 347 531 tiatorum
361 499 456 539 apud
468 499 606 538 inform,
622 502 704 531 t'ac.
719 503 788 531 374.
806 502 892 530 Dum
909 498 1154 533 initiabantur,

179 554 321 585 porcum
338 545 549 583 mactabant,
567 545 646 576 ibid.
675 545 750 577 ride.
765 547 926 586 Mysteria.

145 593 303 629 Initiati,
323 593 425 630 myrti
446 600 570 622 corona
595 592 839 630 cinqebantur,
860 599 923 621 non
945 589 1098 627 heder-ce,
1120 591 1158 619 ut

180 637 322 677 quidam
337 640 483 677 putant,
503 641 588 669 Ran.
608 641 676 668 330.
700 637 842 668 Meliore
864 636 1054 667 conditione
1075 637 1156 665 sunt

175 686 253 723 post
272 686 412 714 mortem
425 708 433 722 ,
452 687 534 715 Ran-
555 686 613 715 324
627 708 635 721 ‚
658 686 734 715 Pac.
752 685 822 713 374.
842 682 1044 713 Initiatorum
1065 680 1157 711 sedes

180 729 263 768 apud
277 730 393 761 inferos
405 730 595 761 describitur
607 732 687 761 Ran.
705 731 875 760 15-’1-158.
893 730 932 759 111
948 726 1155 768 quasabula

181 777 380 807 Initiatorum
400 777 518 807 chorus
542 785 615 807 cum
641 776 725 806 tibiis
746 778 779 806 et
797 774 886 805 til-dis
912 775 943 804 in
969 775 1060 812 prato
1085 774 1156 802 ante

181 826 287 862 portas
319 823 460 853 Plutonis
489 823 636 853 Iacchum
665 822 767 858 canit,
792 824 850 851 316
872 829 920 860 sq.
938 843 946 858 ,
973 821 1154 855 324-336,

180 871 347 900 340-352.
369 869 499 908 Linguis
528 869 632 899 favere
655 870 686 899 et
715 867 879 906 indignos,
897 874 979 906 quos
1001 866 1156 901 recenset,

179 916 290 947 cedere
301 916 402 955 jubet,
419 918 592 947 354-371,
609 915 782 946 Minervam
799 914 951 952 Σώτειραν
964 936 973 951 ,
991 916 1133 943 Cererem
1148 934 1155 947 ‚

183 962 328 992 Iacchum
349 962 502 992 saltantes
523 962 693 998 invocant,
708 962 882 991 372-413,
905 956 1155 994 Archedemum,

181 1008 392 1047 Clisthenem,
415 1008 546 1039 Calliam
570 1008 771 1044 σκώπτουσι,
790 1007 964 1036 416-430.
989 1007 1024 1034 In
1047 1002 1157 1033 florida

180 1055 269 1093 prata
287 1054 418 1085 choreas
431 1053 568 1090 ducunt,
595 1054 769 1083 440—459.
786 1051 1016 1082 Theramenem
1037 1049 1157 1080 ironice

179 1100 331 1137 laudant,
350 1102 523 1131 534—541.
546 1098 716 1129 Xanthiam
741 1105 870 1128 servum
896 1097 1028 1127 monent
1051 1098 1087 1128 ut
1113 1095 1158 1125 di-

178 1155 277 1185 gnum
290 1154 324 1177 se
338 1145 491 1176 Herculeo
505 1144 614 1175 habitu
630 1145 770 1183 praestet,
790 1145 962 1174 590-597.
978 1146 1099 1174 Musam
1115 1143 1157 1173 in-

181 1193 297 1222 vocant
323 1192 355 1222 et
378 1190 608 1229 cleophontem
637 1188 809 1220 barbarum
832 1189 958 1227 rident,
983 1192 1155 1221 675-685.

180 1237 335 1277 Populum
353 1238 484 1268 monent
500 1238 537 1266 ut
553 1237 698 1274 exaequet
717 1236 803 1267 cives
818 1244 892 1266 cum
908 1235 1046 1275 civibus,
1059 1237 1157 1266 nemi-

178 1292 250 1315 nem
265 1284 332 1322 Iege
345 1282 385 1313 ab
398 1282 573 1313 honoribus
585 1282 746 1319 excludat,
760 1284 913 1313 terrorem
927 1282 1059 1320 adimat,
1072 1282 1158 1321 igno-

177 1333 247 1361 scat
275 1329 417 1369 deceptis
449 1337 467 1360 a
493 1328 676 1368 Phrynicho
690 1351 698 1366 ,
727 1332 902 1360 686-705.
932 1328 1049 1368 Cligeni
1075 1328 1157 1358 mala

176 1378 374 1416 augurantur
384 1400 394 1414 ,
409 1379 585 1407 706-716,
605 1376 771 1407 Civitatem
788 1375 1049 1407 animadvertunt
1064 1375 1156 1405 malis

177 1422 303 1454 civibus
319 1422 388 1461 uti,
406 1422 535 1462 indigne
557 1422 715 1462 negligere
737 1423 872 1462 probos,
895 1422 927 1453 in
952 1421 1108 1462 palaestris
1125 1424 1155 1452 et

177 1468 300 1500 musica
321 1469 474 1500 educatos
496 1478 503 1498 :
530 1477 595 1499 rein
619 1468 839 1500 invertendam
864 1477 956 1507 esse,
980 1471 1154 1499 718—737.

177 1517 344 1546 Certamen
364 1517 531 1554 poetarum
552 1514 646 1554 quale
672 1515 817 1546 futurum
840 1515 882 1546 sit
904 1516 1097 1554 praesagiunt
1117 1523 1154 1545 ex

177 1569 289 1592 eorum
305 1560 431 1599 ingenio
444 1585 452 1599 ‚
471 1563 633 1592 814—829
645 1585 653 1600 ,
669 1563 844 1593 895—904.
859 1565 966 1593 Musas
982 1561 1133 1592 invocant
1147 1585 1154 1599 ,

178 1610 353 1639 875—882.
375 1608 568 1646 AEschylum,
586 1610 748 1639 auctorem
765 1608 894 1648 tragicae
912 1608 1155 1648 grandiloquen-

177 1652 252 1691 tiae,
269 1653 476 1692 alloquuntur
498 1655 528 1684 et
547 1655 582 1684 ut
607 1653 789 1684 moderatus
815 1654 1089 1693 conti·actis‚velis
1111 1653 1156 1684 uti

178 1699 256 1730 velit
265 1701 409 1738 monent,
420 1701 615 1730 992-1005.
625 1702 793 1731 Certamen
804 1700 964 1731 subtiliter
972 1700 1021 1739 agi
1029 1699 1155 1740 jubent,

179 1746 215 1775 ut
238 1743 325 1784 apud
345 1744 536 1776 exercitatos
558 1747 589 1776 et
607 1746 784 1783 ingeniosos
807 1748 1019 1785 spectatores,
1038 1750 1154 1777 1109-

180 1794 269 1822 1118.
281 1791 436 1822 Mirantur
447 1791 538 1822 lance
547 1792 721 1822 examinari
734 1792 887 1831 tragicam
901 1793 1020 1832 poesin,
1038 1795 1156 1824 1370-

181 1840 269 1869 1377.
286 1837 427 1877 AEschylo
448 1839 480 1869 et
505 1838 629 1868 civitati
644 1838 781 1869 reditum
808 1841 911 1879 poetae
932 1840 1154 1878 gratulantur,

181 1886 395 1916 1482—1499.
412 1884 571 1916 Redeunti
589 1885 779 1925 praelucent,
793 1895 981 1925 magnorum
996 1887 1154 1917 bonorum

178 1931 278 1962 bonas
304 1931 555 1970 excogitationes
581 1934 614 1962 et
647 1940 758 1971 pacem
784 1933 907 1964 civitati
936 1936 1153 1974 augurantur,

177 1977 406 2018 cleophontem
422 1978 526 2009 valere
539 1977 703 2017 jubentes,
723 1981 936 2011 1528-1533.

138 2028 194 2056 1110
209 2033 352 2068 pannosa
368 2024 401 2055 111
421 2033 550 2055 scenam
565 2024 725 2065 producta
746 2025 787 2056 ab
801 2027 961 2066 Euripide,
987 2026 1066 2058 Ach.
1082 2029 1153 2057 434.

177 2075 235 2103 Ino
264 2070 424 2110 Euripidis
442 2079 462 2101 a
476 2071 611 2111 pedibus
627 2072 768 2111 pendens
782 2075 815 2103 et
825 2073 970 2113 pallida
999 2073 1038 2104 ob
1062 2076 1156 2105 mise·

177 2120 288 2156 riam,
312 2119 404 2157 Vesp.
433 2119 523 2156 1414,
540 2117 598 2148 ubi
616 2126 635 2149 v
660 2118 912 2157 &usfabulam
932 2122 965 2150 in
990 2122 1083 2150 nota.

140 2163 332 2204 inquilini,
359 2163 512 2203 μέτοικοι,
538 2163 602 2194 sibi
628 2165 801 2205 προστάτας
826 2165 1142 2206 προγράφουσι,Ραε

179 2211 248 2241 684.

138 2259 312 2296 inspector,
329 2255 514 2295 ἐπίσκοπος,
532 2256 642 2296 quales
656 2257 788 2288 Athenis
806 2257 840 2288 in
855 2257 951 2289 urbes
964 2259 1068 2290 socias
1086 2259 1156 2290 mit-

177 2303 310 2340 tuntur,
343 2305 379 2333 in
403 2303 528 2334 Avibus
563 2302 808 2334 Nubicuculiam
835 2304 966 2335 vixdum
993 2305 1155 2337 conditam

178 2348 328 2387 advenit,
352 2350 385 2380 et
407 2348 630 2380 Pisthetaerum
655 2350 928 2389 calumniaturus,
951 2351 983 2382 vi
1006 2352 1154 2391 abigitur,

181 2398 395 2426 1022-1055.
414 2397 478 2426 Est
494 2397 723 2435 maqistratus
730 2396 858 2436 fictus,
875 2399 934 2438 qui
954 2406 1022 2429 non
1043 2401 1157 2430 exsta-

179 2441 239 2473 bat
254 2441 404 2481 Athenis,
422 2441 491 2472 sch.
511 2445 601 2480 1022,
623 2446 711 2473 1020.

140 2487 270 2519 Insulae
291 2498 302 2518 .·
326 2495 449 2518 earum
473 2487 595 2518 incolae
620 2489 657 2518 in
674 2487 848 2527 judicium
872 2488 1021 2520 Athenas
1041 2498 1158 2521 evoca-

182 2533 311 2565 bantur
326 2542 349 2564 a
364 2535 503 2575 κλητῆρι,
520 2536 581 2565 Αυ.
601 2536 690 2565 1422.

140 2579 267 2618 Insulae,
283 2581 395 2618 Νῆσοι,
414 2579 521 2610 fabula
534 2580 756 2619 Aristophanis
773 2579 824 2615 (de
836 2589 900 2620 qna
913 2581 1017 2612 critici
1033 2585 1156 2614 veteres

178 2625 311 2666 quidam
325 2625 517 2657 dubitabant
531 2635 572 2657 an
591 2628 674 2657 osset
689 2626 771 2666 ejus)
788 2636 795 2656 ε
813 2635 841 2657 υ.
846 2627 900 2666 fr.
919 2630 1081 2660 343-353
1093 2651 1103 2665 ,
1116 2639 1153 2670 p.

179 2675 240 2704 493
257 2681 310 2712 sq.

139 2718 178 2748 Io
190 2717 361 2750 custodita
379 2716 422 2748 ab
438 2719 537 2757 Arqo,
552 2719 611 2749 Av.
630 2722 698 2756 102,
716 2718 808 2749 Eccl.
825 2721 874 2749 80.

141 2765 285 2802 Iocaste,
297 2763 483 2795 secundum
494 2765 678 2796 nonnullos
693 2773 748 2795 ma
754 2767 806 2795 ter
816 2764 994 2804 Ayamedis
1007 2774 1050 2798 ex
1062 2769 1155 2806 Jove,

179 2809 270 2840 Nub.
287 2812 358 2840 508.

139 2856 263 2895 Iolaus,
288 2865 345 2896 per
367 2865 462 2896 quen]
483 2860 608 2888 Boeotus
627 2858 731 2897 jzuat,
761 2858 858 2890 heros
880 2859 996 2890 Thebis
1018 2861 1154 2900 cultus,

179 2903 260 2934 Ach.
282 2905 354 2934 867.
373 2905 458 2934 Cum
472 2904 617 2935 Hercule
633 2905 841 2944 celebratur,
858 2906 996 2946 αἰχμητὰ
1012 2907 1074 2938 δύω
1087 2932 1095 2947 ,
1113 2909 1156 2939 ab

179 2948 393 2987 Archilocho,
407 2951 467 2980 Av.
487 2952 576 2981 1764.
592 2950 684 2982 Adde
699 2951 860 2982 Hercules

143 2995 257 3026 Iolcus
277 3005 288 3026 .·
304 3003 341 3026 eo
356 2995 511 3035 confuqit
526 2996 572 3028 ad
585 2999 747 3028 Acastum
761 2998 895 3035 Peleus,
909 2998 999 3029 Nub.
1023 3002 1111 3030 1063.

143 3043 215 3079 1οη,
235 3043 372 3072 Creusae
387 3041 565 3073 Erechthei
580 3045 613 3073 et
629 3043 796 3082 Apollinis
805 3044 905 3083 filius
917 3068 928 3082 ,
943 3045 1033 3075 Nub.
1058 3049 1132 3077 1468
1146 3071 1154 3085 ,

181 3089 238 3118 Av.
260 3089 354 3126 1527,
372 3089 537 3127 antiquus
553 3089 781 3126 Atheniensis,
799 3092 881 3120 Pac.
897 3093 947 3128 46,
965 3092 1155 3132 πολέμαρχος

181 3131 458 3170 Atheniensium,
476 3135 535 3164 Av.
561 3137 649 3165 1527.
669 3134 882 3174 Sacrificium
902 3138 1015 3175 Ionis,
1040 3139 1075 3167 in
1092 3145 1156 3176 quo

180 3186 303 3210 corvus
311 3186 460 3218 pernam
477 3180 624 3211 victinzoe
637 3182 743 3220 rapit,
758 3180 848 3212 Nub.
865 3186 914 3212 52.

141 3229 196 3257 Ion
214 3225 322 3263 Chius,
338 3227 441 3264 poeta
457 3225 585 3265 lyricus
598 3228 630 3257 et
647 3229 817 3266 immicus,
832 3229 889 3267 qui
906 3228 1018 3259 multa
1030 3228 1156 3260 diversi

181 3273 322 3311 qeneris,
339 3273 445 3302 etiam
458 3280 564 3311 prosa
577 3275 732 3304 oratione
744 3275 883 3312 scripsit
898 3282 976 3313 quoe
990 3283 1157 3305 recensen-

182 3319 260 3354 tur,
290 3316 392 3348 valde
415 3316 584 3356 probatus
611 3320 643 3348 et
671 3319 798 3349 celeber
811 3342 820 3357 ,
850 3319 968 3350 fecerat
994 3320 1155 3351 canticum

182 3366 281 3394 Eoum
295 3386 303 3400 ,
319 3364 482 3402 incipiens
500 3363 610 3394 verbis
623 3364 719 3394 Ἀοἴον
733 3364 910 3404 ἀεροφοίταν
924 3364 1047 3406 ἀστέρα,
1065 3368 1126 3397 etc.
1145 3377 1154 3397 :

182 3410 343 3439 mortuum
369 3408 400 3439 in
424 3417 497 3440 aere
527 3411 644 3440 vocant
668 3418 778 3440 omnes
806 3413 904 3441 Eoum
930 3411 1021 3442 Sidus
1070 3413 1154 3443 Pac.

1262 313 1436 342 835—837.
1460 310 1688 349 Dithyranibo
1714 312 1747 342 et
1777 311 1943 351 troyoeitia
1971 315 2051 344 vicit
2076 313 2233 351 Athenis,

1259 356 1337 387 inite
1362 357 1539 387 benevolus
1566 359 1658 388 misit
1684 357 1942 389 Atheniensibus
1973 359 2094 391 Chium
2116 362 2236 391 vinum

1258 405 1380 442 aratis.
1397 405 1545 434 Socratis
1561 403 1745 442 (Platonis)
1758 404 1916 444 dialoqus
1938 405 2011 444 eJ'us
2031 408 2166 437 nomine
2187 408 2233 436 in·

1257 452 1422 488 scriptus,
1444 452 1514 481 835.

1218 498 1309 525 Iones
1333 495 1415 525 dicti
1444 495 1686 535 Athenienses,
1713 496 1752 527 ob
1779 498 1894 528 Ionem
1919 498 2027 529 Xuthi
2044 498 2185 537 filium;
2213 506 2234 529 a

1259 541 1418 571 barbaris
1433 543 1480 571 itu
1494 541 1661 571 (licuntur
1682 544 1789 573 Grceci
1804 545 1973 581 unii·ersi,·
1989 544 2233 584 χαυνόπρωκτοι,

1258 587 1336 617 Aeh.
1359 589 1425 621 10²»,
1448 591 1513 617 106.
1534 589 1628 617 Iones
1642 589 1675 618 in
1689 590 1811 626 Attica,
1828 591 1907 620 Pac.
1926 594 1994 620 215.
2013 592 2109 621 Iones
2121 599 2235 620 omnes

1257 633 1451 663 mollissimi
1467 634 1500 663 et
1518 633 1707 671 luzariosi,
1731 636 1810 665 Pac.
1829 637 1902 673 171,
1927 638 2000 666 1227
2013 659 2023 674 ,
2044 636 2136 667 Eccl.
2154 640 2233 673 883,

1259 682 1332 709 918.

1218 725 1351 760 Ionicus,
1367 724 1585 762 Atheniensis,
1601 724 1644 755 ab
1661 727 1737 755 lonc
1753 727 1810 762 qui
1826 728 1901 757 erat
1915 726 2136 767 Atheniensis,
2153 730 2232 759 Pac.

1258 772 1308 801 46.
1329 771 1435 800 Ionica
1449 771 1599 801 mollities
1615 773 1645 800 et
1661 771 1828 802 mitrarum
1845 772 1995 811 gestatio,
2016 773 2142 804 Thesm.
2166 778 2233 805 163.

1259 816 1364 847 Ionica
1379 816 1597 854 cantiuncula,
1613 816 1814 855 libidinosa,
1831 818 1923 848 Eccl.
1940 821 2010 850 883.
2027 820 2134 850 Ionico
2148 828 2236 850 more.

1258 863 1415 901 prun-iem,
1431 862 1473 892 ib.
1490 865 1550 893 918
1561 871 1610 902 sq.
1626 862 1730 893 Ionica
1741 863 1923 902 dialectics,
1938 866 2017 895 Pac.
2032 869 2103 897 930.
2120 866 2235 904 lonice,

1258 910 1330 939 933.
1350 911 1400 939 De
1424 911 1545 940 Ionica
1571 908 1717 940 dialecto
1735 918 1763 939 v.
1777 909 1864 940 ⁴Yub.
1885 914 1922 948 5,
1948 913 2020 950 694,
2042 914 2113 950 741,
2145 914 2234 952 I'esp.

1262 957 1352 993 1397,
1370 957 1429 986 Av.
1447 958 1526 994 839,
1548 955 1678 986 Ttiesm.
1699 958 1794 995 1214,
1814 958 1898 986 Han.
1922 959 1977 988 138
1993 981 2001 997 ,
2019 958 2072 990 Pl.
2088 961 2139 997 77,
2154 962 2213 990 696
2227 983 2235 998 ,

1258 1003 1328 1032 709.

1219 1047 1350 1086 Iophon,
1366 1046 1460 1085 filius
1468 1046 1648 1086 Sophoclis,
1660 1055 1703 1077 es
1714 1049 1912 1079 Nicostrata
1923 1051 2067 1089 qenitus,
2086 1053 2167 1083 Ran.
2184 1054 2235 1089 78,

1253 1095 1360 1133 patre
1376 1095 1509 1124 virente
1527 1093 1714 1133 traaasclias
1733 1093 1898 1126 docuerat
1923 1097 1955 1126 et
1979 1098 2106 1127 vicerat
2127 1097 2237 1136 splen·

1259 1139 1354 1178 dide,
1375 1140 1418 1170 ib.
1435 1143 1484 1171 73.
1504 1144 1586 1171 Tum
1601 1140 1687 1170 solus
1711 1140 1813 1171 bonus
1831 1142 2057 1180 tragoediarum
2074 1146 2167 1182 pocta
2187 1152 2238 1174 su-

1259 1188 1384 1224 pererat
1394 1209 1403 1225 ,
1430 1185 1486 1217 sed
1499 1186 1746 1225 suspicabantur
1758 1196 1775 1216 a
1789 1189 1878 1226 patre
1892 1188 1991 1218 fuisse
2006 1189 2151 1227 adjutum
2165 1213 2173 1228 ,
2191 1189 2236 1220 ib.

1258 1234 1392 1263 73-79.
1413 1234 1663 1272 Perstrinqitur
1679 1235 1793 1271 patris
1810 1233 1985 1272 traqoediis
2000 1243 2102 1266 suum
2119 1244 2238 1266 nomen

1258 1279 1481 1318 inscripsisse,
1496 1278 1732 1318 ipsefriqidus
1745 1281 1778 1309 et
1793 1279 1910 1315 laxus,
1929 1282 1979 1311 78.

1218 1324 1433 1364 Iphicrates,
1456 1325 1531 1356 dux
1555 1325 1811 1356 Atheniensium
1829 1327 1944 1357 Persis
1970 1327 2107 1358 auxilia
2122 1328 2238 1366 jeren-

1259 1373 1345 1402 tium
1362 1375 1483 1404 contra
1496 1374 1685 1412 AEqyptios,
1700 1372 1754 1403 Pl.
1771 1374 1826 1403 178
1836 1384 1844 1411 3
1861 1373 1934 1404 dm:
1949 1376 2238 1406 mercenariorum

1256 1420 1292 1449 in
1312 1418 1398 1449 bello
1418 1419 1648 1456 Corinthiaco,
1665 1419 1747 1449 ibid.
1769 1421 1837 1450 173.

1218 1464 1397 1504 Iphiqenia
1417 1467 1673 1503 Aqaniemnonis
1683 1464 1763 1503 filia
1783 1465 1827 1495 ab
1841 1465 2031 1503 nonnullis,
2048 1467 2088 1496 ut
2102 1466 2236 1506 Eupho-

1258 1512 1369 1548 rione,
1390 1519 1455 1541 non
1475 1510 1598 1542 Aulide
1611 1534 1619 1549 ,
1633 1510 1692 1541 sed
1713 1513 1894 1542 Braurone
1906 1519 1927 1541 a
1940 1514 2045 1550 patre
2060 1515 2235 1551 mactata,

1256 1561 1289 1590 et
1304 1567 1388 1589 ursa
1401 1582 1410 1596 ,
1432 1567 1497 1589 non
1514 1567 1635 1597 cerva,
1657 1561 1686 1589 ei
1707 1558 1749 1589 ab
1769 1558 1831 1589 dea
1854 1560 2030 1598 supposita
2047 1563 2236 1600 narratur,

1258 1607 1332 1644 Lys.
1349 1607 1419 1636 645.

1218 1649 1294 1690 [Ira
1315 1661 1325 1682 .-
1348 1660 1425 1682 eam
1453 1652 1562 1682 Groeci
1585 1652 1734 1691 quinque
1756 1651 1891 1682 vocibus
1910 1651 2113 1691 desiqnant‚
2141 1653 2236 1694 ὀργή,

1257 1697 1361 1736 θυμὸς,
1380 1697 1480 1736 mm,
1501 1701 1599 1735 μῆνις,
1619 1697 1707 1736 χόλος
1725 1706 1732 1727 :
1756 1706 1906 1737 quarum
1930 1706 2047 1728 voczim
2070 1698 2238 1737 disseren—

1258 1745 1315 1774 tioe
1331 1746 1364 1775 et
1379 1743 1592 1783 definitiones
1611 1743 1824 1782 traduntur,
1843 1746 1928 1774 Ran.
1945 1747 2004 1775 868
2023 1746 2120 1785 (844).
2146 1748 2237 1777 Irati

1258 1790 1362 1821 labra
1376 1790 1534 1821 mordere
1549 1790 1672 1827 solent,
1692 1791 1782 1829 I'esp.
1803 1793 1892 1828 1078,
1907 1790 2019 1830 Risu]

1216 1838 1324 1868 Iresia
1334 1838 1439 1876 petra
1450 1860 1458 1875 ‚
1475 1838 1511 1867 in
1526 1837 1642 1867 insula
1659 1837 1832 1867 Salamine
1844 1860 1852 1875 ,
1865 1845 1928 1876 per
1942 1845 2061 1869 nomen
2076 1837 2236 1878 quodam·

1255 1883 1358 1914 modo
1374 1885 1543 1922 tropceum
1558 1883 1828 1921 Atheniensium,
1847 1885 1910 1923 Eq.
1929 1886 1999 1913 785.

1216 1930 1384 1968 lresionae,
1402 1929 1483 1960 rami
1498 1929 1530 1960 in
1545 1929 1721 1969 parietibus
1739 1930 1901 1969 suspensi,
1925 1931 2017 1970 I'esp.
2035 1933 2093 1962 398
2110 1940 2159 1971 sq.
2176 1935 2236 1963 Ire·

1256 1976 1345 2007 sione
1366 1975 1722 2014 describitur;samis
1749 1978 1898 2015 tempore
1913 1977 2095 2007 oraculum
2109 1986 2238 2016 praece-

1250 2025 1307 2063 pit
1336 2025 1375 2054 ut
1403 2022 1621 2054 Athenienses
1646 2031 1704 2053 eas
1729 2025 1810 2054 ante
1834 2025 1954 2062 portas
1978 2023 2235 2062 suspenderent.

1257 2071 1352 2100 Puer
1376 2069 1545 2109 ἀμφιθαλὴς
1571 2068 1653 2108 quid
1678 2070 1711 2099 in
1733 2077 1807 2099 eam
1833 2071 1950 2100 canat.
1976 2071 2178 2109 Pyanepsiis
2203 2073 2236 2101 et

1259 2115 1452 2155 Tharqeliis
1480 2115 1700 2146 Athenienses
1728 2115 1795 2146 Soli
1823 2117 1855 2146 et
1882 2117 1986 2146 Horis
2014 2116 2237 2155 sacrificant;

1258 2163 1332 2192 tum
1342 2163 1443 2201 pueri
1458 2169 1573 2192 ramos
1591 2159 1818 2200 iltosferunt,
1836 2162 1888 2193 Pl.
1907 2164 1993 2199 1054,
2012 2164 2073 2202 Eq.
2090 2165 2162 2194 729.

1216 2207 1272 2238 1115
1288 2208 1394 2247 alata,
1412 2212 1470 2239 Av.
1493 2210 1588 2247 1177,
1613 2211 1690 2239 1179
1712 2216 1784 2248 sqq.
1808 2210 1841 2239 et
1862 2208 1932 2238 sch.
1962 2212 2046 2239 1203.
2076 2209 2133 2239 Iris
2149 2209 2232 2248 apud

1256 2260 1431 2286 Homerum
1457 2254 1570 2285 similis
1595 2254 1724 2294 τρήρωνι
1740 2254 1844 2294 πελείῃ
1859 2277 1868 2291 ,
1887 2257 1940 2285 Ab.
1957 2257 2015 2284 575
2026 2266 2038 2292 ;
2065 2254 2155 2294 quod
2162 2255 2236 2294 fal·

1253 2310 1343 2339 sum,
1358 2309 1439 2331 nam
1454 2300 1494 2331 de
1508 2301 1666 2331 Minerva
1681 2302 1713 2330 et
1725 2302 1859 2331 Junone
1875 2302 2041 2330 Homerus
2052 2301 2135 2331 (licit
2147 2313 2159 2339 ;
2173 2304 2235 2332 nisi

1254 2356 1298 2378 ex
1320 2347 1398 2378 aliis
1412 2346 1621 2377 carminibus
1638 2346 1722 2384 eJ'us,
1746 2348 1785 2377 ut
1799 2346 1946 2385 hynmis,
1968 2346 2028 2376 hoc
2041 2349 2213 2386 sumptum
2224 2372 2235 2386 ,

1256 2394 1334 2425 ibid.
1363 2396 1403 2425 In
1428 2393 1554 2424 Avibus
1578 2393 1636 2423 lris
1661 2402 1716 2432 per
1734 2393 1979 2423 Nubicuculiam
2005 2396 2157 2432 tanquam
2181 2403 2235 2433 per

1255 2440 1349 2471 inane
1363 2440 1464 2476 101111,
1482 2439 1712 2478 comprehensa
1723 2442 1755 2470 et
1767 2439 1809 2469 ad
1832 2439 2055 2469 Pisthetaerum
2069 2440 2164 2470 ducta
2177 2464 2185 2479 ,
2203 2449 2236 2471 se

1257 2487 1379 2517 nescire
1401 2485 1480 2516 (licit
1497 2494 1576 2525 quas
1600 2489 1707 2525 portas
1721 2510 1729 2524 ,
1749 2494 1845 2525 quam
1869 2485 1979 2515 urbem
1996 2485 2083 2516 dicat
2109 2486 2181 2525 ille,
2203 2490 2235 2518 et

1256 2533 1372 2573 quaerit
1398 2532 1520 2563 satisne
1542 2541 1640 2562 sanus
1665 2533 1725 2568 sit;
1747 2534 1855 2563 monet
1875 2541 1915 2562 ne
1934 2531 2012 2562 deos
2030 2535 2234 2572 contemnat,

1257 2581 1386 2610 tandem
1398 2578 1557 2609 obsco-nis
1575 2579 1670 2609 minis
1683 2579 1772 2617 virgo
1786 2578 1940 2618 abigitur,
1968 2583 2181 2610 1202-1261.
2197 2596 2237 2601 -

1259 2626 1356 2657 Irides
1373 2625 1527 2665 (plurali),
1543 2629 1602 2656 Av.
1628 2629 1704 2656 1222
1721 2627 1754 2655 et
1769 2624 1841 2655 sch.

1216 2672 1379 2704 Isarchus
1400 2671 1543 2710 archon,
1567 2670 1656 2703 Nub.
1683 2673 1761 2711 Arq.
1790 2672 1824 2710 V,
1843 2673 1916 2709 549,
1942 2672 2035 2711 I’esp.
2060 2675 2140 2710 210,
2162 2674 2233 2709 718,

1256 2721 1338 2750 Pac.
1361 2721 1432 2749 990.

1217 2766 1387 2797 Isiciarius.
1408 2764 1488 2797 Vide
1505 2765 1718 2804 Agoracritus.

1217 2813 1363 2851 Ismenia,
1379 2812 1494 2843 nobilis
1506 2812 1667 2843 Thebanae
1682 2820 1811 2849 nomen,
1828 2813 1905 2850 Lys.
1923 2812 1994 2841 697.

1216 2860 1414 2892 Ismenichus
1429 2861 1553 2898 (servus
1565 2859 1702 2889 hominis
1713 2859 1837 2897 Boeoti),
1849 2858 1928 2889 Ach.
1941 2861 2014 2896 861,
2031 2858 2103 2887 954.
2116 2858 2234 2889 Priore

1257 2907 1327 2938 loco
1347 2906 1501 2937 Ismenias
1518 2906 1600 2945 leqit
1611 2905 1818 2936 scholiastes.

1217 2954 1387 2983 Isocrates
1399 2963 1409 2983 .·
1428 2953 1499 2991 eJ‘us
1513 2951 1704 2991 discipulus
1721 2950 1954 2987 Theramenes,
1972 2951 2058 2980 Ran.
2079 2951 2149 2979 541.

1217 2998 1369 3037 Isthmia,
1395 3001 1477 3029 Pac.
1504 3000 1575 3028 879.
1601 2999 1655 3028 Ea
1678 2998 1834 3035 qymnico
1858 2997 2042 3026 certamine
2067 2994 2231 3025 Corinthii

1256 3045 1431 3075 celebrant
1457 3044 1648 3075 PaLoemoni
1674 3044 1707 3072 et
1735 3043 1912 3081 Neptuno,
1941 3042 1999 3080 Eq.
2026 3043 2096 3071 609.
2127 3039 2232 3080 [Adde

1257 3092 1326 3121 not.
1346 3093 1438 3130 Vesp.
1455 3088 1558 3129 1413]
1579 3090 1668 3125 Quia
1686 3088 1843 3118 Isthmici
1856 3088 2050 3117 certaminis
2067 3086 2160 3117 locus
2174 3095 2232 3117 an·

1255 3138 1390 3176 qustus,
1411 3135 1457 3166 ad
1475 3135 1709 3166 celebritatem
1730 3133 1958 3164 Isthmiorum
1978 3132 2089 3162 multo
2110 3134 2190 3164 ante
2210 3141 2231 3163 a

1254 3184 1442 3222 pereqrinis
1460 3182 1607 3212 tentoria
1621 3181 1849 3218 occupantur,
1863 3181 1947 3209 Pac.
1963 3180 2034 3209 879.

1215 3229 1386 3259 Isthmiaca
1401 3236 1528 3265 corona,
1543 3226 1599 3265 fr.
1616 3228 1687 3256 414.

1216 3275 1379 3306 Isthmus.
1401 3274 1478 3305 Vicle
1496 3272 1714 3305 Corinthii.—
1727 3272 1881 3304 Isthmus
1892 3271 2064 3310 Pallenes,
2082 3273 2142 3310 Eq.
2158 3273 2229 3302 438.

1217 3321 1357 3352 Istriana}
1371 3321 1528 3360 (stigmate
1543 3320 1672 3357 notatae)
1687 3320 1804 3350 frontes
1823 3326 2000 3357 servorum,
2012 3317 2150 3357 Babyl.,
2158 3316 2228 3356 sr.,

1256 3369 1307 3397 44.

1217 3412 1348 3443 ithacus
1373 3410 1632 3451 Apodrasippidae
1659 3411 1766 3451 (quasi
1792 3410 1879 3442 dicas
1908 3409 2089 3450 Fugacidae*
2115 3408 2224 3448 filius,

2051 3469 2086 3496 4⁴).
