2517 3792
1158 157 1316 195 PACIS.

187 252 369 306 παφλάγον
388 251 471 300 (sic)
486 249 553 302 γὰρ
573 249 611 285 τὸ
625 248 740 300 ὄρνεον
763 250 785 293 ἡ
806 246 907 284 κίττα
925 246 958 291 ἐξ
976 240 1017 292 ἧς
1038 248 1208 297 μετῆκται

192 309 413 361 (μετ-κ’,νεκται
433 308 495 358 G.)
513 309 560 350 εἷς
576 305 636 348 τὰς
653 304 802 347 κυούσας
826 305 864 342 τὸ
885 311 1015 343 κιττᾶν.

243 370 328 414 500,
349 370 394 413 34
412 367 661 418 Μεταφορικῶς
678 365 755 416 βαδ.
784 368 830 402 V.
853 363 1007 415 βαδίζετε
1026 367 1071 402 R.
1088 387 1141 395 —
1160 364 1206 401 35

187 426 226 465 τὸ
248 428 281 469 ἐς
297 425 447 478 κόρακας
465 438 542 462 oni.
566 427 608 460 V.

243 487 329 530 502,
353 485 401 521 38
420 484 472 520 sie
491 487 537 520 R.
566 481 679 520 αἰτίαν
705 481 739 519 δὲ
764 475 858 533 εἶχον
881 482 1029 534 ἀρχηγοὶ
1059 485 1103 519 V.
1126 481 1208 517 Ald.

242 549 328 586 505.
361 552 419 586 De
449 548 602 585 scholiis
622 548 670 584 ad
696 561 730 583 v.
759 547 831 584 505
854 547 933 584 haec
953 545 1068 583 habet
1097 545 1208 582 Ald.:

187 609 222 645 ἐν
249 607 362 644 οὐδενὶ
389 606 501 644 ἱκανοὶ
529 607 607 644 ἐστὲ
634 604 725 651 πλὴν
757 606 791 642 ἐν
820 608 870 657 τῷ
897 605 1058 649 δικάζειν.
1080 603 1154 641 δέον
1174 601 1210 639 δὲ

188 668 296 704 εἰπεῖν
313 666 389 704 ἀντὶ
409 669 470 703 τοῦ
495 665 651 709 δικάζετε
679 664 891 713 ἐμποδίζετε.
908 685 958 692 —
972 664 1093 707 48-52
1115 660 1209 698 οὗῖὲν

187 724 464 778 πρὸς-ποίημα
484 724 601 762 habet
621 725 734 761 etiam
754 728 799 762 R.
822 723 934 759 -52
965 721 1145 759 διαὲαλλει
1163 724 1210 756 V.

190 806 237 812 -
259 798 273 820 ι
295 784 514 821 Dindorlius
536 783 781 821 scribendum
808 790 917 832 putat
940 779 1028 818 κατὰ
1045 779 1085 816 τὸ
1110 779 1212 816 ἀδιά-

189 857 292 894 φορον
310 843 370 880 vel
388 845 438 894 τῷ
456 841 647 895 ἀδιαφόρῳ.

245 903 333 948 507,
359 903 402 938 13
421 900 577 938 ἔκωπτον
599 904 645 937 V.
667 899 812 936 ἔκοπτον
835 902 877 934 G.

245 961 334 1009 509,
355 960 403 997 25
422 959 614 1011 διὸ-ἔργον
632 971 706 994 om.
727 959 771 994 G.

246 1022 336 1067 517,
359 1021 407 1057 38
429 1018 518 1057 οὕτω
538 1018 604 1070 γὰρ
627 1021 671 1052 V.
692 1015 777 1053 Ald.

246 1079 335 1125 522,
351 1079 398 1116 53
421 1092 482 1114 σου
504 1080 550 1114 R.
567 1079 611 1112 V.
629 1077 689 1111 τοῦ
708 1073 787 1111 Ald.
809 1102 850 1109 .-
867 1085 888 1108 2
908 1087 947 1121 γε
967 1072 1025 1109 καὶ
1045 1071 1150 1125 μέχρι
1166 1076 1211 1110 R.

191 1137 393 1191 ἐστέρηνται
407 1140 450 1172 V.
474 1133 666 1186 χρημάτων
685 1132 769 1171 Ald.

245 1196 335 1241 523,
354 1197 374 1231 3
390 1192 451 1231 σὺν
467 1195 510 1243 τῇ
528 1192 625 1245 “Ώρα
645 1196 691 1230 V.
711 1191 800 1229 Ald.

246 1255 318 1299 527
335 1282 345 1299 ,
373 1267 396 1301 9
422 1251 611 1302 πλέγματα
643 1249 896 1303 στρατιωτικὰ,
921 1249 1051 1287 τούτων
1075 1248 1134 1286 καὶ
1154 1253 1213 1295 V.‚

190 1313 257 1362 qui
275 1314 344 1349 τῶν
363 1324 438 1348 om.
459 1339 498 1344 -.
525 1312 568 1347 13
591 1309 736 1357 πλέκος,
756 1308 913 1360 πλέγμα.
940 1311 1089 1350 τοιοῦτος
1110 1306 1176 1360 γὰρ
1199 1310 1216 1345 ὁ

189 1368 328 1421 γρύλιος
363 1368 540 1420 πλέγματι
573 1368 779 1419 σκευοφόρον
815 1366 1064 1420 στρατιωτικὸν
1097 1371 1141 1403 V.
1179 1375 1216 1404 et

191 1429 333 1480 partim
357 1429 445 1466 Ald.
473 1449 526 1456 -—
557 1433 600 1470 τί,
623 1427 844 1465 ἀποτίθενται
871 1431 916 1464 R.
937 1425 1154 1463 κατετίθεντο
1171 1429 1215 1462 V.

190 1488 276 1526 Ald.
295 1496 332 1525 et
348 1486 483 1526 Suidas
500 1501 526 1523 5.
542 1485 677 1528 Γύλιος.
691 1486 829 1539 κρόμυα
841 1489 885 1523 R.
899 1517 940 1523 —
953 1486 997 1521 15
1013 1483 1071 1522 καὶ
1088 1498 1163 1522 orn.
1174 1489 1217 1522 V.

192 1547 294 1594 Ald„
304 1560 388 1596 quae
400 1559 478 1583 non
491 1546 607 1582 habet
618 1539 656 1582 οἷ
669 1575 707 1581 .-
719 1544 834 1595 γύλιόν
845 1561 889 1582 τι.
901 1543 1085 1597 Ἡράκλεις
1099 1549 1218 1594 πνῖγος

192 1603 308 1654 γύλιόν
332 1620 366 1642 τι
383 1617 457 1641 om.
478 1608 523 1642 R.
538 1603 666 1641 Verba
685 1612 885 1654 corrupta,
907 1603 1136 1654 quibuscum
1151 1603 1218 1640 ali-

193 1664 287 1714 quid
316 1663 576 1701 similitudinis
606 1663 720 1700 habet
753 1664 890 1700 mimus
923 1663 1139 1713 Sophronis
1169 1661 1217 1698 ab

193 1722 394 1760 Eustathio
413 1722 459 1758 ad
474 1724 628 1758 Homer.
650 1735 685 1771 p.
700 1722 770 1758 561
788 1730 1019 1759 memoratus
1035 1736 1083 1758 ex
1097 1725 1219 1759 Hero-

194 1781 311 1818 diano
325 1810 334 1828 ,
354 1779 533 1832 Ἡρακλῆς
555 1780 736 1827 ἠπιάλητα
756 1779 901 1830 πνίγων.
926 1781 1042 1830 Apud
1063 1780 1218 1817 Suidam

195 1840 382 1889 scripturn
401 1848 460 1876 est
485 1837 558 1876 ἔστι
581 1838 616 1875 δὲ
638 1839 696 1876 καὶ
719 1840 804 1889 ζῷον
826 1842 843 1876 ὁ
866 1839 1076 1888 καλούμενος
1097 1853 1218 1891 χοιρο-

194 1897 363 1951 γρύλλιος.
386 1896 526 1948 λέγεται
551 1896 587 1934 δὲ
612 1897 670 1935 καὶ
691 1900 709 1934 ὁ
731 1897 910 1949 Ἡρακλῆς
928 1897 1054 1948 γύλιος.
1076 1897 1136 1934 καὶ
1153 1896 1218 1949 γύ-

193 1957 268 1995 λιον
294 1957 430 2007 ἀγγεῖον
457 1954 618 1994 πλεκτόν.
645 1961 766 1994 Dffin.
787 1988 825 1994 -
860 1957 904 1993 16
926 1956 1000 1994 ἔστι
1022 1955 1058 1994 δὲ
1078 1970 1153 1994 om.
1174 1961 1218 1994 R.

194 2049 453 2103 χοιρογρύλλιος
477 2049 612 2087 Suidas
629 2020 893 2102 χοιρογΑρύλλιος
917 2054 963 2088 R.
983 2049 1220 2104 χοιρογρύλιος

195 2110 278 2146 Ald.
299 2108 501 2162 χοιρόγλυος
517 2113 558 2145 V.
579 2108 824 2161 χοιρόγρυλλος
845 2113 890 2146 G.
912 2118 949 2146 et
967 2119 1161 2148 correctus
1175 2115 1218 2147 V.

253 2175 327 2211 528
347 2175 485 2211 lemma
498 2172 624 2215 πλέκος
644 2173 787 2210 addidit
807 2175 922 2211 Dind.
941 2196 993 2203 —
1014 2177 1059 2211 18
1079 2175 1219 2226 Ἐσχη-

199 2232 326 2283 μάτικε
341 2231 378 2270 δὲ
392 2234 451 2280 ὡς,
468 2246 517 2269 20
535 2231 698 2284 Τηλέφου
719 2231 741 2277 ἢ
765 2232 1002 2283 Τληπολέμου
1023 2234 1156 2271 codex.

253 2300 350 2347 529,
379 2311 426 2334 22
455 2296 624 2348 ἀπεψείας
644 2297 726 2334 Ald.
744 2297 1055 2350 Ἀπεψίας-ἐρυγή
1073 2308 1110 2336 et
1129 2298 1165 2336 δὲ
1185 2309 1221 2337 et

199 2359 246 2395 25
268 2357 325 2395 τὸν
349 2371 422 2394 om.
445 2361 508 2404 V.‚
531 2357 596 2406 qui
617 2356 769 2407 πόλεμον
794 2371 880 2394 cum
902 2359 1020 2397 Suida
1045 2373 1072 2396 s.
1097 2361 1222 2411 Κρομ-

199 2414 446 2469 μυοξυρεγμία.
466 2415 570 2453 πότον
592 2415 677 2452 Ald.

253 2477 343 2521 531,
360 2475 408 2519 34
425 2473 567 2512 πάντων
588 2477 634 2511 R.
652 2472 786 2516 πάντας
800 2476 844 2511 V.
863 2506 904 2512 ..
924 2477 972 2512 36
990 2474 1049 2512 καὶ
1070 2477 1098 2513 εἷ
1119 2480 1164 2514 V.
1182 2509 1221 2514 -

201 2541 243 2579 4¹
272 2540 390 2584 γενεᾶς
410 2532 551 2586 ἀφθίτου
570 2532 737 2584 λαχόντες
759 2534 850 2570 θείου
872 2535 1007 2572 codex.
1026 2536 1221 2573 Emenda-

199 2601 288 2630 runt
306 2593 528 2630 Dindorfius
551 2601 588 2629 et
606 2592 789 2641 Bergkius
810 2593 848 2629 in
863 2593 1020 2630 Dissert.
1042 2593 1088 2631 de
1103 2595 1219 2645 Soph.

200 2654 333 2703 fragm.
353 2667 391 2703 p.
411 2653 468 2690 13.
486 2674 535 2681 —
552 2653 598 2689 50
611 2652 752 2690 πάντων
769 2655 837 2690 τῶν
856 2652 1064 2703 ποιημάτων
1087 2655 1221 2692 Suidas

200 2725 228 2750 s.
251 2710 433 2762 Στρουθός.

255 2769 330 2813 534
354 2772 398 2806 R.
416 2768 533 2806 habet
549 2769 713 2819 glossam
731 2768 881 2819 ἐχόντων
902 2768 1039 2812 πεύσεις
1056 2770 1116 2808 καὶ
1135 2772 1224 2808 ἀπο-

201 2827 344 2880 κρίσεις.
368 2849 418 2856 --
440 2829 487 2871 54
505 2825 567 2870 τὰς
583 2826 721 2869 πεύσεις
739 2831 783 2864 V.

257 2885 346 2932 535,
364 2891 384 2930 4
401 2887 463 2930 τῆς
480 2885 587 2930 ληνοῦ
609 2889 651 2922 V.
669 2917 712 2923 -.
729 2887 750 2922 8
767 2884 819 2922 ὅτι
840 2899 913 2923 orn.
936 2890 982 2924 V.

259 2944 348 2989 537,
373 2956 419 2991 19
438 2943 576 2979 lemma
596 2943 904 2995 ἀνατετραμμένου
924 2942 1014 2995 χοώς
1028 2945 1144 2982 habet
1163 2949 1222 2992 R.‚

204 3002 270 3052 qui
287 3000 584 3052 ἀνακαλυφθέντος
598 3032 608 3051 ,
629 3012 670 3039 ut
690 3003 774 3041 Ald.
793 3012 830 3041 et
847 3003 980 3042 Suidas
1001 3017 1029 3041 s.
1049 3003 1150 3047 Χοός.
1172 3028 1223 3032 -

206 3074 254 3097 20
273 3059 338 3097 ὑπὸ
357 3058 463 3109 μέθης
482 3072 556 3095 om.
574 3062 618 3097 R.
639 3090 681 3096 -
696 3074 739 3097 21
760 3060 805 3098 τὰ
821 3075 896 3099 om.
911 3065 955 3099 V.

260 3120 348 3162 538,
372 3119 419 3154 23
441 3116 556 3160 ἄλλοις
575 3118 714 3160 πολλοῖς
734 3123 779 3156 G.

262 3178 350 3223 541,
367 3190 412 3223 ²7
439 3173 580 3227 Σφόδρα
600 3179 643 3212 V.
664 3185 701 3212 et
720 3177 852 3214 Suidas
869 3192 895 3214 s.
913 3177 1224 3229 Ἵ“π(ι>πιασμέναι,

207 3237 271 3286 qui
293 3235 360 3273 ὑπὸ
383 3237 442 3272 τοῦ
462 3234 617 3283 πολέμου
646 3235 798 3272 omittit.
828 3235 923 3287 παρὰ
952 3240 1010 3273 τοῦ
1038 3240 1084 3274 V.
1102 3261 1153 3266 —
1176 3240 1223 3274 28

205 3294 285 3347 περὶ
309 3294 457 3332 Suidas.
477 3292 571 3345 παρὰ
594 3293 677 3329 Ald.
698 3292 756 3329 καὶ
780 3292 876 3344 παρὰ
894 3298 939 3330 V.
965 3296 1110 3332 Deinde
1135 3298 1224 3336 Ald.

208 3351 230 3389 δι’
248 3353 334 3389 εἰσιν
361 3349 564 3401 ἐκκαύματα
587 3350 697 3404 ὄψεων
729 3351 787 3388 καὶ
817 3353 1033 3403 κρούσματα.
1061 3353 1127 3389 ὑπὸ
1154 3357 1222 3391 τῶν

2214 167 2282 198 471

1270 243 1380 297 ὄψεων
1401 259 1472 282 oni.
1497 247 1653 293 Suidas,
1684 261 1748 296 qui
1770 250 1951 299 κρούματα
1979 255 2015 284 et
2037 260 2085 296 ²9
2108 245 2290 288 κονὲύλους

1270 304 1384 357 φασίν.
1408 335 1446 341 .-
1466 306 1512 349 34
1537 305 1691 347 ἅπαντας
1711 305 1770 348 τὰς
1795 310 1836 343 V.

1326 364 1399 407 542
1415 393 1424 409 ,
1449 365 1495 400 35
1517 364 1716 414 προσθλῶτι
1741 367 1785 400 R.
1816 372 1853 401 et
1879 365 2004 401 Suidae
2032 364 2149 415 (apud
2177 377 2289 414 quein

1270 422 1384 471 vulgo
1414 421 1633 473 προσφλῶςι)
1664 422 1811 459 codices
1839 423 1928 459 (luo.
1955 424 2227 474 προθῶσιν...
2244 424 2290 459 36

1271 478 1511 531 ἇνατρίὸοντες
1539 483 1582 516 V.
1612 489 1648 517 et
1679 480 1826 517 suidas.
1858 480 2094 531 συντρίδοντες
2114 484 2158 518 R.
2179 511 2219 518 -
2245 482 2291 517 38

1271 539 1304 575 ἐν
1328 537 1530 590 Ἰριγέροντι
1548 550 1623 574 oni.
1640 539 1789 575 Suidas.

1327 596 1421 645 549,
1446 598 1492 633 52
1512 595 1586 632 ἀντὶ
1613 599 1672 633 τοῦ
1696 597 1811 633 κατεδ.
1833 597 2009 634 Diudorf.
2030 599 2228 635 ἀντεκατεδ.
2248 599 2292 633 V.

1272 654 1488 703 Legebatur
1505 653 1528 698 ἢ
1546 655 1661 690 κατεδ.
1683 677 1734 682 -
1754 655 1799 696 53.
1818 653 1876 690 τὀν
1899 653 2005 703 μέσον
2024 657 2092 691 τῶν
2115 655 2294 692 δακτύλων

1273 711 1405 749 Suidas
1423 726 1450 748 s.
1473 711 1739 759 Ἰζσκιμοίλισεν.
1764 733 1809 739 —
1832 725 1841 746 1
1870 711 2047 764 ἐννὲρίσαι
2066 713 2178 750 idem.
2199 738 2250 744 —
2274 728 2293 748 2

1272 769 1477 812 ἐκτείνοντες
1496 773 1539 805 V.

1329 828 1417 873 553,
1437 828 1458 862 6
1481 825 1557 868 τοὺς
1579 840 1651 863 om.
1677 830 1697 861 Σ

1329 886 1402 929 554
1417 914 1427 931 ,
1449 887 1471 922 8
1493 884 1658 937 Ἀρχαίας
1681 883 1702 930 ἢ
1731 884 1805 921 ἀντὶ
1825 888 1885 921 τοῦ
1908 887 2060 927 παλαιᾶς
2077 890 2119 923 R.
2146 887 2299 923 Scholia

1274 958 1310 981 v.
1335 945 1423 990 555,
1444 944 1518 981 556
1541 958 1615 981 oni.
1639 947 1700 990 G.,
1724 946 1768 980 ι3
1788 959 1872 996 φασι
1887 957 1962 982 om.
1979 949 2023 982 V.

1328 1005 1417 1050 558,
1444 1019 1486 1051 17
1507 1003 1614 1041 πολὺν
1634 1006 1694 1041 τοῦ
1710 1017 1786 1040 oni.
1804 1006 1845 1040 V.
1860 1002 1982 1054 χρόνον
2002 1006 2062 1040 τοῦ
2083 1004 2237 1054 πολέμου
2254 1008 2298 1041 R.

1329 1064 1420 1112 561,
1443 1076 1486 1099 21
1508 1066 1610 1100 τοῦτο
1629 1067 1688 1109 V.‚
1711 1063 1777 1113 qui
1793 1075 1866 1099 om.
1885 1062 2085 1100 αἰνίττεται.

1329 1121 1418 1168 562,
1438 1122 1485 1158 23
1505 1120 1704 1170 legebatur
1721 1120 1912 1170 συντόμως.
1930 1120 2014 1174 πρὸς
2033 1120 2088 1158 τὸν
2108 1120 2184 1158 λίαν
2200 1125 2244 1157 V.

1331 1180 1419 1226 564,
1441 1192 1488 1227 27
1509 1181 1554 1221 εἷς
1569 1179 1672 1233 ἀγρὸν
1697 1193 1771 1217 om.
1788 1184 1830 1216 V.
1847 1180 1934 1216 Ald.
1954 1179 2057 1231 φησιν
2074 1173 2101 1216 ὦ
2122 1182 2167 1216 R.-

1331 1240 1420 1286 565,
1440 1241 1488 1276 30
1509 1253 1564 1289 sq.
1582 1238 1931 1291 Πανδαισία-οἷρτος
1951 1240 2049 1276 infra
2064 1248 2151 1288 post
2175 1240 2301 1275 ἑστιω-

1277 1297 1405 1348 μένων,
1427 1299 1452 1336 l.
1472 1300 1534 1344 34,
1552 1299 1662 1348 ponit
1676 1302 1720 1335 R.
1732 1330 1773 1335 -.
1787 1299 1806 1335 3
1818 1312 1831 1334 1
1852 1303 1999 1349 κραταῖα
2016 1298 2120 1349 εὐωχ.
2137 1301 2181 1334 R.
2198 1297 2302 1334 Idem

1277 1370 1350 1393 om.
1372 1355 1506 1398 Ἄλλως
1532 1356 1594 1392 hic
1619 1364 1656 1393 et
1681 1357 1743 1400 34.
1765 1379 1817 1384 -
1842 1356 1888 1392 35
1912 1369 1966 1405 sq.
1991 1356 2045 1392 sic
2064 1356 2102 1392 in
2121 1358 2189 1402 R.,
2210 1369 2301 1391 ww*

1278 1414 1413 1452 δαισίαν
1428 1414 1512 1467 φασί
1526 1430 1614 1457 τινες
1630 1413 1712 1451 ὅταν
1728 1415 1864 1452 δεῖπνον
1883 1413 2026 1456 ἕκαστος
2042 1414 2135 1465 αὐτῷ
2149 1412 2300 1463 κομίζων

1279 1475 1325 1516 εἰς
1343 1472 1380 1510 το
1398 1473 1509 1510 κοινὸν
1532 1473 1620 1525 θήσῃ
1642 1472 1701 1510 καὶ
1721 1473 1847 1515 πάντες
1867 1472 2008 1510 πάντων
2033 1471 2222 1524 μετέχωσι.
2238 1470 2302 1523 γὰρ

1278 1546 1352 1568 om.
1378 1535 1420 1567 Y.
1442 1553 1494 1559 -
1520 1533 1569 1568 36
1588 1530 1783 1582 μετέχωσι,
1805 1533 1852 1580 39
1874 1531 1936 1577 τὴν
1956 1532 2180 1577 ἐκποικίλλην
2201 1536 2243 1567 V.
2264 1532 2303 1567 ἐκ

1277 1590 1466 1628 ποικίλλων
1485 1592 1530 1628 G.

1333 1650 1421 1694 566,
1446 1655 1490 1695 47
1511 1647 1646 1700 θραύειν

1335 1707 1423 1754 567,
1449 1714 1498 1757 49
1515 1706 1558 1744 τὰ
1574 1705 1762 1759 σπέρματα
1778 1706 1821 1743 τὰ
1835 1706 1949 1759 ἄχυρα
1967 1711 2009 1742 V.

1335 1767 1411 1804 568
1432 1767 1485 1803 sic
1509 1767 1548 1803 in
1571 1770 1616 1803 R.
1630 1796 1640 1814 ‚
1665 1765 1942 1816 μετακινήσειεν.
1961 1764 2050 1808 τινὲς
2065 1780 2248 1817 μετορχιον
2267 1767 2304 1803 τὸ

1281 1824 1410 1875 μεταξὺ
1439 1827 1506 1862 τῶν
1534 1827 1662 1877 φυτῶν.
1691 1823 1713 1869 ἢ
1744 1823 1782 1861 τὸ
1811 1823 1940 1874 μεταξὺ
1963 1827 2031 1861 τῶν
2058 1824 2196 1877 χωρίων
2221 1823 2304 1877 ὅπερ

1279 1884 1419 1935 λέγεται
1443 1883 1556 1937 ὀρχός.
1577 1885 1692 1926 καλῶς
1714 1882 1754 1921 ἂν
1782 1882 1866 1936 φαίη
1890 1883 2120 1934 μεταστήσειε
2148 1882 2192 1921 τὰ
2216 1885 2305 1935 φυτὰ

1281 1945 1350 1983 ἀπὸ
1370 1947 1438 1982 τῶν
1455 1945 1610 1997 ἀρουρῶν
1630 1945 1699 1980 τῶν
1719 1943 1972 1995 σπειρομένων.
1991 1942 2012 1989 ἢ
2029 1943 2212 1996 μετόρχιον
2232 1945 2305 1981 ἐστὶ

1280 2004 1318 2042 τὸ
1339 2002 1465 2054 μεταξὺ
1484 2005 1553 2041 τῶν
1571 2001 1908 2056 ὄρχων-γένωνται.
1927 2028 1979 2034 -
1998 2015 2018 2039 2
2040 2005 2057 2040 ὃ
2075 2008 2168 2045 σῖτος
2182 2004 2216 2039 ἐν
2231 2002 2305 2053 ἅλῳ

1281 2062 1453 2116 ἔσπαρται
1473 2065 1515 2100 V.
1534 2060 1586 2099 ὅτι
1605 2075 1680 2098 om.
1705 2064 1752 2099 R.
1768 2092 1808 2098 .-
1826 2075 1845 2107 7
1863 2062 1978 2103 καλῶς
1998 2059 2039 2098 ἂν
2056 2061 2139 2113 φαίη
2163 2077 2239 2111 μετ.
2259 2065 2302 2098 V.

1338 2124 1425 2169 570,
1452 2137 1493 2159 11
1514 2120 1678 2174 κρύπτειν
1699 2123 1745 2157 V.
1767 2119 1909 2158 κύπτειν
1925 2121 2010 2158 Ald.

1338 2182 1408 2228 571
1423 2210 1433 2228 ,
1458 2182 1502 2217 13
1528 2180 1567 2217 τὸ
1585 2179 1647 2230 μὲν
1671 2180 1767 2217 dicit
1783 2180 1990 2229 respiciens
2013 2179 2060 2216 ad
2078 2178 2181 2229 μέλος
2200 2183 2305 2232 χοροῦ

1283 2255 1316 2277 v.
1341 2242 1428 2278 582.
1454 2243 1652 2285 Ceterum,
1678 2239 1751 2275 nisi
1777 2239 1888 2288 plura
1915 2238 2158 2283 exciderunt,
2180 2241 2279 2275 corri
2295 2261 2307 2266 -

1283 2299 1447 2349 gendum
1490 2297 1687 2335 δεκάκωλον
1725 2296 1926 2348 τροχαϊκόν.
1969 2296 2176 2335 Δεκοίκωλον
2213 2297 2307 2334 dicit

1282 2359 1422 2395 omisso
1451 2371 1564 2394 versu
1591 2357 1825 2393 catalectico.
1847 2355 1918 2394 Sed
1949 2369 2084 2392 vereor
2114 2369 2162 2393 ne
2187 2355 2308 2392 ἕνδεκα

1281 2416 1404 2454 κώλων
1436 2417 1632 2468 τροχαϊκῶν
1676 2415 1872 2465 scripserit
1884 2444 1893 2457 ,
1931 2423 2018 2464 post
2050 2413 2306 2466 παρατέλευτον

1282 2483 1407 2512 autem
1433 2487 1563 2510 versus
1578 2473 1791 2510 catalectici
1806 2473 1954 2510 notatio
1975 2473 2172 2510 exciderit.
2186 2476 2306 2510 Dum.

1338 2536 1427 2579 574,
1449 2546 1496 2569 22
1517 2531 1676 2570 παλαθαι
1693 2535 1738 2569 R.
1758 2540 1796 2569 et
1818 2532 1954 2569 Suidas
1973 2546 2001 2569 s.
2022 2532 2199 2569 Παλάθαι.

1338 2594 1409 2639 577
1423 2622 1432 2639 ,
1456 2593 1503 2629 25
1522 2593 1567 2633 ὡς
1583 2594 1604 2636 ἡ
1625 2600 1662 2628 et
1684 2590 1830 2644 φύονται
1846 2595 1892 2627 V.
1917 2614 1969 2618 —
1990 2592 2037 2627 26
2057 2591 2184 2638 ἄλλως,
2205 2593 2251 2628 28
2271 2591 2308 2628 τὸ

1283 2666 1356 2690 om.
1375 2655 1420 2689 R.
1439 2676 1481 2682 -
1501 2664 1550 2700 29
1566 2649 1730 2687 δύνανται
1752 2654 1795 2686 V.

1339 2712 1426 2757 578,
1444 2711 1490 2747 33
1510 2708 1549 2746 τὸ
1565 2723 1639 2746 om.
1655 2713 1701 2747 G.
1720 2708 1759 2745 τὸ
1779 2709 1967 2757 ἐποθοῧμεν
1984 2711 2028 2745 R.
2044 2707 2062 2745 ὃ
2079 2711 2249 2758 ποθοῦμεν
2262 2713 2307 2746 V.

1338 2770 1433 2814 582,
1462 2773 1512 2816 49
1532 2766 1619 2810 τινὲς
1635 2767 1825 2820 γράφουσιν
1847 2765 2038 2815 ἐδάμημεν.
2067 2770 2240 2816 Apparet
2261 2780 2308 2803 ex

1283 2829 1339 2865 his
1355 2827 1595 2865 scholiastam
1619 2827 1772 2876 legisse,
1802 2825 1905 2874 quod
1930 2837 2000 2873 ego
2022 2838 2066 2861 ex
2088 2824 2308 2873 conjectura

1285 2887 1453 2933 restitui,
1474 2885 1618 2933 ἐδάμην,
1644 2885 1828 2933 pluralem
1847 2891 1973 2919 autem
1995 2895 2216 2928 numerum,
2242 2884 2304 2933 qui

1283 2947 1322 2983 in
1340 2945 1449 2982 libris
1464 2945 1614 2993 legitur,
1629 2942 1836 2979 correctori
1850 2940 1992 2977 deberi.
2007 2940 2051 2976 51
2068 2940 2306 2993 τετράμετρος,

1284 3014 1372 3043 suut
1387 3005 1503 3041 verba
1522 3002 1684 3053 δαιμόνια
1703 3000 1910 3052 βουλόμενος
1925 3001 1970 3042 εἷς
1984 2999 2087 3051 ἀγρὸν
2105 3002 2304 3053 ἀνερπύσαι.

1283 3063 1434 3102 Deinde
1461 3061 1706 3099 scribendum
1734 3059 1792 3096 καὶ
1817 3060 1850 3095 ἐν
1872 3057 2067 3104 ἐπεκθέσει,
2099 3059 2146 3097 53
2178 3069 2303 3098 autem

1285 3121 1530 3160 scribendum
1563 3119 1716 3155 videtur
1742 3110 1815 3154 εἶτα
1850 3117 1884 3152 ἐν
1914 3116 2132 3169 παρεκθέσει.
2163 3120 2306 3169 Ineptit

1286 3182 1348 3226 54,
1365 3178 1527 3229 ἷαμὸικὸν
1550 3177 1708 3228 δίμετρον
1727 3175 1867 3212 dicens.
1883 3178 2002 3212 Dmn.
2025 3175 2173 3228 ὃίρυθμα
2187 3181 2246 3223 V.‚
2265 3187 2304 3214 ut

1285 3239 1392 3276 solet.
1414 3235 1681 3289 παρατελεύτιον
1706 3236 1751 3269 G.
1767 3256 1818 3260 —
1835 3247 1855 3269 2
1877 3234 2138 3285 ουναλιφθέντος
2151 3238 2195 3272 R.

1342 3297 1415 3332 583
1449 3296 1494 3336 εἷς
1518 3292 1641 3330 ἑνικόν.
1671 3295 1762 3328 Haec
1780 3305 1933 3341 quoque
1953 3294 2170 3340 annotatio,
2189 3308 2302 3343 quani

1287 3367 1362 3391 om.
1379 3357 1435 3399 G,
1454 3352 1498 3388 ad
1515 3350 1646 3399 ἐδάμην
1664 3350 1875 3387 reserenda.
1895 3351 2088 3393 Δαιμονίως
2100 3381 2108 3395 ‚
2127 3353 2280 3403 τςῑδρῦὲς
2292 3385 2302 3402 ,
