2533 3808
262 188 333 220 386

261 262 487 309 ἀναθήσομεν,
512 251 616 304 οὗπερ
633 253 769 301 ὑπῆρχε
791 246 954 297 πρότερον
972 239 1170 292 ἱδρυμένος,
1187 237 1290 286 ἤγουν

260 316 486 367 πεποιημένος
516 311 574 350 καὶ
607 305 872 355 ἀνατεθειμένος.
906 299 946 337 σὺ
971 297 1007 335 δὲ
1029 296 1213 357 περίμενε,
1238 291 1294 329 διὰ

263 379 379 417 μέσου.
399 371 578 411 ὀυλάττων
594 367 778 405 ὁΠλοῦτος
790 361 846 399 τὸν
865 359 1003 397 ὄπισθεν
1021 359 1112 393 οἰκον
1131 356 1192 398 τῆς
1206 353 1292 388 θεοῦ.

261 419 323 473 ΕΒ.
345 415 470 470 αὐτίκα
492 426 572 477 μάλ’
596 438 603 463 :
629 421 814 470 Συντόμως
833 417 926 455 λίαν.
948 413 1110 465 περίμενε
1135 423 1143 448 :
1170 407 1293 460 Πρόσ-

264 506 354 539 μενε,
371 496 437 525 ΕΒ.
458 488 558 523 τοῦτο
573 480 628 519 διὰ
646 479 763 529 μέσου.
782 477 828 514 Θ.

317 560 396 584 1192.
427 540 531 593 οἷπερ
556 553 564 578 :
586 538 682 576 Ἐκεῖ
703 535 799 573 ὅπου.
825 527 866 578 ἦν
888 528 1067 582 ἱδρυμένος
1086 540 1094 565 :
1113 526 1296 576 Ὑπῆρχεν

263 598 578 650 κατεσκευασμένος
587 627 596 644 ,
605 594 796 644 ἱστάμενος.
810 597 875 627 ΕΒ.
886 587 1079 637 ἱστάμενος,
1092 582 1181 629 καθή
1187 596 1296 632 μενος.

284 670 327 699 )υ.
346 657 589 712 ἀφιερωμένος.
608 661 648 691 Ρ.

320 730 399 755 1193.
429 715 485 753 τὸν
513 709 738 759 ὀπισθόδομον
763 706 816 743 ἀεὶ
839 702 1019 758 φυλάττων
1048 714 1056 739 2
1076 698 1214 738 Ὀπίσω
1239 700 1299 734 τοῦ

268 775 333 813 νεὼ
353 778 414 821 τ’ἧς
438 769 653 819 καλουμένης
674 764 836 806 πολιάδος
859 763 1002 806 Ἀθηνᾶς
1028 759 1165 799 διπλοῦς
1187 760 1301 806 τοῖχος

269 834 357 885 ἔχων
385 831 502 883 θύραν,
526 828 610 864 ὅπου
635 820 675 870 ἦν
697 818 1030 873 θησαυροφυλάκιον.
1118 813 1299 865 (Ἄλλως.)

269 890 343 930 ἐπεὶ
360 889 404 927 τὰ
418 887 586 940 χρήματα
604 884 637 919 ἐν
654 884 702 933 τῶ
720 877 937 927 ὀπισθοδόμῳ
955 873 1129 912 ἀπέκειτο.
1150 870 1250 922 μέρος
1267 868 1304 906 δέ

216 794 248 818 10

270 952 343 986 ἐστι
370 950 430 992 τ’ἧς
457 942 694 995 ἀκροπόλεως,
717 937 817 988 [ἔνθα
839 930 880 981 ἦν
900 933 1068 983 ταμιεῖον,
1089 930 1226 968 ὄπισθεν
1244 931 1303 964 τοῦ

269 1011 330 1053 τῆς
347 1006 487 1049 Ἀθηνᾶς
500 1000 619 1049 ναοῦ].
639 1000 699 1042 τῆς
716 996 855 1040 Ἀθηνᾶς
873 990 1040 1038 δηλονότι.
1059 989 1105 1030 εἷς
1121 986 1182 1032 τὴν
1203 984 1306 1036 ἀκρό-

271 1066 370 1102 πολιν
395 1060 556 1113 ἀνέφερον
578 1055 621 1093 τὰ
642 1053 833 1107 χρήματα,
854 1051 1029 1088 κάνταῦθα
1059 1044 1305 1098 ἐφυλάττοντο,

271 1120 361 1160 καθὰ
379 1119 438 1157 καὶ
459 1113 672 1158 Θουκυδίδης
691 1110 793 1163 φησὶν
812 1111 845 1147 ἓν
863 1111 904 1159 τῇ
925 1104 1066 1157 δευτέρα
1088 1105 1129 1150 [C
1142 1132 1149 1140 .
1177 1106 1227 1146 13]
1251 1099 1308 1137 οὔ-

272 1195 339 1221 τως
356 1196 370 1210 «
388 1172 613 1226 ὑπαρχόντων
631 1168 666 1207 δὲ
681 1171 714 1206 ἐν
725 1172 766 1219 τῇ
782 1165 968 1218 ἀκροπόλει
982 1163 1035 1200 ἀεί
1049 1177 1132 1199 ποτε
1146 1157 1308 1212 ἀργυρίου

275 1255 290 1271 «
312 1234 482 1284 ἐπισήμου
515 1227 754 1278 ἑξακισχιλίων
776 1224 972 1262 ταλάντων·
997 1220 1041 1258 τὰ
1067 1219 1132 1271 γὰρ
1161 1217 1309 1255 πλεῖστα

277 1314 293 1328 α
312 1290 518 1346 τριακοσίων
539 1285 729 1325 ἀποδέοντα
751 1281 983 1334 περιεγένετο,
1005 1278 1061 1329 ἀφ’
1086 1272 1133 1314 ῶν
1159 1276 1192 1319 ἔς
1213 1291 1251 1312 τε
1266 1273 1310 1312 τὰ

279 1371 294 1387 «
313 1349 512 1403 προπύλαια
529 1349 590 1391 τῆς
608 1340 824 1395 ἀκροπόλεως
840 1339 899 1376 καὶ
917 1340 948 1380 ἐς
970 1336 1029 1374 καὶ
1046 1335 1158 1373 τᾶλλα
1181 1334 1311 1371 οἰκοδο-

278 1429 292 1444 «
314 1409 461 1460 μήματα
473 1435 482 1452 ,
499 1403 559 1442 καὶ
576 1404 608 1445 ἐς
623 1400 812 1439 Ποτίδαιαν
829 1396 1046 1441 ἐπανηλώθη.
1065 1412 1079 1427 »

330 1467 386 1504 τὸν
395 1462 619 1510 ὀπισθόδομον
631 1472 639 1497 t
648 1461 680 1497 T
683 1458 700 1495 ὸ
710 1457 847 1494 ὄπισθεν
858 1458 917 1492 τοῦ
925 1453 1031 1498 οἴκου,
1040 1452 1145 1502 ἤγουν
1153 1453 1210 1487 τοῦ
1219 1451 1300 1486 ναοῦ
1309 1481 1316 1488 ,

332 1530 398 1562 ΕΒ.
426 1522 470 1560 τὰ
483 1521 620 1559 ὄπισθεν
634 1520 691 1554 τοῦ
710 1515 828 1564 δόμου.
843 1526 906 1556 Do.
920 1512 977 1549 τὸν
995 1511 1132 1548 ὄπισθεν
1147 1512 1206 1546 τοῦ
1220 1509 1317 1548 ναοῦ,

281 1591 321 1621 Ρ.
339 1585 398 1627 τῆς
415 1583 490 1617 θεοῦ
509 1591 517 1616 ;
535 1579 608 1621 Τῆς
625 1575 778 1617 Ἀθηνᾶς.
797 1577 862 1608 ΕΒ.
881 1573 920 1602 P.

337 1652 415 1678 1194.
448 1635 534 1687 (ἀλλ’
560 1632 690 1671 ἐκδότω
716 1646 765 1672 τις
791 1630 889 1681 δεῦρο
911 1642 920 1666 t
940 1626 1025 1665 e'Ort
1046 1623 1248 1677 Λυκόφρων,
1273 1626 1318 1666 ὥς

282 1703 299 1738 ὃ
316 1693 567 1750 Ἐρατοσθένης
583 1690 699 1744 φησὶν,
714 1688 809 1741 ᾠήθη
827 1689 964 1739 πρῶτον
979 1689 1097 1722 τοῦτον
1115 1684 1220 1735 δᾷδας
1235 1685 1319 1733 ᾐτη-

283 1757 392 1796 κέναι.
410 1751 581 1797 πεποίηκε
595 1748 631 1787 δὲ
646 1747 706 1786 καὶ
720 1749 754 1785 ἐν
771 1742 1105 1790 Ἐκκλησιαζούσαις
1119 1741 1213 1779 αὒτό.
1230 1740 1320 1777 ἀλλὰ

284 1815 350 1867 γὰρ
371 1810 539 1864 Στράττις
561 1809 628 1859 πρὸ
653 1803 856 1856 ἀμφοτέρων
875 1801 1003 1839 τούτων
1025 1799 1102 1843 τοὺς
1120 1798 1322 1849 Ποταμίους

287 1872 456 1911 διδάσκων
473 1870 520 1910 εἷς
537 1864 727 1904 Φιλύλλιον
747 1860 908 1913 ἀναφέρει
924 1859 962 1897 τὸ
980 1865 1145 1910 πρᾶγμα·

220 1082 252 1106 15

225 1373 258 1397 20

370 1942 454 1980 ὑμεῖς
466 1948 498 1968 τε
511 1935 620 1970 πάντες
631 1933 698 1969 ἔξιτ’
715 1932 763 1962 ἐπὶ
776 1932 811 1962 τὸ
828 1931 953 1967 Πύθιον,

370 1988 437 2018 ὅσοι
454 1984 586 2024 πάρεστε
600 1983 641 2020 μὴ
654 1979 795 2013 λαὸοντες
807 1976 968 2016 λαμπάδας

371 2033 440 2074 μηδ’
456 2032 528 2062 ἄλλο
543 2028 634 2069 μηδὲν
649 2026 793 2066 ἐχόμενον
807 2022 997 2061 Φιλυλλίου.)

235 1958 268 1982 30

344 2096 472 2135 ἐκδότω
492 2107 501 2132 t
519 2090 618 2135 Ἔξω
637 2089 725 2127 δότω
746 2091 841 2138 ἡμῖν.
859 2088 957 2139 δεῦρο
976 2099 984 2124 :
1007 2085 1193 2123 Ἐνταῦθα.
1211 2083 1327 2134 ἡμμέ-

291 2172 350 2198 νας
369 2168 377 2193 ;
396 2156 475 2204 Πῦρ
493 2150 651 2202 ἐχούσας.
669 2160 735 2190 LB.
755 2144 962 2194 ἁπτομένας.
978 2145 1026 2182 Θ.
1047 2146 1106 2180 Dv.

346 2226 425 2250 1195.
454 2209 496 2246 ἵν’
523 2208 612 2258 ἔχων
636 2207 772 2256 προηγῇ
791 2206 838 2256 τῷ
864 2205 930 2254 θεῷ
952 2216 960 2240 :
983 2204 1096 2241 Τοῦτο
1113 2199 1148 2238 δὲ
1172 2196 1264 2237 εἶπεν
1284 2202 1329 2243 ὡς

295 2270 477 2321 μέλλοντος
493 2264 649 2318 προϊέναι
667 2266 725 2300 τοῦ
750 2260 923 2300 Πλούτου.
944 2282 995 2288 -
1008 2258 1049 2296 ἵν’
1069 2259 1157 2309 ἔχων
1182 2272 1190 2296 :
1211 2257 1329 2311 ‘'Ovtep

295 2330 441 2380 κρατῶν.
458 2327 524 2362 LB.
543 2322 630 2373 ἔχων
653 2335 661 2359 :
682 2322 842 2371 Κρατῶν.
860 2324 922 2355 Dv.
943 2317 1113 2368 κατέχων.
1133 2320 1173 2350 P·
1192 2319 1330 2368 προηγῇ

297 2385 338 2423 σὺ
360 2386 409 2435 τῷ
429 2384 494 2433 θεῷ
518 2378 783 2438 ζῌροοδοποιῇς
810 2378 859 2428 τῷ
880 2374 1041 2426 Πλούτῳ.
1069 2376 1136 2413 LB.
1163 2377 1299 2424 προηγῇ
1322 2386 1330 2411 :

298 2441 527 2494 Προοδοποιεῒ
541 2440 569 2474 ὠ
588 2439 691 2487 ἱερεῦ.
713 2443 774 2493 ὒυυ.
795 2449 854 2485 πρ.
873 2436 922 2485 τῷ
947 2435 1012 2483 θεῷ
1036 2446 1044 2470 :
1068 2430 1232 2482 Ἣγεμὼν
1251 2430 1332 2482 γένῃ

299 2504 348 2552 τῷ
374 2500 450 2549 θεῷ.
477 2499 517 2529 P·
538 2494 629 2531 πάνυ
650 2492 711 2542 μὲν
737 2495 794 2529 οὖν
821 2505 829 2530 :
851 2491 940 2529 Λίαν
965 2490 1034 2541 χρὴ
1055 2494 1155 2527 τοῦτο
1176 2492 1333 2535 ποιῆσαι.

302 2560 367 2589 LB.

356 2615 433 2640 1196.
464 2600 546 2651 δρᾶν
568 2611 576 2635 :
599 2594 728 2634 Ποιεῒν.
750 2594 818 2645 χρὴ
839 2593 1011 2645 ζΠρέπει.
1032 2601 1101 2631 ΕΒ.
1119 2592 1218 2629 κάλει
1234 2606 1243 2630 ;
1262 2592 1336 2629 ἀντὶ

301 2665 360 2699 τοῦ
375 2656 525 2697 καλέσει.
547 2659 580 2687 Γ-

359 2731 437 2755 1197.
466 2713 541 2763 (τὰς
556 2710 704 2763 χύτρας,
731 2703 783 2752 αἷς
805 2709 862 2746 τὸν
887 2708 959 2746 θεὸν
988 2721 996 2746 :
1023 2706 1125 2749 Ἔθος
1148 2706 1215 2758 γὰρ
1240 2700 1282 2752 ἦν
1305 2708 1338 2743 ἐν

304 2779 378 2819 ταῖς
397 2772 550 2825 ἱδρύσεσι
574 2771 640 2805 τῶν
659 2767 870 2818 ἀγαλμάτων
897 2766 1047 2817 ὀσπρίων
1065 2765 1252 2815 ἡψημένων
1275 2763 1340 2814 χύ-

241 2245 273 2270 35

247 2532 281 2554 417)

252 2803 285 2827 45

305 2850 388 2887 τροις
407 2825 726 2883 περιπομπεύεσθαι
746 2824 810 2862 ὑπὸ
836 2826 1005 2874 γυναικῶν
1030 2822 1194 2863 ποικίλως
1215 2823 1340 2873 ἠμφιε-

308 2891 440 2941 σμένων
451 2891 472 2938 ·)
490 2884 568 2938 ξκαὶ
584 2882 713 2920 τόύτων
731 2882 929 2934 ἀπήρχοντο
945 2880 1155 2932 χαριστήρια
1172 2880 1241 2921 τοῖς
1257 2882 1343 2920 θεοῖς

310 2941 570 2997 ἀπονέμοντες]
585 2943 734 2977 -ποιῶ
752 2955 760 2978 ;
778 2939 935 2985 Ποιήσω.
952 2941 1018 2975 LB.
1037 2937 1098 2980 τὰς
1113 2936 1242 2989 χύτρας
1259 2950 1267 2974 :
1286 2935 1344 2974 Τὰ
1366 2926 1372 2968 ί

309 3004 487 3049 τζυκάλια.
512 3009 572 3042 DF.
589 2996 650 3039 τὰς
665 2997 794 3050 χύτρας
813 3012 821 3035 2
840 2995 1070 3049 Ἀφιεροῦντές
1089 3011 1122 3032 τι
1143 2997 1176 3032 ἓν
1197 2997 1305 3040 ναοῖς,
1322 2993 1343 3038 ἢ
1367 2972 1372 3001 ¹

261 3090 294 3114 50
312 3058 546 3112 καθιδρύοντες
567 3058 687 3100 αὐτοὺς
707 3056 779 3098 ἔθος
796 3049 887 3106 εἶχον
906 3053 1092 3105 προσάγειν
1109 3050 1238 3103 χύτρας
1262 3050 1346 3088 ἀθά-

316 3134 374 3170 ρας
398 3116 457 3154 καὶ
482 3115 694 3165 σεμιδάλεως
720 3111 866 3163 μεστὰς,
886 3111 908 3156 ἢ
933 3110 1090 3148 πελάνων
1111 3110 1169 3146 καὶ
1196 3109 1346 3161 ὀσπρίων

316 3175 576 3224 ἀληλεσμένων·
607 3171 862 3225 προωδοποίουν
891 3169 925 3208 δὲ
957 3169 1121 3222 φέρουσαι
1152 3172 1263 3205 ταῦτα
1291 3159 1348 3204 ἐπὶ

316 3234 467 3286 κεφαλῆς
492 3237 647 3279 γυναῖκες
676 3229 799 3280 σεμναί
825 3244 923 3271 τινες.
945 3240 1004 3272 LB.
1032 3220 1084 3269 αἶς
1111 3239 1119 3265 :
1141 3226 1192 3265 Δί’
1213 3220 1270 3263 ῶν.
1291 3226 1347 3264 τὸν

319 3291 392 3330 θεὸν
410 3305 417 3329 t
435 3289 503 3328 Τὸν
522 3290 689 3327 Πλοῦτον.
707 3293 776 3326 ‘LB.

1368 1424 1434 1454 LB.
1452 1415 1568 1452 πάντα
1591 1428 1599 1453 z

1368 1490 1440 1513 ται,
1466 1476 1534 1511 LB.
1557 1471 1750 1523 γενήσεται.
1768 1480 1832 1509 Dv.
1851 1470 1885 1508 τί
1905 1470 2102 1521 γενήσεσαι.
2125 1471 2147 1509 ἃ
2169 1471 2285 1524 βούλει
2307 1473 2411 1524 γενή-

1370 1546 1478 1569 σεται.
1497 1532 1542 1570 Θ.

1004 152 1258 193 SCHOLIA
1291 150 1351 188 IN
1386 148 1634 188 PLUTUM.

1403 247 1480 272 1198.
1511 232 1566 270 ἐπὶ
1593 234 1654 277 τ’ἧς
1679 232 1831 283 κεφαλῆς
1858 242 1866 267 :
1897 226 2064 274 Ἐπειδὴ,
2095 226 2196 264 ὁπότε
2227 225 2382 276 μέλλοιεν

1351 291 1487 342 βωμοὺς
1519 289 1704 342 ἀφιδρύειν,
1736 287 1758 333 ἢ
1792 287 1936 338 ἄγαλμα
1967 289 2061 331 θεοῦ,
2094 284 2230 337 ἕψοντες
2257 283 2384 336 ὄσπρια

1350 347 1548 400 ἀπήρχοντο
1583 346 1711 384 τούτων
1744 347 1814 387 τοῖς
1845 342 2103 397 ἀφιδρυμένοις,
2135 342 2385 395 εὖχαριστήριοι

1351 404 1577 455 ἀπονέμοντες
1595 407 1656 450 τ’ἥς
1674 402 1813 455 πρώτης
1832 402 1978 449 διαίτης·
2002 401 2076 440 ὅθεν
2092 400 2152 439 καὶ
2173 402 2206 438 ἐν
2228 405 2302 443 ταῖς
2319 403 2388 439 Δα-

1393 461 1406 477 λ

1350 479 1442 501 ναισι

2406 473 2423 497 5

1435 566 1625 606 μαρτύρομαι
1642 564 1673 595 δὲ
1687 564 1779 600 Ζηνὸς
1793 563 1910 604 ἑρκείου
1923 563 2035 603 χύτρας

1435 612 1505 651 παρ’
1524 611 1571 646 αἱς
1585 612 1601 641 ὁ
1616 610 1720 650 βωμὸς
1734 609 1822 645 οὗτος
1835 609 1938 649 ἱδρύθη
1952 611 2039 640 ποτέ.

1407 709 1616 762 ἱδρυσόμεθα
1640 722 1648 747 :
1676 707 1848 757 Τάξομεν,
1871 706 2190 756 κατασκευάσομεν.
2211 718 2280 748 ΕΒ.
2308 706 2393 754 στή-

1357 784 1475 818 σομεν.
1492 776 1553 805 Βυ.
1570 766 1626 804 ἐπὶ
1643 780 1652 805 2
1667 766 1825 804 Ἐποίνω.
1840 768 1900 811 τῆς
1913 766 2066 816 κεφαλῆς
2081 777 2089 803 :
2105 767 2179 810 Τῆς
2195 768 2270 811 σῆς,
2288 765 2392 818 φέρες

1358 826 1530 870 Βάσταξε.
1548 833 1615 862 ΕΒ.
1634 824 1708 874 ἄγε.
1727 827 1790 861 Dv.
2282 813 2292 821 f

2417 842 2448 866 10

1413 904 1491 928 1199.
1522 888 1625 940 [αὐτὴ
1651 888 1792 926 ποικίλα
1811 901 1820 926 z
1841 886 1964 926 Λείπει
1986 886 2025 924 τὸ
2050 885 2192 936 ἱμάτια,
2211 885 2254 924 ἵν’
2274 883 2296 934 ἦ
2315 904 2397 927 ποι-

1360 946 1440 984 κίλα
1460 946 1584 996 ἱμάτια
1606 946 1735 997 ἔχουσα
1755 947 1890 994 σεμνῶς
1912 938 2022 990 ἦλθες.
2048 945 2233 996 πορφυροῖς
2251 944 2318 997 γὰρ
2339 946 2399 984 καὶ

1360 1004 1527 1047 ποικίλοις
1553 1003 1702 1054 ἱματίοις
1730 1002 1938 1051 ἐπόμπευον.
1965 1002 2016 1039 δεῖ
2044 1001 2079 1039 δὲ
2107 1004 2275 1049 ὑπονοεῖν,
2297 1002 2350 1040 ὅτι
2375 1006 2397 1048 ἡ

1361 1067 1466 1115 γραῦς
1491 1062 1655 1100 ἐὸιάσατο
1684 1061 1744 1099 καὶ
1770 1062 1970 1106 συνεισῆλθε
1991 1062 2041 1112 τῷ
2064 1059 2250 1113 νεανίσκῳ·
2269 1060 2329 1098 καὶ
2349 1061 2400 1099 ὅτι

1362 1125 1383 1167 ἡ
1404 1125 1509 1173 γραῦς
1535 1120 1676 1158 ποικίλα
1701 1114 1802 1166 ἦλθεν
1828 1118 1956 1169 ἔχουσα
1984 1117 2139 1169 ἱμάτια.]
2166 1144 2212 1148 —-
2237 1122 2370 1169 σεμνῶς
2392 1133 2401 1158 :
2422 1135 2456 1161 15

1364 1178 1564 1220 Εὒτάκτως.
1590 1186 1659 1216 ΕΒ.
1681 1176 1843 1226 ἐντίμως,
1866 1177 2149 1227 μεγαλοπρεπῶς.
2177 1179 2223 1216 Θ.
2245 1177 2402 1227 ε’ντίμως.

1364 1246 1427 1275 Dr).
1449 1236 1577 1286 ἔχουσα
1597 1249 1605 1273 1
1628 1237 1808 1287 Φοροῦσα.
1834 1248 1900 1277 LB.
1922 1237 1983 1272 Dv.
2008 1233 2094 1280 αὐτὴ
2118 1247 2126 1272 t
2148 1233 2214 1273 Σύ.
2235 1235 2403 1276 ποικίλα;

1365 1293 1523 1346 Διάφορα
1540 1292 1676 1340 ἱμάτια.
1695 1298 1763 1330 LB.
1781 1290 1916 1340 ἱμάτια.
1940 1295 2000 1330 Dv.
2020 1291 2130 1329 λείπει
2151 1283 2287 1342 ἱμάτια.
2311 1302 2350 1332 R.
2366 1302 2405 1332 Θ.

1421 1371 1500 1396 1200.
1530 1351 1577 1394 ῶν
1602 1356 1630 1393 δ’
1647 1355 1754 1394 οὕνεκ’
1781 1368 1789 1393 :
1807 1348 1875 1393 ῗΩν
1893 1357 1992 1392 τινῶν
2013 1354 2134 1406 χάριν·
2153 1355 2187 1393 τί
2205 1356 2407 1407 γενήσεται;

1624 1413 1665 1452 Ἃ
1691 1412 1818 1465 βούλει.
1835 1421 1898 1450 Dv.
1921 1412 2137 1465 πεπράξεται
2159 1426 2168 1451 :
2192 1412 2407 1466 Πραχθήσε-
2427 1427 2463 1453 20

1426 1609 1502 1634 1201.
1535 1593 1607 1641 ἥξει

1373 1653 1422 1691 σέ.
1437 1655 1482 1692 Θ.

1429 1731 1506 1755 1202.
1537 1716 1606 1766 εἴγε
1634 1715 1748 1766 μέντοι
1776 1729 1785 1754 :
1812 1715 1924 1767 Εἴπερ
1949 1714 2054 1765 ὅμως.
2081 1714 2122 1761 νὴ
2149 1716 2229 1755 Δί’;
2250 1715 2312 1755 Μὰ
2340 1716 2412 1756 τόν.
2432 1729 2466 1754 25

1375 1777 1481 1827 ἐγγυᾷ
1509 1788 1517 1812 :
1550 1773 1701 1823 Ἔγγύην
1737 1772 1847 1815 δίδως.
1880 1776 1947 1811 LB.
1979 1772 2130 1823 ὑπόσχῃ.
2157 1779 2221 1812 Dv.
2255 1774 2329 1811 ἀντὶ
2354 1778 2414 1812 τοῦ

1377 1832 1497 1883 ἔγγυον
1512 1831 1571 1870 καὶ
1586 1831 1772 1882 ὑπόσχεσιν
1787 1831 1898 1873 δίδως.
1920 1844 1957 1873 P.
1977 1832 2082 1882 ἐγγυᾷ
2099 1832 2341 1882 ἐνεργητικῶς·
2358 1832 2415 1870 ἐπὶΙ

1377 1893 1526 1940 γαμικοῦ
1552 1888 1853 1938 συναλλάγματος.
1876 1884 1945 1925 οἷον
1967 1890 2073 1940 ἐγγυᾷ
2103 1891 2120 1926 ὁ
2139 1889 2233 1926 δεῖνα
2259 1892 2309 1927 τῶ
2333 1891 2417 1928 δεῖνι

1378 1948 1440 1993 τὴν
1458 1950 1580 1985 ἑαυτοῦ
1600 1946 1782 1998 θυγατέρα.
1804 1947 1983 1996 ἐγγυῶμαι
1997 1946 2034 1983 δέ
2054 1962 2107 1984 σοι
2126 1930 2326 1993 παθητικῶς
2342 1950 2419 1988 ἀντὶ

1379 2010 1437 2044 τοῦ
1461 2004 1697 2057 ὑπισχνοῦμαί
1714 2020 1778 2042 σοι.
1806 2003 1880 2042 ὅθεν
1904 2004 1964 2042 καὶ
1987 2003 2092 2055 ἐγγύη
2118 2007 2139 2051 ἡ
2160 2005 2357 2057 ὑπόσχεσις.
2379 2018 2416 2049 Ρ,
2438 2021 2474 2047 ao

1379 2065 1464 2096 Υἱοὶ.
2265 2051 2275 2058 “

1436 2131 1516 2156 1203.
1546 2116 1637 2161 ἥξειν
1658 2129 1666 2154 :
1687 2115 1838 2154 Ἐλθεῖν.
1865 2115 1949 2153 οἴσω
1969 2129 1977 2153 :
2003 2115 2164 2166 Κομίσω.
2184 2124 2252 2155 ΕΒ.
2273 2125 2338 2157 Dv.
2362 2116 2422 2161 τὰς

1382 2175 1511 2228 χύτρας
1527 2187 1536 2213 :
1553 2174 1610 2213 Τὰ
1623 2172 1803 2217 τζυκαλία.
1823 2181 1892 2211 ΕΒ.

1438 2252 1518 2278 1204.
1549 2237 1638 2288 μὴνε
1657 2236 1799 2276 Αοιπόν.
1816 2245 1885 2275 ΕΒ.

1633 1608 1642 1633 :
1666 1593 1881 1633 Ἐλεύσεται.
1906 1599 1974 1631 ΕΒ.
1997 1593 2096 1645 ἔλθῃ.
2117 1603 2179 1634 Dv.
2194 1593 2241 1638 ὥς
2263 1610 2302 1633 σε
2320 1608 2329 1634 :
2351 1597 2414 1639 Εἷς

1441 2316 1519 2341 1205.
1550 2298 1654 2339 αῧται
1673 2315 1682 2340 :
1703 2302 1749 2339 Αἱ
1765 2300 1904 2353 χύτραι.
1921 2300 1997 2344 ταῖς
2015 2301 2137 2344 ἄλλαις
2152 2301 2296 2355 χύτραις
2317 2316 2326 2342 :
2343 2305 2424 2343 Τῶν
2444 2314 2477 2340 35

1388 2360 1501 2399 ἄλλων
1521 2362 1671 2411 χυτρῶν.
1693 2366 1762 2397 ΕΒ.
2170 2346 2178 2353 ’

1442 2437 1523 2461 1206.
1555 2425 1576 2467 ἡ
1596 2425 1701 2474 γραῦς
1721 2421 1836 2459 ἔπεστ’
1866 2421 2032 2459 ἀνωτάτω
2061 2436 2070 2460 t
2095 2423 2182 2472 (Ἐν
2203 2425 2252 2475 τῷ
2271 2425 2427 2475 ὑπερζεῖν

1389 2481 1432 2519 τὰ
1447 2480 1721 2531 μαγειρευόμενα
1741 2479 1894 2529 ὄσπρια.)
1913 2483 2019 2530 γραῦς
2035 2479 2101 2531 γὰρ
2117 2481 2273 2517 καλεῖται
2289 2483 2307 2518 ὁ
2323 2481 2428 2533 ἀφρὸς

1391 2543 1408 2576 ὁ
1425 2538 1597 2579 ἀνώτατος
1612 2539 1680 2573 τῶν
1693 2539 1842 2587 χυτρῶν,
1863 2535 1897 2584 (ἢ
1919 2536 1958 2573 τὸ
1975 2537 2251 2587 ἐπιπηγνύμενον
2268 2521 2430 2582 ἐλαιῶδες

1391 2598 1439 2648 τῷ
1460 2598 1581 2646 ζωμῷ,
1598 2597 1619 2639 ἢ
1640 2594 1821 2645 ἐπιφάνεια
1838 2596 1898 2639 τῆς
1918 2593 2060 2646 ἀθάρης.
2077 2594 2116 2631 τὸ
2137 2594 2191 2641 δὲ,
2209 2596 2271 2633 οὐκ
2290 2595 2341 2633 ἔτι
2359 2596 2432 2634 τοί-
2449 2605 2485 2630 40

1392 2669 1449 2690 νυν
1471 2652 1530 2690 καὶ
1552 2651 1595 2689 τὰ
1623 2651 1750 2703 ἐφεξῆς)
1775 2653 1813 2688 ἐκ
1836 2655 1895 2688 τοῦ
1915 2655 2059 2698 ποιητοῦ
2084 2652 2140 2690 διὰ
2155 2657 2216 2691 τοῦ
2238 2658 2357 2706 γοροῧ.
2379 2678 2432 2684 --

1393 2714 1415 2756 ἡ
1438 2713 1544 2761 γραῦς
1568 2724 1576 2748 ;
1598 2709 1650 2747 Τὸ
1673 2709 1784 2751 λίπος.
1809 2717 1876 2746 ΕΒ.
1897 2712 1918 2754 ἡ
1942 2712 2061 2752 κοινῶς
2082 2710 2159 2756 ἄθη.
2180 2699 2287 2749 LB.-5
2311 2711 2429 2765 ἄωρός.

1395 2768 1479 2820 φασὶ
1495 2766 1560 2818 γὰρ
1578 2768 1758 2809 ἰδιωτικῶς
1776 2767 1833 2803 τὸν
1854 2767 1961 2819 ἀφρὸν
1979 2772 2086 2820 γραῦν
2103 2768 2159 2806 διὰ
2176 2769 2215 2807 τὸ
2232 2752 2366 2810 λευκόν.
2384 2773 2431 2810 Θ.

1396 2826 1500 2875 ἤγουν
1526 2827 1543 2861 ὃ
1570 2824 1676 2875 ἀφρὸς
1700 2824 1756 2861 διὰ
1781 2823 1820 2861 τὸ
1842 2825 1975 2862 λευκόν.
2001 2834 2063 2863 Dv.
2090 2826 2206 2865 ἔπεστ’
2232 2828 2398 2867 ἀνωτάτω
2423 2842 2433 2868 :

1398 2881 1551 2921 Ἔπάνω.
1567 2883 1614 2921 Θ.
1633 2882 1749 2918 ἐπάνω
1761 2882 1921 2933 ὑπάρχει.
1941 2891 2003 2920 ΕΒ.
2022 2887 2043 2929 ἡ
2059 2888 2166 2936 γραῦς
2177 2885 2292 2924 ἔπεστ’
2309 2900 2318 2925 :
2332 2885 2435 2926 Ἤτοι
2454 2903 2489 2928 45

1398 2942 1442 2982 ὡς
1462 2939 1578 2991 ἀφρός.
1601 2953 1640 2982 Ρ,
1657 2944 1762 2990 γραῦς
1777 2940 1915 2989 λέγεται
1937 2941 1975 2978 τὸ
1995 2943 2149 2993 ἀφρῶδες
2163 2943 2223 2981 καὶ
2243 2944 2361 2982 ἐπάνω
2376 2947 2437 2991 τῆς

1399 2998 1546 3049 χύτρας,
1573 2997 1654 3034 ὅταν
1679 2997 1848 3049 ἑψημένον
1869 3014 1902 3035 τι
1931 2998 2004 3050 ἔχοι
2025 3001 2131 3044 ἐντός.
2159 3001 2275 3046 παίζει
2299 2996 2357 3039 οῦν
2383 3005 2438 3041 ἐν-

1401 3058 1540 3114 ταῦθα,ω
1551 3053 1603 3091 ὅτι
1630 3053 1692 3114 τὴν
1719 3059 1825 3105 γραῦν
1852 3056 2060 3094 κατέπεισαν
2093 3058 2266 3108 βαστάσαι
2290 3058 2351 3102 τὰς
2372 3059 2437 3110 γύ-

1401 3127 1502 3165 τρας,
1517 3116 1557 3157 ἧς
1577 3112 1647 3149 ἅνω
1662 3116 1750 3158 ἦσαν
1770 3116 1805 3150 αἱ
1825 3114 1967 3166 χύτραι·
1985 3115 2118 3167 ἔπασχε
2136 3115 2171 3153 δὲ
2187 3116 2274 3163 αὕτη
2288 3117 2327 3154 τὸ
2344 3104 2439 3155 ἕνάν-

1403 3169 1490 3239 τΙίον·
1509 3169 1582 3206 ἐπεὶ
1600 3172 1633 3206 ἐν
1657 3170 1719 3219 μὲν
1745 3173 1819 3213 ταῖς
1840 3171 1979 3219 ἄλλαις,
2002 3172 2103 3224 φησὶ,
2124 3172 2266 3225 χύτραις
2289 3174 2439 3226 ὑπάρχει

1405 3243 1476 3263 ανω
1492 3230 1514 3272 ἧ
1532 3230 1655 3278 γραῦς,
1674 3227 1695 3272 ἢ
1712 3227 1749 3264 τὸ
1767 3230 1936 3281 ἀφρῶδες·
1951 3229 2079 3276 ταύτης
2095 3229 2131 3268 δὲ
2147 3233 2210 3277 τῆς
2218 3230 2323 3283 γραὸς
2336 3234 2440 3270 ὓπεο-

1408 3283 1477 3321 άνω
1495 3284 1578 3321 εἰσὶν
1598 3287 1630 3322 αἱ
1647 3284 1785 3337 χύτραι.
1804 3298 1866 3328 LB.
2405 3271 2412 3285 ι
