2533 3808
196 220 267 254 ΗΟ

194 298 333 338 δουλίαν
357 294 523 333 ἐπέοαλεν
548 289 755 336 Ἀθηναίοις,
774 287 916 334 Ἀθηνᾶν
943 284 979 323 δὲ
997 285 1042 323 τὰ
1071 285 1232 337 βουλευό«

197 372 283 407 μενα
298 356 412 395 κάλως
430 348 674 401 μεταὸάλλειν.
688 347 702 396 ]

247 427 308 450 589.
629 402 729 443 ‘'06oe
746 405 776 441 οἳ
801 403 974 448 Ἀθηναῖοι
990 403 1107 443 κακῶς
1131 399 1235 438 ἐδου-

194 470 378 513 λεύσαντο,
391 467 432 503 δι
449 463 736 516 ὓπερὸάλλουσαν
758 459 918 511 εὐτυχίαν
940 461 986 502 εἷς
1006 458 1044 496 τὸ
1060 458 1235 511 χρήσιμον

159 546 176 570 5
197 526 362 565 ἀπέὸαινε
375 539 434 561 και
456 524 502 564 εἷς
515 521 554 558 τὸ
578 519 695 558 καλόν.
714 518 959 571 [αἰνίττεται
942 517 976 554 οὲ
997 518 1043 559 εἷς
1058 517 1212 563 Ἀθηνᾶν.
1216 515 1235 567 ⁷]

247 598 310 621 590.
343 580 514 625 ξυνοίσεις
532 576 781 623 Λυσιτελήσει,
801 575 986 628 ὠφελήσει.
1000 579 1061 609 Br-

248 655 313 680 591.
343 639 382 676 τὸ
400 638 505 690 λάρον
524 650 533 675 :
580 636 652 675 Τὸν
672 633 908 687 ἁρπακτικὸν,
955 632 1007 670 ὅτι
1029 632 1089 670 καὶ
1105 631 1239 684 ὃλάρος

196 702 356 740 τοιοῦτος.
371 696 430 734 καὶ
445 699 479 734 ἐν
496 695 658 733 Ἱππεῦσι
679 694 761 744 [956]

340 410 412 447 ἅττ
428 423 469 446 αν
489 424 507 443 U
512 409 613 456 μεῒςῖ

298 784 387 825 λάρος
399 783 539 823 κεχηνὼς
559 781 608 812 ἐπὶ
630 781 742 821 πέτρας
758 780 950 819 δημηγορῶν.

252 864 437 917 [ταῦτα
420 862 455 901 οὲ
485 862 554 900 ἀπὸ
576 864 643 899 τῶν
668 859 843 912 προτέρων
866 862 916 898 Νε
903 861 1044 911 εφελῶν.
1070 857 1148 895 τότε
1174 855 1240 909 γὰρ

200 922 291 969 ἔζη(
279 939 296 959 0
315 921 448 960 Κλέων.
469 920 527 958 ἐπι
547 918 583 957 δὲ
599 919 727 956 τούτων
744 918 901 963 τέθνηκε.
924 916 984 954 καὶ
1000 915 1066 968 γὰρ
1091 915 1241 955 Εὔπολις

200 980 287 1031 μετὰ
312 980 456 1017 θάνατον
490 977 648 1019 Κλέωνος
675 976 733 1013 τὸν
765 977 934 1027 Μαρικᾶν
968 973 1145 1021 ἐποίησεν.
1184 973 1242 1010 καὶ

199 1038 266 1088 μὴν
296 1041 340 1081 ὡς
384 1053 473 1089 μετα
505 1035 649 1073 θάνατον
680 1033 838 1076 Κλέωνος
874 1032 1033 1079 φαίνεται
1064 1046 1244 1084 γεγραφιι)ς

199 1113 237 1134 το
253 1098 393 1148 δρᾶμα,
410 1095 496 1132 ὅπου
524 1109 562 1144 γε
578 1096 637 1130 τοῦ
665 1094 810 1143 Μαρικα
833 1090 1026 1133 Εὐπόλιδος
1047 1089 1243 1140 μέμνηται

200 1154 235 1197 ὃς
256 1153 420 1204 ἐδιδάχθη
442 1153 517 1190 καθ’
537 1149 756 1202 Ὑπερὸόλου
772 1149 862 1199 μετὰ
885 1148 943 1186 τὸν
959 1147 1119 1190 Κλέωνος
1137 1146 1243 1184 θάνα-

201 1228 271 1250 τον.
296 1215 406 1249 ταῦτα
427 1209 498 1247 δὲε
483 1225 528 1252 ως
557 1207 607 1246 ἔτι
634 1209 758 1279 ζῶντρς
783 1205 944 1248 Κλέωνος
970 1204 1121 1255 λέγεται.
1144 1204 1245 1249 δῆλον

147 943 178 968 10

149 1229 182 1254 15

201 1274 259 1307 οὐν
293 1268 344 1306 ὅτι
373 1267 464 1306 κατὰ
500 1265 648 1307 πολλους
681 1280 758 1307 τους
788 1264 930 1316 χρόνους
967 1260 1168 1300 διεσκεύασε
1208 1276 1247 1298 το

203 1330 331 1381 δρᾶυμα
349 1343 408 1364 και
423 1329 534 1363 ταῦτα
556 1323 617 1374 μὲν
635 1324 672 1361 οὗ
689 1323 838 1373 πολλιῖε)
829 1321 981 1373 ὕστερον·
997 1323 1031 1359 ἐν
1053 1323 1102 1363 οἱς
1122 1318 1157 1357 δὲ
1177 1320 1248 1357 Εὐ-

202 1385 341 1427 πόλιδος
368 1383 542 1434 μέμνηται
568 1397 628 1419 και
646 1396 714 1417 των
735 1381 782 1422 εἷς
801 1378 1016 1431 Υπέρὸολον
1042 1377 1246 1429 κωμῳδιῶν,

205 1445 336 1481 πολλῶ.
351 1442 373 1515 r]

256 1513 318 1538 504.
351 1497 574 1542 ξυνοίσεται·
595 1496 867 1548 Συνδραμεῒται.
886 1500 948 1530 Br.

256 1571 320 1595 595.
353 1556 442 1606 μετὰ
468 1571 526 1592 τον
552 1553 678 1593 υΗλιον
709 1553 766 1590 τὸν
784 1550 986 1589 Ἀπόλλωνα
1013 1550 1124 1599 υμνεῖ.
1147 1551 1164 1586 6
1185 1550 1250 1586 αὖ-

204 1632 259 1659 τος
274 1615 309 1652 δε
319 1615 442 1656 Ηλιος
461 1629 520 1650 και
537 1611 726 1650 Ἀπόλλων.
744 1611 847 1656 δῆλον
861 1625 920 1646 και
937 1609 976 1645 ἐκ
992 1611 1052 1645 τοῦ
1072 1602 1154 1645 αῦτε
1174 1607 1250 1644 ἀντι

150 1516 197 1552 20¹

205 1679 263 1712 τοῦ
284 1673 356 1710 πάλ
361 1688 400 1709 ιν·
418 1671 536 1724 ὥσπερ
548 1686 614 1722 γαρ
627 1668 886 1718 ἀναλαμὸάνων
904 1682 990 1719 προς
1003 1665 1041 1703 τὸ
1059 1665 1129 1703 ἅνω
1146 1665 1251 1717 λέγει.

205 1749 244 1770 το
270 1732 303 1769 δὲ
323 1730 412 1784 ἀμφί
434 1746 493 1780 μοι
518 1733 601 1767 αὖτε
630 1729 668 1765 ἐκ
696 1730 763 1765 τῶν
793 1725 1022 1784 Γερπάνδρου
1045 1725 1250 1776 προοιμίων.

209 1806 267 1828 και
278 1788 343 1841 γὰρ
362 1789 487 1830 ἐκεῖνος
503 1786 609 1829 οὕτως
622 1784 752 1838 ἤρξατο
766 1803 782 1817 (ι
795 1783 884 1836 ἀμφί
896 1798 954 1833 μοι
970 1786 1065 1824 αὖτις
1077 1781 1224 1821 ἄνακτα.
1237 1800 1253 1814 »

208 1865 267 1886 και
295 1863 334 1885 το
349 1846 634 1900 προοιμιάζεσθαι
664 1843 700 1881 δὲ
726 1841 1019 1894 αμφιανακτίζειν
1040 1840 1171 1890 ἔλεγον.
1194 1843 1255 1877 ἀν-

208 1906 301 1959 τιυδὴ
318 1904 339 1951 ἢ
359 1921 417 1942 και
439 1902 663 1956 ἀντιστροφη.
681 1908 719 1940 R.
743 1900 833 1953 ἀμφί
854 1915 910 1949 μοι
937 1898 1052 1943 ἄναξ·
1044 1930 1052 1937 .
1079 1899 1096 1950 ff
1118 1898 1164 1937 <H
1192 1900 1255 1935 ἀν-

209 1964 303 2016 τῳδὴ
338 1962 424 2008 αύτη
456 1961 515 1999 καὶ
547 1958 755 2010 ἀντιστροφὴ
792 1957 894 2006 ὁμοία
919 1956 992 1994 ἐστι
1025 1959 1069 2007 τῇ
1100 1957 1172 2009 ᾠδῃ
1193 1956 1253 1993 καὶ

154 1805 187 1829 25

211 2036 341 2074 στροφη
361 2018 452 2056 κατά
471 2034 509 2055 τε
529 2017 572 2055 τὰ
591 2019 688 2054 κῶλα
713 2015 772 2055 καὶ
803 2014 846 2052 τὰ
878 2015 1000 2066 μέτρα.
1030 2017 1189 2065 μιμεῖται
1219 2010 1256 2051 03

157 2098 192 2123 30
211 2082 277 2116 τῶν
299 2076 522 2129 διθυράμὸων
551 2073 596 2112 τὰ
621 2073 803 2146 προοίμια.
832 2075 984 2123 συνεχῶς
1008 2071 1074 2123 γὰρ
1103 2086 1258 2123 χρωνται

210 2135 320 2186 ταύτῃ
340 2137 381 2184 τῇ
409 2132 509 2177 λέξει·
528 2132 579 2170 διὸ
609 2132 668 2169 καὶ
691 2130 933 2183 ἀμφιάνακτας
954 2129 1077 2172 αὐτους
1096 2129 1255 2168 ἐκάλουν.

212 2192 285 2231 ἔστι
305 2179 340 2229 δὲ
356 2189 589 2242 Τερπάνδρου
608 2207 622 2222 α
642 2188 726 2240 ἀμφ’
748 2188 824 2238 ἐμοὶ
845 2187 979 2225 ἄνακτα
1007 2186 1229 2233 ἑκατηὸόλον.
1244 2206 1259 2220 »

211 2249 323 2288 λείπει
341 2247 376 2286 δὲ
393 2248 431 2286 τὸ
453 2248 512 2286 ἔσο
525 2278 535 2297 ,
553 2246 574 2293 ἢ
592 2247 631 2284 τὸ
651 2246 838 2299 χόρευσον,
855 2246 877 2292 ἥ
895 2261 928 2283 τι
945 2249 1109 2283 τοιοῦτον.
1130 2245 1190 2283 καὶ
1221 2245 1261 2282 τὸ

211 2307 496 2360 προοιυιάζεσθαι
522 2304 558 2343 δὲ
587 2305 873 2357 ἀμφιανακτίζειν
908 2303 1038 2354 ἔλεγον.
1064 2303 1203 2346 εἰκότως
1226 2302 1260 2340 δὲ

216 2383 303 2417 μετα
320 2381 376 2403 τον
390 2363 515 2403 σΗλιον
534 2365 726 2413 ἀνυμνοῦσι
736 2362 793 2400 τὸν
810 2361 1024 2400 Ἀπόλλωνα.
1041 2360 1092 2399 ὅτι
1113 2361 1148 2398 δὲ
1165 2364 1182 2399 6
1203 2363 1262 2399 αὖ·

214 2425 270 2469 τός
287 2427 378 2463 ἐστιν
395 2421 519 2466 ἽΙλιος
535 2422 595 2460 καὶ
616 2421 806 2467 Απόλλων,
825 2422 941 2467 δηλον.
959 2420 998 2457 τὸ
1015 2419 1050 2457 δὲ
1070 2414 1171 2465 αῦτε,
1187 2419 1262 2457 ἀντι

218 2487 278 2520 τοῦ
297 2482 415 2520 πάλιν.
431 2480 548 2533 ωσπερ
568 2479 634 2532 γαρ
655 2477 914 2528 ἀναλαμὸάνων
927 2494 1011 2530 προς
1030 2493 1068 2515 το
1086 2477 1157 2514 ἅνω
1171 2477 1221 2514 λέ
1211 2493 1263 2527 γει

223 2540 460 2591 ἀντίστροφον.
483 2537 556 2590 ](ἔ
538 2552 667 2589 ,φαμεν
688 2535 755 2588 γὰρ
782 2538 815 2573 ἐν
845 2538 914 2578 τοῖς
933 2540 1085 2587 χορικοῖς
1110 2534 1264 2584 γίνεσθαι

222 2598 284 2641 τὰς
302 2596 451 2649 στροφὰς
473 2611 532 2633 και
556 2594 616 2637 τὰς
636 2592 878 2646 ἀντιστρόφους
896 2592 954 2630 καὶ
971 2591 1031 2634 τὰς
1056 2592 1265 2644 ἐπῳδούς,ἅ

223 2672 309 2698 τινες
343 2656 506 2692 καλοῦσιν
538 2652 772 2705 ἐπιρρήματα.
796 2653 971 2688 κάνταῦθα
997 2654 1054 2687 οὖν
1081 2649 1144 2696 τὴν
1167 2650 1265 2687 ἀντί-

217 2728 361 2766 στροφον
377 2711 550 2763 ἐπήγαγεν
568 2713 585 2748 ὃ
601 2709 747 2756 ποιητης
759 2739 768 2756 ,
784 2724 902 2761 ωσπερ
919 2707 1142 2779 ἀναστρέφων
1157 2708 1213 2745 ἐπὶ
1227 2724 1265 2745 το

217 2771 250 2816 ἐξ
281 2773 392 2823 ἀρχης
418 2770 538 2819 μέλος,
568 2767 709 2819 ὅθενπερ
736 2766 906 2818 ἐξετράπη
933 2767 980 2808 εἷς
1004 2765 1044 2802 τὸ
1074 2764 1263 2835 ἐπίρρημα.

219 2832 279 2882 ἀρς
265 2828 406 2878 άμενος
434 2825 501 2879 γὰρ
527 2829 644 2876 ὑμνεῖν
676 2841 753 2868 τους
776 2823 869 2868 θεους
897 2823 957 2861 καὶ
988 2823 1266 2876 παραγενόμενος

220 2886 324 2957 οέχρι
354 2888 414 2921 τοῦ
450 2883 592 2930 (Ηλίου,
621 2882 776 2933 ἐπήγαγε
802 2881 864 2928 τὴν
893 2880 1081 2933 ἐκτροπὴν,
1111 2880 1267 2919 τουτέστι

165 2966 199 2990 45
220 2960 258 2981 το
286 2942 475 3012 ἐπίωρρηαα.
506 2940 575 2978 ἀπὸ
605 2944 666 2978 τοῦ
687 2960 700 2973 ‹
727 2943 755 2978 ὠ
784 2939 977 2993 σοφώτατοι
998 2938 1134 2987 θεαταὶ,
1169 2940 1267 2990 δεῦρο

219 3017 277 3039 τον
300 3004 377 3038 νοῦν
405 2998 605 3052 προσέχετε.

160 2385 195 2411 35

163 2679 198 2705 40

626 3017 640 3030 ›
661 2997 739 3036 οὔτε
768 2997 835 3068 γὰρ
864 3001 885 3043 ἠ
906 2996 1039 3034 διάνοια
1060 2999 1160 3040 τοῖς
1150 3012 1269 3048 προει-

224 3057 380 3116 ρηυένοις
409 3055 592 3098 ἀκόλουθος
616 3054 692 3092 οὔτε
721 3055 759 3092 τὸ
787 3055 909 3107 μέτρον
931 3058 991 3092 τοῦ
1016 3054 1131 3104 λόγ.ου
1162 3054 1266 3091 πάλιν

222 3118 279 3151 οὖν
298 3113 545 3165 ἐπανατρέχων
573 3113 629 3150 ἐπι
655 3129 712 3150 τον
736 3112 852 3162 ύμνον,
879 3116 921 3163 τῇ
941 3116 1008 3150 τιΝ)ν
1030 3115 1113 3150 θεῶν
1139 3115 1268 3165 χρῆται

580 3165 600 3173 ου

225 3174 481 3223 Ξπαναστρῡᾮῇ.
506 3186 534 3207 St
563 3174 620 3207 OUV
639 3186 689 3213 τις
713 3170 757 3207 τὰ
782 3186 816 3207 ἓν
844 3186 939 3220 ῌΕσί)
969 3170 1107 3207 ἅπαντα
1136 3169 1268 3222 ὑφελὼν

965 201 1217 240 SCHOLIA
1253 202 1314 239 ΙΝ
1349 203 1545 242 NUBES.

1292 285 1337 322 τὰ
1358 286 1451 333 ἑξης,
1483 286 1573 345 ἀμφί
1593 301 1650 336 μοι
1674 302 1755 324 αυτε
1776 287 1881 325 ‘Dona'
1900 286 1996 331 ἄναξ.
2025 302 2126 339 φησιν
2153 281 2226 337 οῦν,
2248 288 2342 326 ἄλλοι

1294 358 1354 381 σου
1373 346 1490 390 πάλιν,
1507 347 1535 381 ὠ
1557 342 1774 416 Ἄπολλρν,
1762 344 1900 415 ε’ξομαι,
1919 345 2059 382 καιτῶν
2081 347 2150 382 σῶν
2174 344 2335 383 ἐπαίνων.

1293 401 1331 437 οὐ
1355 416 1424 450 μην
1439 402 1591 444 ἁπλῶς’
1577 417 1634 438 επι
1663 400 1724 447 τὴν
1752 401 1975 454 ἀντίστροφον
1999 403 2037 439 3)
2039 401 2123 448 θων,
2151 405 2227 440 θεοῦ
2250 417 2339 445 τινος

1295 458 1564 508 ἐμνημόνευσεν,
1586 457 1677 495 ἀλλὰ
1703 474 1746 509 με
1731 458 1791 496 ..τὰ
1820 459 1878 497 τὸν
1894 460 2049 498 ἩΗλιον
2036 460 2112 504 εξῆς
2130 460 2187 497 τὸν
2209 460 2338 498 'Amfi-

1295 515 1389 553 λωνά
1410 532 1526 568 φησιν,
1549 516 1623 554 ἐπεί
1648 516 1734 568 φασί
1753 533 1840 560 τινες
1858 517 1915 554 τὸν
1931 515 2058 557 Ἥλιον
2078 518 2136 555 τὸν
2161 518 2264 556 αὐτον
2288 522 2338 555 εἶ-
2360 530 2376 553 5

1295 589 1350 610 ναι
1383 576 1432 625 τῷ
1462 573 1663 612 Απόλλωνι.
1674 575 1684 624 )
1719 573 1798 626 [οτι
1824 574 1860 612 δὲ
1891 579 1941 613 τῶ
1970 576 2064 628 λόγῳ
2087 575 2199 628 τούτῳ
2235 576 2295 614 καὶ
2324 579 2342 613 ὃ

1296 630 1444 677 ποιητὴς
1464 633 1728 669 κατακολουθῶν
1744 630 1832 681 μετὰ
1849 637 1904 669 τὸν
1923 631 2048 671 ΕἨλιον
2066 634 2122 670 ἐπὶ
2138 633 2195 671 τὸν
2217 633 2336 672 Ἀπόλ-

1296 690 1404 732 λωνος
1436 688 1575 741 ἔρχεται
1610 688 1727 738 ὕμνον,
1764 692 1908 741 φανερὸν
1938 693 2032 727 ποιεῖ
2066 690 2188 738 αὐτὸς,
2221 691 2343 742 λέγων,

1299 746 1389 820 ἀμφί
1417 763 1476 798 μοι
1496 751 1578 785 αὖτε
1608 746 1714 785 (Ι)οἷ6’
1743 746 1839 791 ἅναξ·
1866 747 2022 786 τουτέστι
2050 748 2169 787 πάλιν.
2190 750 2344 801 οὐδαμοῦ

1298 804 1366 856 γὰρ
1387 809 1447 842 νῦν
1463 809 1524 843 τοῦ
1543 805 1758 848 Ἀπόλλωνος
1775 805 1961 855 μέμνηται..
1982 805 2015 842 τί
2039 821 2095 843 ουν
2115 805 2183 843 ἔδει
2200 822 2338 858 μνημο-
2362 825 2396 849 ιο

1300 867 1419 900 νεῦσαι
1440 865 1542 901 αὐτοῦ
1567 867 1670 910 αὖτε,
1696 865 1725 900 εἷ
1747 862 1795 913 μὴ
1824 879 1886 909 της
1914 862 2167 916 προειρημένης
2189 864 2342 909 διανοίας

1301 920 1372 971 εἴγε
1376 936 1435 968 το;
1460 920 1500 959 τὸ
1521 919 1557 958 δὲ
1571 921 1707 972 μέτρον
1731 919 1868 973 ἀντωδὴ
1889 921 1945 958 καὶ
1970 920 2190 974 ἀντιστροφή.
2222 921 2347 961 ἔστιδὲ

1300 978 1340 1015 τὸ
1361 978 1484 1030 μέτρον
1504 978 1562 1016 καὶ
1582 982 1603 1025 ἡ
1633 977 1785 1025 ποσότης
1809 978 1912 1029 ὁμοία
1931 982 1974 1031 τῇ
2004 981 2148 1032 στροφῇ.
2170 979 2348 1030 ὡμοίωται

1303 1036 1338 1073 δὲ
1359 1036 1470 1074 καὶτὸ
1487 1037 1663 1088 ἐπίρρημα
1683 1035 1743 1074 καὶ
1760 1036 1800 1074 τὸ
1816 1036 2101 1089 ἀντεπίρρημα]

1357 1089 1439 1132 αῧτε
1457 1108 1465 1133 :
1486 1095 1616 1133 Πάλιν.
1631 1094 1736 1144 ἤγουν
1755 1093 1814 1132 ἔσο
1833 1094 1854 1140 ἢ
1874 1094 2053 1147 χόρευσον.
2078 1102 2173 1147 Υἱοὶ.

1357 1165 1421 1191 606.
1453 1151 1622 1202 [Κυνθίαν
1653 1151 1742 1203 ἔχων
1767 1165 1776 1190 t
1798 1154 2087 1205 Περιφραστικῶς
2111 1154 2177 1201 τὴν
2206 1154 2349 1197 Κύνθον.

1305 1209 1378 1247 ἔστι
1400 1209 1435 1248 δὲ
1458 1210 1568 1260 ὄνομα
1598 1210 1707 1262 ὅρους.
1735 1211 1774 1247 τὸ
1795 1210 1987 1263 ὑψικέρατα
2012 1213 2091 1250 ἀντὶ
2117 1217 2176 1251 τοῦ
2197 1214 2349 1265 ὑψηλήν.

1307 1268 1559 1318 μεταπλασμὸς
1579 1267 1616 1305 δέ
1636 1269 1727 1305 ἐστιν
1749 1267 1823 1305 ἀντὶ
1842 1273 1901 1306 τοῦ
1921 1270 2155 1322 ὑψικέρατον.]

1359 1339 1421 1364 599.
1452 1325 1489 1376 [ἥ
1506 1342 1544 1363 τε
1565 1325 1746 1398 Ἐφέσουε
1761 1325 1862 1364 Μετὰ
1879 1326 1936 1363 τὸν
1956 1327 2157 1366 Ἀπόλλωνα
2177 1330 2275 1373 εὐθυς
2293 1328 2356 1376 τὴν

1306 1380 1480 1434 Ἄρτεμιν,
1497 1379 1566 1429 ἧςε
1558 1382 1633 1435 ιερὰ
1648 1385 1669 1428 ἡ
1690 1380 1872 1434 ”Εφεσος.]
1895 1405 1946 1412 —·
1971 1384 2173 1444 πάγχρυσον
2205 1386 2240 1425 δὲ
2259 1381 2351 1425 οικον
2373 1409 2408 1433 20

1306 1439 1420 1491 λέγει,
1443 1441 1501 1479 τὸν
1520 1440 1817 1478 πολυτελέστατον
1838 1441 1932 1479 ναόν
1953 1437 2027 1485 ὃςΝ
2005 1459 2046 1489 ην
2064 1447 2111 1500 εἷς
2130 1447 2200 1482 τῶν
2217 1444 2354 1495 θεαμά-

1308 1514 1388 1537 των.
1407 1507 1425 1536 J
1430 1508 1511 1543 unt
1525 1505 1611 1536 Vict.

1362 1569 1426 1595 600.
1458 1558 1495 1594 ἐν
1517 1551 1544 1609 ᾧ
1561 1556 1663 1609 κόραι
1687 1567 1695 1593 :
1717 1554 1830 1594 Ἔνθα
1857 1572 1895 1594 σε
1921 1559 1957 1595 αἱ
1979 1559 2101 1596 Λυδῶν
2125 1559 2287 1612 παρθένοι
2305 1575 2356 1597 τι·

1312 1616 1436 1664 μῶσιν,
1474 1617 1502 1652 ὠ
1536 1612 1694 1666 Ἄρτεμι.
1733 1614 1813 1663 (τῆς
1841 1613 1908 1667 γὰρ
1944 1615 2074 1660 Λυδίας
2110 1617 2299 1656 τοπαλαιὸν
2333 1621 2356 1664 ἡ

1310 1671 1497 1725 ’Ἔφεσος
1480 1667 1555 1723 ην.)

2372 1113 2403 1137 15

2376 1697 2410 1722 25

1368 1731 1457 1780 (604).
1489 1746 1550 1767 συν
1568 1729 1740 1772 πεύκαιςῐ
1764 1729 1865 1768 Μετὰ
1886 1732 1928 1768 δα
1916 1730 2013 1783 ’δων.
2038 1731 2135 1785 παρὰ
2151 1732 2190 1771 τὸ
2209 1733 2361 1785 Εὐριπί-

1313 1789 1399 1825 δειον
1419 1792 1617 1834 [Hypsipylae
1633 1792 1753 1833 ptolog.
1757 1795 1769 1836 ]

1438 1885 1599 1924 Διόνυσος,
1612 1885 1644 1921 ὃς
1661 1886 1799 1927 θύρσοισι
1812 1886 1865 1917 καὶ
1881 1885 1994 1925 νεὸρῶν
2012 1885 2113 1925 δοραῖς

1440 1929 1451 1970 [
1465 1932 1622 1967 καθαπτὸς
1635 1931 1665 1961 ἐν
1679 1932 1825 1964 πεύκαισι
1839 1932 2003 1971 Παρνασὸν
2019 1931 2101 1961 κάτα

1439 1978 1523 2018 πηδᾷ
1541 1978 1677 2018 χορεύων
1691 1979 1850 2019 παρθένοις
1864 1978 1919 2008 σὺν
1933 1977 2076 2017 Δελφίσιν
2090 1976 2113 2016 ].
2379 1993 2414 2019 30

1370 2070 1511 2120 σελαγεῖ
1540 2082 1549 2108 :
1584 2068 1686 2108 Μετὰ
1717 2069 1914 2119 λαμπάδων
1949 2068 2008 2106 καὶ
2040 2071 2181 2121 πυρσῶν
2213 2068 2360 2122 χορεύει.

1318 2127 1481 2179 διάπυρος
1498 2127 1564 2180 γὰρ
1583 2130 1600 2164 6
1617 2127 1700 2170 θεός.
1725 2128 1783 2165 καὶ
1803 2131 1821 2164 6
1841 2126 1929 2170 Ζεὺς
1949 2126 2005 2164 διὰ
2024 2126 2129 2178 πυρὸς
2147 2130 2190 2177 τῇ
2220 2126 2360 2178 Σεμέλῃ

1319 2187 1496 2230 συνῆλθεν.
1515 2187 1553 2222 οὐ
1577 2184 1643 2237 γὰρ
1665 2187 1777 2236 ἀργῶς
1794 2189 1905 2223 ταῦτα
1921 2188 1939 2222 6
1958 2183 2105 2231 ποιητὴς
2119 2184 2334 2237 παρέλαὸεν.

1373 2256 1437 2280 605.
1468 2242 1627 2293 Βάκχαις
1647 2242 1791 2295 Δελφίσι
1815 2256 1823 2281 :
1850 2244 1950 2293 (Ταῖς
1971 2241 2033 2288 τὴν
2051 2242 2223 2294 Δελφικὴν
2243 2242 2364 2295 χώραν

1319 2300 1589 2350 κατοικούσαις.)
1621 2303 1723 2338 κάκεῖ
1742 2300 1808 2354 γὰρ
1828 2303 1972 2351 ἐτιμᾶτο
1992 2303 2009 2338 6
2030 2299 2206 2344 Διόνυσος.
2228 2323 2275 2328 -
2297 2303 2362 2351 ἐμ·
2383 2326 2417 2352 35

1319 2358 1460 2410 πρέπων
1485 2373 1493 2397 t
1517 2358 1740 2412 Διαπρέπων.
1768 2367 1853 2397 Vict.

1374 2431 1437 2456 606.
1469 2416 1680 2468 [[κωμαστὴς
1697 2431 1705 2455 :
1727 2415 1814 2455 “Ott
1833 2416 1893 2454 καὶ
1913 2415 2094 2466 μεθύοντες
2115 2416 2364 2468 βακχεύονται,

1321 2474 1380 2512 καὶ
1399 2474 1516 2526 ὥσπερ
1533 2474 1768 2524 ἐκμαίνονται.
1790 2497 1841 2503 -
1855 2477 1992 2526 τρυφῶν
2011 2475 2088 2524 μετ’
2104 2475 2207 2526 ᾠδῆς.
2227 2482 2310 2511 Vict.

1375 2546 1438 2571 607.
1468 2532 1559 2583 ἡνίχ’
1587 2536 1687 2603 ἡμεῖς
1717 2546 1726 2571 2
1760 2531 1812 2570 Τὸ
1850 2532 2092 2604 ἀντεπίρρημα
2119 2535 2222 2568 τοῦτο
2246 2530 2365 2582 ὅμοιόν

1323 2592 1395 2627 ἐστι
1422 2592 1470 2627 τιΝ)
1498 2590 1722 2642 ἐπιρρηαατι.
1744 2589 1823 2642 [xm
1853 2593 1953 2627 τοῦτο
1972 2589 2039 2641 γὰρ
2066 2591 2104 2626 ἐκ
2135 2589 2264 2641 στίχων
2291 2590 2364 2628 ἐστὶ
2383 2613 2419 2639 40

1323 2650 1518 2699 τροχαϊκῶν
1538 2663 1687 2699 τετραμε
1680 2647 1778 2700 ’τρων
1794 2649 2059 2693 καταληκτικῶν
2077 2646 2197 2685 εἴκοσι.
2218 2649 2363 2699 ἐνταῦθα

1324 2704 1439 2755 μέντοι
1459 2707 1511 2742 6
1496 2705 1554 2742 επὶ
1567 2709 1627 2751 τῆς
1647 2705 1813 2756 τετάρτης
1832 2705 1951 2756 χώρας
1974 2703 2101 2754 ἴαμὸος
2120 2696 2284 2749 εξέλιπεν.
2308 2706 2366 2743 ἐπὶ

1324 2766 1372 2800 τιΝ)
1388 2762 1479 2800 τέλει
1499 2763 1656 2810 διπλῆ”’
1623 2778 1686 2806 εςω
1700 2768 1891 2801 νενευκυῖα.
1895 2763 1913 2814 ’Β

1376 2834 1437 2859 608.
1470 2821 1701 2873 [[ξυντυχοῦσα
1715 2834 1723 2859 :
1738 2823 1815 2859 Οὐκ
1830 2819 1920 2857 ἔστιν
1936 2821 2081 2858 ἐνταῦθα
2092 2821 2131 2858 τὸ
2148 2825 2366 2873 συντυχοῦσα

1325 2878 1400 2916 ἀντὶ
1415 2882 1473 2916 τοῦ
1495 2878 1757 2924 συναντήσασα,
1784 2877 1830 2921 ὥς
1849 2893 1937 2920 τινες
1954 2877 2101 2925 οἴονται,
2120 2876 2366 2923 συντάσσοντες
2384 2907 2418 2932 45

1325 2937 1410 2989 πρὸς
1428 2941 1528 2974 τοῦτο
1543 2937 1582 2974 τὸ
1601 2940 1697 2986 ἡμῖν·
1716 2935 1807 2973 ἀλλὰ
1822 2935 1860 2973 τὸ
1877 2940 2095 2987 συντυχοῦσα
2115 2936 2194 2987 λέγε
2215 2937 2289 2974 ἀντὶ
2306 2941 2366 2975 τοῦ

1324 2994 1414 3033 κατὰ
1430 2994 1539 3046 τύχην
1555 2996 1701 3047 φανεῖσα
1718 2994 1778 3031 καὶ
1792 2997 1986 3046 εὑρεθεῖσα,
2004 2994 2206 3033 συντάσσων
2225 2994 2265 3032 τὸ
2280 2998 2365 3044 ἡμῖν

1325 3053 1409 3106 πρὸς
1424 3053 1462 3090 τὸ
1478 3052 1687 3090 ἐπέστειλεν.
1703 3052 1904 3103 ἐντυγχάνει
1922 3051 1989 3105 γὰρ
2006 3054 2093 3104 τῷδε
2111 3055 2127 3090 ὁ
2143 3054 2255 3098 δεῖνα,
2275 3052 2365 3102 λέγε·

1327 3110 1554 3161 συντυγχάνει
1577 3109 1631 3155 δὲ,
1657 3110 1732 3147 ἀντὶ
1753 3114 1812 3147 τοῦ
1836 3110 1926 3148 κατὰ
1948 3111 2059 3161 τύχην
2083 3109 2278 3160 συμὸαίνει.
2304 3110 2365 3148 καὶ

1327 3168 1562 3214 Θουκυδίδης,
1578 3186 1591 3201 «
1613 3168 1702 3205 οὕτω
1716 3183 1774 3205 ποι
1795 3167 1971 3219 ξυντυχόν,
1991 3186 2005 3202 »
2023 3169 2100 3215 ἤτοι
2115 3167 2265 3218 συμὸάν.
2283 3168 2364 3206 οἶδὲ
2383 3195 2419 3220 50

170 3231 240 3257 ὅθ’
227 3245 282 3266 επι
313 3233 423 3266 ταῦτα
449 3228 556 3273 ἔλθοι,
580 3227 675 3265 οὐδὲν
700 3244 741 3264 αν
770 3227 847 3265 οὔτε
880 3228 1013 3278 ὁλόγος
1040 3227 1117 3265 οὔτε
1147 3231 1164 3265 6
1193 3232 1269 3271 νοῦς
1294 3240 1298 3289 ¹
1327 3226 1439 3268 ἄλλως
1455 3224 1611 3275 λέγοντες
1628 3225 1899 3277 ἁμαρτάνουσιν.
1925 3225 2003 3277 Er]

226 3285 480 3333 ἐπιζητησειεν,
499 3285 589 3323 ἀλλὰ
607 3287 738 3334 μᾶλλον
759 3289 780 3331 ἡ
806 3286 992 3324 ἀκολουθία
1018 3285 1110 3323 ου’τω
1136 3285 1268 3338 φυλάτ-

225 3359 342 3395 τοιτο,
362 3343 420 3382 τόν
439 3347 468 3381 θ’
485 3342 705 3394 ἱππονώμαν,
726 3342 761 3386 ὃς
781 3343 1040 3396 ὑπερλάμπροις
1061 3345 1194 3391 ἀκτῖσι,
1209 3343 1269 3381 καὶ

1293 3292 1299 3374 γ
1380 3298 1442 3322 600.
1473 3286 1596 3335 πρῶτα
1613 3283 1673 3333 μὲν
1691 3284 1854 3336 γαίρεινε
1867 3283 1938 3322 Ἱὸν
1951 3282 2097 3321 Κλέωνά
2108 3298 2210 3336 φασιν
2226 3279 2366 3329 ἀποτης

1328 3341 1446 3380 Πύλου
1469 3357 1528 3378 και
1546 3342 1771 3394 Σφακτηρίας
1788 3347 1857 3385 τοῖς
1883 3340 2072 3388 Ἀθηναίοις
2099 3339 2363 3389 ἐπιστέλλοντα,
