2533 3808
265 191 341 224 554

262 276 308 309 G.
323 269 495 308 τοῧ-τοῧ
524 264 637 301 Paris.
650 292 659 308 ‚
678 262 742 310 qui
775 273 849 297 om.
866 264 911 305 47
927 287 942 304 ,,
955 258 1020 295 ubi
1035 259 1198 310 φειδωλός
1219 275 1270 302 τις

262 329 307 366 Υ.
324 322 483 379 φειδωτός
496 337 545 362 τις
559 330 594 358 et
611 323 670 356 τοῦ
687 334 707 355 τ
719 320 763 356 Θ.
779 319 826 359 εἰς
852 318 872 353 λ
893 315 1026 367 ἐγένετο
1044 316 1206 368 φειδωλός
1221 321 1265 354 V.

315 387 402 430 239,
422 382 466 416 53
483 376 655 430 προδολὴν
674 380 718 414 V.
734 379 814 412 Hoc
831 375 1000 411 scholion
1013 375 1134 411 codex
1148 375 1265 412 Paris.

260 442 318 478 bis
336 440 518 488 scriptum
542 435 676 480 habet,
697 434 860 483 primum
881 433 958 469 sic:
980 455 1028 459 —
1044 432 1269 484 φιλαργυρίας

261 496 399 546 δηλώσῃ
415 491 724 547 προκεκρυμμένης
738 493 805 528 τΓον
820 493 979 543 χρηστῶν
997 489 1127 542 φίλων·
1148 492 1267 527 altero

259 556 343 592 loco
363 555 438 590 sic:
463 573 503 579 —
516 548 794 602 προκεκρηυένος
809 548 867 586 καὶ
882 551 949 585 τῶν
968 550 1130 606 χρηστῶν
1146 548 1266 600 φίλων.

259 637 298 643 -
320 626 333 647 1
359 609 512 661 σημαίνῃ
536 605 963 661 1ηιιῑ.προκεκρουμένης
985 602 1026 644 Υ.
1053 621 1268 658 προκεκρου-

258 670 363 722 με’νην
385 675 431 709 G.

313 735 400 775 242,
421 742 439 775 7
457 741 511 777 sq.
535 727 588 763 sic
610 726 648 763 in
669 729 729 771 V.‚
751 723 904 777 ἀφρόνως
923 723 1181 774 παρα-πλήκτην
1200 724 1268 761 ἀπὸ

256 790 317 823 τοῦ
337 784 539 837 ἐναρμονίου
552 785 721 834 λυρισμοῧ
740 782 795 819 διὰ
817 782 1062 832 μεταστάσεως
1075 798 1082 805 ·
1106 781 1127 827 ἢ
1144 781 1196 819 ὅτι
1212 781 1268 819 διὰ

256 843 313 881 τὸν
341 842 560 895 παραδέοντα
588 840 773 892 κρουσμόν.
798 840 942 883 Ἄλλως.
967 841 1181 892 παραπλῆγα
1209 839 1266 877 τὸν

258 900 386 953 μωρόν.
401 927 442 931 -
456 915 478 949 9
498 898 649 936 ἀσωτεία
670 899 784 935 Paris.
805 896 1036 948 πεπληγμένη
1059 898 1170 935 etiam
1187 899 1268 935 Sui-

256 959 320 996 das
335 973 363 996 s.
383 955 592 1010 Παραπλήξ.
616 955 942 1007 παραπεπληγμένη
970 957 1051 993 Ald.
1070 961 1161 993 Post
1186 956 1266 994 διά-

256 1033 331 1055 νοια
362 1018 401 1054 in
436 1017 536 1054 libro
564 1016 738 1054 Parisino
766 1016 892 1052 statim
920 1023 1131 1065 sequuntur
1161 1016 1266 1052 haec:

258 1077 394 1119 ἄλλως·
413 1076 497 1127 ὅπερ
526 1076 722 1128 πάσχουσιν
753 1075 784 1110 οἱ
815 1075 1042 1126 παραπλῆγες
1071 1074 1266 1126 ἅνθρωποι,

257 1134 300 1171 δι’
321 1133 489 1171 ἀσωτείαν
503 1134 749 1185 τεμνούμενοι,
771 1133 816 1175 εἷς
835 1131 953 1169 ἑαυτὸν
972 1132 1157 1183 μετήγαγε.
1175 1137 1267 1179 Quae

257 1201 342 1228 sunt
366 1206 411 1229 ex
431 1193 576 1229 scholio
596 1206 632 1229 v.
651 1197 738 1235 244.

309 1257 400 1299 244,
427 1264 468 1297 17
488 1249 526 1287 τὸ
546 1251 682 1301 ἀκαρῶς
697 1277 706 1293 ,
728 1247 760 1292 ἐξ
780 1242 818 1285 οἷ
840 1246 973 1285 Suidas
1000 1260 1027 1282 s.
1053 1245 1194 1297 Ἀκαρῆ.
1217 1269 1265 1274 —-

261 1323 306 1358 19
326 1309 364 1346 τὸ
375 1309 534 1361 κείρομαι
545 1307 662 1359 τριχός
683 1307 817 1345 Ald.-
835 1305 956 1354 19-26
972 1303 1027 1341 διὰ
1040 1303 1079 1340 τὸ
1097 1303 1266 1373 ἄτμητον,

255 1365 339 1419 ὅπερ
359 1367 553 1418 πάσχουσιν
574 1368 696 1403 ἐκεῖνοι
715 1364 781 1402 ὑπο
807 1379 868 1408 της
890 1362 1040 1404 ἀσωτίας
1064 1361 1267 1411 γυμνούμε-

254 1440 324 1473 νοι,
345 1426 390 1467 εἷς
404 1424 523 1462 ἑαυτὸν
543 1423 716 1483 ἀναφερει.
736 1422 879 1463 Ἄλλως.
902 1436 936 1457 εν
953 1419 1070 1471 ἀκαρει
1100 1420 1197 1470 [sic],
1218 1423 1265 1472 τῷ

255 1482 441 1535 ἐλαχίστι),
453 1486 481 1534 ᾧ
494 1483 558 1532 οὐχ
570 1476 638 1519 οἷόν
650 1497 687 1519 τε
705 1481 873 1531 διακεῖραι
893 1478 952 1515 καὶ
970 1475 1171 1529 διακόψαι
1153 1477 1208 1515 σιὰ
1228 1478 1266 1516 τὸ

256 1541 367 1610 βραχΝὺ
398 1556 456 1578 του
484 1540 620 1592 χρόνου.
655 1538 843 1585 πεποίηται
876 1536 911 1574 δε
940 1536 1009 1573 ἀπὸ
1036 1538 1105 1573 τΓυν
1132 1539 1265 1587 μικρῶν

254 1602 382 1653 τριχῶν
410 1602 478 1636 τῶν
501 1599 556 1636 διὰ
584 1597 788 1651 βραχύτητα
815 1595 863 1646 μὴ
894 1594 1091 1645 δυναμένων
1117 1609 1266 1647 καρηναι

254 1662 298 1696 V.
316 1684 356 1689 —
376 1672 424 1694 20
445 1659 614 1709 διακεῖραι
631 1673 690 1694 και
709 1670 782 1693 om.
797 1657 842 1694 Θ.
864 1659 956 1703 Reg.
978 1654 1059 1690 Ald.
1075 1682 1117 1687 —
1135 1655 1182 1691 25
1201 1669 1266 1703 με-

253 1716 384 1766 τήγαγε
402 1718 462 1764 Θ.,
482 1717 547 1765 qui
565 1730 610 1762 27
639 1729 712 1751 om.
734 1713 955 1764 Ἐλευθέρου.

311 1776 398 1820 245,
433 1776 558 1811 28-30
589 1787 664 1811 om.
690 1776 732 1810 V.
752 1770 915 1822 ἐπέτυχες
945 1771 992 1809 Θ.
1029 1769 1148 1821 ἔτυχες
1178 1771 1264 1808 Ald.

254 1835 424 1883 Regius:
443 1832 595 1885 Μετρίου
621 1830 764 1882 ἀνδρὸς,
784 1846 844 1867 του
872 1831 1132 1881 διαμετρουντος
1152 1831 1265 1881 ἑαυτῷ

254 1908 293 1930 το
318 1895 389 1938 ζῆν.
416 1893 537 1945 ἀρετης
567 1890 649 1963 γάρ
664 1891 736 1927 ἐστι
755 1888 793 1926 τὸ
823 1890 856 1925 ἐν
882 1890 992 1940 καιρΓι)
1014 1887 1056 1937 μὲ
1042 1904 1094 1934 ν,
1116 1887 1170 1925 ὅτε
1191 1890 1265 1936 δεῖ,

240 1950 454 2021 ,φΕῐΟΞσθαῑ,
470 1965 527 1986 καὶ
545 1965 609 1995 αἱ),
637 1964 692 1985 ΟΤΞ
712 1948 779 1993 Οὲἷ,
799 1948 956 1983 ἀναλοῖ-ἰν.
986 1945 1160 1996 λεγεται
1142 1946 1176 1985 ΟΞ
1198 1964 1264 1998 με.-

255 2023 345 2059 τριος
367 2008 424 2045 καὶ
446 2011 463 2045 ὃ
482 2005 634 2052 ἐπιεικὴς
651 2005 708 2042 καὶ
728 2004 896 2045 ταπεινός.

309 2068 397 2112 246,
414 2068 460 2103 33
483 2067 556 2102 ἐστι
571 2078 643 2101 om.
666 2069 711 2101 V.
720 2064 813 2113 ‚qui
831 2062 973 2110 ἑαυτόν,
999 2064 1045 2106 34
1067 2063 1186 2115 ἀνδρὸς
1205 2063 1267 2101 λε’-

253 2141 371 2175 γει.-
389 2125 437 2161 35
457 2127 517 2161 τοῦ
533 2124 593 2172 ζῇν
614 2126 659 2159 V.
677 2122 723 2159 Θ.

310 2189 405 2228 247,
431 2182 477 2219 36
509 2179 627 2232 Ἀρετὴ
650 2183 691 2216 Υ.
715 2178 779 2231 γὰρ
808 2178 865 2215 επὶ
888 2178 973 2215 Ald.
997 2178 1069 2215 ἔστι
1089 2178 1127 2216 τὸ
1146 2181 1195 2231 τῷ
1215 2181 1262 2218 Θ.

252 2265 305 2272 --
323 2243 367 2286 37
392 2238 636 2299 ἁρμοζομένως
656 2240 702 2276 Θ.
723 2237 807 2274 Ald.

307 2300 405 2346 248,
429 2306 471 2343 41
494 2301 515 2349 ᾐ
543 2297 706 2335 Schaefei
712 2310 764 2333 us
787 2299 828 2341 ἠν
848 2296 965 2332 Paris.
984 2320 1025 2326 -
1046 2297 1093 2339 46
1117 2296 1266 2333 δεινοεῖν

255 2361 347 2406 neg.
376 2371 445 2407 pro
476 2371 541 2407 πρε
533 2355 610 2392 ’.πει
632 2359 673 2391 In
695 2359 740 2392 V.
766 2355 841 2400 sic,
865 2352 922 2390 ἵνα
949 2353 1049 2396 αὐτος
1071 2353 1127 2390 ὑπ’
1153 2356 1264 2392 αὐτῶν

255 2417 421 2466 θεωρηθῇ.
439 2413 555 2466 τὸγὰρ
574 2413 655 2449 ἷδεῖν
672 2428 709 2450 σε
728 2411 803 2448 ἀντὶ
823 2415 882 2449 τοῦ
906 2411 1068 2456 θεαθῆναί
1087 2427 1134 2449 σε.
1152 2412 1266 2449 Ἀττι-

255 2471 515 2524 κὸν-ἅρθροις.
545 2470 638 2520 λέγει
660 2470 695 2506 δὲ
725 2469 826 2506 αὐτὸν
855 2471 1036 2515 εἰσελθεῖν,
1066 2468 1124 2506 ἵνα
1144 2471 1267 2507 ἐκεῖνοι

255 2532 313 2570 τὸν
334 2534 481 2569 πλοῦτον
503 2531 617 2568 ἴδωσι.
638 2529 676 2566 τὸ
699 2528 732 2565 δὲ
753 2545 769 2565 ν
785 2529 977 2571 πλεονάζει.
998 2527 1050 2565 ὅτι
1070 2528 1108 2566 τὸ
1127 2544 1143 2564 ν
1159 2530 1266 2566 πλεο·-

255 2590 360 2634 νάζει.
382 2594 577 2627 Postrema
597 2589 660 2624 illa
679 2587 718 2624 τὸ
735 2585 769 2623 δὲ
788 2602 805 2623 ν
824 2595 907 2631 etc„
923 2586 1061 2635 quibus
1081 2595 1183 2623 caret
1206 2591 1265 2632 G.‚

255 2649 302 2686 ad
330 2647 453 2685 ταυτόν
482 2661 515 2684 v.
541 2648 615 2683 253
638 2654 813 2695 spectare
843 2652 1000 2680 annotat
1028 2644 1265 2681 Dindorlius.

254 2731 295 2739 -
312 2714 358 2754 47
376 2711 447 2748 τοῖς
465 2707 620 2758 ἀριθμοῖς
640 2707 684 2740 R.

308 2766 382 2802 253
398 2793 408 2810 ,
449 2777 494 2813 19
523 2776 605 2813 sqq.
641 2761 740 2799 conf.
771 2761 857 2797 Coel.
894 2759 1100 2808 Rhodigin.
1137 2760 1264 2808 Autiq.

254 2827 357 2861 Lect.
379 2823 444 2860 lib.
467 2822 531 2868 15,
553 2834 636 2871 cap.
660 2834 707 2857 20
724 2849 733 2866 ‚
761 2828 798 2855 et
828 2818 1029 2855 Villoison.
1051 2818 1195 2867 praefat.
1218 2818 1264 2854 ad

253 2885 406 2920 Homer.
425 2895 462 2931 p.
483 2883 622 2918 XVIII.
641 2903 681 2909 —
703 2885 749 2922 4ο
767 2877 1019 2927 supplendum
1035 2889 1082 2913 ex
1107 2875 1265 2925 Hephae-

254 2941 390 2986 stione,
402 2948 445 2975 ut
460 2939 606 2987 integra
627 2937 700 2974 sibi
720 2944 866 2973 constet
886 2935 1082 2978 sententia,
1097 2932 1189 2970 κατὰ
1201 2932 1264 2977 τὴν

255 2995 526 3049 Ἀριστοφάνειον
543 3000 601 3033 τοῦ
622 2994 782 3033 Ἀλκαίου
805 2992 951 3031 ἔκδοσιν·
971 2993 1144 3042 loquitur
1163 2992 1264 3028 enini

254 3056 301 3093 de
325 3056 409 3101 illa,
431 3068 543 3103 quam
564 3055 838 3105 Aristophanes
861 3052 1126 3103 grammaticus
1155 3065 1266 3087 cura—

254 3121 374 3156 verat,
391 3112 506 3148 Alcaei
531 3112 711 3149 editione.
730 3116 876 3149 HEMST.
892 3111 992 3153 -45
1019 3108 1158 3154 ἤτοιεχ
1179 3107 1264 3144 cod.

253 3172 367 3208 Paris.
389 3179 426 3207 et
445 3170 634 3219 Hephaest.
660 3170 844 3207 additum.
860 3194 898 3200 -
916 3171 936 3206 3
962 3160 1263 3217 εἶδος-γεωργῶν

253 3243 331 3266 om.
348 3230 390 3266 G.
408 3227 465 3265 lb.
494 3227 631 3276 θύμον;
653 3227 969 3280 Ἀγριοκρόμμυον,
1001 3220 1029 3278 ᾧ
1055 3227 1209 3277 χρῶνται
1233 3239 1262 3261 οι

252 3286 395 3333 πένητες
409 3286 451 3324 δι’
466 3285 611 3338 (ἔκραν’
593 3286 750 3338 απορίαν·
770 3287 841 3324 ἐστὶ
857 3286 891 3324 δὲ
907 3285 945 3324 τὸ
961 3301 980 3322 υ
1000 3283 1112 3337 βραχύ
1130 3288 1247 3321 D01v
1240 3312 1260 3329 ,

255 3352 292 3381 ct
312 3343 484 3381 similiter
507 3348 607 3393 ch.
628 3343 771 3387 Ἄλλως.
795 3345 912 3395 (quod
942 3358 1017 3381 om.
1049 3342 1110 3392 G.)
1139 3341 1262 3379 ταυτὸν

1007 175 1104 211 ADN
1112 174 1300 211 OTATIO
1330 174 1381 210 ΙΝ
1411 173 1584 212 SCHOL.

1328 259 1434 310 θύμον
1452 261 1598 312 φαγόντε
1620 262 1797 314 (φαγόντες
1817 265 1912 315 G.')
1895 266 1969 304 αντὶ
1989 270 2110 314 τοῧ,.)
2091 265 2333 328 Γμετέχοντες

1327 321 1368 355 V.
1388 317 1494 368 θύμος
1511 320 1623 356 etiam
1646 321 1780 359 Suidus
1809 336 1836 360 s.
1861 323 1991 373 Θύμος.
2012 324 2117 375 θύμον
2143 325 2226 363 Ald.
2247 327 2334 368 εἶδος

1328 378 1483 418 εὐτελους
1504 376 1651 427 βοτάνης
1674 379 1838 428 (βοτάνης
1857 395 1932 421 om.
1953 383 2014 432 G.)
2032 387 2076 420 V.
2107 382 2243 429 εὐτελὴς
2267 386 2331 434 βο-

1326 434 1413 480 τάνη
1435 438 1481 471 R.
1497 443 1534 471 et
1553 435 1749 472 Suidas.-
1779 439 1876 482 6-14
1899 439 2006 476 sicin
2025 443 2084 484 V.‚
2113 440 2180 477 ἀπὸ
2206 439 2242 477 δὲ
2272 443 2333 477 τοῦ

1328 491 1435 541 θύμου
1448 522 1458 538 ,
1492 491 1653 541 σημαίνει
1683 492 1723 530 τὸ
1754 493 1905 544 λάχανον
1922 525 1931 542 ,
1964 498 2234 546 συνεσταλμένον
2277 495 2329 535 δέ.

1326 548 1470 622 Αλλως.
1491 549 1674 601 ουδετέρως
1705 550 1743 587 τὸ
1763 550 1867 600 θύμον
1886 552 1943 589 καὶ
1975 553 2332 606 βραχυπαραλήκτως.

1327 608 1361 644 ἐν
1377 606 1442 658 γὰρ
1462 624 1504 658 τῃ
1525 609 1714 660 συναλοιφῇ
1736 608 1926 659 (vocabuli
1946 611 2090 661 ταυτόν)
2112 612 2332 661 ἐπεισάγεται

1327 681 1365 703 το
1384 681 1401 701 V
1420 681 1479 710 της
1502 664 1585 703 αυτό
1604 666 1844 716 &vrmvuy-fUC’
1866 668 1894 703 Εἰ
1913 666 1978 719 γὰρ
1997 671 2039 713 ἠν
2055 669 2252 720 ἀρσενῑΧΟν,
2275 684 2332 706 τον

1328 723 1428 761 αὐτόν
1448 728 1490 770 ἠν
1508 739 1568 760 και
1585 724 1647 760 οὐκ
1663 739 1795 774 εγενετο
1811 724 1922 771 (adde
1935 724 2087 774 ταυτόν).
2105 726 2283 763 συστέλλει
2297 724 2333 762 δὲ

1327 785 1384 818 νῦν
1403 780 1442 818 τὸ
1462 797 1481 817 υ
1503 796 1562 818 του
1585 780 1691 831 θύμον
1721 781 1782 819 καὶ
1803 781 2034 833 βαρυνόμενον
2054 781 2120 834 γὰρ
2139 783 2198 821 καὶ
2218 785 2333 825 ἐκτει-

1326 838 1469 889 νόμενον
1492 840 1642 889 (corrig.
1659 853 1679 876 e
1695 840 1781 876 loco
1797 841 1997 890 superiore
2011 840 2128 890 θύμον.
2145 839 2335 893 βαρυνόμε-

1327 911 1382 933 νον
1412 895 1475 950 γὰρ
1509 896 1569 934 καὶ
1600 896 1873 944 συνεσταλμένον
1907 897 2068 947 σημαίνει
2094 896 2133 935 τὸ
2158 897 2308 948 λάχανον
2323 928 2334 946 ,

1327 954 1559 1004 ἐκτεινόμενον
1584 953 1643 1005 δὲ)
1671 955 1729 992 καὶ
1762 955 1961 1005 ὀξυνόμενον
1994 956 2091 1002 δηλοῖ
2120 954 2183 1002 τὴν
2208 955 2335 1007 ψυχήν.

1326 1013 1413 1056 τινὲς
1433 1012 1468 1050 δέ
1493 1013 1844 1065 φασιν-διαὸάλλει.
1861 1039 1902 1043 -
1921 1015 1942 1050 6
1959 1013 1996 1051 δέ
2015 1027 2088 1050 om.
2110 1017 2155 1052 R.
2173 1012 2336 1066 πεπαρῴ·

1327 1071 1428 1116 δηται
1459 1072 1505 1109 Θ.
1530 1095 1570 1102 -
1593 1084 1636 1107 ιο
1663 1070 1722 1108 καὶ
1749 1071 1804 1107 ἅκ.
1828 1072 1986 1108 accessit
2017 1085 2064 1109 ex
2092 1075 2135 1108 V.
2151 1095 2193 1104 -
2211 1073 2255 1109 13
2276 1071 2336 1109 καὶ

1326 1129 1404 1179 ἀρσ.
1426 1129 1515 1165 κλιν.
1539 1142 1612 1165 om.
1634 1129 1681 1166 Θ.

1381 1187 1470 1234 255,
1498 1200 1542 1235 19
1574 1188 1732 1231 ἀθλητῶν
1754 1187 1903 1235 ἐγκονεῖν
1920 1202 1927 1209 ·
1959 1188 1998 1224 06
2018 1186 2082 1239 γὰρ
2114 1191 2160 1224 V.
2188 1187 2336 1225 Deinde

1326 1245 1654 1289 Hemsterhusius‚
1673 1245 1815 1293 aliquid
1831 1245 2013 1282 excidisse
2033 1254 2202 1283 statuens
2214 1275 2223 1291 ‚
2240 1259 2338 1282 con-

1321 1301 1407 1351 jicit
1419 1332 1429 1350 ‚
1449 1303 1483 1339 ἐν
1498 1302 1591 1339 κόνει
1604 1301 1670 1353 γὰρ
1689 1301 1826 1339 ἐκείνων
1841 1302 1879 1339 τὸ
1896 1301 1993 1353 ἔργον
2010 1317 2018 1325 ·
2034 1301 2108 1340 ὅθεν
2125 1302 2184 1340 καὶ
2205 1302 2337 1340 ἀκονιτὶ

1325 1359 1464 1410 λέγεται
1484 1361 1557 1409 (vel
1574 1359 1707 1398 ἀκονιτὶ
1728 1365 1827 1411 νικᾷν
1849 1359 2021 1409 λέγονται)
2039 1390 2050 1407 ,
2070 1359 2126 1398 ὅτε
2145 1360 2219 1411 (vel
2239 1360 2334 1410 ὅταν)

1325 1420 1392 1471 πρὸ
1411 1423 1470 1456 τοῦ
1487 1421 1548 1464 τῆς
1564 1418 1687 1460 κόνεως
1706 1418 1858 1470 ἅψασθαι
1874 1421 2028 1456 νικῶσιν.
2044 1420 2181 1456 Suidas
2195 1433 2231 1460 v.
2251 1419 2338 1469 Ἔγ-

1326 1482 1457 1514 κονεῖτε
1491 1478 1683 1526 vulgatam
1714 1485 1827 1514 tenet.
1842 1500 1883 1506 —
1902 1490 1949 1513 2ο
1968 1479 2108 1514 κινῶσιν
2131 1481 2175 1514 V.
2204 1479 2337 1514 κυκῶσι

1327 1539 1372 1572 G.
1393 1549 1467 1571 om.
1489 1535 1534 1573 Θ.
1552 1559 1591 1566 -
1610 1540 1733 1577 22-24
1759 1537 1812 1571 sic
1827 1537 1887 1580 V.‚
1905 1534 1944 1571 τὸ
1966 1533 2001 1571 δὲ
2020 1533 2158 1583 μέλλειν
2179 1534 2256 1571 ἀντὶ
2276 1537 2336 1572 τοῦ

1327 1591 1464 1641 μέλλειν
1485 1592 1543 1630 καὶ
1565 1594 1625 1642 (μ.
1657 1592 1715 1629 καὶ
1742 1606 1819 1631 om.
1844 1592 1913 1642 G.)
1937 1592 2193 1630 ἀναὸάλλεσθαι
2221 1592 2339 1644 καιρὸς

1325 1651 1386 1687 οὐκ
1401 1648 1506 1697 ἔστιν,
1523 1649 1612 1687 ἀλλὰ
1632 1649 1804 1687 σπεύδειν.
1820 1672 1861 1678 --
1877 1655 1924 1693 24
1955 1649 2098 1702 ἐγείρειν
2123 1650 2336 1687 Hemsterh.

1326 1707 1445 1758 conj.,
1460 1716 1502 1745 ut
1518 1716 1574 1745 est
1594 1709 1633 1745 in
1651 1708 1816 1757 Etymol.
1837 1721 1872 1744 v.
1891 1707 2068 1757 Ἐγκονεῖν
2087 1722 2094 1744 :
2114 1709 2145 1745 οἱ
2159 1706 2227 1760 γὰρ
2244 1708 2339 1744 ἐπει-

1325 1765 1465 1817 γόμενοι
1493 1765 1526 1803 τὶ
1558 1766 1721 1819 πράττειν
1734 1795 1743 1812 ,
1778 1763 1867 1802 κατὰ
1910 1764 1967 1802 τὸν
2008 1765 2133 1817 δρόμον
2167 1765 2338 1817 ἐγείρουσι

1325 1824 1430 1863 κόνιν.

1381 1884 1454 1920 256
1480 1884 1584 1932 ἀκμεῖ
1612 1891 1849 1933 corruptum.
1877 1883 2155 1933 Corrigendum
2189 1883 2339 1921 videtur

1326 1941 1511 1992 ἀκαματεί.
1530 1945 1650 1977 Dum.

1382 2001 1472 2046 257,
1495 2001 1544 2036 28
1563 2000 1650 2036 libri
1668 1997 1865 2047 συντόμως,
1884 1998 1987 2047 quod
2007 1998 2099 2035 nihil
2124 1998 2171 2035 ad
2188 2012 2268 2036 rem
2283 1999 2340 2036 fa-

1327 2059 1389 2095 cit.
1416 2059 1606 2108 Loquitur
1628 2057 1729 2094 enim
1753 2057 1814 2092 hic
1835 2056 2003 2092 comicus
2022 2056 2068 2092 de
2094 2056 2242 2093 incessu
2259 2057 2341 2094 sive

1328 2117 1444 2166 gradu
1473 2129 1642 2167 propero
1677 2123 1715 2152 et
1742 2122 1922 2151 contento
1942 2143 1951 2160 ,
1986 2114 2011 2163 i
2045 2127 2077 2150 e.
2112 2113 2286 2165 συντόνῳ,
2304 2128 2339 2151 ·a

1327 2174 1448 2211 verbo
1476 2173 1660 2211 συντείνειν
1674 2203 1682 2218 ,
1713 2172 1816 2222 quod
1848 2172 1895 2208 de
1929 2172 2063 2221 quavis
2095 2173 2340 2209 contentione

1326 2234 1429 2283 apud
1449 2236 1600 2270 Craecos
1616 2232 1769 2269 dicitur.
1790 2232 1851 2268 Sic
1872 2231 2004 2280 Eurip.
2017 2230 2133 2268 Elect.
2154 2244 2167 2266 1
2181 2243 2238 2276 12,
2257 2230 2341 2267 σύν-

1327 2306 1415 2328 τεινε
1431 2290 1534 2333 ποδὸς
1554 2289 1683 2341 ὁρμὴν,
1711 2291 1733 2326 i.
1758 2303 1790 2326 e.
1821 2292 1985 2325 accelera
2006 2290 2176 2337 gradum.
2198 2291 2246 2325 Et
2268 2301 2340 2338 pro

1328 2349 1499 2392 συντόνως
1516 2349 1714 2398 Aristoph.
1734 2348 1831 2384 infra
1854 2361 1888 2383 v.
1917 2346 1990 2383 325
2008 2346 2104 2382 dixit
2127 2345 2341 2395 συντεταμέ-

1326 2424 1402 2450 νως.
1424 2411 1537 2446 Kns'r.
1557 2406 1743 2456 σύνδεσμος
1763 2404 2000 2447 ἀποδεικτικός
2019 2405 2107 2454 (hoc
2127 2418 2173 2441 ex
2194 2404 2340 2441 scholio

1328 2480 1363 2503 v.
1383 2466 1486 2514 261).
1507 2463 1692 2517 προθύμως
1712 2462 1748 2500 δὲ
1765 2462 1841 2500 ἀντὶ
1861 2465 1921 2499 τοῦ
1938 2459 2126 2510 συντόμως,
2140 2475 2188 2510 29
2210 2460 2340 2511 βραχύ-

1327 2539 1427 2570 τητος
1448 2528 1494 2560 Υ.

1381 2582 1469 2629 259,
1491 2583 1537 2624 34
1560 2595 1614 2616 σοι
1634 2583 1678 2616 R.
1703 2594 1746 2627 με
1763 2578 1846 2616 Ald.
1866 2590 1938 2614 om.
1957 2579 2003 2613 V.
2017 2600 2057 2606 —
2071 2576 2118 2613 35
2137 2577 2170 2613 λ.
2190 2576 2339 2628 &nefia-

1326 2639 1383 2676 τὸν
1402 2643 1445 2675 Υ.
1465 2653 1503 2686 γε
1521 2651 1597 2674 oin.
1614 2641 1656 2673 R.
1676 2636 1756 2672 Ald.

1382 2697 1471 2741 261,
1495 2697 1542 2731 38
1563 2693 1667 2732 Σύνδ.
1689 2694 1791 2730 ἁποδ.
1814 2693 1973 2741 [scholio
1992 2706 2026 2728 v.
2055 2693 2130 2739 259
2152 2692 2338 2742 additum)

1327 2755 1390 2791 hic
1413 2754 1556 2789 omittit
1575 2756 1618 2789 V.
1624 2751 1852 2800 ‚sequentia
1877 2759 2002 2786 autem
2033 2758 2119 2799 post
2139 2749 2195 2787 διὰ
2212 2749 2252 2787 τὸ
2275 2766 2339 2801 γη-

1329 2827 1386 2863 ρας
1404 2812 1426 2847 l.
1445 2818 1491 2855 42
1511 2811 1641 2847 colloc
1635 2818 1671 2846 it
1690 2810 1742 2845 sic
1756 2809 1896 2857 scripta
1909 2835 1920 2856 ‚
1937 2808 2060 2850 ἄλλως.
2083 2806 2161 2849 τοὺς
2148 2807 2338 2865 γέροντας

1326 2866 1622 2912 παίζει--διὰ
1634 2882 1672 2903 το
1686 2866 1936 2917 πεπληρῶσθαι
1956 2866 2067 2901 αὐτῶν
2082 2863 2125 2902 τὰ
2143 2866 2217 2901 ὠτα
2233 2864 2336 2917 γήρα.

1324 2934 1409 2970 -41
1431 2926 1489 2962 καὶ
1510 2926 1569 2962 ἐπε
1572 2925 1736 2976 γγελᾷτῶ
1751 2923 2045 2975 αδρΓ)αἷσθησεων
2065 2926 2107 2959 V.
2126 2925 2184 2959 06v
2199 2920 2273 2960 om.
2290 2927 2336 2961 R.

1381 2985 1454 3021 263
1472 3013 1481 3030 ,
1509 2991 1557 3030 49
1579 2981 1710 3030 ἼΙγουν
1730 2985 1789 3018 τοῦ
1821 2982 1902 3018 Ald.
1921 2978 1970 3018 Η
2000 2995 2059 3018 του
2091 2984 2135 3018 R.
2155 2981 2202 3019 Θ.
2219 3007 2269 3014 --
2288 2982 2336 3017 50

1326 3041 1381 3079 διὰ
1402 3041 1488 3078 libri
1509 3055 1585 3077 ou).
1606 3049 1745 3090 praeter
1762 3043 1805 3077 R.
1820 3042 1869 3091 τῷ
1887 3038 1978 3090 γήρᾳ
1994 3041 2104 3076 ταῦτα
2122 3038 2206 3075 Ald.
2225 3061 2268 3069 -
2287 3040 2333 3076 51

1326 3100 1361 3137 δὲ
1380 3099 1456 3145 ἐξῆν
1477 3101 1537 3145 Θ.,
1555 3099 1620 3148 qui
1638 3098 1754 3135 habet
1775 3099 1821 3134 53
1839 3095 2215 3142 τοιουτος-πενήτων.

1380 3160 1507 3205 266,5
1487 3157 1684 3211 ορυπαίνω
1701 3157 1853 3205 Regius.
1873 3154 2013 3206 ῥυπάνω
2031 3158 2135 3192 Junt.
2155 3180 2206 3187 --
2226 3155 2248 3191 8
2261 3161 2298 3190 et
2313 3167 2336 3202 9

1328 3219 1362 3257 δὲ
1380 3232 1454 3255 om.
1479 3221 1524 3254 R
1552 3220 1594 3253 V.
1619 3236 1669 3243 ——
1692 3228 1736 3251 10
1761 3214 1793 3263 γ’
1818 3217 1875 3252 οὖν
1908 3217 1952 3250 Υ.
1978 3211 2044 3266 γὰρ
2067 3212 2115 3249 G.
2142 3209 2236 3261 λεγει
2268 3209 2340 3263 γὰρ

1325 3281 1370 3317 Θ
1390 3275 1424 3314 δὲ
1449 3290 1522 3313 oui.
1539 3279 1584 3312 R.
1603 3273 1725 3311 Habet
1745 3273 1824 3309 haec
1845 3271 1981 3310 Suidas
1997 3284 2028 3307 s.
2053 3267 2186 3311 Ψωλός
2201 3277 2240 3306 et
2255 3269 2336 3306 Μα-

1326 3339 1450 3375 δῶντα.
1469 3358 1509 3366 -
1534 3348 1547 3371 ι
1561 3348 1573 3369 1
1600 3332 1680 3382 μαδ.
1701 3330 1779 3370 ἀντὶ
1796 3334 1854 3368 τοῦ
1876 3333 1923 3367 R.
1942 3351 1997 3363 —
2016 3334 2059 3372 14
2082 3330 2144 3365 τοῦ
2164 3325 2333 3364 δυσωδίαν
