2485 3808
866 171 1123 210 SCHOLIA
1162 173 1218 210 IN
1257 174 1450 214 NUBES.

161 279 237 305 1081.
268 264 342 302 ἀντὶ
358 265 415 300 τοῦ
431 265 589 308 ἡττᾶται.
607 268 644 298 R.

160 336 238 362 10⁸3.
267 321 308 368 ἢν
327 320 544 372 ῥαφανιδωθῇ
566 332 574 357 :
592 318 696 357 Οὕτω
715 318 782 370 γὰρ
801 318 877 362 τοὺς
894 318 1037 362 ἁλόντας
1058 334 1135 368 μοι-

104 379 187 432 χοὺς
206 380 333 431 ᾔκιζον.
359 378 544 430 ῥαφανῖδας
563 377 798 427 λαμὸάνοντες
819 377 965 414 ἔὸαλλον
991 378 1036 419 εἷς
1059 377 1135 420 τοὺς

103 435 280 490 πρωκτοὺς
299 437 422 482 αὐτῶν,
442 435 500 472 καὶ
517 435 786 485 παρατίλλοντες
804 434 924 477 αὐτοὺς
940 434 1067 486 θερμὴν
1085 433 1134 471 τέ-

30 536 37 542 ,
69 511 86 537 5
105 510 192 548 φραν
211 493 423 542 ἐπέπασσον,
451 492 618 544 βασάνους
637 492 756 536 ἱκανὰς
772 492 1003 545 ἐργαζόμενοι.

159 565 236 592 1084.
265 551 341 589 τίνα
372 550 512 602 γνώμην
535 564 543 589 :
568 551 658 590 Ἀντὶ
683 555 763 598 τοῦ,
780 550 882 588 ποίαν
906 550 971 594 ἔξει
992 548 1133 601 γνώμην

105 608 154 660 μὴ
173 609 410 662 εὐρύπρωκτος
430 603 528 647 εἶναι.

159 681 238 706 1085.
269 666 330 719 [ἢν
361 667 390 704 δ’
420 666 656 718 εὐρύπρωκτος
693 680 701 705 :
731 665 892 709 Ἴῖκθεσις
924 669 984 711 τῆς
1012 667 1135 713 διπλῆς

105 725 285 775 ἀμοιὸαία·
312 720 352 771 ἧς
379 725 596 776 προτίθενται
633 724 744 776 στίχοι
774 724 932 774 ἷαμὸικοὶ
957 724 1134 776 τρίμετροι

51 799 86 824 ιο
104 783 340 830 ἀκατάληκτοι
353 782 526 835 τέσσαρες.
542 783 586 820 τὰ
602 782 637 820 δὲ
653 782 757 820 λοιπὰ
774 782 870 820 κῶλά
888 784 970 819 εἰσιν
987 780 1133 830 ἷαμΕικὰ

103 841 339 879 ὀκτωκαίδεκα
365 841 508 893 δίμετρα
539 841 778 887 ἂκατάληκτα.
808 840 847 877 τὸ
873 840 987 889 μέντοι
1017 839 1134 889 ὄγδοον

103 899 162 936 καὶ
182 898 443 937 δυοκαιδέκατον
469 898 652 950 τρίμετρα,
673 898 732 935 καὶ
752 898 789 934 τὸ
807 897 985 934 ἑνδέκατον
1008 899 1135 941 πενθη-

105 955 257 1009 μιμερές.
278 956 316 994 τὸ
339 955 644 993 πεντεκαιδέκατον
659 955 717 992 καὶ
731 954 1022 992 ἑπτακαιδέκατον
1033 953 1133 1003 μονό-

105 1028 226 1065 μετρα.
246 1013 285 1051 τὸ
303 1013 337 1051 δὲ
358 1015 552 1051 τελευταῖον
574 1012 813 1064 ἑφθημιμερές.
829 1012 885 1050 ἐπὶ
898 1014 947 1064 τῷ
967 1011 1057 1049 τέλει
1075 1011 1135 1049 δύο

54 1091 85 1117 15
105 1071 225 1108 διπλαῖ
244 1071 307 1119 ἔξω
323 1073 556 1115 νενευκυῖαι·ἡ
573 1069 636 1120 μὲν
659 1073 692 1108 ἐν
707 1073 749 1122 τῇ
770 1072 881 1122 ἀρχῇ,
899 1073 920 1116 ἡ
935 1068 971 1106 δὲ
988 1068 1079 1106 κατὰ
1096 1067 1134 1105 τὸ

103 1128 227 1181 τέλος.]]
248 1129 323 1167 ἀντὶ
339 1133 397 1167 τοῦ
418 1127 526 1166 οὐδέν.
546 1138 585 1168 R.

158 1200 234 1226 1086.
263 1190 322 1224 τοῦ
335 1181 420 1224 εἶναι
433 1185 680 1238 εὐρύπρωκτος.
700 1193 737 1223 R.

156 1258 235 1283 1087.
248 1244 290 1290 ἢν
306 1247 406 1282 τοῦτο
420 1258 428 1282 :
445 1245 507 1286 Εἷς
519 1247 628 1281 τοῦτο.
644 1242 702 1280 ἐὰν
717 1244 763 1286 εἷς
779 1246 879 1280 τοῦτο
895 1245 1036 1294 νικηθῇς
1049 1242 1133 1293 παρ’

103 1303 205 1353 ἐμοῦ,
231 1302 282 1341 ὅτι
299 1301 395 1340 οὐδέν
415 1303 487 1339 ἐστι
511 1301 617 1339 κακὸν
645 1301 684 1339 τὸ
705 1296 792 1339 εἶναι
812 1300 1068 1353 εὐρύπρωκτος,
1091 1299 1138 1350 (τί.

51 1382 86 1408 20
104 1359 202 1412 εἴπῃς
212 1363 236 1411 ;)
256 1383 302 1388 -
317 1363 436 1398 τοῦτο;
459 1361 520 1402 Εἷς
535 1363 646 1397 τοῦτο.
665 1361 748 1409 ἐμοῦ
772 1373 780 1398 :
801 1359 905 1398 (Υπό.
939 1366 1018 1396 Vlct.

158 1432 237 1458 1089.
268 1421 510 1470 συνηγοροῦσιν
532 1419 570 1454 ἐκ
591 1418 691 1455 τίνων
711 1431 719 1457 :
741 1418 831 1456 Ἀντὶ
856 1420 917 1455 τοῦ
936 1416 1023 1459 τίνες
1050 1415 1134 1453 εἰσὶν

104 1478 135 1514 οἱ
155 1476 314 1530 ῥήτορεςτ,
337 1483 375 1513 R.
396 1484 435 1513 V.

159 1548 237 1574 1091.
262 1535 496 1587 τραγῳδοῦσιν
515 1548 523 1572 :
545 1536 605 1577 Εἷς
618 1533 794 1586 Φρύνιχόν
809 1549 911 1586 φασιν
926 1533 1027 1571 αὐτὸν
1048 1535 1134 1570 ἀπο-

103 1592 224 1631 τείνειν
244 1592 301 1630 τὸν
317 1591 477 1644 τραγικὸν
490 1592 671 1644 χορευτήν·
688 1591 762 1629 ἐπεὶ
779 1591 978 1629 διεῧάλλετο
995 1591 1052 1628 ἐπὶ
1072 1606 1135 1641 μα-

52 1676 86 1702 25
105 1650 210 1703 λακίᾳ
227 1651 284 1688 διὰ
302 1648 475 1687 ποικιλίαν
493 1648 697 1700 σχημάτων.

159 1723 238 1748 1096.
266 1711 334 1746 τῶν
361 1706 543 1759 σωφρόνων
564 1706 623 1744 καὶ
639 1709 708 1744 τῶν
728 1706 978 1760 εὐρυπρώκτων
1005 1709 1133 1745 θεατῶν

105 1765 225 1804 σκόπει
244 1765 381 1817 πότεροι
401 1764 548 1807 πλείους.
566 1772 652 1804 R.V.

158 1837 237 1863 1103.
266 1817 294 1862 ῶ
314 1822 506 1872 κινούμενοι
525 1835 533 1860 1
555 1825 668 1860 Τοῦτο
686 1822 812 1869 ἄδηλον
830 1823 971 1876 πότερον
991 1826 1009 1861 ὁ
1029 1822 1136 1875 κρείτ-

104 1898 171 1920 των
194 1881 294 1933 λόγος
318 1881 432 1934 φησὶν,
459 1882 637 1931 ὁμολογῶν
653 1884 840 1928 ἡττᾶσθαι,
860 1881 882 1927 ἢ
903 1885 920 1919 ὁ
942 1881 1134 1927 νεανίσκος,

53 1964 88 1991 ³0
105 1943 124 1978 ὁ
138 1942 206 1978 τῶν
224 1938 334 1990 λόγων
357 1938 484 1991 κριτής·
504 1937 521 1976 ὃ
537 1939 596 1976 καὶ
613 1941 758 1989 μᾶλλον.
778 1939 828 1977 ἔτι
844 1939 910 1992 γὰρ
924 1942 957 1978 ἐν
974 1946 1043 1983 τοῖς
1062 1940 1136 1985 ἑξῆς

105 2001 123 2036 ὃ
141 1997 302 2051 κρείττων
323 1996 422 2047 λόγος
447 1996 604 2050 φαίνεται
631 1999 724 2049 αὐτῷ
750 1998 997 2049 συνάχθεσθαι,
1020 2014 1137 2051 παρα-

105 2056 234 2094 δοθέντι
259 2055 442 2106 μανθάνειν
474 2057 523 2107 τῷ
542 2055 657 2108 ἑτέρῳ.
688 2079 739 2084 --
759 2056 1071 2105 συνουσιαζόμενοι.
1093 2064 1134 2093 Ε.

105 2109 134 2153 ὦ
150 2114 396 2167 εὐρύπρωκτοι.
426 2121 509 2151 Υῐεί.

160 2185 238 2210 1104.
267 2170 442 2221 θοιμάτιον
463 2184 472 2208 2
497 2170 548 2208 Τὸ
568 2170 703 2220 ἱμάτιον
725 2171 874 2217 δίδωσιν,
896 2171 952 2208 ἵνα
973 2171 1025 2224 [ἐξ
1051 2172 1139 2210 ἑτοί-

54 2253 88 2279 35
106 2245 171 2279 μου
191 2229 268 2281 καὶ]
291 2231 438 2280 εὐχερῶς
466 2228 687 2279 αὐτομολήσῃ
717 2229 800 2280 πρὸς
824 2228 961 2275 αὐτοὺς,
986 2230 1064 2282 [καὶ
1090 2229 1137 2280 μὴ

106 2286 320 2337 ἐμποδίζοιτο
337 2289 386 2338 τῷ
406 2285 552 2338 δρόμῳ]

160 2357 238 2382 1105.
287 2343 319 2381 τί
341 2345 446 2390 δῆτα;
461 2343 603 2395 πότερον
627 2357 635 2382 :
658 2343 829 2394 Σύστημα
845 2345 934 2382 κατὰ
951 2345 1139 2397 περικοπὴν

107 2400 348 2454 ἀνομοιομερὲς
383 2401 511 2453 στίχων
546 2402 717 2451 ἷαμὸικῶν
748 2403 936 2455 τριμέτρων
962 2404 1141 2450 ἀκαταλή-

107 2474 196 2496 κτων
209 2460 310 2497 ὀκτώ.
321 2461 355 2496 ἐν
370 2459 498 2497 ἐκθέσει
513 2458 548 2496 δὲ
558 2461 654 2497 κῶλα
666 2460 813 2509 ἷαμὸικὰ
830 2461 973 2514 δίμετρα
987 2464 1139 2508 καταλη-

32 2542 34 2555 ·
55 2538 91 2565 40
107 2516 209 2554 κτικὰ
224 2517 300 2563 ἤτοι
323 2520 552 2569 ἑφθημιμερῆ.
575 2517 646 2568 ἔχει
667 2517 702 2556 δὲ
723 2518 761 2556 τὸ
778 2518 931 2572 δεύτερον
949 2522 1058 2557 κῶλον
1082 2519 1139 2558 τὸν

5 2558 21 2684 k
109 2573 262 2627 δεύτερον
288 2574 379 2613 πόδα
402 2574 590 2627 τρίὸραχυν
617 2575 692 2622 ἤτοι
716 2578 862 2628 χορεῖον.
889 2577 948 2614 ἐπὶ
971 2581 1020 2629 τῷ
1051 2578 1140 2617 τέλει

108 2632 343 2684 παράγραφος.
362 2656 415 2661 --
431 2633 618 2683 ἐπάγεσθαι
640 2647 649 2672 2
672 2635 858 2672 Ἀπελθεῒν.
877 2635 941 2687 Β]

164 2703 242 2729 1107.
271 2690 409 2728 δίδασκε
433 2705 441 2729 :
466 2691 540 2728 ἀντὶ
559 2696 619 2729 τοῦ
635 2692 787 2730 παίδευε·
805 2695 836 2730 οἱ
851 2692 917 2745 γὰρ
935 2694 1140 2744 διδασκόμε-

11 2758 18 2781 v
109 2761 161 2784 νοι
176 2746 384 2791 ἐκολάζοντο.
402 2756 482 2788 R.v.

12 2849 15 2851 Α
37 2796 39 2808 ’
60 2829 96 2856 ⁴5
166 2817 246 2842 1108.
277 2805 465 2855 στομώσεις
483 2821 492 2845 :
515 2806 604 2845 Ἀντὶ
624 2813 682 2846 τοῦ
699 2808 839 2856 ὀξυνεῒς,
858 2812 903 2852 ὡς
925 2811 982 2848 ἐπὶ
1000 2810 1139 2863 σιδήρου

38 2854 39 2859 ’
113 2861 197 2913 φησὶ
214 2866 448 2914 μεταφορικῶς
463 2865 538 2902 ἀντὶ
553 2870 612 2902 τοῦ
630 2867 820 2912 ἂκονῆσεις.
838 2871 860 2914 ἡ
878 2869 1055 2921 μεταφορὰ
1072 2870 1140 2907 ἀπὸ

112 2920 180 2956 τῶν
201 2922 393 2970 μαχαιρῶν.
420 2921 544 2973 θατέρα
569 2922 603 2959 δὲ
624 2924 698 2961 ἀντὶ
721 2929 779 2962 τοῦ
799 2925 838 2962 τὸ
859 2926 920 2976 μὲν
941 2926 1052 2979 ἕτερον
1073 2927 1139 2977 μέ-

40 2973 43 3011 i
115 2990 170 3028 ρος
192 2979 254 3022 τῆς
279 2976 402 3025 γνάθου
425 2977 511 3027 (οἵαν
531 2979 717 3030 δικιδίοις),
737 2982 891 3021 τουτέστι
917 2984 1061 3031 δυνατὴν
1079 2986 1138 3023 καὶ

114 3033 275 3086 ἔμπειρον
295 3035 408 3071 δικῶν.
425 3037 689 3086 ὑποκοριστικῶς
705 3039 740 3076 δὲ
756 3040 793 3077 τὸ
811 3042 974 3085 δικιδίοις.

170 3103 247 3129 1110.
279 3091 324 3133 εἷς
341 3089 385 3127 τὰ
402 3091 504 3128 ἄδικα
516 3122 526 3138 ,
545 3095 591 3136 εἷς
608 3094 652 3132 τὰ
669 3097 894 3150 ἐμφιλόσοφα.
915 3109 954 3138 V.

171 3160 247 3185 1111.
274 3147 313 3186 τὸ
329 3147 449 3198 ἀμέλει
464 3150 637 3200 παρέλκει.
658 3153 760 3196 δεξιὸν
779 3168 787 3192 z
805 3156 910 3200 οὕτως
924 3157 1039 3208 ἔλεγον
1056 3158 1140 3195 πάν·

116 3220 178 3248 τας
195 3204 272 3248 τοὺς
290 3206 590 3256 πεπαιδευμένους.
607 3216 685 3246 R.V.
703 3215 818 3261 κομιεῖ
834 3227 843 3252 :
865 3214 981 3266 Λήψῃ.
1008 3223 1087 3254 Vict-

170 3276 248 3301 1112.
277 3263 347 3300 ἀπὸ
365 3268 476 3302 κοινοῦ
495 3264 533 3302 τὸ
551 3267 675 3315 κομιεῖ.
694 3275 732 3304 R.

173 3332 251 3359 1115.
281 3320 376 3372 [τοὺς
402 3321 520 3374 κριτὰς
544 3322 566 3360 ἃ
590 3325 806 3374 κερδανοῦσιν
827 3341 836 3365 :
860 3329 1045 3368 Κάνταῦθα
1071 3347 1139 3369 πα·

43 3141 46 3151 .
63 3120 100 3148 50

1161 297 1168 900 —ss———ffl

2150 197 2221 229 125

1193 262 1335 314 ράὸασίς
1354 265 1456 302 ἐστιν.
1486 265 1557 317 ἔχει
1575 265 1609 305 δὲ
1626 269 1663 306 οὐ
1680 270 1792 308 πάντα
1816 271 1858 309 τὰ
1879 274 1968 326 μέρη
1987 278 2046 322 τῆς
2061 280 2226 330 παραῧά-

1192 335 1293 366 σεως,
1323 322 1413 359 ἀλλὰ
1442 323 1544 373 μόνον
1568 325 1606 362 τὸ
1626 326 1818 379 ἐπίρρημα,
1844 331 1878 367 ἐν
1901 325 1929 384 ᾧ
1954 332 2025 376 ἔθος
2046 334 2068 380 ἢ
2088 338 2225 389 χρηστὰ

1192 378 1437 428 συμῧουλεύειν
1466 384 1508 433 τῇ
1537 383 1653 430 πόλει,
1683 384 1704 431 ἢ
1737 386 1907 426 σκώπτειν
1942 390 2018 434 τοὺς
2047 396 2223 447 πονηρούς.

1192 435 1337 474 τίθενται
1363 437 1427 490 γὰρ
1453 441 1489 477 οὐ
1519 441 1621 490 μόνον
1641 442 1768 481 τέλειαι
1792 447 2024 498 παραὲάσεις,
2050 451 2139 489 ἀλλὰ
2167 455 2226 492 καὶ

1193 493 1280 546 μέρη
1302 495 1378 532 τινὰ
1399 498 1522 535 αὐτῶν.
1551 498 1624 537 ἔστι
1645 501 1679 538 δὲ
1699 501 1738 539 τὸ
1757 503 1866 555 παρὸν
1892 505 2067 558 ἐπίρρημα
2093 511 2132 546 ἐκ
2152 511 2226 548 στί·
2244 526 2260 550 5

1191 565 1262 601 χων
1282 557 1476 605 τροχαῖκῶν
1493 557 1728 610 τετραμέτρων
1751 563 2015 607 καταληκτικῶν
2037 567 2086 609 ις’·
2105 562 2152 605 ῶν
2170 585 2223 607 τε-

1191 609 1345 653 λευταῖος

1273 698 1330 728 κᾶν
1347 697 1377 728 ἐν
1396 699 1541 740 Αἰγύπτῳ
1558 705 1659 742 τυχεῖν
1674 703 1716 733 ὢν
1735 705 1848 743 μᾶλλον
1867 707 1885 744 ἢ
1899 710 1997 748 κρῖναι
2013 709 2152 761 zanek]

1245 773 1341 811 τόνδε
1366 775 1422 813 τὸν
1446 777 1547 829 χορὸν
1578 794 1586 812 .·
1612 780 1683 818 Τὸν
1707 783 1775 819 τῶν
1806 786 1982 837 Νεφελῶν.
2008 787 2085 832 τοὺς
2110 789 2226 841 κριτὰς

1194 831 1269 868 ἀντὶ
1291 836 1349 870 τοῦ
1373 835 1402 870 οἱ
1421 835 1547 886 κριταί.
1568 836 1730 890 “()μηρος
1757 845 1830 887 [Od.
1851 852 1892 887 Α,
1913 849 1977 890 275]
2005 863 2018 877 «
2044 846 2177 899 μητέρα
2197 849 2226 885 δ’

1193 887 1224 925 εἴ
1242 891 1272 926 οἱ
1288 890 1393 940 θυμὸς
1412 893 1588 944 ἐποτρύνει
1605 895 1833 950 [γαμέεσθαι]
1851 917 1864 932 n
1882 901 1958 937 ἀντὶ
1977 906 2036 940 τοῦ
2053 906 2074 949 ἡ
2097 905 2226 955 μήτηρ.

1247 960 1326 986 1116.
1355 949 1510 1001 ὠφελῶσ’
1541 954 1579 989 ἐκ
1606 955 1674 990 τῶν
1706 956 1846 993 δικαίων
1879 971 1887 996 :
1925 960 1952 981 ³*

2249 812 2280 836 10

1923 962 2228 1010 ...υναγωνίζωνται

1192 1003 1251 1040 καὶ
1276 1007 1590 1056 συλλαμὸάνωνταί
1613 1027 1645 1048 τι
1671 1013 1760 1050 κατὰ
1788 1014 1827 1052 τὸ
1853 1015 1995 1054 δίκαιον.
2026 1017 2082 1055 ἵνα
2112 1019 2146 1057 δὲ
2179 1020 2227 1070 μὴ

1191 1061 1310 1112 χάριτι
1336 1065 1418 1116 δοκῇ
1443 1073 1540 1104 νικᾶν
1566 1069 1625 1107 καὶ
1648 1069 1710 1116 τὴν
1743 1074 1855 1125 ψῆφον
1886 1074 2009 1127 φέρειν,
2039 1077 2129 1114 ἀλλὰ
2156 1079 2231 1122 ταῖς

1193 1121 1384 1169 ἀληθείαις,
1404 1125 1598 1176 προσέθηκε
1618 1133 1730 1168 τοῦτο.

1247 1192 1325 1218 1117.
1355 1187 1434 1218 νεᾶν
1453 1195 1462 1221 z
1482 1183 1669 1236 Ἀροτριᾶν.
1687 1188 1722 1224 ἐν
1739 1186 1813 1240 ὥρᾳ
1833 1202 1841 1226 :
1865 1189 2057 1243 Εὐκαίρως.
2079 1200 2136 1229 Br.
2155 1194 2230 1231 ἀντὶ

1192 1239 1252 1273 τοῦ
1273 1238 1433 1289 ἀροτριᾶν
1453 1241 1512 1278 καὶ
1532 1243 1694 1295 σπείρειν.
1716 1252 1796 1283 RN.
1818 1248 1851 1283 ἐν
1875 1246 1948 1299 ὥρα

1192 1297 1313 1346 καιρῷ.
1334 1304 1378 1333 V.

2253 1098 2282 1123 15

1978 1262 1986 1286 :
2012 1248 2088 1286 ἀντὶ
2111 1254 2170 1287 τοῦ
2196 1253 2231 1288 ἐν

1249 1365 1325 1390 1119.
1355 1354 1520 1399 τεκούσας
1545 1370 1553 1395 :
1584 1359 1795 1412 (Χαριέντως
1821 1357 1894 1400 εἶπε
1919 1362 1958 1400 τὸ
1981 1364 2146 1408 τεκούσας
2171 1366 2230 1403 καὶ

1193 1409 1340 1460 φυλάξαι
1364 1411 1422 1448 ἐπὶ
1446 1415 1507 1458 τῆς
1536 1416 1760 1464 βλαστήσεως
1783 1421 1843 1464 τῆς
1868 1420 2040 1469 ἀμπέλου.
2067 1422 2144 1459 λίαν
2164 1422 2230 1474 γάρ

1193 1468 1276 1504 εἰσιν
1302 1469 1480 1521 εὐχερεῖς.)
1513 1474 1647 1523 αὐχμὸν
1675 1474 1737 1521 τὴν
1767 1475 1945 1528 ξηρασίαν.
1975 1479 2013 1517 τὸ
2040 1479 2075 1517 δὲ
2102 1479 2229 1525 πιέζειν

1194 1525 1269 1562 ἀντὶ
1286 1530 1344 1564 τοῦ
1364 1531 1586 1581 καταπονεῒν,
1609 1533 1794 1584 ἀφανίζειν.

1248 1597 1325 1623 1125.
1355 1586 1552 1638 σφενδόναις
1576 1603 1584 1627 :
1605 1589 1707 1641 {⁹051
1726 1595 1747 1637 ἡ
1770 1592 1906 1644 χάλαζα
1925 1596 1970 1637 ὡς
1993 1595 2083 1638 λίθος
2103 1596 2227 1648 gerim]

1192 1643 1214 1687 ἡ
1239 1643 1415 1696 μεταφορὰ
1439 1645 1506 1683 ἀπὸ
1527 1649 1594 1684 τῶν
1618 1648 1720 1686 λίθων
1743 1651 1802 1687 καὶ
1826 1653 1893 1688 τῶν
1915 1653 2118 1704 σφενδονῶν.
2141 1653 2229 1692 θέλει

1194 1698 1229 1736 δὲ
1260 1698 1321 1745 τὴν
1355 1701 1454 1752 χιόνα
1482 1705 1601 1744 εἰπεῖν.
1635 1708 1696 1744 οὐκ
1722 1708 1856 1761 ἀκύρως
1887 1709 1922 1746 δὲ
1950 1709 1989 1747 τὸ
2017 1711 2229 1762 παιήσομεν,

1194 1756 1310 1803 ἐπειδὴ
1334 1759 1522 1798 ἀνθούντων
1540 1764 1607 1799 τῶν
1627 1767 1768 1816 καρπῶν
1787 1769 1808 1811 ἠ
1825 1765 1910 1817 χιὼν
1931 1767 2071 1817 γίνεται.
2090 1795 2134 1799 —
2151 1772 2232 1808 ἀπο·

1193 1814 1394 1868 κεκόψονται
1414 1831 1422 1856 :
1441 1819 1511 1871 Ἀφ’
1529 1822 1640 1870 ἡμῶν.
1661 1836 1703 1865 Ε,

1249 1886 1325 1911 1126.
1355 1875 1461 1926 ζημία
1495 1876 1561 1929 γὰρ
1589 1881 1659 1922 τοῖς
1691 1881 1939 1930 πλινθεύουσιν,
1971 1884 2108 1922 ἐπειδὰν
2138 1885 2231 1929 ὑετὸς

1193 1930 1346 1981 γένηται.
1367 1946 1446 1976 ΒΝ,

1250 2002 1328 2027 1127.
1357 1990 1418 2034 τὰς
1436 1993 1469 2029 ἐν
1485 1996 1528 2044 τῇ
1548 1993 1650 2046 στέγῃ
1669 1996 1867 2048 κεραμίδας.
1885 2012 1924 2041 v,

1249 2061 1326 2086 1129.
1358 2048 1438 2101 [τὴν
1458 2050 1564 2088 νύκτα
1586 2066 1595 2090 :
1619 2051 1707 2091 εὈτε
1726 2054 1859 2105 ἀνάγκη
1883 2057 1956 2094 ἐστὶ
1977 2060 2149 2107 μετελθεῖν
2169 2059 2230 2106 τὴν

1194 2103 1363 2159 νύμφην.][

2250 1663 2284 1688 25

2250 1959 2284 1984 30

1250 2176 1329 2202 1130.
1359 2166 1394 2202 ἐν
1412 2165 1577 2220 Αἰγύπτῳ
1602 2182 1610 2206 :
1630 2168 1706 2218 [Ὡς
1726 2170 1782 2207 ἐπὶ
1798 2171 1984 2224 κατάρας],
2006 2174 2080 2210 ἐπεὶ
2102 2176 2147 2217 ὡς
2168 2177 2232 2227 λῃ-

1197 2223 1382 2271 στευομένη
1407 2224 1605 2264 διεὸάλλετο
1624 2230 1644 2272 ἡ
1670 2227 1854 2278 Αἴγυπτος.
1877 2229 1898 2275 ἢ
1921 2231 2127 2281 βουλήσεται
2146 2249 2229 2286 πορ-
2250 2247 2283 2271 35

1198 2278 1340 2329 ρωτάτω
1363 2275 1464 2327 εἶναι,
1487 2281 1570 2320 ὅπου
1596 2284 1698 2322 αὐτὸν
1719 2287 1755 2322 οὐ
1783 2287 1907 2339 βλάψει
1932 2292 1949 2325 ὃ
1972 2290 2076 2332 ὓετός·
2103 2291 2176 2328 ἐπεὶ
2196 2294 2230 2329 ἐν

1196 2336 1366 2390 Αἰγύπτῳ
1398 2340 1490 2376 δοκεῖ
1521 2340 1569 2389 μὴ
1596 2341 1676 2388 ὕειν,
1702 2342 1747 2387 ὥς
1772 2360 1873 2396 φησιν
1901 2345 2083 2398 ξΗρόδοτος
2108 2349 2156 2398 [3,
2186 2350 2230 2399 10]

1200 2396 1228 2444 («
1245 2394 1396 2442 ὕσθησαν
1413 2397 1479 2450 γὰρ
1493 2398 1569 2436 τότε
1588 2402 1622 2437 αἱ
1637 2401 1756 2447 Θῆῧαι
1767 2432 1775 2447 ,
1795 2403 1931 2453 οὐδαμὰ
1944 2405 2107 2456 πρότερον
2125 2408 2231 2443 ὑσθεῖ-

1197 2469 1267 2490 σαι.
1288 2455 1317 2502 »)
1336 2458 1417 2487 R.V.
1434 2455 1525 2507 [gu-5⁸1
1542 2457 1590 2507 μὴ
1613 2458 1682 2496 ὕειν
1705 2461 1798 2497 δοκεῖ
1818 2462 1952 2507 αὐτόθι,
1971 2466 2016 2505 ὡς
2036 2463 2229 2515 Ἡρόδοτος.

1197 2513 1267 2549 ἐκεῖ
1288 2506 1345 2549 οὐν
1371 2513 1506 2559 θελήσει
1533 2523 1661 2567 τυχεῖν,
1691 2517 1770 2554 ἔνθα
1796 2518 1843 2568 μὴ
1869 2520 2083 2570 βλαὸἦσεται
2107 2523 2145 2559 ἐκ
2164 2526 2230 2560 τῶν
2249 2543 2284 2569 40

1198 2570 1373 2620 Νεφελῶν,
1402 2574 1447 2614 ὡς
1464 2573 1676 2624 πορρωτάτω
1694 2578 1754 2620 τῆς
1777 2576 1950 2628 πατρίδος.
1975 2576 1996 2623 ἢ
2021 2581 2066 2621 ὡς
2091 2578 2147 2616 ἐπὶ
2166 2595 2227 2617 κα-

1197 2627 1318 2679 τάραν.
1351 2630 1424 2666 ἐπεὶ
1452 2638 1659 2681 καταρᾶται.
1692 2632 1826 2685 ἐλέγετο
1855 2634 1920 2687 γὰρ
1949 2637 2174 2688 λῃστεύεσθαι
2207 2641 2229 2682 ἡ

1197 2684 1382 2736 Αἴγυπτος.
1403 2687 1577 2739 Αἰσχύλος

1319 2768 1408 2798 δεινοὶ
1421 2769 1541 2800 πλέκειν
1554 2781 1599 2800 τοι
1615 2771 1752 2810 μηχανὰς
1769 2772 1938 2810 Αἰγύπτιοι,

1197 2841 1255 2878 καὶ
1276 2841 1461 2895 Θεόκριτος
1480 2845 1514 2881 ἐν
1535 2844 1814 2889 Ἀδωνιαζούσαις
1832 2847 1895 2897 [47]
2244 2882 2278 2907 45

1625 2931 1720 2966 οὐδεὶς
1736 2933 1901 2973 κακοεργός

1320 2975 1451 3005 δαλεῖται
1468 2976 1519 3006 τὸν
1538 2976 1622 3006 ἰόντα
1640 2978 1802 3018 παρέρπων
1819 2980 2009 3018 Αἰγυπτιστί.

1196 3044 1255 3081 καὶ
1275 3044 1506 3094 αἷγυπτιάζειν
1526 3043 1565 3081 τὸ
1585 3044 1716 3083 ὕπουλα
1736 3046 1929 3100 πράττειν]

1251 3116 1328 3140 1131.
1359 3101 1503 3151 πέμπτη
1526 3116 1533 3140 :
1563 3103 1733 3153 [Κορωνὶς
1755 3104 1926 3142 εἰσιόντων
1945 3107 2011 3143 τῶν
2033 3108 2224 3159 ὑποκριτῶν

1196 3160 1254 3197 καὶ
1276 3160 1405 3202 ἔκθεσις
1425 3158 1520 3211 παρὰ
1538 3159 1614 3202 τοὺς
1635 3161 1896 3213 τετραμέτρους.
1919 3163 1991 3201 ἔστι
2006 3163 2074 3216 γὰρ
2090 3164 2133 3202 τὰ
2151 3166 2224 3212 ἑξῆς
2242 3191 2276 3214 50

1197 3217 1343 3267 ἷαμὸικὰ
1360 3216 1525 3268 τρίμετρα
1544 3218 1627 3268 κγ’.]
1646 3217 1820 3270 ἐξέρχεται
1837 3219 1872 3256 δὲ
1886 3223 1903 3258 ὃ
1920 3222 2137 3274 Στρεψιάδης
2148 3226 2222 3275 ἀρι-

1197 3278 1291 3323 θμῶν
1310 3274 1370 3318 τὰς
1388 3274 1530 3326 ἡμέρας.
1548 3274 1636 3313 οὕτω
1655 3276 1690 3313 δὲ
1708 3277 1870 3329 ἠρίθμουν
1891 3279 2070 3326 Ἀθηναῖοι·
2087 3304 2139 3310 -—
2155 3282 2222 3319 ἀπὸ

1197 3337 1257 3379 τῆς
1279 3333 1462 3382 νουμηνίας
1478 3333 1603 3384 ὁμοίως
1621 3335 1703 3384 ἡμῖν
1722 3337 1933 3386 ἀριθμοῦσιν,
1955 3338 1988 3374 α’
2011 3339 2041 3389 β’
2062 3339 2093 3388 γ’
2113 3339 2141 3376 δ’
2159 3339 2221 3381 ἕως
