2533 3808
210 221 232 254 2
864 204 1116 244 SCHOLIA
1152 203 1211 242 IN
1246 200 1684 242 ACHARNENSES.

209 315 269 339 του
296 301 402 349 θυμοῦ
429 298 486 335 καὶ
515 296 558 333 τὰ
586 311 646 340 της
671 295 803 339 ἧδονης·
825 294 871 334 ὣς
897 291 957 329 καὶ
986 290 1068 342 παρ’
1100 288 1251 340 (Ομήρω

211 356 398 399 Ὀδυσσευς
412 355 619 405 θυμούμενος
633 351 724 390 κατὰ
737 354 804 388 τῶν
821 348 1028 401 μνη-στῆρων
1046 354 1176 394 [οι1.),
1198 353 1252 393 17]

292 437 434 474 στῆθος
419 437 450 466 οὲ
466 435 597 471 πλήξας,
615 432 742 473 κραδίην
755 431 891 469 ἠνίπαπε
908 430 1004 470 μυθω-

294 487 411 518 τέτλαθι
429 487 467 522 δὴ
484 484 614 526 κραδίη,

183 579 199 603 5
216 556 368 610 φάσκων.
389 578 439 583 —-
462 555 496 591 δε
501 565 633 604 οηγμαι
647 564 738 597 την
759 549 862 588 Κατὰ
880 549 954 595 τήν
980 556 1061 586 liet.

326 610 771 685 (ψαμμακοσιογάργαρα,
763 623 770 630 ·
796 612 879 647 Οῑον
907 606 1020 645 πολλὰ
1049 606 1108 644 καὶ
1135 604 1257 657 ἀναρί-

215 677 344 723 θμητα.
372 686 411 708 το
441 686 507 722 γαρ
533 668 768 722 ψαμμακόσιοι
791 667 867 705 καθ
897 666 1000 703 εαυτὸ
1027 665 1084 702 ἐπὶ
1110 666 1158 701 πλ
1160 664 1260 709 ν’,θους

216 730 356 769 ἐτίθετο.
389 728 486 782 παρὰ
519 728 580 779 μὲν
616 727 785 766 Εὐπόλιδι
820 728 854 764 ἐν
883 726 1011 778 Χρυσῖ)
1039 722 1129 773 γένει
1155 721 1261 763 οὕτως

217 808 231 824 α
259 791 413 842 ἀριθμεῖν
440 764 562 830 θεατὰς
589 784 868 839 ψαμμακοσίους
896 803 911 817 »
943 782 1041 834 παρὰ
1069 781 1107 819 τὸ
1138 780 1261 824 ἑξακο-

167 866 200 889 10
219 848 310 891 σίους
323 847 344 893 ἢ
360 845 608 896 ἑπτακοσίους,
626 844 694 882 ἀπο
711 860 771 890 της
787 842 934 895 ψάμμου
955 843 1188 894 ἀριθμητικῶς
1205 854 1263 889 γε-

219 905 417 958 γενημένον.
449 904 508 942 καὶ
530 903 574 942 τὰ
605 903 764 956 γάργαρα
798 900 833 939 δὲ
866 900 923 938 ἐπὶ
951 899 1101 946 πλήθους
1124 898 1263 936 ἐτίθετο·

220 968 266 1008 ὡς
284 967 318 1003 ἐν
339 963 512 1014 Λημνίαις

304 1046 419 1087 ἀνδρῶν
433 1046 574 1076 ἐπακτῶν
591 1045 665 1075 πάσ’
684 1042 839 1085 ἐγάργαιρ’
855 1041 954 1073 ἑστία.

223 1115 283 1154 καὶ
311 1114 407 1167 παρὰ
431 1112 661 1166 Ἀριστομένει
687 1114 721 1150 ἐν
752 1112 893 1158 Βοηθοῒς
920 1128 934 1144 «
961 1109 1055 1147 ἔνδον
1087 1107 1154 1160 γὰρ
1185 1110 1269 1158 ἡμῖν

176 1192 206 1216 15
225 1174 397 1227 γάργαρα.
424 1191 439 1206 υ
467 1172 526 1210 καὶ
550 1170 646 1223 παρὰ
676 1170 835 1243 Σώφρονι
853 1188 868 1202 u
892 1170 914 1206 ἁ
944 1168 980 1207 δὲ
999 1167 1090 1206 οἰκία
1115 1169 1182 1204 τ(Ν)ν
1210 1168 1270 1219 ἆρ-

225 1231 441 1305 γυρωμάτων
469 1230 649 1283 γάργαιρε.
679 1249 693 1263 n
724 1229 783 1267 καὶ
805 1230 839 1266 ἐν
870 1231 913 1280 τῇ
942 1227 1119 1279 τραγωδία
1142 1245 1156 1260 α
1183 1241 1272 1278 χρη-

229 1291 349 1342 υάτων
370 1306 407 1328 τε
434 1290 607 1342 γάργαρα.
640 1306 653 1321 υ
682 1292 717 1326 θε
709 1287 860 1325 λουσι
843 1286 879 1325 οέ
905 1302 991 1329 τινες
1019 1302 1079 1323 και
1110 1301 1149 1323 το
1178 1283 1274 1336 παρὰ

228 1353 278 1402 τῷ
295 1352 421 1399 ποιητῇ
439 1354 487 1394 [ΙΙ.
505 1356 528 1384 Υ
536 1354 622 1395 ,[57]
641 1365 656 1379 «
676 1346 843 1398 κάρκαιρε
865 1345 899 1382 δὲ
917 1350 1001 1394 γαῖα
1018 1343 1163 1381 πόδεσσι
1182 1362 1196 1375 >
1213 1342 1276 1388 τὴν

231 1407 365 1454 πολλὴν
389 1407 523 1454 κίνησιν
544 1409 612 1443 τῶν
635 1406 748 1442 ποδῶν
777 1403 972 1454 σημαίνειν,
992 1406 1060 1439 οἷον
1084 1401 1276 1454 γάργαιρε,

178 1482 212 1506 20
232 1467 290 1505 καὶ
310 1466 366 1503 τὸν
389 1465 550 1517 καρκίνον
571 1463 606 1501 δὲ
627 1462 733 1505 ούτως
755 1462 984 1512 ὀνομάζεσθαι
1010 1459 1066 1498 δια
1090 1460 1128 1498 τὸ
1151 1462 1279 1529 πλῆθος

231 1541 299 1563 των
321 1539 446 1561 ποο()ν
502 1521 661 1571 Ἄλλως.)
683 1520 751 1558 ἀπὸ
764 1520 823 1558 δύο
840 1520 962 1563 λέξεων
976 1535 1015 1556 το
1033 1518 1191 1556 σύνθετον
1210 1516 1280 1568 ἐγέ-

197 1585 201 1587 ’
233 1598 307 1621 νετο
344 1583 519 1628 δηλουσῶν
552 1579 679 1618 πολλά.
712 1578 891 1628 σύγκειται
921 1577 988 1630 γὰρ
1024 1577 1094 1615 ἀπὸ
1127 1593 1184 1615 του
1220 1593 1281 1622 της

234 1640 380 1692 ψάμμου
404 1638 460 1676 τὸν
479 1638 621 1690 ἀριθμὸν
646 1636 782 1675 εἰδέναι.
805 1639 822 1674 ὃ
845 1635 912 1689 γὰρ
933 1636 1059 1679 Πύθιος
1081 1630 1116 1682 [ἦ
1143 1634 1281 1681 Πυθίη,

234 1703 386 1735 Herodot.
404 1705 436 1741 Ι,
461 1701 509 1742 47]
539 1695 749 1733 νεανιεύεται
777 1697 838 1741 τῆς
866 1694 1016 1747 ψάμμου
1049 1693 1107 1731 τὸν
1138 1693 1282 1745 ἀριθμὸν

183 1770 215 1794 25
236 1755 362 1794 εἰδέναι
383 1757 500 1807 αὐχῶν
517 1755 551 1792 ἐν
570 1749 616 1797 οἷς
632 1753 725 1805 λέγει

320 1836 389 1867 οἶδα
403 1836 427 1866 δ’
443 1835 504 1875 ἐγὼ
520 1834 651 1875 ψάμμου
664 1834 690 1865 τ’
703 1834 829 1875 ἀριθμὸν
844 1834 897 1864 καὶ
915 1833 1010 1874 μέτρα
1026 1832 1195 1870 θαλάσσης.

241 1904 312 1955 (καὶ
334 1904 486 1947 Εὔπολις
508 1903 754 1953 ἐπεσημήνατο
774 1902 837 1949 τὴν
853 1902 944 1947 λέξιν
969 1901 1073 1940 εἰπὼν
1096 1921 1111 1935 «
1130 1904 1286 1953 ἀριθμεῖν

239 1963 363 2006 θεατὰς
394 1962 673 2015 ψαμμακοσίους.
708 1964 742 2011 ν)
777 1961 920 1999 δύναται
954 1961 990 1998 δὲ
1033 1962 1206 2010 ἐγκεῖσθαι
1244 1963 1287 2010 τῇ

239 2021 327 2066 λέξει
346 2021 390 2058 τὰ
409 2021 528 2067 κόσια,
548 2020 622 2066 ἥτις
639 2035 712 2058 εστι
728 2019 919 2090 κατάληξις
933 2022 1001 2056 τῶν
1020 2018 1110 2068 μετὰ
1127 2018 1185 2056 τὸν
1206 2021 1288 2055 ἑκα-

189 2093 223 2117 30
240 2095 298 2116 τον
319 2081 472 2132 ἀριθμῶν
493 2078 596 2130 μέχρι
614 2080 681 2115 τ(Ν)ν
697 2077 831 2128 ’χιλίων
851 2077 886 2120 ὃς
901 2077 1085 2123 πλήθους
1071 2092 1143 2114 εστι
1159 2077 1288 2113 πολλου

243 2137 474 2186 σημαντικὸς,
504 2140 573 2173 οἷον
602 2135 782 2184 διακόσια,
812 2134 1014 2186 τριακόσια,
1041 2150 1100 2172 και
1131 2134 1175 2171 τὰ
1204 2134 1289 2180 ἑξης.

242 2195 281 2232 τὸ
298 2194 335 2232 δὲ
357 2194 517 2247 γάργαρα
540 2210 600 2231 και
621 2193 704 2231 αὐτο
733 2193 789 2231 ἐπὶ
817 2192 969 2238 πληθους
994 2193 1214 2242 λαμδάνεται
1235 2192 1291 2230 διὰ

242 2252 304 2299 τὴν
320 2253 518 2304 συγγένειαν
534 2256 594 2290 τοῦ
608 2267 628 2301 γ
646 2251 707 2297 τὴν
722 2267 807 2304 προς
822 2267 861 2289 το
876 2267 908 2290 κ.
928 2251 1109 2304 (είρηται
1091 2268 1126 2288 05
1143 2251 1218 2289 ἀντι
1232 2267 1292 2289 του

245 2311 362 2363 ἄφατα
399 2327 458 2348 και
493 2310 725 2382 ἀναρίθμητα.
765 2310 804 2348 τὸ
835 2309 871 2347 δε
906 2310 1075 2362 κάρκαιρε
1111 2310 1209 2362 παρὰ
1244 2313 1293 2347 τιΝ)

194 2388 226 2411 35
245 2373 372 2420 ποιητῇ
389 2370 470 2406 ’ἐστι
489 2387 503 2401 «
525 2368 691 2420 κάρκαιρε
715 2367 751 2406 δὲ
780 2371 865 2418 γαῖα
893 2368 1094 2408 πόδεσσι.»
1120 2368 1294 2418 μέμνηται

248 2428 284 2464 δὲ
303 2428 363 2465 καὶ
383 2430 552 2479 Κρατῖνος

335 2507 512 2517 ’’’’’

250 2570 318 2614 οἷον
333 2575 490 2624 πλήθει.)

303 2647 332 2671 4.
363 2632 455 2676 ἀξιον
485 2632 690 2684 χαιρηδόνος
723 2646 731 2671 :
761 2632 853 2670 Ἀντὶ
884 2635 943 2670 τοῦ
967 2639 1089 2684 χαρᾶς.
1117 2634 1179 2685 (τῷ
1208 2632 1297 2685 τόνῳ

200 2703 233 2726 40
254 2692 288 2730 δὲ
311 2694 356 2734 ὡς
381 2690 591 2742 ἀλγηδόνος.)
617 2693 661 2734 ὡς
684 2690 750 2743 γὰρ
770 2690 839 2728 ἀπὸ
859 2695 918 2728 τοῦ
944 2690 1088 2741 ἀλγήσω
1115 2693 1298 2741 μέλλοντος

253 2749 413 2801 ἀλγηδών
431 2748 617 2800 ἀλγηδόνος
631 2779 640 2799 ,
656 2748 745 2786 οὕτω
759 2750 818 2787 καὶ
834 2749 903 2787 ἀπὸ
919 2753 978 2787 τοῦ
994 2750 1154 2802 χαιρήσω
1170 2766 1298 2803 χαιρη-

256 2808 348 2846 &osv
339 2807 554 2861 χαιρηδόνος.

309 2882 336 2904 5.
368 2867 418 2916 (τὸ
431 2865 524 2927 κέαρ
550 2865 750 2918 ηὐφράνθην
777 2880 785 2904 :
812 2868 939 2918 Σαφῶς
968 2866 1213 2919 Ἀριστοφάνης
1237 2867 1299 2914 τὴν

258 2924 401 2976 καρδίαν
421 2929 496 2962 εἷπε
513 2924 610 2975 κέαρ.
629 2924 700 2962 ἄνω
715 2923 782 2977 γὰρ
800 2924 903 2962 εἷπων

207 3016 240 3039 45
382 3006 442 3036 ὅσα
456 3007 492 3043 δη
509 3007 655 3046 δέδηγμαι
671 3018 725 3044 την
743 3007 877 3046 ἐμαυτοῦ
892 3007 1030 3047 καρδίαν·

261 3079 318 3112 νῦν
336 3090 437 3126 φησιν
459 3094 473 3108 α
495 3075 545 3127 ἐφ’
564 3069 592 3127 ᾧ
611 3075 648 3112 τὸ
666 3075 751 3127 κέαρ
770 3075 973 3128 εὖφράνθην.
993 3077 1022 3125 υ)

316 3149 344 3173 6.
375 3141 444 3177 τοῖς
458 3135 558 3172 πέντε
573 3135 754 3178 ταλάντοις
773 3150 781 3174 z
801 3136 1003 3181 Ἀπλήστως
1021 3136 1186 3190 ἀλλότρια
1201 3153 1305 3175 κατα-

264 3191 395 3245 φαγὼν,
419 3192 582 3242 ἐξήμεσεν
604 3193 704 3231 αὐτά.
726 3194 814 3242 (ἀντὶ
830 3198 887 3231 τοιΝ)
904 3194 1033 3246 κλέψας
1051 3194 1110 3232 καὶ
1124 3195 1304 3233 καταπιὼν

265 3251 471 3299 ἀπέδωκεν.)
507 3250 683 3300 ἐζημιώθη
720 3250 785 3302 γὰρ
815 3254 832 3288 ὃ
869 3252 990 3290 Κλέων
1021 3252 1124 3290 πέντε
1152 3253 1306 3291 τάλαντα

215 3329 248 3354 50
268 3306 324 3346 διὰ
338 3307 377 3345 τὸ
394 3307 541 3359 ὑδρίζειν
552 3307 627 3351 τοὺς
643 3308 782 3351 ἱππέας.
803 3309 908 3361 Παρὰ
921 3312 988 3347 τῶν
1007 3313 1184 3357 νησιωτῶν
1202 3311 1308 3348 ἔλαῦε

271 3365 371 3404 πέντε
395 3366 549 3403 τάλαντα
581 3368 599 3403 6
630 3365 765 3413 Κλέων,
794 3366 849 3404 ἵνα
875 3367 978 3419 πείσῃ
1008 3366 1085 3412 τοὺς
1113 3368 1310 3416 Ἀθηναίους

1309 286 1473 339 κουφίσαι
1495 285 1618 328 αὐτοὺς
1637 288 1698 331 τῆς
1718 286 1889 338 εἰσφορᾶς.
1909 284 2105 335 αἰσθόμενοι
2129 284 2164 323 δὲ
2187 287 2218 323 οἱ
2239 288 2356 330 ἱππεῖς

1312 346 1492 395 ἀντέλεγον
1512 344 1571 381 καὶ
1595 343 1780 394 ἀπῄτησαν
1799 342 1913 380 αὐτόν.
1933 342 2108 393 μέμνηται
2131 343 2355 394 Θεόπομπος.

1367 417 1394 441 7.
1423 402 1520 439 ταῦθ’
1537 404 1581 444 ὡς
1598 400 1773 451 ἐγανώθην
1799 415 1807 439 :
1829 401 1919 439 Ἀντί
1936 405 1995 438 τοῦ
2016 401 2158 454 ἐχάρην,
2178 402 2359 455 ἐφαιδρύν-

1313 464 1388 506 θην.
1411 459 1481 497 ἀπὸ
1502 463 1561 497 τοῦ
1581 458 1746 509 γάνυμαι.
1769 456 1931 510 εΌμηρος
1955 464 2005 505 [ΙΙ.
2022 467 2066 506 N,
2086 465 2151 505 493]
2175 478 2189 492 «
2214 459 2360 510 γάνυται

1315 518 1351 556 δέ
1369 534 1406 555 τε
1426 516 1532 570 φρένα
1555 517 1699 566 ποιμήν.
1721 535 1737 549 υ
1759 516 1826 553 ἀπὸ
1854 523 2050 571 μεταφορᾶς
2072 520 2140 555 τῶν
2159 519 2361 571 λαμπρυνο-
2380 538 2396 562 5

1317 575 1427 626 μένων
1443 573 1704 626 χαλκωμάτων.

1370 648 1397 671 8.
1416 632 1520 683 (ἄξιον
1535 630 1602 683 γὰρ
1617 631 1767 669 εΕλλάδι
1787 645 1795 669 τ
1815 633 1928 670 Τοῦτο
1941 632 2103 685 παρῳδία
2117 635 2296 680 καλεῖται,
2314 633 2363 671 ὅτ’

1318 691 1358 729 ἂν
1387 693 1425 728 ἐκ
1447 689 1642 743 τραγῳδίας
1666 693 1868 741 μετενεχθῇ.
1891 689 1964 727 ἔστι
1985 690 2020 728 δὲ
2043 691 2081 728 τὸ
2104 692 2303 744 ἡμιστίχιον
2327 694 2366 730 ἐκ

1317 752 1349 789 Τ
1351 748 1480 801 ηλέφου
1501 747 1715 800 Εὐριπίδου,
1735 747 1813 799 ἔχον
1832 747 1958 794 οὕτως,

1442 826 1548 859 κακῶς
1565 823 1658 853 ὄλοιτ’
1675 822 1722 852 ἄν·
1743 822 1825 857 ἀξιον
1839 821 1898 862 γὰρ
1913 821 2047 853 Ἑλλάδι.
2387 841 2422 866 10

1321 883 1368 923 εἷς
1392 880 1431 918 τὸ
1455 881 1572 933 δρᾶμα
1590 873 1648 916 οὖν
1670 881 1737 916 τῶν
1761 877 1896 916 ἱππέων
1921 878 2150 916 ἀποτείνεται.
2175 879 2231 917 διὰ
2248 879 2370 919 τούτου

1321 938 1389 1000 γὰρ
1407 939 1565 992 φαίνεται
1570 936 1848 980 καταδικασθεις
1865 939 1881 974 6
1901 935 2024 975 Κλέων
2040 937 2198 976 τάλαντα
2216 939 2241 975 ε’
2248 936 2372 987 .)ἀ’ξιον

1324 1001 1383 1035 οὖν
1401 1012 1504 1050 φησιν
1527 995 1699 1038 Ἑλλάδος
1717 1010 1756 1032 το
1776 995 2077 1041 καταδικασθηναι
2096 994 2154 1033 τὸν
2175 994 2336 1034 Κλέωνα.

1379 1069 1407 1093 9.
1432 1053 1646 1108 τραγωδικόν
1670 1067 1678 1092 ;
1707 1052 1822 1103 (Ἀντι
1851 1068 1910 1090 του
1941 1052 2118 1104 ἐμπαθές.)
2152 1053 2294 1107 ἐπείπερ
2316 1054 2377 1092 καὶ

1326 1116 1348 1160 ἦ
1387 1112 1564 1166 τραγῳδία
1596 1113 1762 1162 ἐμπαθῶν
1793 1110 2012 1163 πραγμάτων
2041 1111 2294 1162 ἀπαγγελτική.
2331 1110 2374 1162 (ἢ
2401 1129 2430 1152 15

1329 1172 1404 1210 ἐπεὶ
1423 1171 1503 1223 περὶ
1524 1171 1726 1222 τραγῳδιῶν
1747 1168 1866 1220 μέλλει
1882 1168 2020 1219 λέγειν.)

1385 1244 1426 1267 10.
1459 1229 1515 1266 ὅτε
1545 1228 1585 1275 δὴ
1606 1227 1738 1279 κεχήνη
1758 1241 1766 1266 :
1789 1227 1834 1266 ‘H
1858 1227 2051 1278 συναίρεσις
2066 1230 2125 1265 τοῦ
2151 1227 2282 1279 κεχῆνη
2302 1227 2381 1265 Ἀτ-

1331 1288 1424 1333 τική.
1446 1287 1484 1325 τὸ
1504 1286 1570 1339 γὰρ
1597 1302 1612 1323 ε
1636 1286 1695 1323 καὶ
1721 1302 1742 1323 α
1766 1288 1812 1329 εἷς
1839 1301 1861 1332 η
1886 1290 2118 1337 συναιροῦσιν.
2141 1287 2203 1329 Εἷς
2222 1286 2261 1323 τὸ
2283 1285 2380 1323 αὐτό.

1333 1345 1537 1397 συναλοιφὴ,
1556 1345 1631 1381 ἀντὶ
1646 1348 1704 1381 τοῦ
1722 1343 1884 1395 κεχήνεα.
1901 1343 1973 1381 ἔστι
1992 1343 2027 1381 δὲ
2045 1344 2083 1381 τὸ
2101 1345 2233 1396 κεχήνη
2254 1343 2381 1383 Ἰακόν.

1333 1407 1364 1442 οἳ
1390 1404 1457 1456 γὰρ
1477 1402 1596 1446 Ἴωνες
1626 1402 1695 1439 ἀπὸ
1719 1406 1778 1439 τοῦ
1801 1404 1906 1439 αὐτοῦ
1929 1401 2115 1454 συμφώνου
2145 1403 2324 1455 ἄρχονται.
2352 1404 2383 1440 οἱ
2403 1417 2441 1442 20

1335 1463 1370 1500 δὲ
1392 1462 1523 1514 σρόδρα
1541 1460 1771 1514 προσέχοντές
1786 1476 1852 1497 τινι
1875 1460 2058 1512 κεχήνασι.
2083 1460 2262 1499 δύναται
2244 1461 2280 1499 05
2299 1454 2388 1499 εἶναι

1336 1520 1427 1560 κατὰ
1439 1519 1637 1572 μεταφορὰν
1649 1522 1717 1556 τῶν
1729 1518 1869 1572 ὀρνίθων
1882 1535 1949 1556 των
1962 1518 2013 1556 ἔτι
2026 1522 2174 1557 νεοττῶν
2182 1518 2246 1566 τὴν
2258 1519 2386 1580 τροφὴν

1336 1577 1624 1632 προσδεχομένων
1658 1593 1718 1614 και
1742 1592 1808 1628 κεχ
1809 1576 1954 1623 ηνότων.
1984 1580 2068 1628 (οἷον
2103 1576 2216 1631 τροφή
2250 1593 2329 1628 μοι
2346 1581 2387 1624 ἠν

1338 1640 1405 1675 τῶν
1423 1636 1601 1688 Αἰσχύλου
1618 1636 1853 1688 τραγ()διων’
1838 1650 1996 1673 ακουσαι.
2002 1635 2014 1686 )

1392 1695 1597 1745 προσδοκῶν
1614 1695 1672 1731 τὸν
1690 1692 1869 1745 Αἰσχύλον
1891 1706 1900 1732 2
1919 1693 2010 1731 Ἀντὶ
2025 1695 2086 1731 τοῦ
2104 1693 2282 1745 Αἰσχύλου
2302 1710 2389 1747 τρα-
2407 1711 2443 1736 25

1340 1753 1485 1805 γῳδίας,
1503 1751 1622 1804 ὥσπερ
1639 1751 1699 1789 καὶ
1720 1755 1820 1802 ἡμεῖς
1838 1751 1974 1803 ἔχοντες
1991 1751 2035 1789 τὰ
2058 1752 2237 1804 Αἰσχύλου
2254 1752 2392 1805 Αἰσχύ-

1341 1813 1399 1849 λον
1417 1810 1562 1861 λέγομεν
1582 1809 1686 1861 ἔχειν.
1708 1811 1758 1860 (οὐ
1774 1809 1840 1861 γὰρ
1858 1809 1918 1856 ἔζη
1935 1811 2013 1848 κατ’
2031 1812 2161 1848 ἐκεῖνον
2177 1810 2235 1849 τὸν
2254 1810 2391 1864 χρόνον.

1343 1867 1544 1914 ἐτελεύτησε
1562 1866 1629 1920 γὰρ
1646 1867 1704 1904 ἐπὶ
1723 1867 1887 1920 ἄρχοντος
1901 1867 2056 1906 Καλλίου
2074 1872 2134 1906 τοῦ
2149 1868 2238 1919 μετὰ
2254 1869 2393 1915 Μνησί-

1343 1930 1418 1964 θεον
1442 1925 1571 1963 τούτων
1597 1925 1763 1978 πρότερον
1788 1929 1936 1977 ἐνιαυτῷ·
1951 1927 2012 1977 λ’.)
2039 1929 2144 1977 τιμῆς
2169 1926 2204 1967 ,δὲ
2230 1927 2394 1979 μεγίστης

1345 1983 1447 2034 ἔτυχε
1472 1982 1569 2035 παρὰ
1596 1983 1787 2029 Ἀθηναίοις
1809 1986 1826 2020 ὁ
1852 1983 2046 2034 Αἰσχύλος,
2073 1984 2133 2022 καὶ
2155 1985 2259 2034 μόνου
2287 1986 2392 2022 αὐτοῦ
2413 1998 2448 2023 30

1346 2040 1390 2078 τὰ
1418 2041 1581 2093 δράματα
1607 2040 1807 2093 ψηφίσματι
1830 2044 1934 2093 κοινῷ
1960 2042 2020 2078 καὶ
2043 2041 2133 2092 μετὰ
2151 2042 2296 2081 θάνατον
2322 2044 2397 2080 ἐδι-

1347 2099 1508 2136 δάσκετο.

1403 2171 1445 2195 11.
1477 2159 1494 2194 6
1515 2157 1542 2194 δ’
1570 2156 1684 2194 ἀνεῒπ’
1710 2156 1827 2208 εἴσαγε
1855 2171 1864 2196 :
1891 2157 2150 2210 Ἀνηγόρευσεν.
2178 2161 2196 2197 ὃ
2224 2159 2331 2211 κ’ἧρυξ
2360 2158 2396 2196 δὲ

1348 2214 1518 2261 δηλονότι.
1549 2214 1694 2266 Θέογνις
1723 2214 1758 2251 δε
1782 2218 1879 2258 οὗτος
1909 2214 2104 2268 τραγωδίας
2132 2232 2279 2263 ποιητης
2306 2215 2397 2254 πάνυ

1348 2273 1535 2326 ψυχρος,
1520 2284 1559 2310 εκ
1579 2289 1608 2310 τι
1611 2289 1647 2310 )ν
1664 2273 1870 2325 τριάκοντα,
1892 2272 1926 2316 ὃς
1946 2289 2005 2310 και
2026 2273 2122 2313 Χιων
2121 2274 2293 2334 ελέγετο.
2416 2295 2451 2321 35

1405 2346 1449 2370 12.
1480 2333 1554 2374 πῶς
1569 2331 1660 2368 τουτ’
1676 2330 1788 2368 ἔσεισέ
1803 2345 1898 2382 μου;
1917 2331 2092 2369 εὔσειστον
2104 2336 2208 2370 οὖσαν
2222 2336 2265 2385 τῃΝ
2279 2332 2398 2385 φύσει,

1351 2391 1484 2438 μᾶλλον
1516 2389 1686 2427 ἓπέσεισε.
1715 2389 1896 2441 (κέχρηται
1924 2389 1959 2427 δὲ
1986 2407 2028 2442 τῃ
2061 2391 2310 2443 ὑπερὸολῇτη

1354 2451 1414 2494 της
1433 2446 1578 2518 καρδίας
1593 2447 1652 2484 καὶ
1673 2447 1890 2494 Θουκυδίδης
1905 2464 1944 2486 το
1964 2448 2073 2498 ὄνομα
2089 2448 2254 2501 φράζων.)

1409 2519 1448 2542 [3.
1479 2504 1568 2550 ηνίκ’
1607 2505 1663 2541 ἐπὶ
1678 2504 1829 2578 ῗῖΜόσχι)
1862 2504 1947 2542 ποτέ
1975 2537 1983 2544 .
2017 2506 2107 2544 Ἀντὶ
2137 2511 2198 2545 τοῦ
2226 2506 2314 2557 μετὰ
2340 2507 2399 2546 τὸν
2491 2554 2494 2557 ἱ

1352 2562 1508 2613 Μόσχον.
1536 2567 1577 2608 ἠν
1600 2562 1635 2599 δὲ
1660 2566 1756 2605 οὗτος
1773 2565 1902 2614 φαυλος
1922 2563 2121 2615 κιθαρωδὸς,
2145 2564 2299 2602 πολλὰ’
2280 2581 2402 2603 απνευ-
2419 2593 2454 2618 40

1353 2620 1408 2658 στὶ
1437 2620 1540 2658 ἅδων.
1570 2622 1646 2669 (Εἰς
1672 2636 1711 2658 το
1737 2620 1832 2658 αὐτό.
1854 2623 1871 2657 6
1894 2620 2040 2672 Μόσχος
2063 2622 2252 2681 κιθαρῳδὸς
2277 2623 2400 2675 Ἀκρα-

1352 2683 1519 2728 γαντῖνος.
1541 2676 1629 2720 τινὲς
1655 2677 1782 2724 ούτως,
1810 2677 1861 2715 ὅτι
1890 2681 1908 2715 6
1929 2694 2072 2724 νικησας
2101 2674 2214 2718 ἀθλον
2223 2680 2401 2731 ἐλάμὸανε

1355 2736 1501 2796 μωόσχον.
1559 2735 1597 2772 τὸ
1615 2735 1650 2773 δε
1667 2735 1832 2774 Βοιωτιον
1852 2735 1955 2786 μέλος
1971 2735 2060 2774 οὕτω
2076 2737 2337 2788 καλούμενον,”
2316 2755 2401 2792 οπερ

1355 2798 1432 2846 εὗρε
1453 2793 1503 2832 T=
1488 2795 1696 2865 ἶΙρπανδρος,
1721 2793 1840 2847 ὥσπερ
1861 2811 1920 2832 και
1948 2795 1987 2832 τὸ
2016 2794 2203 2846 Φρύγιον.)
2230 2800 2247 2834 ὃ
2268 2796 2304 2835 δε
2335 2801 2401 2836 Δε-

1357 2852 1503 2896 ξίθεος
1482 2868 1618 2902 αριστος
1637 2852 1827 2905 κιθαρῳδὸς
1846 2853 1905 2890 καὶ
1927 2853 2195 2900 Πυθιονίκης.οἱ
2217 2853 2252 2892 δὲ
2271 2857 2402 2909 ψυχρὸν
2422 2871 2456 2895 45

1358 2926 1460 2947 αυτον
1481 2910 1568 2947 εἶναι’
1584 2926 1700 2963 φασιν.

2267 2407 2310 2444 τῃ
2342 2390 2399 2428 ἐπὶ

1414 2981 1456 3007 15.
1486 2984 1585 3014 τητες
1606 2968 1633 3006 δ
1657 2968 1826 3007 ἀπέθανον
1849 2981 1857 3006 :
1882 2968 1964 3007 Ἐπὶ
1987 2968 2077 3017 ἔτος,
2102 2969 2187 3022 ὅπερ
2210 2973 2241 3008 οἱ
2262 2973 2405 3021 Δωριεῖς

1358 3031 1456 3068 τᾶτες
1475 3025 1642 3076 λέγουσιν.
1668 3028 1727 3068 Εἰς
1747 3025 1785 3063 τὸ
1805 3025 1901 3064 αὐτό.
1924 3026 1999 3063 ἀντὶ
2017 3031 2076 3065 τοῦ
2097 3028 2150 3066 ἐπ’
2167 3028 2253 3072 ἔτος.
2275 3031 2306 3067 οἳ
2327 3032 2405 3067 Δω-

1361 3089 1441 3135 ριεῖς
1462 3082 1496 3120 δὲ
1515 3084 1571 3120 διὰ
1591 3099 1649 3120 του
1671 3085 1689 3120 δ
1707 3083 1845 3133 λέγουσι
1865 3084 1974 3129 τηδες.

1415 3154 1456 3178 16.
1487 3156 1543 3177 οτε
1569 3139 1610 3194 δη
1637 3141 1817 3192 παρέκυψε
1843 3142 1996 3191 Χαιριςε
2022 3143 2168 3193 (Καλυς
2191 3143 2230 3181 τὸ
2249 3142 2405 3196 παρέκυ-
2424 3167 2459 3192 50

1361 3200 1435 3249 ψεν.
1446 3199 1456 3248 )
1484 3199 1537 3234 6
1519 3197 1554 3234 οε
1581 3190 1706 3250 Χαιρις
1734 3202 1831 3241 οὗτος
1850 3201 2040 3270 κιθαριξ)δὸς
2059 3216 2130 3238 και-
2137 3200 2290 3253 αὐλῳδὸς
2313 3216 2405 3252 φαυ-

1361 3258 1431 3298 λος.
1488 3257 1506 3291 6
1527 3254 1562 3291 δὲ
1587 3255 1698 3306 ὄρθιος
1725 3257 1908 3303 αυλητικὸς
1933 3257 2057 3309 νόμος,
2085 3258 2176 3296 οὕτω
2196 3240 2407 3309 κιαλούμενος

1365 3312 1421 3350 διὰ
1437 3312 1476 3349 τὸ
1493 3316 1580 3349 εἶναι
1601 3312 1735 3357 εὔτονος
1764 3314 1823 3352 καὶ
1843 3314 2009 3354 ἀνάτασιν
2026 3315 2131 3368 ἔχειν,
2151 3317 2196 3359 ὣς
2218 3293 2318 3362 δηλοῖ
2342 3315 2402 3353 καὶ

1363 3368 1529 3424 Ὄμηρος
1550 3374 1603 3417 [11.
1619 3379 1663 3422 A,
1682 3376 1728 3420 ιο]
