2485 3808
902 194 1164 233 SCHOLIA
1199 194 1257 232 IN
1295 195 1531 234 VESPAS.

206 284 383 338 (πέρυσινι
403 282 536 352 ΙΙέρυσι
553 280 620 349 γὰρ
640 281 700 323 τὰς
718 282 810 332 Νεφε
798 279 875 322 έλας
896 279 1059 326 ἐδίδαξεν,
1081 281 1114 316 ἐν
1134 275 1186 321 αἶς

151 358 226 385 τους
241 342 320 394 περὶ
341 340 533 391 Σωκράττν
558 338 802 391 εκι1μῴδησεν.
819 338 1025 383 ἠπιάλους
1007 337 1043 375 οὲ
1065 352 1187 379 αυτους

149 400 341 450 ὠνόμασεν,
361 414 407 441 ως
423 396 608 449 ωχρότητα
625 395 906 448 παρασκώπτων.
925 411 959 433 εν
979 395 1014 433 δὲ
1033 401 1102 437 τοῖς
1116 395 1188 432 Ἱπ-

149 472 252 494 πευσι
270 457 328 494 τὸν
355 455 518 501 Κλέωνα,
541 454 597 497 οὒς
618 454 685 506 πρὸ
706 470 773 491 των
795 456 956 506 Νεφελῶν
980 457 1122 498 καθῆκε.
1147 452 1185 489 τὸ

76 517 80 521 ⁸
113 530 130 554 t.
149 514 184 552 δὲ
204 530 281 558 τους
297 514 450 566 πατέρας
469 516 576 563 ἠγχον
591 512 722 562 λέγει
704 511 760 549 οιὰ
777 511 834 548 τὸν
852 512 979 557 ἥττονα
999 511 1113 561 λόγον,
1128 510 1184 546 τὸν

147 572 375 624 πατραλοίαν.
391 571 413 616 ἢ
428 571 483 608 διὰ
498 571 555 607 τὸν
569 571 625 607 ὑπ
643 571 767 615 αὐτοῦ,
779 585 824 611 ως
839 585 940 621 εησι,
954 568 1097 621 πέρυσιν
1116 569 1185 604 εἷσ-

147 629 297 681 αχθέντα
329 631 363 666 ἐν
391 628 560 680 Νεφέλαις
592 627 766 664 τύπτοντα
805 643 862 664 τον
888 627 1024 686 πατέρα
1053 626 1182 674 αὐτοῦ.)

146 712 191 717 —-
210 691 313 725 τοῦτο
338 687 422 739 πρὸς
437 687 494 723 τὸν
511 686 567 722 ὑπ’
584 687 696 723 αὐτῶν
719 685 847 731 ἥττονα
867 684 1017 735 λόγον,
998 701 1026 736 ῳ
1042 699 1182 736 πατρα-

145 744 239 788 λοίας
256 760 435 797 χρώμενος
452 743 629 814 εἰσάγεται
649 745 683 781 ἐν
703 743 885 796 Νεφέλαις.
908 751 948 780 V.

95 817 127 842 10
199 816 278 841 1039.
303 802 354 840 ὅτι
374 802 506 854 νύκτωρ
526 801 745 840 ἐσκέπτοντο.
763 810 802 840 V.

199 874 276 899 1041.
304 860 511 913 προκλήσεις
538 874 546 898 ;
570 859 695 911 [[Παρὰ
728 859 765 896 τὸ
792 858 1061 909 προκαλεῖσθαι,
1096 854 1181 905 ὅπερ

145 918 235 956 ἐστὶν
252 921 299 962 εἷς
316 918 506 968 συμὸάσεις
521 917 579 954 καὶ
601 916 770 961 συνθήκας
786 917 845 953 καὶ
861 913 1050 964 διαλλαγὰς
1065 928 1182 964 παρα-

144 976 295 1029 καλεῖν]
320 976 376 1014 ἐπὶ
389 978 439 1027 τῷ
454 976 704 1027 προκαλεῖσθαι
724 975 770 1016 εἷς
787 973 896 1015 δίκας.
916 980 953 1009 R.

198 1047 277 1073 1042.
311 1036 368 1085 (ὥς
384 1034 441 1071 τὸν
461 1032 686 1084 πολέμαρχον
715 1044 724 1070 :
742 1029 880 1080 Ὄνομα
901 1032 1024 1082 ἀρχῆς.
1049 1030 1087 1066 οὐ
1112 1033 1181 1071 τοῖς

93 1105 125 1129 15
143 1091 300 1134 πολίταις
317 1094 417 1128 τοῦτο
432 1091 622 1141 προσ-ἧψεν,
644 1086 733 1125 ἀλλὰ
752 1089 822 1130 τοῖς
846 1086 961 1131 ξένοις.
984 1088 1019 1124 αἱ
1038 1085 1104 1138 γὰρ
1126 1086 1181 1130 ξε-

141 1149 234 1187 νικαὶ
243 1150 336 1187 δίκαι
350 1148 407 1186 ἐπὶ
418 1152 478 1186 τοῦ
491 1146 716 1198 πολεμάρχου
729 1146 918 1196 εἰσήγοντο.
933 1148 963 1183 οἱ
976 1145 1011 1183 δὲ
1025 1145 1084 1183 καὶ
1102 1148 1182 1196 βοη-

141 1206 232 1249 θείας
247 1205 399 1255 δεόμενοι
415 1205 472 1242 ἐπὶ
487 1203 550 1250 τὴν
569 1203 682 1255 ἀρχὴν
698 1203 908 1256 κατέφευγον
924 1206 984 1241 τοῦ
1001 1202 1180 1254 πολεμάρ-

138 1278 217 1315 χου.
236 1262 326 1301 ἀλλὰ
339 1263 399 1300 καὶ
417 1264 448 1300 οἱ
464 1265 736 1314 κατηγοροῦντες
754 1261 880 1311 γονέων
899 1260 1084 1304 κακώσεως
1097 1260 1181 1312 πρὸς

137 1321 196 1359 τὸν
214 1321 439 1374 πολέμαρχον
456 1320 671 1366 ἐδικάζοντο,
692 1321 850 1362 κάκεῖνος
869 1318 1014 1370 ἔκρινεν.
1097 1316 1182 1355 ’Άλ-

86 1389 121 1415 20
136 1380 218 1423 λως.
236 1379 477 1432 πολέμαρχος,
505 1378 634 1431 ἄρχων,
655 1377 740 1429 πρὸς
769 1377 804 1415 ὃν
826 1379 1074 1427 κατηγγυῶντο
1103 1376 1181 1419 τοὺς

138 1437 276 1488 ξένους.)

193 1507 270 1533 1044.
303 1494 439 1545 (πέρυσι
464 1493 724 1546 καταπροῦδοτε
747 1507 755 1531 :
782 1491 867 1531 “Orv.
893 1493 1017 1545 πέρυσι
1044 1492 1181 1537 διδάξας

137 1551 199 1596 τὰς
215 1551 354 1605 πρώτας
373 1550 531 1604 Νεφέλας
547 1551 692 1597 ἡττήθη.
707 1550 850 1603 περιττὴ
872 1550 908 1588 δὲ
926 1554 947 1596 ἡ
969 1551 1084 1600 κατά.)

191 1624 270 1649 1045.
302 1610 354 1660 (ἃς
370 1609 438 1647 ὑπὸ
456 1613 515 1647 τοῦ
538 1608 585 1659 μή
608 1622 616 1647 :
637 1608 712 1651 Τὰς
734 1608 854 1651 καινὰς
877 1608 1030 1651 διανοίας
1050 1609 1180 1659 ἀγνοή-

82 1677 118 1703 25
137 1682 274 1715 σαντες,
286 1667 356 1705 ὑπὸ
371 1670 432 1705 τοῦ
449 1666 497 1717 μὴ
513 1672 613 1713 νοεῖν,
624 1666 869 1719 παρεκρίνατε.
889 1668 1049 1710 ἀναλδεῖς
1062 1666 1097 1704 δὲ
1113 1683 1176 1704 τα-

134 1725 270 1773 πεινὰς,
287 1727 466 1774 ἀσθενεῖς.)
481 1745 529 1750 -
550 1728 709 1777 ἀφανεῖς,
727 1724 841 1776 ξηράς.
859 1732 895 1761 R.

189 1785 300 1834 (1050).
325 1782 422 1835 εἴπερ
445 1781 598 1820 ἐλαύνων
626 1782 704 1825 τοὺς
726 1782 934 1826 ἀντιπάλους
960 1795 969 1821 :
1003 1782 1094 1820 Ἀντὶ
1117 1787 1178 1820 τοῦ

134 1841 319 1893 ἐπιχειρῶν
345 1839 404 1878 καὶ
428 1839 633 1891 ἐπιτρέχων.
660 1839 699 1878 τὸ
723 1840 758 1878 δὲ
784 1840 985 1893 συνέτριψεν
1013 1840 1085 1878 ἀπὸ
1110 1844 1176 1879 τῶν

135 1901 259 1951 ἐρετῶν
279 1898 450 1950 ἐπήγαγε,
463 1901 532 1936 τῶν
552 1898 620 1936 ὑπὸ
635 1898 747 1951 ῥύμης
760 1899 1012 1952 συντριὲόντων
1028 1898 1089 1942 τὰς
1108 1900 1178 1937 κώ-

82 1970 117 1996 to
134 1972 213 2000 ποις.
228 1956 404 2008 [νικήσας,
422 1955 531 2008 φησὶ,
547 1956 624 1999 τοὺς
644 1957 871 2003 ἀντιπάλους,
890 1956 954 2003 τὴν
973 1956 1098 1994 ἐλπίδα
1119 1961 1179 2004 τῆς

133 2014 230 2062 νίκης
246 2014 428 2061 ἀπώλεσε,
444 2018 544 2052 τοῦτο
564 2013 631 2066 γὰρ
649 2015 801 2052 ἐπίνοιαν
823 2015 935 2065 λέγει,
953 2016 1179 2068 παρακριθεὶς

133 2071 201 2110 ὖπὸ
215 2075 283 2110 τῶν
312 2074 428 2114 κακῶς
446 2072 667 2124 κρινάντων.]
689 2072 707 2110 δ
727 2073 763 2110 δὲ
783 2073 943 2124 βούλεται
973 2074 1096 2120 εἰπεῖν,
1125 2073 1177 2111 ὅτι

134 2131 174 2168 οὗ
194 2135 310 2182 χεῖρον
333 2129 600 2175 ἐπαινεθήσεται
619 2129 718 2181 παρὰ
739 2136 810 2173 τοῖς
832 2136 950 2183 σοφοῖς
968 2130 1047 2173 τοὺς
1073 2133 1178 2168 ἀντα-

133 2187 380 2238 γωνιζομένους
399 2188 494 2240 αὐτῷ
510 2190 626 2224 νικῶν.
651 2187 732 2225 ἔνιοι
757 2187 794 2225 δέ
811 2204 914 2239 φασιν
939 2191 984 2231 ὡς
1014 2189 1083 2226 ἀπὸ
1108 2192 1176 2226 τῶν

83 2257 118 2282 85
135 2248 272 2297 ἀτυχῶς
283 2245 514 2297 ἡνιοχούντων
534 2245 594 2282 καὶ
611 2245 861 2298 συντριὸόντων
881 2245 925 2283 τὰ
951 2246 1095 2297 ἅρματα
1114 2246 1176 2293 τὴν

136 2303 335 2356 μεταφορὰν
354 2303 512 2353 ἐδέξατο,
531 2302 650 2349 ἐπειδὴ
667 2303 750 2356 πρὸς
773 2303 813 2341 τὸ
830 2305 1058 2355 παρελαύνων
1085 2305 1177 2352 ἐπή-

135 2376 234 2412 νεγκε
251 2360 290 2398 τὸ
309 2360 498 2413 ξυνέτριψε.
515 2359 560 2398 τὰ
579 2361 739 2411 νοήματα
756 2360 792 2399 δὲ
811 2359 857 2398 τὰ
875 2362 1093 2412 ἐπινοήματα
1108 2366 1175 2401 τῶν

135 2418 337 2472 δραμάτων.

190 2490 270 2515 1051.
300 2482 420 2527 πνῖγος
434 2475 474 2514 τὸ
490 2476 550 2514 καὶ
565 2476 712 2530 μακρόν.
734 2484 776 2515 V.

81 2547 118 2574 ⁴0
189 2547 270 2573 1053.
297 2533 531 2587 κάξευρίσκειν
561 2547 571 2573 :
594 2534 715 2578 καινὰς
735 2534 888 2579 ἐπινοίας
907 2535 967 2573 καὶ
984 2536 1173 2581 ὑποθέσεις.

141 2599 174 2629 'V⁴
199 2599 281 2629 Vict.

189 2662 270 2689 1057.
304 2648 406 2700 (μετὰ
427 2649 548 2700 μήλων
568 2662 577 2688 :
600 2649 755 2689 Εἷώθασι
774 2651 841 2704 γὰρ
863 2653 959 2702 μ’ἧλα
978 2653 1024 2695 εἷς
1040 2651 1100 2695 τὰς
1116 2667 1171 2689 κι-

134 2705 265 2750 ὅωτοὺς
291 2707 430 2759 βάλλειν
461 2710 507 2750 ὡς
533 2707 635 2759 χάριν
658 2709 845 2760 εὐοσμίας.)
870 2734 916 2739 -—-
945 2710 1106 2749 Ἀττικὸν
1133 2710 1172 2748 τὸ

135 2779 259 2815 οχημα
276 2765 353 2802 ἀντι
365 2780 426 2802 του
446 2765 582 2815 ἱμάτια.
601 2773 642 2803 V.

84 2836 119 2862 ⁴5
192 2835 272 2860 1059.
303 2821 369 2871 (δεῖ
356 2822 533 2868 ιότητος;
552 2823 684 2885 At-:szu
681 2819 843 2868 δόξετε
811 2829 910 2863 εἶναι.
942 2826 1018 2863 ἀντι
1039 2830 1097 2864 τοῦ
1121 2827 1172 2863 εἷ·

136 2883 214 2916 πεῖν
233 2878 269 2916 δὲ
280 2881 433 2938 ,jo-3155,
445 2876 684 2928 δεξιότητος
653 2886 769 2929 εἶπεν,
789 2885 855 2926 ὡς
844 2883 928 2934 πρὸς
945 2884 984 2925 τὸ
997 2890 1156 2936 πρᾶγμα.
1149 2886 1169 2953 .)

191 2948 272 2974 1060.
286 2929 435 2974 ὠπάλαι
450 2938 526 2975 ποτ’
542 2951 552 2977 :
573 2938 595 2989 (ξ
598 2941 630 2977 Ο
645 2954 746 2991 χορος
759 2941 843 2993 πρὸς
853 2942 972 2979 ἑαυτὸν
976 2944 998 2992 ,)
1020 2943 1118 2994 παρὰ
1133 2942 1172 2979 τὸ

259 3027 355 3059 πάλαι
370 3029 438 3060 ποτ’
450 3028 531 3067 ἦσαν
543 3030 666 3071 ἄλκιμοι
681 3033 840 3070 Μιλήσιοι.

192 3114 271 3140 1062.
302 3103 337 3139 3’v
355 3100 469 3154 τούτῳ
484 3105 534 3154 τῷ
550 3105 726 3154 πολεμεῖν.
744 3113 785 3143 V.

87 3179 124 3204 50
192 3172 274 3198 10⁶3.
305 3158 397 3211 (πριν
410 3163 546 3198 ταῦταε
560 3159 608 3199 Τ
595 3177 617 3198 α
629 3176 708 3214 πριν
723 3165 977 3215 κατορθώματα
993 3166 1166 3207 ἀπώλετο.

140 3216 289 3268 Δίδυμός
304 3232 407 3270 φησιν
426 3219 472 3260 ὡς
489 3216 677 3270 παρῴδησε
698 3224 808 3258 ταῦτα
830 3224 869 3260 ἐκ
886 3226 954 3260 τῶν
978 3228 1037 3262 τοῦ
1058 3227 1090 3263 Τ
1095 3241 1171 3275 ιμο-

137 3273 293 3325 κρέοντος
308 3278 370 3312 τοῧ
387 3274 549 3325 Ῥοδίου.)

194 3345 274 3372 10⁶5.
306 3330 387 3382 (αἵδ’
411 3333 596 3370 ἐπανθουσι
611 3333 733 3386 τρίχας
753 3347 763 3372 :
787 3333 836 3374 Ἢ
856 3336 933 3374 τότε
953 3338 1075 3383 αὐτοὺς
1094 3339 1167 3378 δεί-

2210 209 2279 241 159

1244 278 1356 322 ξουσιν
1372 274 1465 317 οὗτοι
1488 297 1565 324 τους
1587 280 1790 334 κροτάφους.
1816 284 1846 320 οἱ
1867 282 1903 321 δὲ
1923 285 2111 337 διαιρουσιν
2132 287 2192 323 ἀπ’
2214 288 2280 325 ἄλ-

1245 338 1305 382 λης
1326 339 1436 390 ἀρχτς
1463 355 1582 385 τουτο,
1611 339 1672 377 οι’δ’
1693 342 1878 378 ἐπανθοῧσι
1905 342 2049 415 τρίχας,
2081 342 2122 380 ι”ν
2151 348 2171 395 ᾐ
2200 347 2281 398 περὶ

1243 396 1310 430 τῶν
1335 394 1510 446 νεωτέρων
1531 399 1548 433 6
1577 396 1688 447 λόγος.
1721 413 1780 435 και
1808 397 1874 449 γὰρ
1902 415 1944 436 τα
1965 400 2039 445 ἑξῆς
2065 417 2146 454 περι
2168 404 2280 442 αὐτῶν

1244 466 1290 503 ,ρτ
1296 454 1354 501 σι)

1299 522 1374 546 1000.
1405 511 1443 546 ἐκ
1463 526 1521 548 του
1543 511 1730 549 ὑπολοίπου
1750 516 1808 550 τοῦ
1823 514 1959 566 γήρους.
1979 523 2018 552 V.
2298 533 2317 560 5

1297 580 1375 605 1003.
1408 569 1526 620 (γήρας
1541 573 1627 605 εἰναι
1641 575 1827 621 κρεῖττον;
1848 572 2039 610 Διαίάὶλει
2058 590 2134 617 τους
2153 576 2244 620 νέους
2263 581 2281 616 ὁ

1240 623 1386 669 ποιητὴς
1403 625 1451 674 μὴ
1473 625 1678 675 δυναμένους
1697 642 1788 664 κατα
1805 644 1881 671 τους
1902 631 2067 699 αρχαίους
2086 636 2278 686 κωμῳδεῖν.

1240 681 1407 724 κικίννους
1433 682 1468 719 δε
1495 682 1551 720 ἕλε
1554 699 1614 734 γον
1641 683 1700 726 τὰς
1719 688 2023 759 περιεστεμιιένας
2049 690 2109 727 καὶ
2134 707 2281 743 τετημε-

1240 738 1393 788 λημένας
1405 739 1537 791 τρίχας.
1553 756 1600 791 σχ
1602 757 1676 789 ημα
1695 741 1730 778 δε
1749 741 1811 787 τὴν
1829 744 1955 790 σκευὴν
1970 761 2029 782 και
2043 762 2100 783 τον
2118 748 2278 802 κόσμον.)

1293 809 1370 833 1071.
1404 796 1528 867 (εἴτις(
1517 801 1612 847 υμῶν
1629 801 1657 835 ὠ
1673 799 1821 838 θεαταί;
1840 802 1986 839 Γοῧτόέ
1973 818 2064 840 εστιν
2085 805 2278 858 ἐπίρρημα.
2303 827 2334 852 10

1237 852 1276 889 τὸ
1302 854 1336 890 δε
1358 854 1536 905 ἐπίρρημα
1560 857 1606 898 ὡς
1626 856 1754 893 ἐπίπαν
1783 858 2021 897 ὀκτωκαίδεκα
2041 861 2168 913 στίχων
2188 865 2210 910 ἢ
2236 867 2280 904 ιδ’

1237 910 1258 956 ἢ
1279 911 1332 954 ις’.
1354 912 1506 949 ενθάδε
1488 913 1524 950 οε
1541 912 1677 965 εἴκοσι.)

1738 980 1799 1022 Εἷς
1819 995 1954 1032 σφηκας
1981 983 2281 1035 διεσκευασμένον.

1237 1048 1349 1069 ταυτα
1369 1033 1404 1070 δὲ
1427 1033 1512 1085 πρὸς
1531 1034 1594 1080 τὴν
1615 1035 1754 1082 σκευὴν,
1774 1037 1816 1082 ἢν
1836 1038 2011 1090 περιέθετο
2035 1044 2053 1078 6
2077 1043 2196 1095 χορὸς,
2217 1044 2278 1090 τὴν

1237 1092 1304 1127 τῶν
1323 1094 1464 1143 σφηκῶν
1481 1092 1656 1130 ποικιλίαν
1674 1094 1903 1145 μιμούμενος,
1923 1113 2002 1150 περι
2018 1104 2078 1137 τοῦ
2100 1101 2282 1152 σχήματος
2304 1114 2334 1138 15

1238 1149 1514 1199 ἀπολογούμενός
1530 1166 1645 1203 φησιν.
1726 1151 1813 1190 Ἀλλ
1815 1170 1872 1196 ως.
1894 1156 2145 1207 διαδεδεμένον.
2163 1161 2283 1211 (κρεῖτ-

1237 1221 1295 1243 τον
1317 1206 1352 1244 δὲ
1373 1207 1478 1257 μέσον
1497 1208 1671 1261 σφήκωμα
1688 1210 1906 1262 φαινόμενον.
1926 1212 2044 1265 ἔχουσι
2061 1214 2128 1269 γὰρ
2147 1218 2281 1270 κεντρί-

1238 1265 1354 1312 δας,ξ
1337 1282 1383 1308 ως
1397 1267 1445 1308 εἷς
1465 1281 1599 1319 σρηκας
1616 1269 1922 1319 σχηματιζόμενοι.
1925 1273 1936 1322 )

1292 1337 1371 1362 1073.
1402 1328 1463 1362 τοῦ
1480 1326 1634 1378 κέντρου.
1658 1337 1697 1366 V.

1293 988 1371 1013 1072.
1402 976 1682 1029 Οῑεσφηκωμενον
1705 991 1714 1016 2

1294 1401 1372 1425 1074.
1405 1388 1543 1441 (ῥαδίως
1565 1388 1633 1439 εγὼ
1655 1390 1780 1435 διδάξω
1808 1406 1816 1431 :
1837 1391 1879 1431 ‘O
1900 1393 2017 1445 στίχος
2036 1396 2259 1449 Εὐριπίδου’
2244 1415 2283 1436 εκ
2302 1415 2336 1440 20

1238 1446 1456 1489 Σθενεὸοίας.
1476 1447 1515 1484 τὸ
1535 1448 1570 1485 δὲ
1589 1452 1610 1494 ἠ
1631 1453 1675 1494 [v.
1711 1455 1790 1496 1091]
1812 1451 1888 1488 ἀντι
1908 1467 1968 1489 του
1987 1456 2028 1499 ἠν
2049 1454 2214 1503 Ἀττικὸν,
2237 1459 2282 1500 ὡς

1235 1503 1274 1541 τὸ
1295 1523 1311 1537 ιι
1330 1508 1351 1551 ἠ
1370 1506 1696 1557 παρεσκευασμένος
1716 1526 1730 1540 1)
1757 1510 1791 1545 ἐν
1813 1508 1962 1546 Πλούτω
1980 1511 2057 1562 [77].
2086 1514 2280 1566 τούρροπύ-

1235 1578 1307 1613 γιον
1330 1563 1366 1600 δε
1386 1563 1424 1601 τὸ
1443 1565 1761 1615 ἐγκεκεντρωμένον
1777 1566 1882 1616 λέγει.
1889 1569 1899 1617 )

1290 1640 1369 1666 1078.
1397 1630 1426 1677 (ὃ
1449 1627 1651 1680 βάροαροςζ
1669 1628 1781 1675 Τὴν’
1766 1645 1800 1666 εν
1816 1632 2009 1703 Μαραθῶνι
2026 1632 2117 1671 κατὰ
2134 1650 2193 1672 του
2214 1638 2283 1674 Δα-

1237 1684 1325 1737 ρείου
1340 1686 1437 1732 νίκην
1454 1686 1574 1737 λέγει)
1591 1712 1635 1717 —
1650 1691 1801 1739 συνεχῶς
1813 1690 1889 1727 εισά
1891 1705 2010 1741 γονται
2026 1695 2093 1729 τῶν
2110 1695 2277 1740 Μηδικων
2300 1710 2334 1735 25

1237 1743 1470 1793 μεμνημένοι,
1490 1743 1579 1781 ὥστε
1604 1744 1649 1782 τὰ
1667 1745 1835 1796 γενόμενα
1862 1747 1994 1785 παίδων
2019 1749 2125 1787 ὄντων
2150 1753 2282 1796 ἑαυτοῖς

1236 1801 1466 1839 ἀνατιθέναι
1451 1802 1508 1840 επὶ
1524 1805 1574 1839 τῶ
1591 1818 1669 1845 τους
1689 1804 1783 1847 νέους
1799 1805 2117 1851 καταπλήττεσθαι.
2135 1816 2175 1845 V.

1290 1875 1370 1904 1080.
1390 1865 1606 1919 τάνθρήνιαζ
1622 1869 1695 1905 Nuv
1710 1867 1753 1904 τὰ
1768 1870 1836 1905 τῶν
1852 1872 1994 1921 σφηκῶν
2008 1871 2125 1924 κηρία.
2145 1872 2281 1925 (κυρίως

1235 1922 1270 1962 δε
1296 1941 1340 1961 τα
1366 1941 1434 1961 των
1455 1927 1631 1977 ἀνθρηνων
1654 1926 1801 1977 σμήνη.)
1821 1928 1991 1980 ἀνθρήνας
2017 1927 2052 1967 δε
2076 1932 2106 1967 οι
2133 1929 2194 1980 μὲν
2220 1930 2281 1974 τὰς

1235 1982 1421 2032 μελίσσας,
1450 1985 1480 2020 οἱ
1507 1982 1542 2019 δε
1571 1981 1685 2035 ἕτερον
1712 1986 1797 2035 ζωον
1822 1985 2008 2037 κηροποιὸν
2033 1987 2279 2039 παραπλήσιον
2298 2004 2333 2030 30

1234 2040 1354 2092 σφηκί.
1441 2039 1649 2091 (Αλλι11ς.οἱ
1669 2041 1770 2079 τόποι
1790 2057 1874 2081 οπου
1899 2048 2118 2082 κατοικοῦσιν
2139 2047 2168 2083 οἱ
2190 2061 2281 2098 σφη-

1233 2114 1300 2141 κες.
1322 2099 1396 2136 δέον
1412 2098 1448 2135 δε
1465 2102 1506 2145 ἦν
1526 2099 1633 2136 εἷπειν
1649 2098 1710 2142 τὰς
1724 2099 1860 2152 οἰκίας.)
1880 2124 1930 2130 —
1945 2105 2110 2152 μενοινῶν
2132 2117 2141 2142 ;
2162 2106 2278 2156 Φρον-

1231 2156 1346 2203 τίζων,
1366 2159 1553 2208 μεριμνῶν,
1573 2159 1879 2209 προθυμι11ν.ῑ”ῐοί.

1287 2231 1369 2257 1081.
1400 2218 1438 2256 τὸ
1454 2223 1513 2256 τοῦ
1531 2219 1706 2270 Ἀχαιοῧ’
1688 2219 1756 2257 απὸ
1774 2219 1947 2270 Μώμου
1928 2221 2116 2275 δράματος.
2132 2233 2171 2262 V.

1287 2290 1367 2315 1⁰82.
1401 2276 1557 2326 (θυμὸν
1542 2276 1653 2323 οξίνην
1672 2278 1790 2315 ῑἈντὶ
1806 2283 1865 2316 τοῦ
1884 2280 2043 2332 δριμεῖαν
2062 2283 2197 2334 ὀργήν.)
2294 2300 2329 2326 35

1286 2347 1367 2372 1083.
1401 2333 1465 2380 τὴν
1486 2335 1634 2386 χελύνην
1661 2335 1819 2373 ἐσθίων·
1811 2367 1819 2375 .
1844 2337 1934 2375 Ἀντι
1958 2343 2016 2377 τοῦ
2041 2340 2084 2378 τὰ
2109 2341 2277 2393 χείλη.οἷ

1230 2390 1298 2444 γὰρ
1314 2392 1527 2445 ὀργιζόμενοι
1544 2393 1745 2432 ἐνδάκνουσι
1763 2394 1806 2432 τὰ
1826 2395 1942 2447 χεί)η.

1285 2458 1393 2507 (1084).
1407 2456 1472 2494 ὑπὸ
1480 2456 1516 2494 δε
1529 2473 1597 2495 τι1ν
1609 2457 1664 2501 τοξ
1668 2458 1853 2508 ευμάτωνῑ
1865 2462 1945 2498 Τῶν
1960 2462 2195 2513 πεμπομένων
2210 2465 2276 2503 ὑπὸ

1230 2516 1297 2551 τῶν
1326 2514 1523 2567 βαρὸάρων.
1552 2531 1601 2552 τι)
1627 2531 1709 2566 γουν
1736 2518 2005 2568 ἀπαγγείλαντι,
2030 2520 2128 2571 [ωςε
2115 2524 2182 2560 υπὸ
2207 2539 2275 2560 των

1229 2571 1448 2622 τοξευμάτων
1472 2589 1540 2610 των
1560 2573 1747 2625 βαρῧάρων
1773 2576 1836 2613 οὐκ
1855 2579 1895 2622 ἠν
1916 2578 1998 2614 ἰδεῖν
2023 2578 2080 2615 τὸν
2105 2580 2274 2632 οὗρανὸν,]
2293 2600 2327 2625 40

1228 2631 1404 2674 Λεωνίδας
1417 2635 1434 2669 6
1448 2647 1515 2669 των
1530 2632 1816 2682 Λακεδαιμονίων
1832 2634 2023 2686 στρατηγὸς
2037 2639 2142 2674 εἶπεν·
2159 2638 2274 2689 ἀγαθὰ

1230 2704 1251 2725 α
1239 2688 1478 2739 ’γγέλλειςω
1419 2719 1430 2739 ,
1461 2692 1470 2702 ’

1450 2689 1587 2736 ωξενέ,
1605 2691 1635 2727 Εἰ
1659 2705 1726 2728 υΤΟ
1746 2690 1846 2728 σκιὰν
1865 2692 2086 2744 μαχουμεθα.

1683 2754 1760 2767 ΝΥᾮΙ

1283 2766 1362 2791 1080.
1391 2752 1527 2803 γλαῧξ;
1549 2754 1600 2791 Τὸ
1616 2755 1723 2804 γλαυς
1741 2770 1868 2804 ονομα,
1891 2772 1995 2809 φησιν
2015 2757 2220 2810 Εὐφρόνιος,
2240 2761 2271 2798 οἱ

1229 2810 1377 2848 Ἀττικοι
1394 2827 1455 2861 μεν
1468 2815 1698 2863 περισπῶσιν,
1715 2815 1745 2849 οἱ
1761 2812 1795 2849 δὲ
1810 2815 1954 2865 Δωριεῖς
1965 2813 2152 2858 ὀξύνουσιν.
2167 2817 2271 2866 γλαυ-

1227 2884 1273 2905 κα
1302 2868 1337 2906 δὲ
1363 2868 1426 2914 τὴν
1452 2867 1595 2914 Ἀθηνᾶν
1621 2870 1733 2908 καλεῖ.
1819 2869 1972 2919 (Ἄλλως.
2005 2873 2089 2924 φασὶ
2112 2873 2203 2911 κατὰ
2227 2874 2266 2912 τὸ
2287 2894 2321 2919 45

1228 2925 1353 2972 ἀληθὲς
1381 2928 1517 2975 γλαῦκα
1544 2927 1753 2964 διαπτᾶσθαι
1778 2926 1840 2973 τὴν
1866 2928 1963 2975 νίκην
1986 2930 2055 2972 τοῖς
2082 2930 2270 2977 Ἀθηναίοις

1229 2984 1544 3035 ἀπαγγέλλουσαν.)

1282 3061 1362 3086 1087.
1392 3047 1609 3091 θυννάζοντες
1628 3061 1637 3087 z
1657 3050 1866 3092 Κεντοῧντες
1883 3051 1940 3101 (ὡς
1955 3049 2032 3094 τοὺς
2048 3050 2185 3096 θύννους
2198 3053 2268 3097 τοῖς

1225 3104 1416 3157 τριόδουσι,
1438 3108 1704 3158 μεταφορικῶς).

1280 3168 1477 3211 θυλάκουςῐ
1500 3168 1682 3212 Θυλάκους
1701 3169 1804 3222 φασὶν
1825 3164 1936 3209 εἶναι
1930 3187 1974 3209 τα
1992 3187 2072 3224 περι
2090 3175 2161 3216 τοῖς
2177 3173 2263 3211 σκέ-
2283 3190 2317 3214 50

1225 3228 1300 3264 λεσι
1331 3226 1390 3263 καὶ
1420 3232 1489 3269 τοῖς
1517 3233 1638 3277 μηροῖς
1666 3228 1837 3279 Περσικά.
1863 3228 1953 3279 (εἴδη
1986 3230 2139 3282 βραχίων
2153 3231 2264 3303 Νπαρὰ

1227 3283 1393 3335 Πέρσαις.
1411 3283 1626 3328 θυννάζοντες
1649 3286 1695 3327 εἷς
1716 3301 1793 3329 τους
1812 3287 1996 3335 θυλάκους,
2022 3287 2098 3325 ἀντὶ
2115 3303 2174 3326 του
2193 3291 2264 3326 εἷσ-

1226 3342 1402 3386 πηδωντες
1421 3343 1468 3384 εἷς
1486 3341 1546 3385 τὰς
1564 3341 1791 3395 ἀναξυρίδας.)
