2517 3792
808 185 1062 224 SCHOLIA
1099 185 1158 224 IN
1195 185 1664 231 ECCLESIAZUSAS.

553 270 618 314 ‘sse
636 270 823 323 φιλούντων
843 273 955 310 αὐτῶν
974 272 1017 310 τὰ
1038 272 1086 323 μὴ
1109 273 1208 324 γενό-

231 288 293 314 457.
322 273 410 327 φήμ’
431 271 498 323 ἐγώ
518 285 529 310 t

179 349 264 380 μενα
281 346 499 370 καινοποιειν.

228 405 291 429 465.
319 390 424 427 τοῖσιν
438 388 586 434 ἡλίκοισι
603 399 611 426 2
626 387 716 426 Ἀντὶ
730 391 790 425 τοῦ
807 391 876 431 τοῖς
889 389 1038 441 γέρουσι.

227 461 289 486 471.
320 446 430 492 ἀηδές.
449 453 486 483 Β.

139 520 158 545 ο
227 518 290 544 473.
321 504 419 554 λόγος
437 503 475 541 τέ
495 518 545 540 τοι
564 502 616 546 τίς
641 504 713 540 ἐστι
735 517 743 542 z
766 502 935 554 Λέγεται,
954 503 1009 542 ὅτε
1030 506 1207 544 Ποσειδῶν

173 563 231 602 καὶ
254 563 378 608 Ἀθηνᾶ
402 561 661 614 ἐφιλονείκησαν
688 562 767 614 περὶ
794 565 854 607 τῆς
875 562 1048 609 Ἀττικῆς,
1069 566 1207 609 νικῆσαι

172 620 234 666 τὴν
254 621 408 667 Ἀθηνᾶν.
433 620 492 657 καὶ
511 619 614 672 φασὶν
633 619 823 665 ἡττηθέντα
849 620 906 657 τὸν
927 622 1128 658 Ποσειδῶνα
1147 620 1207 657 καὶ

171 678 367 725 λυπηθέντα
385 681 602 729 καταρᾶσθαι
624 681 667 729 τῇ
684 677 802 726 πολει,
825 680 884 716 καὶ
903 677 1014 728 λέγειν
1034 677 1136 715 αὐτὸν
1156 677 1207 714 ὅτι

170 736 301 788 γένοιτο
314 736 390 780 τοὺς
409 736 605 783 Ἀθηναίους
626 736 679 773 ἀεὶ
701 738 816 778 κακῶς
839 736 1079 787 βουλεύεσθαι,
1100 735 1206 773 ἀκού-

120 803 153 828 10
172 810 276 833 ουσαν
291 794 326 832 δὲ
341 794 402 841 τὴν
417 794 559 841 Ἀθηνᾶν
575 796 774 846 προσθεῖναι
789 793 840 831 ὅτι
854 795 968 836 κακῶς
986 792 1206 844 βουλεύεσθαι

168 853 228 890 καὶ
243 853 495 904 ἐπιτυγχάνειν.

240 925 285 949 78.
315 910 453 961 (ἔμὸα,
478 909 584 962 χώρει

169 968 378 1018 ἐκκλησίας.)

220 1038 285 1064 482.
314 1025 353 1063 τὸ
369 1026 530 1078 ἀνδρεῖον.
546 1031 582 1061 Β.

119 1097 149 1123 15
219 1096 283 1121 483.
312 1082 418 1135 ψόφον
438 1085 558 1121 ποιῶν.
575 1088 612 1119 Β.

219 1153 284 1178 498.
314 1139 617 1192 παραὸλέπουσα;
643 1137 705 1184 Μὴ
732 1137 953 1184 ἀτενίζουσα,
974 1137 1090 1191 φησὶν,
1112 1137 1202 1176 ἀλλὰ

166 1199 215 1249 τῷ
234 1197 340 1258 ἑτέρῳ
358 1199 525 1257 ὀφθαλμῶ
541 1196 728 1249 βλέπουσα.

217 1268 282 1295 499,
312 1259 401 1308 ᾗπερ
420 1259 509 1302 ἠσθα
531 1269 539 1294 :
562 1256 637 1293 ἀντὶ
652 1271 712 1293 του
729 1257 774 1298 ὡς
789 1257 938 1301 ἠσθα.Β

217 1326 280 1351 502.
310 1312 416 1350 σάκον
435 1312 526 1362 λέγει
540 1313 623 1350 τὸν
612 1312 776 1363 πώγωνα.

113 1381 149 1406 20
218 1384 283 1409 507.
314 1369 358 1408 τὰ
377 1370 597 1421 ὑποδήματα.
620 1379 658 1408 Β.

218 1440 282 1466 508.
312 1426 503 1470 συναπτούς
521 1440 529 1466 :
550 1427 624 1471 Τὰς
638 1427 875 1471 συναπτούσας
891 1427 950 1466 καὶ
970 1426 1201 1478 δεσμευούσας

166 1483 209 1522 τὰ
229 1484 450 1535 ὑποδήματα.

216 1557 279 1582 511.
308 1543 568 1596 παρερπύσασα
586 1557 594 1583 :
616 1544 753 1596 Ἠρέμα
774 1545 984 1583 εἰσελθοῦσα.

216 1614 283 1640 519.
312 1603 348 1639 ἐν
366 1603 409 1653 τῇ
428 1601 608 1653 ἐκκλησία.
626 1606 664 1635 Β.

111 1674 146 1699 25
216 1671 281 1698 520.
313 1658 399 1712 ἀνὴρ
419 1659 658 1712 Πραξαγόρας.
679 1668 717 1698 Β.

214 1730 279 1756 523.
309 1716 535 1770 ἐξερευνῆσαι.
552 1726 590 1756 Β.

214 1788 278 1814 531.
307 1776 504 1822 ὠδινούσης.
519 1783 557 1814 Β.

213 1846 276 1872 533.
307 1832 413 1884 μηδὲν
430 1834 559 1886 κλέψας
577 1833 720 1873 ἔνδοθεν.
738 1840 777 1872 Β.

214 1904 276 1930 534.
304 1891 378 1937 ἥτις
397 1891 606 1942 μετεκάλεσέ
627 1907 682 1941 με.
702 1900 740 1930 Β,

109 1967 145 1992 30
214 1963 278 1989 536.
306 1949 346 1987 τὸ
361 1955 552 2000 γυναικεῖον
571 1949 720 2000 ἱμάτιον.
742 1957 780 1987 Β.

213 2020 275 2046 537.
307 2006 557 2059 τροκείμενονε
581 2006 729 2060 Νεκράν.

213 2077 276 2103 538.
306 2063 558 2116 στεφανώσασα
587 2078 596 2103 :
619 2064 776 2103 Εἷώθασι
803 2063 869 2116 γὰρ
898 2065 956 2103 ἐπὶ
974 2066 1041 2102 τῶν
1067 2066 1195 2117 νεκρῶν

161 2125 261 2160 τοῦτο
279 2124 402 2160 ποιεῖν.

213 2191 277 2217 540.
305 2178 498 2228 ἀλεαίνοιμι
515 2192 524 2218 :
540 2179 800 2231 Θερμανοίμην.

108 2255 142 2279 35
213 2250 276 2276 544.
304 2235 361 2273 ἵνα
380 2252 419 2274 σε
434 2236 660 2286 μιμησαμένη
679 2236 831 2286 σώσαιμι
846 2237 884 2275 τὸ
903 2237 1053 2287 ἱμάτιον.
1076 2246 1115 2276 Β.

214 2307 276 2333 547.
306 2296 422 2346 πυρῶν
448 2293 548 2331 ἑκτέα
570 2308 578 2332 :
599 2294 800 2345 Τριωὸόλου
828 2294 911 2337 ἴσως
935 2290 989 2341 ἦν.
1018 2294 1111 2345 λέγει
1137 2289 1194 2332 οὖν

161 2350 213 2389 ὅτι
229 2352 314 2389 οἴκοι
328 2350 440 2401 μένων
456 2351 495 2388 τὸ
511 2351 696 2421 τριώὸολον
713 2351 944 2391 ἀπολώλεκεν.
959 2360 998 2390 Β.

212 2423 275 2448 550.
305 2408 581 2461 προσποιουμένη
599 2411 711 2461 ἐρωτᾷ
730 2409 886 2457 ἐπίτηδες
902 2412 931 2448 εἷ
944 2410 1079 2462 γέγονεν
1099 2414 1120 2457 ἡ
1138 2412 1194 2448 ἐκ·

159 2467 320 2514 κλησία<
301 2483 347 2509 ως
362 2469 544 2517 ἀγνοουσα.
561 2475 599 2504 Β.

107 2542 142 2567 40
213 2537 276 2564 554.
307 2519 410 2562 οἱον’
394 2527 593 2577 εντρυφῶσα
614 2523 669 2561 διὰ
688 2541 749 2570 την
767 2524 800 2569 ἐξ
804 2525 934 2564 ουσίαν.
956 2533 993 2564 Β.

211 2597 274 2622 556.
304 2582 454 2621 Ἀττικόν
475 2584 565 2620 ἐστιν
584 2582 659 2620 ἀντὶ
678 2587 737 2620 τοῦ
758 2583 909 2623 πάντων.
931 2591 969 2621 Β.

210 2653 272 2679 562.
301 2641 402 2684 ἄλλος
420 2641 594 2692 Βλέπυρος
612 2640 734 2678 ἐλθών.
754 2649 792 2679 Β.

210 2711 274 2737 563.
303 2698 384 2748 μηδ’
400 2697 529 2751 ἀφέλῃς
545 2714 611 2749 μου
628 2698 685 2736 τὸν
705 2698 776 2749 βίον
793 2712 801 2737 :
817 2702 1001 2737 Διοικοῦσα
1019 2699 1108 2750 μετὰ
1123 2701 1190 2738 τῶν

160 2754 273 2792 ἄλλων
290 2770 472 2805 γυναικων.

108 2821 143 2847 ⁴5
212 2825 274 2851 567.
303 2811 365 2878 pah„
377 2812 656 2866 ’νεχυραζόμενον
679 2827 688 2852 :
717 2814 832 2860 Τὴνε
818 2819 940 2853 εαυτοῦ
960 2815 1090 2854 ουσίαν.
1118 2815 1190 2859 ἔθος

159 2866 225 2919 γὰρ
243 2872 285 2914 ἠν
310 2869 379 2912 τοῖς
397 2870 666 2920 δικαζομένοις
651 2870 796 2924 ἐνέχυρα
817 2872 946 2910 διδόναι
970 2872 1033 2920 τὴν
1059 2875 1188 2912 ἑαυτων

159 2925 292 2964 οὐσίαν.

211 2995 275 3022 574.
303 2981 446 3028 πολίτην
467 2994 476 3021 :
496 2982 564 3022 Τὸν
580 2986 641 3030 τῆς
659 2984 800 3029 πόλεως.
821 2994 860 3024 R.

209 3052 272 3079 587.
303 3039 410 3085 ἄλλης
437 3040 546 3091 ἀρχῆς
573 3053 582 3079 :
613 3041 689 3078 ἀντὶ
716 3046 777 3080 τοῦ
805 3042 923 3096 ἄρχειν
956 3044 995 3083 τὸ
1026 3060 1183 3085 καινοτο·

104 3106 140 3133 50
159 3102 248 3147 μεῖν.
266 3104 304 3134 Β.

208 3167 271 3192 592.
302 3147 370 3191 οἷον
388 3151 475 3202 μηδὲ
491 3152 530 3190 τὸ
546 3153 662 3205 τυχόν.
681 3161 718 3192 Β.

207 3225 272 3250 595.
304 3210 479 3261 (σπέλεθον
498 3223 507 3249 :
530 3211 681 3262 Κάπρον.
698 3213 757 3250 καὶ
773 3215 927 3267 ἀλλαχοῦ
942 3223 1030 3264 [Ach.
1047 3226 1128 3266 1169]

613 923 622 949 t
652 909 854 962 Ἐ’ξέρχεται
880 911 898 946 ὁ
924 908 1026 960 χορὸς
1052 909 1120 946 ἀπὸ
1145 911 1206 954 τῆς

234 3290 376 3327 κατεάξαι
391 3291 572 3331 βουλόμενος
588 3291 619 3323 ἐν
632 3291 736 3333 σκότῳ
749 3294 836 3326 λάὸοι

233 3353 270 3390 τῇ
286 3350 362 3390 χειρὶ
379 3349 523 3380 σπὲλεθον
539 3349 646 3389 ἀρτίως
662 3352 869 3391 κεχεσμένον.ι

2219 213 2296 247 819

1325 288 1387 314 596,
1425 275 1527 328 ἔφθης
1556 279 1592 328 μ’
1619 278 1868 333 ὑποκρούσας;
1899 283 1982 323 Ὅτι
2009 287 2215 340 ὑπεκρούσω
2242 292 2301 329 καὶ

1264 346 1447 382 ηρωτησας
1466 334 1628 388 πρότερόν
1646 353 1724 387 μου.

1317 403 1380 429 599.
1411 391 1593 445 θρέψομεν.
1611 402 1650 433 Β.

1316 462 1378 486 602.
1410 451 1564 502 δαρεικὸς
1584 447 1670 497 εἶδος
1687 455 1909 505 νομίσματος.
1930 465 1967 496 Β.

1315 519 1378 545 603.
1410 507 1464 544 διὰ
1483 509 1522 546 τὸ
1538 513 1719 563 ἐπιορκεῖν.
1737 517 1773 547 R·
2320 543 2336 566 5

1315 577 1379 602 605.
1408 566 1442 602 ἐν
1462 568 1563 605 πενία
1591 570 1707 621 δράσει
1729 584 1738 609 :
1760 572 1848 610 Ἀντι
1866 589 1945 620 του,
1965 577 2072 620 οὐδεὶς
2097 580 2163 616 aio·
2172 580 2239 630 ρόν
2266 597 2296 618 τι

1262 635 1402 674 Ορασέῑ,
1419 622 1440 668 ἢ
1469 625 1653 676 εργασξῖαί
1676 643 1727 674 τι,
1747 631 2010 681 παρακειμένων
2029 635 2181 686 ἀῨΟΟνως
2202 638 2297 675 ἅπα-

1262 693 1327 715 σιν.

1315 749 1378 773 611.

1313 806 1376 832 612.

1313 864 1376 891 616.

1408 739 1622 792 σκαλαθῦραι
1637 754 1647 779 :
1666 743 1913 785 Συνουσιάσαι.

1407 797 1474 831 τῶν
1491 800 1611 834 κοινῶν
1631 800 1838 851 χρημάτων.
1858 809 1896 840 Β.
2323 831 2352 854 10

1407 855 1651 900 συνουσιάζειν.
1672 864 1710 894 Β.

1313 922 1376 948 617.
1408 912 1443 947 αἱ
1463 913 1670 967 φαυλοτεραι
1692 930 1701 955 t

1312 979 1375 1006 620.
1405 970 1467 1007 ουκ
1485 972 1683 1025 ἐπιλείψειε

1259 1024 1460 1078 εὐμόρφους.
1482 1035 1518 1065 Β.

1311 1095 1373 1121 622.
1402 1085 1441 1123 τὸ
1460 1087 1538 1138 περὶ
1558 1088 1687 1126 τούτων
1707 1091 1893 1143 μάχεσθαι.
1911 1102 1948 1133 Β.
2317 1118 2347 1142 15

1310 1155 1372 1180 625.
1402 1144 1441 1181 τὸ
1455 1144 1532 1189 τοὺς
1551 1146 1738 1200 ἀμόρφους.
1759 1157 1797 1188 Β.

1311 1213 1374 1240 627.
1404 1202 1531 1247 τόποις.
1547 1212 1584 1242 Β.

1309 1272 1372 1299 630.
1402 1263 1423 1306 ἡ
1446 1263 1685 1315 Λυσικράτους
1711 1279 1720 1305 :

1256 1317 1396 1369 κράτης.
1413 1326 1452 1356 Β.

1308 1389 1372 1415 631.
1402 1379 1584 1430 καταχήνη
1604 1393 1612 1418 :
1636 1381 1858 1434 Κατάγελως.
2313 1413 2348 1439 20

1307 1447 1370 1473 632.
1400 1438 1468 1473 τῶν
1488 1438 1672 1476 πλουσίων.
1692 1447 1730 1478 Β.
1748 1449 1783 1479 Γ.

1306 1504 1370 1530 633.
1401 1496 1593 1567 γεροντικόν
1613 1512 1645 1534 τι
1661 1512 1720 1535 κα
1742 1499 1873 1544 εὐτελὲς
1893 1501 2068 1554 ὑπόδημα.
2086 1512 2124 1543 Β.

1307 1563 1368 1588 640.
1400 1551 1537 1603 ἀγνως
1526 1557 1546 1599 ἠ
1571 1567 1579 1592 :
1601 1557 1618 1592 ὃ
1635 1570 1766 1608 πατηρ.
1781 1565 1819 1595 Β.

1306 1621 1370 1648 643.
1399 1610 1508 1647 λείπει
1524 1614 1542 1648 ὁ
1562 1612 1620 1649 καί
1641 1612 1882 1666 σύνδεσμοςᾶἶ

1305 1679 1367 1705 644.
1397 1672 1489 1707 οὑτοι
1509 1671 1659 1722 αἷσγροί.
1681 1679 1719 1709 Β.
2308 1703 2342 1727 25

1305 1738 1369 1764 647.
1400 1726 1648 1778 Ἀρίστυλλοςε
1667 1731 1891 1782 αἷσγροποιὸς
1908 1728 2013 1778 οἶτος.
2030 1743 2068 1774 Β.

1305 1796 1368 1823 648.
1398 1786 1613 1833 καλαμίνθης
1641 1801 1650 1826 :
1678 1789 1843 1837 Δυσώδης
1868 1792 1995 1843 βοτάνη
2020 1793 2056 1845 (ἠ
2077 1794 2287 1847 καλαμίνθη)

1252 1841 1311 1879 καὶ
1330 1841 1422 1895 ὄφεις
1441 1843 1576 1882 ἐλαύνει
1595 1845 1774 1896 καιομένη.

1305 1913 1368 1939 649.
1398 1901 1594 1952 γενέσθαι’
1575 1905 1651 1941 αντὶ
1667 1908 1725 1942 τοῦ
1746 1905 1902 1956 ἐγενηθη.
1920 1915 1959 1946 Β.

1304 1971 1367 1998 652.
1398 1959 1566 1998 δεκάπουν
1595 1975 1604 2000 :
1634 1962 1679 2001 <H
1706 1967 1766 2001 τοῦ
1792 1965 1890 2010 ἡλίου
1921 1966 2018 2014 σκιὰ,
2045 1967 2126 2006 ὅταν
2153 1972 2174 2020 ᾖ
2205 1967 2288 2006 δέκα
2308 1978 2342 2004 30

1252 2017 1379 2054 ποδων.
1398 2017 1487 2055 θέλει
1503 2022 1560 2056 οὖν
1578 2035 1604 2056 ε
1596 2021 1698 2067 ἷπεῖν,
1715 2020 1772 2059 ὅτε
1785 2021 1915 2072 γίνεται
1931 2024 1969 2061 τὸ
1989 2025 2117 2077 ὀψινόν.

1303 2087 1365 2113 657.
1395 2077 1469 2118 ὡς
1458 2075 1541 2128 πρὸς
1558 2077 1731 2129 φιλόδικον
1749 2083 1850 2117 τοῦτο
1866 2084 1884 2118 ὃ
1899 2082 2012 2135 χορός.
2032 2091 2070 2121 Β.

1303 2144 1366 2170 658.
1395 2132 1536 2183 γνώμην
1557 2134 1612 2172 εθέ
1614 2151 1682 2184 μην
1705 2131 1818 2176 εΟἱον
1836 2139 1942 2189 κάμοὶ
1961 2144 2063 2178 τοῦτο
2083 2143 2177 2182 δοκει
2193 2143 2286 2194 σύμ-

1251 2203 1351 2241 φορον
1369 2194 1454 2227 εἶναι
1470 2190 1509 2228 τὸ
1525 2191 1573 2241 μὴ
1593 2187 1718 2230 εἶναι
1700 2195 1916 2247 οικαστήρια.

1303 2260 1366 2287 663.
1396 2264 1457 2294 της
1470 2249 1606 2292 αἰκίας·
1598 2280 1606 2288 .
1623 2267 1685 2297 της
1697 2251 1837 2303 υὸρεως.
1851 2262 1889 2292 Β.
2306 2279 2337 2286 ·-

2302 2288 2338 2305 ...-

1744 2310 1826 2348 Am
1849 2315 1910 2358 τῆς
1932 2317 2077 2386 τρρφῆς,
2103 2318 2219 2370 φησὶν,
2245 2324 2286 2366 ἡς

1249 2363 1456 2413 λαμὸάνει’
1437 2365 1506 2402 απὸ
1521 2369 1580 2403 τοῦ
1602 2367 1787 2416 δημοσίου,
1808 2369 1927 2408 δίδωσι
1947 2388 2009 2418 την
2030 2375 2168 2424 ζημίαν.

1302 2435 1364 2460 667.
1395 2423 1464 2459 QUO,
1485 2418 1555 2461 αὖ.
1573 2425 1853 2475 ἐρωτημαῗῑχὺὶς.
1871 2444 2004 2478 μετον.
2022 2431 2172 2480 μέτεστι.
2191 2444 2230 2474 R-

1300 2493 1362 2518 670.
1392 2481 1492 2524 αὐτὸς
1508 2480 1609 2519 δωσει
1636 2495 1645 2521 :
1668 2483 1711 2522 ‘O
1728 2485 1960 2536 ἀποδυόμενος
1980 2488 2080 2538 ἑκὼν,
2101 2491 2172 2535 ἐξὸν
2191 2495 2284 2531 αὐτω

1250 2536 1382 2587 βέλτιον
1395 2538 1527 2577 λαὸεἵν.
2093 2547 2100 2553 ”
2266 2539 2272 2546 ’
2302 2566 2336 2591 40

1299 2609 1363 2634 672.
1393 2594 1492 2633 ἕνεκα
1509 2595 1608 2640 τίνος.

1248 2658 1371 2704 ρεῖχον.
1388 2661 1426 2691 Β.

1297 2724 1361 2751 673.
1390 2727 1451 2757 την
1468 2712 1544 2750 καθ’
1562 2712 1712 2760 ἑκάστην
1728 2715 1870 2769 τροφην.
1888 2724 1926 2756 Β.

1296 2780 1358 2808 677.
1390 2771 1515 2820 βημα;
1533 2772 1550 2806 ὁ
1566 2770 1686 2814 λίθος’
1671 2787 1705 2809 εν
1721 2776 1771 2824 τῷ
1785 2775 2007 2828 δικαστηρίῳ.
2028 2783 2069 2816 R.

1297 2840 1359 2865 681.
1389 2827 1640 2879 κληρωτηρια;
1655 2828 1728 2873 Τὰς
1744 2831 1958 2883 κληρωτὰς’
1940 2833 2061 2884 αρχάς.
2297 2857 2330 2882 45

1298 2897 1361 2923 683.
1389 2885 1571 2937 γράμματι
1592 2887 1754 2926 δειπνεῖς
1779 2888 1864 2926 Δέον
1887 2892 1994 2928 εἰπεῖν
2015 2891 2175 2940 δικάζειν,
2203 2888 2277 2931 εἷπε

1243 2943 1401 2982 δειπνεῖν.

1293 3013 1356 3039 685.
1387 2999 1559 3052 βασίλειον
1578 3013 1587 3039 ;
1605 3000 1681 3039 ἐπεὶ
1697 3001 1735 3039 τὸ
1753 3002 1925 3053 βασίλειον
1945 3004 2014 3042 ἀπὸ
2037 3009 2097 3044 τοῦ
2121 3009 2142 3058 β
2168 3007 2274 3061 ἀρχε-

1240 3074 1310 3098 ται.
1330 3065 1369 3096 Β.

1293 3118 1325 3160 ἐς
1339 3116 1402 3163 τὴν
1421 3116 1516 3169 παρὰ
1538 3115 1666 3164 ταύτην
1691 3130 1701 3156 :
1727 3117 1817 3161 Τοὺς
1839 3121 1960 3167 θῆτας,
1985 3121 2060 3166 τοὺς
2081 3125 2272 3173 μισθωτοὺς
2292 3143 2327 3166 5ο

1239 3176 1285 3218 εἰς
1303 3174 1342 3212 τὸ
1358 3176 1520 3220 Θησεῖον·
1537 3174 1610 3212 ἐπεὶ
1626 3174 1730 3212 πάλιν
1748 3175 1817 3213 ἀπὸ
1835 3180 1894 3215 τοῦ
1913 3181 1999 3225 θῆτα
2017 3180 2174 3232 ἄρχεται.

1290 3245 1354 3273 687.
1382 3232 1422 3271 τὸ
1446 3233 1624 3271 κάπτωσιν
1647 3232 1717 3271 ἀπὸ
1740 3237 1799 3272 τοῦ
1819 3250 1854 3274 κ.
1879 3236 1931 3275 διὸ
1953 3238 2010 3276 ἐπὶ
2028 3242 2097 3278 τῶν
2117 3243 2155 3278 ἐκ
2174 3246 2233 3280 τοῦ
2251 3258 2272 3279 κ

1238 3290 1316 3343 ἔφη.

1288 3360 1350 3386 691.
1379 3347 1440 3384 σὺν
1457 3348 1550 3399 αὐτῷ
1565 3349 1613 3398 τῷ
1636 3348 1806 3402 στεφάνῳ.
1827 3358 1853 3388 Β

1724 919 1759 955 αἱ
1778 918 1941 972 ἄμορφοι.
1962 928 2002 958 Β.

1710 977 1772 1013 οὐκ
1791 978 1943 1029 ἀρκέσει.
1972 981 2075 1018 {zeto-³
2095 994 2103 1020 :
2130 982 2213 1034 πρὸς
2233 983 2295 1027 τὰς

1749 1267 1848 1317 σιμὸς
1883 1269 1943 1307 καὶ
1970 1271 2114 1324 αἰσχρὸς
2139 1274 2156 1310 ὁ
2182 1276 2292 1313 Λυσι-

1302 2318 1364 2343 665.
1394 2307 1462 2344 ἀπὸ
1481 2323 1542 2353 της
1571 2308 1715 2357 μάζης;

1696 2598 1755 2636 καὶ
1771 2601 1801 2637 οἱ
1821 2601 1986 2641 κυὸευταὶ
2003 2604 2069 2658 γὰρ
2089 2606 2188 2654 δίκην
2209 2624 2281 2646 πα-
