2533 3808
1157 143 1220 158 Ns.

297 211 370 241 (ὁ,
983 191 1133 228 rumix
1158 161 1390 228 Noninun
1420 188 1483 224 E'i'
1515 189 1702 226 aunum.

338 286 505 321 fecerant,
534 281 696 313 archonte
723 277 876 315 [sai-cho,
908 279 978 307 718.
1007 275 1199 307 Euboenses
1226 274 1310 304 Paci

339 341 405 364 non
429 330 572 370 favent,
608 329 687 357 Pac.
722 327 810 356 1048.
838 324 1055 355 Memoratur
1083 321 1215 352 Eubcea
1240 319 1310 350 sch.

339 379 514 412 Pac.1126,
534 375 566 404 et
589 370 827 403 Chalcidenses
845 371 879 399 in
895 377 948 407 ea,
967 369 1029 407 Eq.
1047 368 1117 397 237.

299 423 432 460 Eubule‚
454 428 573 452 nomen
589 416 887 456 muliebrefictum
905 424 927 446 a
943 413 1162 451 consulendo,
1183 414 1209 443 T
1209 411 1313 442 hesm.

338 472 408 500 808.

298 515 456 547 Eubulus
473 513 689 552 demaqoaus,
708 514 770 551 Eq.
793 513 861 542 149.

301 561 506 597 Eucharides,
527 559 590 590 allii
608 561 776 597 mercator,
803 560 897 597 Vesp.
914 559 985 587 680.

297 609 421 639 Eucles
444 606 583 644 archon,
608 607 699 644 Vesp.
720 607 790 635 240,

301 653 457 685 Euclides
471 652 611 689 archon,
628 654 691 691 Eq.
710 653 780 682 237.

298 700 459 731 Euclides
475 710 484 730 :
503 708 539 730 eo
557 707 628 729 rem
643 696 841 729 moderante
855 696 1032 728 decretum
1048 693 1225 725 oblivionis
1242 699 1316 731 per-

340 748 463 786 latum,
488 747 542 779 Pl.
566 748 654 777 1140.
798 752 803 758 ’

298 794 459 825 Euclides
487 793 527 824 de
553 791 716 824 comoedia
743 792 891 830 scripsit,
922 789 1016 820 Prol.
1047 789 1112 826 IX,
1139 796 1173 825 a,
1200 788 1251 822 97,
1283 793 1315 824 p.

338 842 434 872 XIX.

299 889 456 924 Eucrates,
475 886 720 927 κυρηὸιοπώλης,
749 881 969 922 στύππαξ,]’1·.
998 884 1071 918 540;
1102 878 1316 911 στυππειοπώ-

338 935 403 971 λης,
422 934 495 972 ejus
512 932 710 971 reipublicce
726 931 939 962 Atheniensis
962 928 1223 960 administratio
1244 927 1318 956 tan-

338 982 435 1019 qitur
452 981 515 1019 Eq.
538 982 605 1009 129.
626 980 774 1008 Eucrates
798 976 878 1015 sugit
896 975 936 1006 ad
964 975 1102 1006 furfures
1121 983 1127 1004 z
1147 981 1229 1005 nam
1252 980 1317 1002 nio-

341 1027 395 1057 tas
419 1026 578 1057 habuisse
610 1025 746 1056 ridetur
763 1026 796 1055 et
813 1021 1148 1064 pv).mv0'tpyy];fiii.sse,
1164 1022 1225 1059 Eq.
1245 1021 1316 1050 254.

340 1074 512 1111 (Εο01·3105
528 1072 673 1111 hispidus
689 1071 815 1109 dictus)
842 1069 1016 1100 Melitensis
1042 1076 1148 1108 caper,
1175 1067 1317 1104 Senect.‚

333 1119 391 1157 fr.
410 1121 477 1151 193.

300 1168 460 1205 Eucrates,
478 1165 552 1196 dux
576 1165 799 1203 Atheniensis,
822 1164 881 1204 qui
902 1164 1046 1193 notatur
1074 1163 1114 1192 ut
1128 1161 1253 1198 facilis
1273 1159 1319 1189 ad

340 1212 628 1252 corrumpendum
640 1235 648 1250 ,
658 1211 829 1251 proditor,
843 1211 1060 1249 1101091101ιῇ-
1079 1216 1188 1248 quare
1204 1206 1320 1237 milites

340 1259 373 1289 in
390 1260 523 1290 Thracia
539 1259 691 1289 dicuntur
705 1258 872 1288 observare
886 1258 1064 1292 Eucratem,
1090 1257 1164 1293 Liss.
1188 1257 1256 1283 103.

301 1306 478 1344 Eudamus,
491 1305 733 1346 philosophus,
763 1303 920 1335 vendebat
950 1302 1062 1332 anulos
1093 1303 1220 1340 maqiee
1247 1308 1320 1331 con-

339 1354 500 1390 secratos,
512 1352 714 1393 φαρμακίτας,
729 1352 852 1382 contra
865 1349 1047 1387 dcemones,
1062 1349 1248 1388 serpentes,
1257 1349 1318 1377 etc.

339 1399 394 1430 Pl.
414 1401 483 1430 884.

299 1445 476 1477 Eudoxus.
491 1443 629 1476 Eudoxi
652 1452 747 1482 opus,
764 1443 804 1474 de
822 1444 911 1482 lyra,
927 1445 1026 1482 poeta
1046 1444 1110 1472 ine.
1126 1443 1161 1472 in
1187 1443 1247 1472 Av.
1270 1445 1317 1471 11.

298 1492 464 1532 Euelpides
478 1496 627 1530 (persona
643 1490 742 1528 sicta),
759 1490 839 1520 civis
856 1490 1057 1520 Atheniensis
1072 1498 1110 1519 ex
1127 1488 1222 1519 demo
1235 1488 1319 1525 Crio,

338 1541 397 1570 Αυ.
421 1540 494 1575 645,
520 1545 627 1567 comes
655 1536 835 1567 Pistheta‘ri
863 1538 896 1566 in
923 1535 1047 1566 Avibus
1076 1536 1205 1566 1-847.
1242 1533 1320 1566 Vide

340 1585 559 1616 Pisthetaerus.

299 1632 476 1672 Euergides,
495 1640 590 1662 senex
608 1630 707 1670 judex
725 1632 759 1661 in
780 1631 890 1670 I'espis
905 1631 976 1661 234.

299 1678 500 1716 Eumenides,
527 1678 635 1717 σεμναὶ
663 1678 757 1707 beai:
792 1677 922 1716 templa
956 1675 1187 1708 Eumenidum
1217 1678 1319 1708 erant

340 1725 454 1765 asyla,
481 1725 613 1756 Thesm.
637 1726 706 1755 224.
732 1723 811 1755 Vide
831 1724 944 1754 Furiae.

300 1773 503 1812 Eumolpus,
515 1774 621 1811 pater
635 1773 758 1802 Muscei
774 1779 817 1801 ex
830 1773 943 1809 Luna,
956 1773 1042 1801 Ran.
1064 1772 1153 1801 1033.

300 1819 521 1857 Eunomides,
535 1821 641 1859 pater
656 1819 848 1858 Phrynichi
865 1820 996 1857 comici,
1014 1821 1098 1850 Ran.
1121 1820 1167 1849 14.

300 1869 451 1905 Euopas,
471 1865 616 1904 dcemon,
639 1867 732 1904 Vesp.
756 1868 845 1896 1038.

301 1913 506 1952 Euphemius,
525 1912 693 1943 adulator
710 1913 969 1951 abJectissimus,
989 1914 1082 1951 Vesp.
1102 1913 1173 1943 599.

300 1959 507 1999 Euphorides,
522 1968 638 1989 nomen
654 1959 737 1989 senis
753 1959 976 1997 Achai-nensis,
992 1960 1023 1989 in
1038 1959 1117 1989 Ach..
1134 1962 1203 1990 612.

302 2006 446 2046 Eupolis
482 2006 695 2037 Atheniensis
726 2005 867 2037 docebat
899 2006 1100 2045 Apollodoro
1133 2006 1320 2044 archonte;

341 2053 414 2092 ejus
437 2055 610 2092 ‘inqenium
637 2055 669 2084 et
685 2052 898 2091 fabularum
922 2061 1096 2091 numerus,
1124 2053 1218 2084 Prol.
1244 2055 1318 2091 III,

343 2101 476 2130 43-46.
497 2101 582 2138 Ejus
603 2101 760 2140 χαρακτὴρ
790 2101 976 2139 0111001101
1000 2099 1095 2130 Prol.
1121 2102 1171 2137 II,
1191 2105 1220 2130 11
1236 2105 1319 2131 -18,

342 2146 488 2185 Eupolis
505 2148 541 2176 ut
553 2154 724 2185 pannosos
737 2148 770 2176 in
782 2154 918 2177 scenam
929 2145 1056 2176 ducens
1068 2148 1321 2186 perstringatur

341 2194 425 2223 Pac.
457 2193 528 2223 740.
561 2192 656 2223 Idem
690 2192 846 2223 exhibuit
880 2193 1065 2223 Herculem
1089 2192 1320 2233 famelicum,

342 2238 516 2270 Bacchum
544 2239 793 2278 meticulosum,
823 2241 941 2270 Jovem
966 2239 1183 2278 adulterum,
1208 2248 1321 2271 seruos

344 2286 561 2325 vapulantes,
575 2286 618 2316 ib.
636 2288 706 2317 741.
727 2285 821 2317 Idem
838 2286 952 2316 calvos
967 2288 998 2317 in
1017 2288 1184 2317 coma²diis
1199 2289 1318 2326 irrisit,

342 2332 432 2363 Nub.
453 2334 526 2369 540;
543 2341 651 2363 scnem
672 2332 893 2363 verberantem
911 2335 973 2364 etc.
993 2335 1028 2364 in
1051 2335 1258 2373 Prospaltiis
1274 2337 1321 2365 in-

342 2378 456 2417 duoeit,
479 2382 535 2410 541
566 2388 615 2419 sq.
643 2381 785 2419 Scripsit
812 2381 985 2411 Maricam
1013 2382 1048 2410 in
1072 2381 1320 2421 Hyperbolum,

342 2428 431 2456 Ran.
451 2429 522 2464 570,
541 2435 637 2465 quem
653 2435 730 2457 cum
751 2428 865 2457 matre
885 2427 956 2465 ejus
978 2429 1013 2457 in
1039 2435 1078 2457 ea
1093 2427 1224 2466 sabula
1245 2438 1323 2468 per-

342 2473 501 2509 sti-imit,
526 2473 581 2502 Pl.
603 2475 677 2503 1037
696 2475 729 2503 et
745 2475 917 2512 not.,post
931 2475 1073 2503 mortem
1096 2475 1230 2505 Cleonis
1247 2484 1321 2506 eam

343 2516 477 2556 docens,
506 2518 596 2548 Nub.
624 2522 694 2549 591.
720 2519 848 2558 Eupolis
870 2519 902 2548 in
920 2519 1039 2550 Marica
1057 2521 1185 2559 Equites
1201 2523 1322 2554 Aristo-

343 2563 457 2603 phanis
471 2565 640 2603 expressit,
664 2565 797 2596 mutatis
815 2567 846 2595 et
863 2565 980 2596 additis
997 2566 1206 2607 quibusdam,
1230 2570 1320 2600 Nub.

344 2612 524 2647 553-556,
541 2611 661 2640 contra
684 2612 717 2640 in
735 2613 857 2650 Baptis
883 2611 970 2641 dixit
997 2620 1031 2642 se
1051 2614 1192 2652 Equites
1218 2617 1323 2647 simul

344 2664 423 2686 cum
435 2656 806 2695 Aristophanesecisse,
826 2660 898 2695 554,
913 2658 1065 2696 (florians
1086 2668 1119 2689 se
1137 2660 1321 2699 ξυμπονῆσαι

344 2705 389 2741 τῷ
414 2703 558 2743 φαλακρῷ
580 2702 670 2741 (cum
692 2703 934 2743 Aristophane)
951 2713 957 2733 :
975 2705 1007 2734 et
1036 2706 1142 2744 ipsius
1159 2715 1226 2736 esse
1242 2716 1322 2738 non-

344 2749 576 2788 nulliputant
592 2758 710 2780 versus
727 2752 790 2790 Eq.
813 2754 889 2781 1288
908 2760 993 2790 sqq„
1014 2751 1060 2782 ad
1085 2754 1147 2792 Eq.
1169 2757 1257 2784 1291.
1276 2756 1323 2785 Et

347 2795 531 2834 Eupolidis
551 2795 643 2827 dieta
661 2796 704 2827 ab
719 2797 950 2836 Aristophane
970 2806 1036 2837 pro
1055 2801 1126 2829 suis
1152 2800 1321 2831 renditari

344 2841 484 2872 diderat
502 2844 678 2880 Cratinus,
693 2845 757 2883 Eq.
777 2846 847 2874 531.
867 2847 901 2874 ln
926 2844 1038 2875 eodem
1061 2845 1178 2875 Marica
1196 2847 1322 2886 Eupolis

345 2896 442 2918 anum
470 2889 678 2919 temulentam
696 2912 704 2927 ,
738 2890 904 2921 cordacem
938 2891 1103 2921 saltantem
1129 2892 1272 2932 induxit,
1305 2903 1322 2925 a

344 2934 528 2973 Phrynicho
539 2938 714 2975 sumptam,
726 2938 869 2967 matrem
886 2937 1086 2977 Hyperboli,
1099 2939 1184 2969 Ναί).
1200 2944 1258 2971 555
1272 2950 1319 2981 sq.

346 2983 388 3011 In
407 2982 572 3021 Autolyco
593 2983 714 3021 objecit
740 2984 960 3023 Aristophani
981 2984 1197 3016 ambitiosam
1211 2987 1321 3026 palee-

345 3030 502 3059 strarum
522 3029 844 3069 frequentationem
881 3033 960 3070 post
997 3033 1189 3072 victoriam,
1228 3036 1319 3075 I'esp.

350 3077 439 3104 1025.
459 3076 587 3105 Contra
600 3076 745 3115 Eupolis
763 3078 920 3116 tanyitiir
941 3077 984 3108 ab
1001 3079 1224 3118 Aristophane
1238 3083 1318 3113 Pae.

347 3122 405 3150 762
422 3128 488 3159 sq„
504 3123 542 3151 ut
556 3122 785 3153 adolescentes
802 3125 835 3153 in
847 3124 1024 3163 palcestris
1044 3125 1193 3156 ambiens
1218 3130 1251 3158 et
1276 3129 1322 3159 ad

347 3173 497 3195 amorem
521 3167 725 3198 sollicitans.
748 3170 888 3209 Eupolis
917 3173 1085 3202 Socratem
1105 3175 1226 3211 paucis
1254 3183 1322 3205 rer-

328 3210 438 3259 -sibus
455 3211 665 3244 vehementer
678 3218 901 3255 perstrinxit,
921 3218 1009 3248 Nub.
1029 3222 1078 3249 90.
1095 3219 1211 3250 Multa
1228 3222 1322 3260 apud

344 3265 423 3288 eum
445 3261 697 3299 σετημαιωμένα,
716 3264 779 3302 Eq.
797 3265 867 3294 941.
883 3265 1024 3303 Eupolis
1040 3265 1214 3304 (finesitur)
1232 3272 1320 3299 mari

348 3305 526 3337 immersus
540 3306 582 3336 ab
606 3307 788 3347 Alcibiade,
814 3319 913 3350 quem-
935 3313 1059 3351 Baptis
1076 3315 1145 3343 suis
1169 3315 1202 3344 in
1220 3323 1319 3346 scena

349 3351 558 3391 traduxerit,
569 3355 661 3385 Prot.
676 3357 706 3392 J,
723 3360 773 3394 25;
788 3357 882 3388 Prot.
900 3360 963 3396 IX,
979 3367 1013 3396 a,
1032 3362 1317 3399 51--04,11.ΧΙΧ.

308 3397 471 3436 Euripides
487 3399 570 3430 tilius
586 3402 715 3433 rusticae
734 3402 829 3440 divae,
847 3407 928 3435 Itan.
949 3408 1020 3442 8'103
1036 3415 1109 3436 nam
1130 3410 1230 3438 malci·
1249 3409 1317 3448 ejus

1413 272 1590 303 scandicem
1602 296 1610 311 ,
1629 273 1761 304 olerum
1779 276 1967 313 ayrestium
1981 277 2138 314 speciem,
2162 278 2194 307 ct
2210 277 2294 308 olera
2314 286 2391 309 ven-

1413 318 1520 357 debat,
1539 319 1618 350 Ach.
1639 321 1711 358 478,
1738 319 1866 350 Thesm.
1893 323 1965 359 387,
1982 321 2052 352 sch.
2077 323 2140 361 Eq.
2163 325 2212 362 19,
2232 324 2322 354 Clito
2338 333 2391 355 no·

1416 367 1519 404 mine,
1553 365 1683 397 Thesm.
1714 370 1743 398 1,
1777 370 1830 404 19,
1867 367 1945 397 Ach.
1979 370 2052 407 457,
2084 369 2163 407 469,
2195 370 2242 400 al.
2278 373 2392 407 Quare

1416 412 1554 451 ignobile
1571 420 1668 451 genus
1689 413 1758 451 ejus
1783 414 1883 451 tangit
1906 414 2068 453 AEschylus
2094 417 2179 446 Rau.
2205 419 2277 448 947.
2308 417 2391 456 Ejus

1416 467 1507 489 usar
1521 458 1667 489 Cha’rile
1684 468 1710 489 s.
1725 459 1881 490 Choerine
1893 460 1936 498 (v.
1957 461 2054 499 nob),
2076 461 2204 492 Thesm.
2223 466 2246 492 1.
2264 465 2393 493 Fatetur

1417 505 1642 544 Aristophanes
1658 514 1691 536 se
1711 505 1847 536 rotundo
1858 508 1926 545 ejus
1942 516 1996 537 ore
2010 508 2069 546 uti,
2085 507 2141 538 sed
2155 517 2265 539 sensus
2287 509 2393 539 minus

1419 552 1558 582 forenses
1575 552 1762 591 producere,
1777 552 1830 590 fr.
1850 555 1920 584 397.
1947 555 2217 595 Κομψευριπικῶς,
2245 557 2310 596 Eq.
2344 559 2393 587 18.

1418 598 1582 638 Euripides
1605 600 1826 640 στρεψίμαὶλος
1849 601 1902 637 τὴν
1920 600 2041 640 τέχνην,
2049 600 2103 639 fr.
2120 604 2192 637 542,·
2209 606 2393 644 πανοῦργος,

1418 648 1506 676 Ran.
1522 650 1573 683 80,
1590 646 1659 677 sch.
1680 646 1810 677 Thesm.
1834 649 1885 678 93.
1913 647 2059 678 plurimis
2081 650 2277 688 σοφώτατος,
2305 649 2392 680 Nub.

1421 694 1495 723 1377
1523 702 1574 732 sq.
1601 697 1636 723 ln
1655 692 1816 731 tragoediis
1841 694 2000 732 persuasit
2023 695 2100 725 viris
2126 704 2189 725 non
2213 704 2280 726 esse
2305 695 2393 733 (1005,

1419 739 1548 770 Thesm.
1578 742 1637 770 450
1665 748 1714 779 sq,
1748 741 1869 779 L'tpote
1893 742 2086 771 Socraticus
2111 750 2199 772 nova
2224 742 2396 773 dcemonia

1411 786 1535 826 finxit,
1563 790 1649 818 [ian.
1669 790 1738 818 889.
1764 789 1803 818 In
1828 787 2101 819 Acharnensibus
2128 789 2313 828 Euripidem,
2330 789 2396 819 adit

1418 833 1608 873 Dicaeopolis
1634 837 1665 865 et
1694 833 1734 864 ab
1759 842 1797 865 eo
1825 834 1963 865 mendici
1995 834 2163 865 miserrimi
2184 834 2397 866 instrumenta

1418 881 1545 920 accipit,
1575 881 1653 912 Ach.
1681 882 1845 912 394-484
1868 881 1913 920 (in
1942 890 2006 920 qua
2031 882 2117 922 ῥήσει
2145 884 2214 913 1013
2238 881 2397 921 Euripidis

1417 928 1559 958 studium
1587 928 1836 963 misericordiam
1857 928 2082 958 commovendi
2104 936 2168 958 nou
2192 928 2292 959 animi
2311 928 2397 958 dolo-

1419 974 1519 1012 ribus,
1544 974 1598 1005 sed
1617 977 1750 1005 externo
1767 974 1877 1005 habitu
1907 974 2001 1005 foedae
2024 975 2162 1006 miseriae
2192 975 2297 1006 indice
2317 975 2398 1005 salse

1419 1020 1669 1060 perstringitur).
1696 1021 1862 1060 Euripides
1890 1021 2023 1052 claudos
2050 1021 2153 1052 facere
2181 1022 2212 1051 in
2238 1019 2398 1060 tragoediis

1419 1069 1517 1106 amat,
1534 1070 1574 1099 ‘ut
1598 1069 1894 1108 Bellerophontem
1918 1069 2021 1109 (quod
2041 1070 2085 1108 v.)
2108 1071 2141 1100 et
2160 1069 2397 1107 Philoctetcni,

1420 1117 1502 1145 Pac.
1537 1118 1605 1146 147.
1634 1116 1822 1146 Forensium
1852 1116 2126 1146 oratiuncularum
2157 1118 2272 1156 poeta,
2303 1124 2398 1155 quem

1420 1170 1483 1191 nou
1501 1162 1599 1192 amari
1623 1171 1641 1192 3
1660 1164 1757 1200 Ρ300,
1777 1165 1860 1193 Pae.
1881 1164 2053 1193 532-534,
2074 1162 2257 1202 Euripidem
2282 1162 2398 1192 iterum

1420 1208 1588 1239 traducere
1629 1218 1693 1239 non
1740 1210 1808 1240 1011
1841 1210 2086 1249 Aristophanes,
2125 1209 2325 1240 traductum
2365 1210 2398 1238 in

1420 1254 1697 1286 Aeharnensibus
1711 1258 1743 1286 et
1768 1258 1956 1296 Proaqone,
1990 1259 2083 1296 I'esp.
2107 1260 2156 1287 61.
2188 1256 2401 1295 Genealoyife

1421 1302 1454 1331 in
1467 1301 1617 1341 prologyis
1631 1302 1703 1340 ejus
1721 1302 1880 1333 ridentur
1896 1303 1976 1333 Ach.
1989 1305 2122 1335 47-51.
2142 1303 2297 1333 Notatur
2310 1301 2400 1342 quod

1422 1356 1667 1387 nonnunquam
1690 1351 1848 1389 personis
1879 1358 2049 1381 sermones
2078 1351 2158 1389 ipsis
2187 1357 2252 1379 non
2281 1356 2400 1379 conve-

1422 1396 1554 1425 nientes
1581 1396 1727 1434 tribuat,
1746 1399 1833 1427 Ran.
1853 1398 1922 1427 949.
1941 1399 2034 1436 Sa’pe
2055 1396 2197 1427 chorum
2219 1395 2335 1426 aliena
2357 1394 2400 1425 ab

1422 1436 1626 1481 arqu'mento
1646 1442 1779 1481 fabulae
1803 1445 1980 1474 canentem
2007 1445 2039 1474 et
2063 1444 2203 1482 inJ'uriis
2218 1451 2324 1482 prope
2341 1441 2401 1481 sa-

1422 1490 1553 1519 eentem
1581 1489 1784 1527 introducit,
1809 1489 1904 1520 velut
1927 1491 1964 1520 in
1994 1489 2193 1529 Phoenissis,
2218 1489 2299 1520 Aeli.
2327 1491 2399 1520 443.

1422 1535 1587 1574 Euripides
1600 1536 1640 1567 ab
1650 1536 1910 1577 Cephisophoute
1917 1536 2016 1567 sodali
2037 1537 2166 1576 adjutus
2180 1537 2212 1567 in
2226 1536 2399 1576 μελοποιίᾳ,

1412 1581 1469 1620 fr.
1486 1586 1558 1619 231,
1576 1582 1605 1613 b.
1623 1583 1895 1622 sapientissimus,
1910 1584 1965 1623 qui
1981 1583 2211 1623 impudentiam
2227 1583 2399 1613 mulierum

1422 1630 1629 1668 perspexerit,
1638 1632 1663 1660 L
1668 1639 1716 1669 ys.
1731 1633 1790 1661 308
1803 1639 1851 1670 sq.
1866 1631 1898 1660 Ei
1912 1630 2027 1662 invisae
2039 1633 2130 1662 erant
2144 1630 2303 1668 mulieres,
2316 1631 2341 1660 L
2346 1638 2396 1669 ys.

1422 1679 1480 1707 283
1489 1678 1521 1707 el
1531 1677 1600 1707 sch.
1612 1679 1724 1712 Quare
1734 1676 1924 1716 Penelopen,
1934 1676 2085 1708 seminam
2097 1679 2228 1714 castam,
2237 1685 2301 1706 non
2313 1675 2399 1713 t'ecit,

1424 1723 1555 1756 Thesm.
1585 1726 1641 1754 547
1667 1732 1738 1764 sqq.
1774 1726 1817 1754 In
1855 1723 2212 1763 Thesmophariazusis
2237 1722 2401 1762 Euripides

1421 1778 1494 1800 cum
1514 1770 1624 1801 multis
1643 1770 1830 1809 ambagibus
1844 1770 2020 1801 dialecticis
2036 1778 2182 1801 socerum
2199 1778 2294 1800 suum
2312 1773 2399 1799 Mne-

1420 1817 1578 1847 silochum
1603 1817 1693 1848 ducit
1708 1818 1749 1847 ad
1772 1816 1904 1848 domum
1932 1817 2116 1856 Agathonis,
2146 1819 2255 1848 1-38,
2273 1819 2302 1846 15
2323 1816 2400 1846 dum

1423 1862 1564 1901 prodeat,
1592 1871 1703 1893 socero
1736 1867 1843 1894 narrat
1870 1864 2021 1894 mulieres
2045 1863 2106 1893 1130
2130 1863 2201 1902 ipsa
2228 1862 2280 1892 die
2307 1862 2402 1892 tertia

1421 1909 1748 1948 Thesmophorioruni
1785 1910 1941 1948 judicium
1977 1909 2017 1940 de
2048 1909 2119 1948 ipso
2159 1908 2337 1947 habituras,
2367 1911 2403 1939 nt

1421 1958 1523 1986 morte
1536 1956 1603 1986 luat
1617 1956 1765 1986 convicia
1787 1957 1818 1986 in
1837 1957 1997 1995 tragoediis
2015 1964 2117 1995 usque
2133 1955 2166 1985 in
2179 1964 2233 1986 eas
2245 1956 2400 1994 001110013;

1421 2003 1502 2033 velle
1520 2002 1615 2041 igitur
1630 2005 1665 2033 ut
1682 2003 1805 2041 Agatho
1822 2004 1971 2034 muliebri
1985 2003 2066 2034 stola
2081 2002 2215 2033 indutus
2231 2003 2322 2042 quasi
2335 2012 2402 2033 mu-

1419 2050 1478 2080 lier
1494 2050 1591 2080 verba
1609 2059 1665 2089 pro
1684 2050 1755 2089 ipso
1776 2051 1884 2090 saciat,
1900 2054 2032 2082 71-95,
2046 2050 2241 2088 Agathonem
2253 2050 2403 2089 precibus

1421 2097 1506 2135 adit;
1524 2097 1579 2127 sed
1603 2097 1656 2127 hic
1677 2106 1749 2128 cum
1773 2098 1919 2129 irrisione
1949 2107 2015 2129 rem
2045 2096 2206 2136 repudiat,
2228 2097 2401 2129 177-208,

1422 2145 1526 2180 Quare
1541 2144 1782 2183 Mnesilochum,
1797 2145 1852 2184 qui
1875 2154 1908 2176 se
1925 2145 1954 2176 ei
1977 2145 2088 2183 tradit,
2106 2143 2279 2183 Agathonis
2303 2137 2403 2174 11013-

1421 2191 1493 2220 01113
1519 2192 1550 2221 et
1564 2190 1757 2221 indumentis
1782 2191 1994 2222 muliebribus
2015 2194 2151 2222 exornat
2169 2192 2206 2221 ut
2223 2190 2400 2228 mulierem,

1422 2238 1455 2267 et
1477 2237 1544 2267 abit
1572 2237 1660 2276 signo
1686 2237 1850 2269 concionis
1877 2239 1908 2268 in
1934 2236 2189 2277 Thesmophorio
2217 2240 2402 2276 apparente,

1423 2286 1597 2315 213-279.
1616 2284 1813 2315 Mnesilocho
1829 2285 2028 2324 deprehenso
2048 2287 2080 2315 et
2101 2287 2137 2314 ut
2156 2283 2273 2314 Helena
2294 2286 2329 2314 in
2341 2285 2402 2322 sa-

1423 2331 1506 2362 bula
1524 2331 1703 2370 Euripidis
1728 2332 1767 2362 ad
1791 2332 1853 2362 uili
1868 2332 1988 2363 1100013
2003 2333 2174 2372 querente,
2199 2330 2329 2361 advenit
2351 2334 2402 2361 Eu-

1423 2378 1540 2418 ripides
1554 2378 1733 2409 Menelaum
1747 2387 1857 2418 agens,
1874 2380 1907 2409 ut
1925 2387 1999 2410 eum
2012 2378 2144 2418 eripiat;
2163 2377 2218 2408 sed
2233 2377 2403 2408 accedi-mc

1427 2427 1560 2463 prytanc
1584 2424 1691 2463 fugere
1716 2425 1861 2464 cogitur,
1888 2434 1990 2456 novas
2012 2424 2177 2455 machinas
2201 2423 2401 2463 promittens,

1423 2474 1597 2502 871-927,
1627 2472 1731 2503 Α5501·1
1751 2472 1903 2502 astrictus
1917 2471 2132 2502 Mnesilochus
2157 2470 2211 2501 ubi
2227 2469 2400 2500 Androme-

1423 2518 1496 2549 dam
1521 2518 1678 2557 imitatur,
1702 2519 1817 2549 iterum
1834 2518 1966 2549 advenit
1982 2517 2149 2557 Euripides
2172 2516 2273 2547 Persei
2298 2518 2402 2556 partes

1424 2574 1531 2604 agens,
1557 2569 1758 2596 1015-1025
1774 2588 1782 2604 ,
1807 2565 1921 2595 deinde
1947 2565 2050 2595 Echus
2074 2572 2117 2594 ex
2140 2572 2205 2594 sua
2235 2561 2402 2601 trayoedia

1424 2611 1650 2649 Andromeda,
1679 2615 1893 2649 1056-1097,
1921 2611 2039 2641 iterum
2064 2609 2186 2648 Persei,
2207 2608 2263 2640 sed
2285 2609 2403 2648 scytha

1424 2657 1512 2688 rudis
1530 2660 1638 2689 custos
1664 2657 1849 2688 Mnesilochi
1867 2657 2002 2696 poeticis
2025 2655 2190 2687 fraudibus
2211 2654 2313 2694 decipi
2337 2664 2400 2685 non

1424 2707 1539 2743 potest,
1570 2706 1787 2735 1098-1133.
1808 2708 1912 2742 Quare
1926 2702 2264 2742 Thesmophoriazusis
2289 2710 2401 2744 pacem

1423 2751 1530 2788 offert,
1548 2759 1580 2780 50
1595 2759 1657 2780 non
1673 2759 1815 2789 unquam
1830 2750 1914 2789 ipsas
1929 2750 2076 2780 convicio
2094 2750 2246 2780 laesurum
2270 2749 2400 2788 promit-

1424 2798 2027 2837 1005,01113131113001111011111111110105;
2051 2796 2091 2827 ab
2114 2796 2230 2836 Scytha
2252 2796 2321 2836 ipse
2345 2805 2399 2826 au-

1425 2845 1504 2875 ferat
1526 2853 1685 2882 socerum,
1705 2847 1917 2875 1160-1171.
1934 2848 2040 2882 Quare
2053 2852 2128 2874 eum
2140 2843 2265 2874 accedit
2279 2845 2313 2874 ut
2322 2851 2402 2873 anus

1424 2892 1506 2929 1003,
1531 2900 1604 2922 cum
1631 2892 1834 2922 incretricula
1859 2894 1890 2922 et
1914 2891 2060 2929 tibicine3
2087 2890 2299 2928 meretriculae
2323 2889 2399 2920 dum

1423 2947 1553 2978 operam
1577 2938 1631 2968 dat
1654 2939 1792 2977 scytha,
1814 2940 1964 2969 invocato
1987 2938 2145 2968 Mercurio
2174 2936 2399 2968 Mnesilochum

1421 2985 1515 3016 501111
1529 2985 1717 3024 Euripides,
1734 2988 1765 3016 ct
1780 2986 1949 3024 aufugiunt
1966 3009 1975 3024 ,
2008 2988 2264 3015 1172-1209.—
2279 2982 2399 3022 Euripi-

1423 3032 1472 3063 dis
1496 3033 1584 3063 locus
1609 3041 1652 3062 ex
1676 3033 1792 3070 AEolo,
1815 3033 1845 3063 iu
1869 3042 1933 3072 quo
1955 3033 2049 3063 frater
2078 3032 2236 3070 subagitat
2258 3037 2397 3060 sororem

1425 3080 1595 3117 uterinam,
1616 3079 1796 3110 Canachen
1819 3082 2012 3117 Macareus,
2029 3078 2119 3110 Ναί).
2142 3080 2214 3109 1371
2241 3085 2290 3117 sq.
2320 3075 2398 3107 Vide

1424 3131 1523 3165 Auge.
1542 3127 1626 3165 Ejus
1648 3126 1823 3165 traqadiw
1841 3126 1991 3157 nonduin
2012 3125 2122 3157 docta*
2134 3122 2349 3155 Andromeda
2365 3124 2398 3153 et

1422 3175 1608 3205 Phanis-sce
1622 3174 1740 3212 respici
1757 3173 1801 3203 ab
1816 3175 1947 3204 Comico
1970 3171 2177 3203 ridebantur
2190 3168 2398 3208 Asclepiadoe

1424 3224 1457 3252 in
1473 3225 1532 3252 Ar.
1552 3223 1623 3257 348,
1639 3222 1715 3252 423.
1735 3219 2042 3258 .›ti·clielaisabulce
2056 3219 2195 3249 initium
2213 3214 2396 3255 Euripides

1414 3268 1570 3307 sortasse
1589 3268 1874 3306 mutaritpostca,
1891 3269 1974 3297 Itan.
1992 3268 2079 3295 1200.
2095 3264 2181 3303 Ejus
2193 3260 2392 3302 Hypsipyle,

1422 3315 1617 3351 Plurnissa',
1636 3315 1774 3353 Antiope
1789 3313 1911 3353 paullo
1928 3314 2008 3343 aute
2026 3314 2140 3342 Ranas
2162 3309 2290 3346 doctce,
2308 3309 2392 3339 Rau.

1422 3366 1470 3392 53.
1498 3360 1772 3392 l'..·111(lromeda.
1800 3360 1872 3398 Ejus
1896 3363 1961 3397 luo,
1990 3355 2292 3396 1’0.ςρ.1414.1ῑ)’)ιε
2320 3354 2395 3383 Ore·

1420 3412 1485 3440 stes
1508 3409 1549 3439 ab
1574 3407 1761 3447 lleyelocho
1785 3407 1949 3438 histrione
1972 3406 2080 3438 actus,
2108 3406 2179 3434 Rau
2223 3404 2293 3432 303.
2320 3398 2396 3430 Ete-
