2485 3808
775 188 1023 226 SCHOLIA
1060 189 1119 227 IN
1159 189 1589 229 LYSISTRATAM.

178 291 239 316 654.
271 270 342 325 (εἶτ’
357 274 594 318 ἀναλώσαντες
615 288 623 313 ζ
650 275 701 314 Τὸ
718 270 791 313 εἶτα
807 275 998 327 παρέλκει.)

177 349 238 373 656.
269 328 335 384 ἆρα
360 331 505 384 γρυκτόν
533 334 624 370 ἐστιν
648 347 655 371 :
680 327 767 385 Ἆρα
793 332 913 384 γρύξαι
941 331 1110 385 ὀφείλετε,
1133 331 1154 377 ἢ

125 391 321 444 παρρησίαν
343 390 449 441 ἄγειν.
475 389 619 443 ἀψήκτῳ
639 391 674 428 δὲ
692 391 949 443 ἀκαταμάκτῳ,
970 391 992 436 ἢ
1018 393 1158 442 σκληρῷ

125 451 183 488 καὶ
200 448 406 501 ἀμαλάκτῳ.
428 447 577 500 κοθόρνῳ
597 449 632 485 δὲ
648 451 697 501 τῷ
719 449 927 499 ὑποδήματι.

89 527 105 550 5
177 520 238 546 660.
268 505 475 544 κάπιδώσειν
506 522 564 556 μοι
593 508 715 546 δοκεῖς
744 507 832 545 Ἀντὶ
863 510 923 544 τοῦ
960 505 1158 558 προσθήκην

123 565 280 616 σχήσειν.

176 636 240 661 663.
269 621 332 668 τὴν
350 621 500 672 ἐξωμίδα
525 636 532 660 ;
556 623 702 665 Ιίὐτελὲς
721 623 871 672 ἱμάτιον.

176 694 239 719 664.
270 682 522 733 ἐντεθριῶσθαιζ
547 681 829 732 Ἰἰντετυλίχθαις
848 680 1066 718 ἐσκευάσθαι.
1090 695 1152 728 με-

123 739 321 785 τενήνεκται
344 739 378 776 δὲ
402 739 470 776 ἀπὸ
489 743 547 776 τοῦ
573 738 759 789 λεγομένου
778 739 870 791 θρίου
890 738 1131 786 σκευάσματος
1148 766 1156 782 ,

74 811 105 835 lo
124 796 142 834 ὃ
161 800 195 836 ἐν
215 796 319 835 σύκου
341 796 478 849 φύλλοις
498 799 653 835 εἰλεῖται.

175 869 238 894 665.
265 854 451 897 λυκόποδες
476 869 484 893 :
506 855 709 897 Λυκόποδας
731 854 887 899 ἐκάλουν,
913 855 958 895 ὡς
984 851 1045 902 μὲν
1068 852 1156 903 Ἀρι-

123 913 303 960 στοτέλης,
330 912 405 956 τοὺς
435 915 501 950 τῶν
532 912 705 964 τυράννων
738 911 950 980 δορυφόρους.
984 925 1060 952 τους
1090 908 1156 961 γὰρ

124 971 342 1022 ἀκμάζοντας
363 973 431 1008 τῶν
448 972 588 1007 οἰκετῶν
605 970 662 1007 ἐπὶ
690 972 731 1020 τῇ
751 973 810 1006 τοῦ
833 969 994 1018 σώματος
1021 968 1086 1019 ιρυλ
1090 969 1155 1017 ακῇ

124 1028 283 1067 ἔὸαλλον.
304 1024 489 1070 λυκόποδες
511 1026 546 1065 δὲ
570 1028 773 1073 ἐκαλοῦντο,
794 1026 846 1064 ότι
872 1025 928 1063 διὰ
952 1041 1042 1062 παντ
1045 1040 1079 1068 ος
1105 1028 1156 1061 εἰ-

74 1105 104 1128 15
123 1102 186 1138 χον
216 1102 293 1129 τους
323 1085 429 1128 πόδας
459 1085 570 1122 λύκων
597 1083 743 1136 δέρμασι
774 1084 1057 1136 περικεκαλυμμε
1045 1097 1155 1128 νους,

121 1144 211 1182 ὥστε
236 1143 284 1194 μὴ
303 1142 517 1181 ἐπικαίεσθαι
542 1144 581 1179 ἐκ
600 1158 659 1180 του
679 1157 908 1194 περιεχοντος.
937 1140 1023 1183 τινὲς
1041 1138 1077 1178 δὲ
1096 1142 1157 1177 λυ-

121 1202 286 1248 κόποδας,
317 1200 374 1239 διὰ
409 1200 448 1238 τὸ
484 1199 575 1251 ἔχειν
609 1200 667 1238 ἐπι
700 1215 768 1237 των
801 1201 954 1237 ἀσπίδιον
987 1198 1157 1248 ἐπίσημον

120 1260 234 1299 λύκον.
255 1262 285 1310 (ὁ
320 1257 355 1297 δὲ
388 1258 632 1311 Ἀριστοφάνης
664 1258 727 1310 ἔφη
762 1274 839 1301 τους
868 1262 925 1295 νῦν
951 1255 1157 1307 λεγομένους

120 1317 381 1369 Ἀλμαιωνίδας.
403 1312 495 1355 οὗτοι
525 1315 591 1368 γὰρ
618 1316 768 1366 πόλεμον
790 1316 957 1369 ἀράμενοι
978 1315 1063 1368 πρὸς
1083 1315 1158 1353 Ἱπ-

69 1391 103 1414 20
120 1376 202 1414 πίαν
227 1375 285 1414 τὸν
303 1375 467 1428 τύραννον
496 1375 555 1412 καὶ
570 1373 646 1417 τοὺς
664 1373 956 1427 Πεισιστρατίδας
979 1372 1154 1424 ἐτείχισαν

119 1434 159 1472 τὸ
175 1433 404 1487 Λειψύδριον.)

173 1506 236 1531 666.
265 1491 470 1543 Λειψύδριον
499 1503 508 1529 :
536 1490 674 1542 Χωρίον
706 1492 766 1535 τῆς
795 1489 949 1535 Ἀττικῆς
988 1489 1067 1540 περὶ
1094 1488 1157 1534 τὴν

121 1549 318 1602 Πάρνηθον,
337 1551 382 1592 εἷς
401 1548 418 1586 ὃ
439 1550 547 1594 συνηλ
549 1547 605 1585 θόν
625 1563 713 1590 τινες
732 1550 770 1584 ἐκ
786 1552 844 1584 τοῦ
861 1547 1000 1593 ἄστεος,
1019 1546 1064 1589 ὥς
1088 1563 1154 1599 φη-

120 1623 173 1645 σιν
198 1605 428 1666 Ἀριστοτέλτς
453 1608 487 1644 ἐν
508 1605 695 1651 Ἀθηναίων
722 1604 891 1657 πολιτείᾳ.

67 1676 100 1701 25
172 1678 236 1704 667.
266 1664 315 1702 ὅτ’
334 1668 421 1714 ἦμεν
442 1663 492 1701 ἔτι
514 1676 523 1701 :
543 1661 667 1700 Λείπει
685 1662 856 1714 νεώτεροι.

171 1737 233 1762 669.
262 1724 529 1774 κάναπτερωσαι
562 1734 571 1759 :
599 1719 878 1773 Ἔλαφρύνασθαι
908 1719 967 1757 καὶ
997 1722 1155 1765 ἀνθῆσαι.

169 1793 232 1819 673.
261 1781 411 1831 λιπαρᾶς
438 1777 657 1831 χειρουργίας
685 1792 693 1816 :
720 1778 752 1816 'A
770 1777 820 1814 ντὶ
848 1781 906 1814 τοῦ
930 1777 1070 1828 τόλμης.
1103 1779 1156 1815 λι-

117 1837 223 1891 παρὲς
242 1837 359 1889 ἔλεγον
379 1836 417 1874 τὸ
436 1835 623 1888 προσεχὲς,
641 1837 680 1873 ἐκ
702 1839 762 1872 τοῦ
780 1834 857 1872 λίαν
879 1836 1053 1887 παρεῖναι.
1085 1851 1154 1888 φη-

117 1896 170 1934 σὶν
186 1892 244 1934 οῧν
259 1895 311 1933 ὅτι
326 1897 386 1933 οὐκ
402 1893 581 1947 ἀφέξονται
599 1897 792 1946 προσεχοῦς
811 1892 911 1946 ἔργου
929 1896 963 1930 αἱ
983 1897 1153 1943 γυναῖκες.

62 1974 97 1999 30
169 1969 234 1994 675.
266 1952 465 2007 Ἀρτεμισία
482 1951 702 2002 Λυγδάμιδος
717 1951 869 2004 θυγάτηρ
887 1951 926 1988 τὸ
942 1951 1036 2002 γένος
1053 1952 1155 2004 Ἐφε-

116 2012 194 2058 σία,
213 2011 288 2058 ἥτις
310 2010 532 2062 ’συνεμάχησε
558 2009 672 2062 Ξέρξῃ
698 2008 790 2046 κατὰ
817 2012 877 2054 τῆς
901 2009 1070 2052 Ἑλλάδος
1095 2009 1154 2046 καὶ

115 2071 239 2113 ἱκανῶς
254 2067 530 2121 ἠνδραγάθησεν.

167 2141 230 2167 676.
261 2126 442 2179 διαγράφω
460 2125 537 2169 τοὺς
555 2125 682 2168 ἱππέας
703 2139 710 2164 :
733 2127 932 2177 Περιαιρῶ,
952 2125 1021 2162 ἀπὸ
1041 2141 1153 2175 μετα-

114 2191 220 2238 φορᾶς
246 2187 314 2223 τῶν
343 2182 565 2233 δικαζόντων,
591 2183 623 2220 οἳ
649 2182 843 2234 ἐχάρασσον
874 2182 950 2225 τοὺς
976 2198 1149 2233 κατεγνω-

61 2260 94 2286 35
115 2243 271 2292 σμένους.
290 2243 340 2292 (ἐκ
354 2241 389 2278 δὲ
402 2239 523 2278 τούτου
535 2240 680 2282 εὐτελεῖς
693 2239 872 2289 ἡγήσομαι
892 2240 1040 2289 αὐτούς.)
1061 2256 1151 2286 νικη·

114 2298 356 2350 θήσονταιγὰρ
374 2297 440 2335 ὑπὸ
459 2300 526 2335 τῶν
544 2299 727 2348 γυναικῶν.

166 2371 230 2396 677.
260 2356 415 2407 κᾶποχον
436 2368 446 2393 :
473 2357 505 2393 Τ
507 2353 642 2392 ουτέστι
661 2353 848 2403 δυνάμενον
869 2354 1085 2404 ἐποχεῖσθαι.
1108 2378 1150 2383 -

114 2418 229 2459 παίζει
247 2413 283 2452 δὲ
297 2413 383 2466 πρὸς
396 2412 458 2458 τὴν
473 2410 669 2450 συνουσίαν.

183 2487 228 2515 79
260 2472 299 2515 ἃς
330 2471 453 2510 Μίκων
480 2469 611 2542 ἔγραψε
642 2483 650 2507 :
682 2467 831 2514 Ποικίλη
858 2468 944 2506 στοὰ
971 2469 1148 2516 Ἀθάνησιν

59 2542 94 2568 40
113 2529 202 2569 οὕτω
219 2529 386 2581 λεγομένη
407 2527 463 2566 διὰ
482 2527 544 2574 τὴν
564 2530 706 2565 ἓνουσαν
726 2525 876 2579 γραφήν.
898 2526 977 2564 ἔνθα
996 2528 1149 2574 πεποίη-

111 2603 169 2625 κεν
188 2591 206 2625 ὃ
222 2587 344 2626 Μίκων
363 2601 431 2623 των
451 2584 655 2632 Ἀμαζόνων
672 2583 735 2630 τὴν
749 2583 888 2655 μάχην.
910 2588 951 2630 ἠν
972 2584 1007 2622 δὲ
1026 2585 1149 2624 Φανό-

111 2661 175 2696 χου
195 2645 280 2691 υιὸς,
301 2645 488 2690 Ἀθηναῖος.
509 2642 583 2680 ἔστι
611 2641 646 2679 δὲ
665 2641 726 2679 καὶ
746 2641 859 2693 ἕτερος
878 2643 1002 2680 Μίκων
1024 2646 1070 2687 εἷς
1087 2659 1149 2681 πε-

111 2703 186 2739 νίαν
207 2701 493 2754 κωμῳδούμενος.

163 2773 226 2798 680.
252 2760 309 2798 τὸν
325 2758 466 2811 κύφωνα
485 2758 588 2809 λεγει.
608 2766 648 2795 R

58 2833 93 2857 45
164 2831 228 2857 682.
258 2817 496 2868 ζωπυρήσεις;
521 2816 610 2854 Ἀντὶ
626 2832 686 2853 του
704 2816 896 2875 ἀνεγείρῃς.

166 2889 229 2914 683.
258 2873 353 2912 λύσω
368 2873 431 2919 τὴν
458 2875 609 2923 ἐμαυτῆς
638 2877 674 2910 ὓν
696 2886 704 2911 :
725 2867 792 2912 ἐνΥν
820 2890 883 2920 την
910 2872 1009 2926 φύσιν
1035 2874 1146 2925 λεγει,

111 2932 174 2979 τὴν
191 2931 305 2984 ὀργήν.

164 3003 226 3028 684.
256 2989 315 3026 καὶ
343 2987 478 3033 ποιήσω
496 2987 645 3039 τήμερον
676 3001 684 3025 :
720 2974 867 3034 Ποιήσω
896 3004 934 3026 σε
963 2988 1144 3040 δερόμενον

114 3047 352 3085 ἐπικαλεῖσθαι
373 3046 419 3087 εἷς
441 3044 600 3095 βοήθειαν
616 3043 692 3087 τοὺς
713 3045 879 3095 δημότας.

59 3116 94 3142 50
165 3118 228 3143 685.
258 3102 488 3151 πεκτούμενον
510 3115 518 3140 :
539 3104 571 3140 Τ
576 3101 762 3150 ιλλόμενον,
784 3102 950 3152 ξεόμενον.

164 3175 226 3200 687.
257 3160 346 3197 ἀλλὰ
380 3161 525 3209 χήμεῖς,
558 3152 586 3195 (ἶ)
611 3161 768 3207 γυναῖκες
801 3173 810 3197 z
843 3163 1041 3210 Μιμοῧνται
1070 3162 1146 3204 τοὺς

111 3221 178 3256 τῶν
199 3219 328 3269 ἀνδρῶν
348 3216 478 3265 λόγους.

165 3290 228 3315 668.
257 3277 302 3317 ὡς
323 3273 363 3311 ἄν
383 3288 391 3311 :
412 3271 538 3315 (Ὅπως
553 3272 606 3309 ἄν.

165 3332 309 3376 αὐτοδὰξ
329 3330 550 3383 ὠργισμένων
568 3344 576 3368 :
600 3329 700 3368 Πάνυ
719 3331 956 3381 ὠργισμένων.

217 3407 320 3430 scum.
343 3406 502 3428 Amsrovn.
751 3381 754 3385 “

2173 203 2244 234 257

1271 289 1334 314 690.
1363 275 1418 314 ἵνα
1447 277 1581 326 μήποτε
1608 277 1699 330 ιράγῃ
1730 291 1737 316 ζ
1770 275 1849 316 Ἵνα
1879 279 1926 329 μὴ
1959 281 2006 323 εἷς
2034 279 2126 332 ὥραν
2156 281 2249 328 ἔλθη.

1216 335 1331 378 παίζει
1359 334 1394 371 δὲ
1426 335 1495 372 ἀπὸ
1514 338 1581 372 τῶν
1609 336 1767 374 εὐτελῶν.
1847 336 1903 374 ἵνα
1931 337 1979 387 μὴ
2007 337 2132 389 δικάσῃ
2163 328 2250 389 μηδὲ

1216 392 1411 443 πολεμήση.
1434 394 1479 435 εἰς
1494 392 1560 444 γὰρ
1579 392 1636 430 τὸν
1657 393 1807 443 πόλεμον
1825 393 1964 445 φέρουσι
1981 394 2140 447 σκόροδα.
2163 399 2192 433 οἱ
2215 396 2250 434 δὲ

1217 449 1377 487 δικασταὶ
1402 451 1571 502 τρώγουσι
1582 451 1761 533 κζυάμους,
1781 451 1837 489 ἵνα
1859 452 1907 502 μὴ
1929 457 2152 504 κοιμηθῶσιν.
2173 454 2247 492 ὅθεν

1218 516 1288 558 [Eq.
1311 514 1357 554 41]
1380 527 1394 541 n
1416 508 1638 560 κυαμοτρὼξ,
1661 509 1861 561 ἀκράχολος.
1883 529 1896 543 u
2271 529 2286 553 5

1269 579 1330 604 694.
1363 569 1441 616 (fa-rte
1448 568 1561 618 ρχολω
1580 566 1670 617 γάρῖ
1689 566 1755 604 Διὰ
1777 567 1882 616 μέσου
1899 569 1937 605 τὸ
1954 571 2136 621 ὑπερχολῶ
2153 570 2249 622 γάρ.)

1269 638 1332 662 695.
1363 624 1474 660 αἰετὸν
1500 623 1689 661 τίκτοντα;
1721 625 1842 661 Αείπει
1862 626 1899 663 τὸ
1919 629 1975 667 ὣς.
2001 628 2190 679 παροιμία,
2210 639 2252 680 ἧς

1217 721 1222 732 ι
1217 696 1389 731 αεμνηται
1403 696 1463 717 και
1481 682 1514 717 ἐν
1534 682 1576 718 Εἰ
1568 696 1665 732 ρηνῃ
1680 681 1773 731 [[33].
1791 697 1833 718 τα
1849 698 1943 734 γαρ
1927 683 1979 720 ὠα
2003 699 2068 720 των
2092 686 2200 721 ἀετων
2220 688 2250 722 οἱ

1215 740 1377 790 κάνθαροι
1404 737 1576 780 κυλίοντες
1601 738 1863 790 διαφθείρουσιν.
1887 764 1937 769 -
1959 741 2032 778 ἐπεὶ
2060 741 2137 784 τοὺς
2164 758 2250 780 καν-

1215 797 1337 849 θάρους
1351 799 1381 834 οἱ
1401 796 1494 833 ἀετοὶ
1515 795 1753 846 οἷναλέγονται.
1775 804 1811 834 Β.
1830 805 1864 834 L.
2276 820 2306 844 10

1267 868 1330 893 697.
1363 853 1523 903 Ἰσμηνία
1545 851 1709 903 ζ”Ονομα
1730 854 1900 904 γυναικός.

1267 926 1331 951 698.
1362 912 1431 950 οὐδ’
1451 911 1492 956 ἢν
1514 910 1654 954 ἑπτάκις
1675 911 1715 948 σὺ
1736 912 1871 964 ψηφίσῃ
1896 927 1904 951 ;
1934 914 1980 950 Οἳ
2007 913 2073 965 γὰρ
2092 913 2253 965 ’γέροντες

1215 971 1267 1008 ἀεὶ
1283 970 1483 1022 ἐψηφίζοντο
1499 969 1693 1012 κελεύοντες
1709 969 1742 1007 τί
1759 970 1928 1022 πρακτέον
1948 970 2007 1008 καὶ
2024 971 2057 1008 τί
2073 971 2137 1022 μή.
2215 990 2217 993 ⁴

1266 1040 1330 1066 700.
1361 1026 1523 1077 παιγνίαν
1547 1040 1555 1065 :
1577 1026 1736 1078 Ἑορτην.

1265 1099 1330 1124 701.
1362 1085 1475 1123 λείπει
1496 1087 1570 1128 ταῖς
1588 1087 1698 1131 εμαῖς.
1719 1093 1757 1122 Β.
1778 1085 1840 1132 τὴν
1862 1086 2000 1147 ἑταίραν
2023 1100 2031 1125 :
2052 1088 2102 1126 Τὸ
2132 1103 2157 1139 χ
2181 1090 2251 1138 (ἐν-
2276 1106 2306 1130 15

1213 1146 1348 1193 ταῧθα)·
1369 1142 1420 1181 ὅτι
1440 1159 1503 1189 ττν
1524 1146 1672 1193 γυναῖκα
1699 1143 1838 1196 ἑταίραν
1864 1149 1958 1182 εἶπεν
1978 1147 2024 1188 ὡς
2043 1147 2175 1197 ἑταῖρον
2195 1147 2251 1184 τὸν

1214 1202 1343 1248 συνήθη
1364 1201 1423 1239 καὶ
1441 1201 1550 1254 φίλον.

1265 1274 1330 1299 702.
1363 1262 1402 1297 ἐκ
1422 1242 1582 1298 Βοιωτῶν
1609 1258 1752 1310 ἔγχελυν
1777 1273 1785 1298 :
1818 1259 1924 1312 Παρὰ
1951 1261 2251 1312 προσδοκίαν,πε’-

1212 1333 1351 1369 παιχεν.
1374 1321 1408 1356 ἐν
1428 1317 1495 1370 γὰρ
1514 1320 1556 1369 τῇ
1582 1316 1747 1356 Κωπαίδι
1776 1317 1881 1369 λίμνῃ
1909 1318 2071 1368 μέγισται
2102 1319 2253 1370 ἐγχέλεις

1214 1376 1401 1426 (γίνονται).
2272 1393 2306 1416 2ο

1266 1447 1332 1472 703.
1363 1433 1418 1471 διὰ
1440 1433 1485 1471 τὰ
1518 1431 1562 1470 σὰ
1588 1432 1798 1485 ψηφίσματα
1826 1447 1834 1471 τ
1861 1433 1919 1472 Τὰ
1945 1434 2154 1486 ψηφίσματα
2183 1451 2253 1472 κω-

1212 1490 1350 1530 λύοντα.

1268 1563 1332 1588 706.
1366 1549 1500 1586 ἄνασσα
1516 1548 1668 1599 πράγους
1689 1563 1697 1587 :
1716 1549 1781 1586 Ἐκ
1802 1550 1964 1601 Τηλέφου
1980 1550 2180 1602 Εὐριπίδου.

1265 1621 1332 1646 707.
1363 1606 1448 1658 γυνὴ
1468 1607 1551 1658 πρὸς
1569 1606 1824 1658 Λυσιστράτην.
1844 1614 1883 1643 Β.
1967 1616 1983 1634 8

1267 1678 1330 1703 713.
1361 1666 1436 1701 ἀλλ’
1455 1664 1599 1716 αἰσχρὸν
1621 1665 1727 1701 εἰπεῖν
1744 1677 1752 1702 :
1775 1663 1833 1708 Ἐξ
1852 1665 2049 1715 Εὐριπίδου.
2270 1686 2304 1709 25

1264 1736 1327 1761 715.
1357 1717 1380 1773 ᾗ
1404 1722 1592 1775 βράχιστον
1617 1721 1799 1771 τοῦλόγου
1823 1735 1830 1760 :
1862 1722 1952 1760 Ἀντὶ
1972 1727 2031 1759 τοῦ
2054 1722 2109 1760 ἵνα
2131 1724 2249 1762 συντό-

1213 1797 1284 1831 μως
1300 1780 1397 1817 εἴπω.

1264 1852 1330 1876 719.
1359 1836 1476 1883 ἱκανή.
1494 1845 1532 1874 Β.

1264 1909 1326 1933 720.
1358 1894 1454 1932 διαλῖ
1439 1908 1610 1944 εγουσαν;
1633 1894 1903 1946 Διορύττουσαν.
1922 1896 2170 1950 κακεμφάτως.

1263 1966 1326 1991 721.
1357 1957 1378 2004 ᾑ
1401 1967 1461 1989 του
1495 1951 1610 1994 Πανός
1634 1953 1706 1988 ἐστι
1733 1952 1873 1990 ταυλιον
1905 1967 1913 1991 :
1941 1936 2069 1992 “Omtss.

1211 2010 1428 2063 ἀκροπόλει
1421 2027 1449 2047 ιε
1454 2009 1510 2061 ρόν
1533 2012 1608 2047 ἐστι
1630 2014 1689 2047 *eo-“J
1709 2010 1837 2054 Πανός.

1262 2083 1325 2107 722.
1356 2067 1690 2118 κατειλυσπωμένην
1727 2082 1735 2106 z
1775 2071 2021 2107 Εἰλυσπᾶσθαι
2052 2070 2177 2123 κυρίως
2208 2071 2248 2109 τὸ

1209 2127 1265 2165 ἐπὶ
1284 2142 1347 2177 γης
1366 2126 1496 2177 ἕρπειν,
1519 2125 1636 2177 ὥσπερ
1657 2127 1687 2162 οἱ
1705 2125 1797 2177 ὄφεις
1817 2143 1875 2164 και
1893 2129 1922 2164 οἳ
1941 2127 2131 2173 σκωληκες.
2165 2129 2247 2178 (ἀπὸ

1208 2187 1267 2221 τού
1291 2185 1391 2220 εἱλεῖν
1408 2183 1466 2220 καὶ
1487 2186 1654 2220 σπᾶσθαι.
1672 2183 1870 2241 τροχιλία
1851 2183 1888 2221 ὀέ
1904 2200 1995 2221 εστιν
2014 2187 2031 2222 ὃ
2049 2186 2172 2238 τροχὸς
2187 2190 2249 2224 τοῦ

1209 2241 1307 2285 ξύλου
1331 2245 1391 2278 τοῦ
1420 2256 1482 2293 φρε
1468 2240 1584 2286 ἀτος,
1611 2241 1653 2277 δι’
1681 2243 1720 2276 οὓ
1748 2242 1867 2291 ἱμῶσι.
1884 2242 2078 2288 δεδήλωται
2103 2243 2159 2281 δε
2156 2244 2248 2296 περὶ
2267 2257 2301 2282 35

1206 2298 1327 2336 τούτου
1347 2314 1406 2335 και
1424 2300 1458 2334 ἐν
1473 2297 1643 2336 Ολκάσι.
1640 2308 1648 2347 )

1259 2369 1322 2394 723.
1352 2355 1415 2401 τὴν
1434 2356 1461 2392 δ’
1481 2356 1536 2393 ἐπὶ
1551 2359 1715 2407 στρουθοῦ
1733 2354 1816 2405 μίαν
1836 2369 1845 2394 :
1866 2357 1958 2409 Παρ’
1975 2356 2053 2395 ὅσον
2073 2358 2112 2395 τὸ
2132 2358 2246 2410 ὄρνεον

1206 2413 1329 2466 θερμὸν
1348 2416 1393 2456 εἰς
1410 2413 1606 2452 συνουσίαν.

1258 2485 1319 2509 725.
1350 2473 1383 2514 ἐς
1409 2471 1617 2523 Ὀρσιλόχου
1644 2472 1723 2524 χθές
1747 2485 1756 2510 z
1783 2472 1989 2524 Ὀρσίλοχος
2017 2474 2246 2525 πορνοὸοσκὸς

1205 2529 1264 2566 καὶ
1283 2528 1423 2579 μοιχὸς,
1440 2530 1499 2566 καὶ
1515 2529 1571 2566 ἐπὶ
1588 2531 1756 2576 θηλύτητι
1772 2531 2005 2582 κωμῳδεῖται.
2264 2549 2298 2573 40

1257 2600 1321 2625 729.
1353 2586 1429 2637 ἔριά
1460 2602 1518 2636 μοι
1549 2587 1709 2633 Μιλήσια
1743 2601 1752 2625 :
1791 2587 1850 2631 Ὡς
1880 2590 1941 2634 τῆς
1966 2588 2125 2635 Μιλήτου
2153 2590 2245 2628 καλὰ

1203 2643 1347 2695 ἐχούσης
1367 2643 1454 2695 ἔρια.

1256 2715 1320 2740 730.
1350 2702 1416 2739 ὑπὸ
1434 2704 1501 2739 τῶν
1519 2702 1606 2739 σέων
1630 2716 1638 2740 5
1662 2703 1772 2754 (Τῶν)
1789 2704 1916 2749 σητῶν.
1937 2703 2020 2755 πρὸς
2041 2702 2104 2750 τὴν
2131 2706 2242 2742 κλίσιν

1204 2758 1238 2796 δὲ
1254 2761 1321 2796 τῶν
1339 2758 1436 2796 σέων·
1455 2758 1506 2796 ὅτι
1526 2758 1595 2796 ἀπὸ
1611 2762 1671 2805 τῆς
1687 2759 1764 2802 σεὺς
1783 2759 1921 2803 εὐθείας.

1257 2829 1324 2854 732.
1358 2816 1436 2853 ὅσον
1456 2816 1700 2854 διαπετάσασα
1720 2829 1728 2853 :
1749 2816 2001 2854 Διαπετάσασα
2020 2817 2064 2854 τὰ
2083 2817 2171 2869 ἔρια.
2196 2820 2242 2861 εἷς
2261 2834 2294 2858 45

2228 1958 2249 1966 ω

2145 1956 2178 1991 ἐν
2207 1970 2303 2007 τῃ3ο

1203 2873 1241 2911 τὸ
1259 2873 1482 2925 κακέμφατον
1505 2872 1540 2910 δὲ
1561 2873 1761 2911 αἰνίττεται.

1254 2945 1317 2970 734.
1347 2930 1388 2976 ἢν
1416 2931 1537 2969 τούτου
1563 2932 1622 2981 δέῃ
1645 2944 1654 2969 1
1684 2933 1756 2969 Τοῦ
1784 2930 1987 2969 ἀπολέσθαι.
2019 2931 2070 2981 (ἢ)
2091 2932 2154 2969 κᾶν
2179 2933 2238 2984 δέῃ

1202 2991 1382 3035 ἀπελθεῖν,
1403 2989 1462 3026 καὶ
1478 2988 1616 3039 χρῄζεις
1631 2988 1680 3038 μὴ
1703 2987 1867 3039 ἀπέλθῃς.

1254 3060 1317 3086 735.
1347 3049 1408 3092 τῆς
1431 3046 1616 3097 ἀμόργιδος
1641 3060 1648 3084 :
1682 3048 1756 3091 Τῆς
1783 3045 2031 3095 λινοκαλάμης.
2062 3046 2135 3084 ἔστι
2161 3047 2196 3085 δὲ
2216 3052 2237 3091 ἡ

1202 3105 1345 3156 ἄμοργις
1361 3104 1476 3153 ὅμοιον
1497 3103 1673 3154 ἀλεπίστῳ
1692 3103 1788 3155 λίνῳ.
1813 3102 2072 3155 περιλεπίζουσι
2095 3103 2130 3140 δὲ
2152 3104 2236 3142 αὐτὸ
2256 3120 2291 3144 50

1200 3162 1259 3199 καὶ
1285 3161 1496 3213 ἐργάζονται.
1535 3161 1608 3198 ἔστι
1639 3159 1675 3197 δὲ
1714 3159 1846 3213 σφόδρα
1883 3160 2019 3207 λεπτὸν,
2055 3160 2235 3214 ὑπὲρ-τὴν

1203 3218 1386 3269 βύσσον,ἢ
1416 3219 1476 3263 τὴν
1505 3217 1696 3268 κάρπασον·
1731 3217 1806 3266 ἅμα
1844 3216 1879 3254 δὲ
1911 3218 1971 3255 καὶ
2001 3218 2058 3256 ἐπὶ
2079 3221 2235 3256 τοῦ-ἀν-

1200 3276 1311 3329 δρείου
1329 3275 1456 3314 αἰδοίου
1478 3275 1608 3322 παίζει,
1623 3274 1674 3312 ὅτι
1691 3275 1749 3312 καὶ
1772 3274 1898 3326 βάμμα
1922 3274 2052 3326 γίνεται
2079 3275 2112 3319 ἐξ
2130 3277 2234 3321 αὐτῆς

1199 3334 1349 3386 ἐρυθρόν.

2099 3405 2129 3428 17
