2517 3792
1016 164 1258 211 EQul'l't’M.

98 258 145 296 ad
164 259 280 306 Vesp.
298 268 332 291 v.
359 265 444 289 210.
465 250 539 288 Sed
559 257 595 286 et
613 262 688 285 non
714 249 802 286 satis
822 257 994 286 accurate
1014 262 1105 299 pen-

97 315 223 354 sitavit
242 309 502 360 Aristophanis
524 307 651 350 verba,
673 321 756 357 quae
773 308 934 344 innuunt
953 308 1107 358 quidem

98 372 350 423 suspicionem
377 366 594 404 rebellionis
615 366 769 412 futurae;
786 379 861 401 non
879 366 1108 415 quadrarent

99 444 208 477 vero,
243 429 273 465 si
296 426 374 476 jain
395 425 593 475 erupisset.
618 427 714 460 Nam
742 423 945 461 absurdum
979 426 1109 461 suisset

97 498 272 526 accusare
297 483 591 522 Demosthenem
617 491 652 519 ct
682 483 844 527 Niciam,
873 484 978 532 quasi
999 483 1110 519 Chal-

97 545 267 583 cidenses
289 542 336 579 ad
353 541 598 578 rebellionem
620 540 884 586 sollicitarent,
906 542 936 577 si
950 541 1027 590 jaun
1049 554 1110 577 re-

98 603 213 640 bellio
234 601 332 638 sacta
353 600 484 636 fuisset
504 599 654 636 duobus
680 599 787 635 annis
813 608 921 636 antea
947 608 982 636 et
1011 599 1107 648 plns.

98 660 210 708 Quod
242 659 272 696 si
291 659 376 709 quis
398 657 597 707 pertendat
629 656 675 693 de
702 656 875 693 Potidaeae
904 656 1109 693 rebellione

97 718 236 756 debere
261 716 439 766 intelligi,
470 724 559 752 tuuc
592 715 709 751 inulto
743 714 861 764 major
899 714 1110 750 absurditas

98 783 318 826 emergeret.
337 778 433 812 Nam
452 773 615 810 Potidaea
642 772 888 809 rebellaverat
917 780 1002 807 ante
1028 770 1110 806 bel-

99 837 177 874 lum
193 833 558 884 Peloponnesiacum
577 832 788 880 inceptum,
809 830 1029 878 Pythodoro
1050 842 1109 866 ar-

99 896 253 941 chonte,
273 902 316 930 ut
335 891 509 940 Thucyd.
529 890 592 927 lib.
619 903 632 926 1
652 898 689 926 et
707 902 741 925 2.
759 892 930 925 Picum.

153 953 243 998 238,
263 965 277 987 1
300 949 342 987 δι’
364 948 533 999 ἐλάχιστα
550 950 595 983 V.

153 1015 244 1055 242,
267 1023 285 1054 7
305 1006 432 1048 ἱππέας
459 1007 587 1055 (ἱππεῖς
620 1003 694 1053 Θ.).
709 997 755 1045 εἷς
783 1000 817 1038 δὲ
841 1003 909 1038 τῶν
937 1000 1072 1038 ἱππέων
1095 1002 1112 1037 ὁ

99 1071 144 1104 V.
163 1068 208 1106 Θ.
225 1067 361 1104 Glossa
385 1065 424 1100 in
441 1066 482 1099 V.
506 1061 626 1110 Σίμων
657 1060 715 1097 καὶ
736 1058 924 1102 Παναίτιος
948 1058 1111 1111 ὕπαρχοι.

153 1126 243 1171 243,
269 1136 313 1160 10
329 1125 347 1160 ὁ
366 1120 442 1171 μέγ.
464 1121 509 1158 Θ.
524 1144 565 1150 -
585 1133 625 1155 11
648 1117 710 1168 μὲν
731 1131 807 1155 om.
827 1119 872 1156 Θ.

154 1182 243 1228 245,
266 1181 311 1216 16
326 1179 393 1224 ἤδη
411 1180 457 1216 Θ.
479 1176 541 1222 ἥδε
565 1176 650 1214 Ald.

153 1245 243 1287 247,
265 1250 310 1274 21
339 1235 556 1287 ταράσσοντα
576 1237 618 1271 V:
642 1236 687 1274 Θ.
705 1259 744 1266 -
766 1235 812 1271 23
837 1233 895 1270 καὶ
919 1232 1016 1271 αὐτοὶ
1034 1246 1109 1271 om.

99 1298 147 1336 Θ.
162 1321 203 1328 -
217 1296 264 1333 25
285 1292 524 1346 διαφθείροντά
541 1307 577 1329 τε
594 1291 632 1329 τὸ
652 1297 696 1331 V.

153 1354 242 1400 248,
264 1353 312 1390 38
330 1351 542 1403 ἁρπάζοντος
560 1353 604 1385 V.

123 1408 131 1418 ⁸
154 1412 242 1456 253,
264 1411 312 1455 48
333 1411 402 1446 τῶν
429 1409 555 1460 κριθῶν
573 1406 632 1444 καὶ
655 1407 723 1443 τῶν
742 1409 859 1459 πυρῶν
880 1407 925 1445 Θ.
943 1430 980 1438 —-
996 1407 1042 1443 52
1060 1407 1114 1443 le-

100 1470 260 1522 gebatur
282 1468 399 1519 μύλων
421 1467 524 1519 ἀρχή.

156 1535 244 1580 254,
261 1535 308 1571 53
331 1548 363 1570 κ.
388 1531 574 1577 ἀλήθονται
597 1530 730 1568 Suidas
747 1530 862 1574 5.Τὰς
881 1531 1052 1574 ὁδούς.-ῐ
1079 1530 1114 1568 δὲ

100 1593 260 1644 λέγονται
278 1593 325 1631 Θ.
350 1592 385 1628 αἱ
415 1588 648 1640 ἀληλεσμέναι
667 1591 802 1628 Suidas
831 1605 858 1628 5.
885 1591 1049 1643 Κοίγχρυς
1079 1600 1115 1627 et

101 1651 267 1705 Κυρήῧια
287 1659 324 1688 et
355 1649 429 1692 Τὰς
447 1647 555 1692 ὁδούς.
582 1648 741 1694 πτυσοίνη
771 1652 816 1688 Θ.
838 1675 878 1682 -
900 1657 918 1694 4
942 1650 1114 1702 Εὔκρατες

102 1725 179 1750 oui.
198 1712 258 1758 Θ.,
279 1710 345 1760 qui
361 1709 499 1746 deinde
520 1709 702 1758 μυλωνῶν.

158 1769 247 1816 255,
268 1769 290 1805 8
313 1767 467 1818 μάλιστα
490 1767 556 1802 δικ.
575 1766 621 1803 Θ.
637 1794 680 1798 -
704 1780 748 1803 12
776 1769 835 1804 τοῦ
861 1765 1051 1818 τριωέὣου
1070 1767 1115 1805 Θ.

103 1853 142 1859 -
166 1828 210 1864 15
245 1831 393 1878 πατριᾶς
426 1824 511 1862 ΑΙά.
540 1824 686 1876 πατρίου
715 1826 761 1863 Θ.
778 1850 817 1856 -
839 1840 881 1872 ¹7
914 1826 1003 1863 libri
1029 1824 1117 1875 ἠμὲν

104 1922 192 1973 ἀμφ.
207 1944 248 1951 -
272 1919 317 1956 18
338 1920 384 1958 Θ.
402 1888 531 1971 πάτργιίι.
546 1941 588 1948 -
605 1931 650 1966 19
673 1920 690 1955 ὃ
705 1926 910 1968 utrumque
927 1931 1001 1955 om.
1019 1920 1064 1956 Θ.
1080 1944 1120 1950 -

105 1991 151 2015 21
178 1976 245 2014 ὑπὸ
273 1980 332 2014 τοῦ
356 1976 456 2023 ἡλίου
475 1979 520 2014 V.
541 1975 644 2013 Θ.-
663 1990 709 2013 22
741 1975 818 2019 τοὺς
851 1975 1015 2019 δικαστὰς
1040 1976 1118 2018 τοὺς

104 2034 337 2079 συνελθόντας.
345 2038 392 2072 V.

158 2093 247 2141 256,
269 2093 317 2130 25
338 2092 397 2130 καὶ
414 2092 532 2131 ἀδίκου
553 2095 723 2133 additum
742 2106 763 2130 a
782 2093 997 2130 Dindorfio.

159 2151 248 2198 258,
271 2152 317 2188 33
337 2153 406 2187 τῶν
423 2151 490 2203 πρὸ
508 2156 555 2190 V.

159 2215 248 2261 259,
262 2214 310 2251 35
326 2213 492 2260 κέκληται
508 2215 593 2252 Ald.
613 2224 649 2252 et
669 2215 802 2253 Suidas
819 2227 845 2250 5.
866 2213 1118 2257 Ἀποσυκάζεις.

104 2299 144 2306 .-
163 2274 208 2318 37
229 2270 392 2317 διεὸλήθη
412 2273 498 2308 Ald.
515 2281 552 2309 et
573 2273 720 2311 Suidas.
737 2298 779 2303 —
795 2273 841 2308 38
858 2285 938 2321 sqq.
959 2272 1094 2309 Suidas
1112 2287 1119 2307 τ

105 2330 374 2377 Ἀποσυκοὶζεις,
392 2336 634 2381 συκοφαντεῖς,
662 2330 868 2379 δοκιμάζεις.
890 2329 1119 2372 ἀποσυκείζειν

104 2388 171 2441 γὰρ
190 2387 286 2425 τὸτὰ
305 2386 456 2439 πέπειρα
473 2393 561 2425 σ’ὔκα
578 2388 759 2438 διαλέγειν.
783 2387 899 2439 διόπερ
926 2387 1119 2439 προσέθηκε

105 2446 231 2490 πιέζων
249 2461 256 2469 ·
279 2444 493 2488 ε’κθλίὲοντες
521 2444 586 2497 γὰρ
617 2445 848 2494 δοκιμάζομεν
884 2444 926 2482 τὰ
953 2449 1061 2493 σ’ῧκα,
1092 2447 1119 2483 εἷ

105 2504 255 2557 πέπειρά
275 2506 381 2553 ἐστιν,
399 2503 422 2549 ἢ
442 2504 503 2554 μή.
516 2504 589 2541 ἐπεὶ
607 2504 718 2541 τοίνυν
736 2503 894 2547 συκάζειν
912 2503 1048 2553 λέγεται
1062 2505 1120 2542 καὶ

106 2564 145 2602 τὸ
170 2568 413 2616 συκοφαντεῖν,
436 2561 495 2600 καὶ
524 2562 564 2600 τὸ
584 2566 672 2599 σῦκα
692 2562 873 2608 κλέπτειν,
897 2562 988 2606 ἅπαξ
1013 2563 1118 2601 εἰπὼν

60 2651 65 2654 -
106 2624 144 2661 τὸ
165 2622 323 2666 συκάζειν
353 2621 525 2671 ἐπήνεγκε
545 2622 583 2659 τὸ
607 2621 757 2666 πιέζων·
787 2622 860 2671 ἅμα
897 2621 958 2671 μὲν
987 2624 1032 2664 ὡς
1062 2624 1117 2660 ἐπὶ

108 2679 222 2718 σύκων
239 2695 246 2702 ·
267 2679 342 2729 ἅμα
364 2678 419 2726 δὲ,
440 2679 513 2716 ἐπεὶ
534 2679 592 2716 καὶ
611 2679 710 2722 αὐτὸς
730 2679 839 2716 ὓλίὲει
854 2678 931 2721 τοὺς
951 2694 1122 2732 συκοφαν-

107 2736 310 2786 τουμένους,
326 2736 386 2774 καὶ
406 2736 516 2780 πιέζει
543 2737 742 2788 δωροδοκῶν
767 2738 825 2775 καὶ
856 2738 1015 2775 διασείων
1045 2738 1123 2781 τοὺς

108 2793 330 2839 ὑπευθύνους,
348 2793 504 2831 τουτέστι
525 2793 602 2837 τοὺς
622 2794 671 2845 μὴ
698 2795 883 2845 λογισμοὺς
910 2811 1120 2848 προσεσχη-

110 2852 213 2893 κότας
237 2853 299 2896 τῆς
316 2852 425 2902 ἀρχῆς
448 2846 489 2896 ἧς
520 2853 781 2899 ἐπιστεύθησαν.
800 2877 838 2884 -
855 2855 903 2902 39
922 2856 951 2891 εἰ
974 2856 1120 2892 Suidas.

109 2908 323 2958 Legebatur
342 2906 364 2952 ἢ
384 2908 476 2957 ὠμὰ.
491 2933 530 2938 -
545 2910 593 2953 46
614 2911 854 2956 διαπεισθῆναι
877 2912 923 2950 Θ.

165 2967 253 3012 261,
276 2971 296 3008 4
318 2958 386 3001 οἷον
405 2966 692 3018 ἀφιλοπράγμονα
713 2969 758 3006 Θ.

166 3030 254 3071 262,
276 3028 298 3064 6
319 3032 389 3070 τοῖς
408 3026 615 3075 Ἀθηναίοις,
633 3044 652 3076 7
676 3033 794 3082 πυρῶν
823 3032 958 3069 Suidas
983 3046 1010 3070 s.
1028 3035 1121 3086 Χερ-

113 3086 264 3137 ρόνησος.
279 3111 320 3117 -
337 3085 359 3121 8
373 3085 420 3128 ὡς
435 3086 582 3133 οη1.Θ.,
603 3086 638 3124 δὲ
647 3091 777 3127 om.V.
790 3089 835 3126 Θ.
847 3115 886 3121 -
899 3091 942 3126 16
960 3091 1122 3140 κατάξας,

113 3142 438 3194 μετακαλεσάμενος
486 3153 572 3192 post
613 3146 842 3188 ὑποσκελίσας
887 3148 1120 3197 legebantur.

113 3202 364 3252 Transposuit
381 3200 580 3238 Dohraeus.
596 3227 637 3233 -
663 3217 709 3252 19
729 3204 902 3242 διαλαὸὼν
920 3210 1119 3248 Kusterus.

167 3262 255 3306 263,
275 3265 323 3302 24
339 3258 502 3311 ἀργυρίζῃ
520 3259 665 3297 Suidas.

168 3319 256 3362 264,
282 3317 330 3353 28
343 3316 454 3366 λέγειν
464 3316 659 3366 ὤλεταιΥ.,
677 3331 752 3355 non
770 3324 814 3357 G.
827 3346 867 3352 —
885 3334 933 3371 29
958 3324 1033 3360 ἀλλ’
1047 3324 1077 3361 εἴ
1089 3341 1120 3362 τι

295 3389 405 3418 Senot..
426 3390 590 3418 Anisrorn.

2104 179 2175 212 401

1174 249 1231 286 καὶ
1251 252 1292 285 V.
1316 248 1405 286 ἀλλὰ
1431 249 1488 286 καὶ
1521 249 1551 286 τὶ
1569 250 1615 287 Θ.
1633 273 1671 279 -
1698 251 1743 286 30
1767 251 1937 302 ἀνακρίνει
1964 254 2021 291 καὶ
2050 257 2179 305 ἀναζη-

1167 313 1218 344 τεῖ
1236 308 1280 344 Θ.

1223 364 1313 412 265,
1335 364 1381 408 34
1404 363 1665 414 Ιίὐλαὸούμενος
1684 364 1743 401 καὶ
1764 365 1971 417 meo-sym:
1998 371 2130 409 Suidas
2150 386 2178 409 s.

1171 420 1357 470 Ἀμνοκῶν.
1376 446 1415 451 -
1437 423 1483 457 36
1499 421 1564 473 γὰρ
1581 421 1635 458 διὰ
1662 422 1791 460 δειλίαν
1812 425 1870 462 καὶ
1889 427 1955 476 gita
1985 429 2097 465 etiam
2118 431 2180 478 3·st

1170 473 1248 523 ἦθος
1265 483 1307 515 V.
1337 478 1401 530 γὰρ
1424 478 1480 516 διὰ
1501 479 1627 515 δειλίαν
1661 480 1719 516 καὶ
1739 481 1873 533 τρόπων
1906 486 2050 523 Suidas.
2067 513 2108 519 —
2134 489 2178 535 37

1171 536 1476 586 συνεπιλεγόμενος
1496 537 1641 573 Suidas.
1657 563 1697 568 —
1715 540 1763 575 38
1787 542 2008 587 καταστήσας
2033 547 2179 584 suidas.

1170 594 1718 643 [οςοὺιιῑιινκαταστῆσαι-39
1731 596 1915 647 ἐπηρέαζεν
1931 604 1973 636 Υ.
1985 611 2019 637 ct
2036 604 2181 641 Snidas.

1225 651 1313 699 269,
1335 659 1384 700 49
1404 650 1504 688 αὐτόν
1527 651 1658 687 Suidas
1681 665 1708 688 s.
1726 651 1949 704 Ὑπέρχεται.
1967 658 2087 701 αὐτούς
2100 661 2180 697 Ald.

1225 721 1311 754 270,
1335 709 1377 744 51
1403 709 1631 759 ἐκπανουργεῖ
1652 709 1798 746 Suidas.
1816 711 2000 763 ἐπιχειρεῖς
2021 719 2060 751 V.
2077 741 2117 746 —
2136 719 2181 760 54

1172 765 1259 816 μετὰ
1276 765 1376 810 ξύλου
1399 780 1445 802 cx
1462 766 1579 804 Suida
1601 767 1750 804 addidit
1768 769 1983 807 Dindo1·f.-
2004 786 2015 807 1
2042 788 2184 826 κορυνο-

1171 823 1293 876 φόρους
1312 825 1356 863 Θ.
1370 847 1410 854 -
1428 837 1448 859 2
1467 824 1625 861 παιδείαν
1642 827 1687 862 V.
1704 826 1748 863 Θ.

1226 883 1313 928 276,
1338 882 1381 918 18
1407 881 1648 931 μουσικοποιὸς
1666 884 1711 921 Θ.
1723 908 1764 914 -
1776 897 1821 932 19
1836 884 1894 921 καὶ
1910 886 2072 925 ἐπινίκιον
2090 891 2132 925 V.

1228 953 1318 988 277,
1340 953 1384 975 21
1410 938 1572 991 περιγένῃ
1592 938 1627 976 δὲ
1661 946 1736 982 ταῖς
1763 943 1970 995 περιεργίαις
2001 947 2059 982 καὶ
2091 949 2188 984 ἀναι-

1172 996 1360 1047 σχυντίαις,
1378 995 1474 1033 οὐδὲν
1495 991 1597 1041 ἧττον
1613 997 1779 1050 ἡμέτερον
1798 1000 1836 1038 τὸ
1855 1004 2049 1054 τερματιον,
2067 1009 2187 1044 τουτέ-

1173 1070 1246 1092 στιν
1261 1057 1282 1100 ἡ
1300 1054 1376 1100 νίκη
1402 1055 1536 1092 Suidas
1555 1069 1584 1094 s.
1601 1056 1775 1102 Τήνελλα.
1790 1083 1830 1089 -
1843 1061 1888 1095 23
1914 1061 2109 1111 legebatur
2130 1067 2189 1101 καὶ

1172 1116 1194 1159 ἡ
1211 1129 1289 1160 σησ.
1306 1113 1438 1151 Suidas
1457 1116 1502 1156 ὡς
1530 1114 1711 1164 σησάμους
1733 1119 1750 1153 ὁ
1774 1116 1828 1161 διὰ
1848 1119 2019 1168 σησάμης.
2042 1125 2190 1159 Postre-

1175 1185 1277 1208 mum
1294 1173 1408 1209 etiam
1428 1174 1467 1209 in
1484 1176 1530 1209 V.
1550 1174 1594 1210 Θ.
1611 1199 1651 1204 --
1666 1175 1727 1219 35,
1748 1176 1794 1211 36
1809 1175 2189 1226 ἀρτύσεων-Ἀθϊ,νῶν

1174 1230 1307 1267 suidas
1322 1245 1350 1267 5.
1371 1229 1620 1281 (Υποζώματα.
1635 1231 2037 1283 ἀρτύσεως-Ἀθηναίων
2060 1240 2190 1276 Aid.-

1176 1290 1220 1335 37
1243 1287 1360 1334 ἐπειδὴ
1382 1283 1489 1341 ἦρχον
1514 1289 1572 1326 καὶ
1593 1289 1706 1334 νήσων
1725 1294 1826 1328 τινῶν
1849 1293 1954 1330 addit
1975 1297 2121 1333 Suidas.

1228 1348 1316 1392 281,
1339 1350 1387 1395 39
1422 1350 1482 1392 τῆς
1507 1347 1637 1389 πόλεως
1664 1350 1798 1386 Suidas
1833 1364 1859 1387 s,
1880 1350 2003 1389 Ἔκθεῖ
2030 1379 2069 1384 --·
2086 1365 2128 1399 41
2150 1359 2190 1401 τὴ

1173 1404 1262 1448 λέξει
1277 1406 1322 1443 Θ,
1339 1431 1377 1436 -
1390 1411 1437 1449 42
1460 1406 1728 1452 ἐκπεπηδηκότα
1751 1409 1794 1445 Θ.

1176 1465 1223 1507 43
1246 1462 1490 1512 δημοσιτῆσεις
1510 1468 1555 1501 V.

1230 1524 1317 1568 282,
1340 1528 1389 1571 49
1409 1522 1493 1574 κρέα
1507 1526 1603 1560 *4⁷0-
1616 1525 1660 1560 51
1683 1525 1728 1566 ὡς
1745 1526 1813 1562 τῶν
1829 1528 1874 1565 Θ.
1887 1553 1926 1558 -
1946 1527 2022 1572 ἤτοι
2048 1531 2193 1567 Bekke—

1175 1595 1250 1618 rns.
1286 1581 1500 1630 Legebatm·
1531 1582 1771 1619 καίτοι.-52
1806 1584 1854 1634 μὴ
1881 1587 2192 1638 παραιτησαμένου

1175 1641 1270 1676 (-).--
1286 1640 1331 1682 54
1352 1638 1437 1690 κρέα
1458 1640 1504 1677 Θ.
1526 1639 1644 1684 ἐπειδὴ
1662 1642 1800 1677 Α1(],-·
1819 1657 1833 1678 1
1856 1644 2053 1693 legebatur
2070 1646 2193 1698 ἀρίειν.

1813 1410 2040 1455 πεπῖδηκιῆτα
2055 1414 2094 1449 A}
2101 1416 2136 1450 d.
2157 1440 2193 1444 -—

1231 1699 1328 1745 284,
1365 1700 1438 1746 6-9
1470 1699 1872 1746 Διπλῆ-καταληκτικεξ
1901 1713 1989 1752 post
2023 1704 2195 1742 scholion

1177 1770 1211 1792 v.
1237 1758 1306 1793 301
1332 1757 1441 1804 ponit
1458 1759 1500 1792 V.
1518 1756 1696 1807 περιοδικὴ
1714 1771 1788 1796 om.
1809 1762 1850 1796 V.
1871 1762 1917 1799 Θ.
1945 1760 2066 1798 κώλων
2088 1763 2193 1800 δεκα-

2116 1820 2144 1833 κὶ
2171 1822 2195 1832 x·

1178 1813 1273 1851 εννέα
1287 1815 1500 1866 τροχαϊκῶν,
1516 1808 1754 1868 ὧν-Ξίμετρα
1773 1819 2026 1865 καταληκτικοί.
2051 1820 2089 1858 τὸ
2113 1835 2148 1858 οε
2167 1835 2184 1857 ο

1177 1871 1323 1915 ἐναλλὰξ
1338 1872 1578 1918 ἀκατάληκτον
1600 1875 1645 1912 Θ.
1668 1876 1794 1912 Facile
1814 1877 2008 1915 intellectu
2032 1887 2090 1916 est
2116 1880 2196 1916 haec

1179 1932 1232 1968 sic
1265 1944 1344 1968 esse
1380 1932 1603 1980 corrigenda
1634 1941 1676 1969 ut
1702 1943 1789 1984 post
1815 1949 1946 1974 versus
1976 1938 2196 1987 quindecim

1180 1988 1381 2038 &jssotssaiouc
1403 1998 1584 2038 quattuor
1612 1992 1719 2040 sequi
1743 1992 1918 2030 dicantur
1939 1994 1984 2031 ab
2007 2009 2083 2033 una
2103 2010 2195 2046 pro-

1180 2048 1349 2084 nunciati
1370 2061 1552 2097 persona,
1586 2062 1750 2098 quorum
1770 2060 1927 2100 quartus
1959 2053 2120 2092 dimeter
2148 2057 2196 2092 sit

1181 2106 1436 2143 catalecticus.
1458 2109 1575 2142 Dn-n.
1588 2132 1628 2138 --
1640 2109 1661 2144 8
1678 2107 1822 2159 δίμετρα
1836 2112 2075 2158 καταληκτικοί
2101 2117 2195 2150 V.-

1182 2178 1204 2212 9
1224 2163 1358 2214 μήποτε
1378 2164 1442 2201 εἶσὶ
1464 2164 1604 2216 δίστιχα
1629 2166 1844 2220 τετράμετρα
1860 2171 2111 2216 καταληκτικοί.
2130 2173 2195 2208 Vi-

1181 2223 1291 2259 detur
1308 2223 1508 2259 scholiasta
1527 2223 1572 2259 de
1588 2233 1770 2273 quattuor
1795 2229 1996 2275 postremis
2020 2229 2194 2266 versibus

1180 2280 1303 2329 loqui,
1336 2294 1430 2329 quos
1464 2282 1502 2316 in
1529 2289 1767 2320 tetrametros
1800 2285 2037 2322 catalecticos
2072 2287 2192 2336 redigi

1180 2350 1292 2386 posse
1311 2337 1424 2383 dicit,
1456 2338 1621 2390 ἀλλότρια
1649 2339 1759 2377 τοίνυν
1790 2341 1919 2393 σοφίζει
1944 2343 2002 2379 καί
2032 2359 2070 2381 σε
2096 2347 2192 2396 φανῶ

1180 2399 1248 2436 τοῖς
1262 2393 1465 2446 πρυτάνεσιν
1496 2398 1502 2444 1
1522 2397 1766 2440 ἀδεκατεύτους
1780 2401 1847 2436 τῶν
1863 2402 1947 2437 θεῶν
1962 2400 2054 2452 ἱερὰς
2068 2402 2192 2453 ἔχοντα

1180 2452 1321 2494 κοιλίας.
1340 2456 1435 2489 Nan]
1461 2453 1611 2503 dactylo
1628 2456 1692 2492 illo
1707 2456 1766 2493 καί
1781 2472 1819 2494 σε
1835 2462 1882 2509 φᾶ
1906 2460 1910 2507 Ι
1936 2460 1982 2495 νῶ
2005 2468 2107 2497 tanto
2125 2462 2196 2498 mi-

1179 2523 1250 2546 nus
1281 2510 1464 2548 offensum
1495 2526 1581 2549 eum
1614 2514 1728 2551 fnisse
1758 2516 1939 2553 credibile
1967 2526 2043 2563 est,
2077 2532 2194 2568 quum

1180 2581 1291 2605 versu
1313 2570 1489 2619 proximo
1511 2571 1610 2607 haud
1630 2572 1746 2609 dubie
1768 2573 1859 2625 ἱερὰς
1882 2574 1919 2610 ἰη
1941 2574 2038 2612 libro
2060 2589 2128 2613 suo
2148 2578 2195 2614 le-

1182 2627 1302 2675 gerit,
1333 2628 1435 2676 quod
1467 2629 1591 2678 ipsum
1622 2643 1776 2680 quoque
1815 2632 2005 2681 dactylum
2036 2635 2193 2683 praebet.

1180 2688 1297 2721 Dmn.
1312 2711 1352 2716 -
1367 2685 1490 2723 αὐτίκα
1513 2687 1622 2736 μάλα.
1648 2689 1864 2738 Legebatur
1887 2691 2008 2728 αὐτίκα
2027 2691 2061 2728 ’δὲ
2079 2692 2192 2743 μάλα,

1182 2743 1286 2792 quod
1309 2757 1383 2780 om.
1406 2748 1450 2781 V.
1471 2746 1516 2782 Θ.
1535 2749 1673 2783 Totum
1694 2748 1863 2785 scholion
1888 2763 1961 2786 om.
1982 2754 2026 2787 G.

1236 2803 1331 2851 289,
1365 2803 1409 2839 15
1426 2803 1485 2840 καὶ
1515 2817 1588 2841 om.
1607 2809 1650 2842 V.
1672 2806 1716 2844 Θ.
1730 2830 1770 2836 --
1792 2807 1837 2842 16
1858 2807 2040 2858 οὐδετέρως
2059 2808 2192 2844 Suidas

1182 2873 1209 2896 5.
1232 2859 1486 2905 Κυνοκοπῆσω.
1506 2863 1551 2897 V.
1569 2860 1626 2898 τὸν
1641 2864 1760 2899 νῶτον.

1218 2923 1324 2967 290,
1350 2933 1395 2968 19
1414 2921 1480 2955 τῶν
1507 2920 1724 2963 ἀλαζονειῶν.
1744 2921 1782 2959 τὸ
1803 2921 1839 2958 δὲ
1858 2922 2052 2974 περιελάσω
2068 2924 2106 2959 ἐκ
2125 2938 2190 2972 με-

1182 2983 1334 3029 ταφορᾶς
1347 2979 1414 3014 τῶν
1431 2976 1641 3028 ε’ρεσσόντων
1662 2979 1797 3015 Suidas
1813 2992 1839 3015 5.
1858 2980 2026 3031 Περιελῶ.

1237 3049 1309 3084 292
1324 3064 1333 3081 ,
1357 3037 1404 3071 30
1423 3035 1482 3071 καί
1511 3034 1662 3086 σκαίρειν
1684 3037 1816 3073 Suidas
1844 3051 1873 3073 5.
1902 3036 2190 3091 Ἀσκαρδαμυκτί.

1182 3093 1274 3129 —31
1296 3092 1478 3130 ἷλλιῖ)πτειν
1500 3093 1635 3130 Suidas
1648 3123 1657 3138 ,
1677 3093 1742 3130 sed
1763 3094 1924 3131 ἷλλώπειν
1944 3096 2063 3132 codex
2081 3102 2126 3134 A.

1238 3157 1325 3200 294,
1346 3152 1391 3197 37
1415 3149 1685 3187 ἀλλαντοπώλου
1706 3152 1750 3189 Θ.
1764 3176 1804 3182 --
1819 3153 1865 3188 38
1886 3152 2068 3205 ἐκφορήσω
2084 3153 2193 3191 addit

1181 3208 1258 3246 Ald.
1270 3233 1308 3239 --
1324 3215 1371 3253 4ο
1393 3207 1435 3244 τα
1449 3206 1568 3260 ἔντερα
1582 3211 1623 3244 V.

1237 3269 1330 3316 295,
1349 3268 1397 3310 46
1418 3266 1654 3318 ε’κφορῆσομαι
1670 3269 1714 3302 V.
1741 3267 1786 3305 Θ.
1816 3267 1837 3312 ἢ
1867 3271 1912 3310 ὡς
1941 3268 2069 3322 βύρσαν
2100 3269 2191 3321 δέψω

1184 3329 1488 3365 Heinsterhusius
1505 3327 1606 3377 apud
1626 3327 1844 3366 Dobraeum.

2043 3403 2080 3429 26
