2517 3792
849 185 1007 223 mut-:x
1038 184 1272 223 Nummum
1306 184 1371 222 ΕΤ
1395 184 1584 223 RERUM.

224 275 318 308 nimis
334 274 518 313 indulgeant
541 272 612 310 viri,
628 273 812 311 conspecta,
832 280 925 303 senes
953 271 992 303 ad
1017 280 1202 313 recuperan-

225 323 298 354 dam
320 331 425 353 arccm
444 321 568 357 incitat,
588 320 654 359 i'pse
669 328 799 350 manum
818 319 1006 357 admovens,
1024 321 1200 350 387-430,

225 370 437 401 prodeuntem
469 367 676 407 Lysistratam
708 366 820 396 vinciri
846 366 950 405 jubet,
978 365 1032 396 sed
1066 368 1203 396 terretur

225 416 397 448 mulierum
413 414 527 446 audaci
542 413 761 451 multitudine,
775 415 954 450 433—466‚
970 415 1000 443 et
1015 412 1135 443 invitus
1148 420 1202 442 au·

225 463 274 494 dit
285 463 508 502 Lysistrata1113
523 470 623 501 pauca
638 460 821 491 incredulus
835 461 1003 500 respondet
1018 463 1048 490 et
1062 469 1079 489 a
1094 459 1203 489 mulie·

226 510 314 541 ribus
335 510 464 541 tandem
482 511 516 540 ut
537 510 684 539 mortuus
706 508 795 539 villis
815 509 847 538 et
869 516 986 537 corona
1008 509 1202 543 exornatum

225 566 289 597 quo
307 556 417 587 habitu
443 555 509 586 abit
528 555 567 586 ad
589 555 737 594 collegas,
762 557 934 586 456—610.
955 553 1203 585 caduceatorem

224 602 503 635 Lacedaemonium
538 602 677 641 excipit3
717 603 747 632 et
778 601 997 640 conjuratione
1032 600 1203 630 mulierum

223 653 402 690 perspecta,
427 658 500 680 eum
522 648 710 679 renunciare
729 648 820 686 jubet
844 650 877 679 ut
903 648 1021 685 legatos
1041 647 1135 686 plena
1153 656 1204 685 po-

223 699 339 728 testffle
363 697 492 728 mittant
514 695 757 732 Lacedaemonii,
778 704 836 725 suo
860 694 984 725 senatui
1001 693 1147 724 dicturus
1170 695 1205 724 ut

225 747 257 776 et
277 745 337 785 ipsi
351 745 492 782 mittant,
507 746 703 775 982-1012.

184 793 318 823 Proxeni
340 791 488 831 hospites
521 799 564 822 ex
590 791 671 821 aliis
702 789 844 821 urbibus
876 788 1094 820 advenientes
1118 788 1204 818 exci-

223 838 341 878 piendi
362 847 488 870 munus
503 837 642 876 habent,
659 840 716 868 Ac.
741 840 828 867 1021.

185 891 391 930 Proxenides,
417 891 642 931 πτωχαλαζών,
663 890 783 930 quales
807 888 850 920 ab
870 887 1130 920 Atheniensibus
1158 886 1207 917 di-

225 941 357 970 cuntur
371 938 495 975 καπνοί,
519 939 609 977 l‘esp.
628 940 708 975 325;
734 938 750 967 ὁ
771 935 970 975 Κομπασεὺς,
998 936 1037 965 ut
1055 933 1096 964 de
1119 942 1207 973 payo

222 987 354 1025 patrio,
369 986 541 1016 sententia
565 985 662 1024 quasi
679 983 860 1022 κομπαστὴς
876 992 883 1012 z
900 990 979 1012 nam
997 980 1204 1019 eratfumus

224 1035 256 1063 et
271 1032 360 1063 nihil
381 1033 446 1062 nisi
461 1032 662 1070 promissor,
681 1032 739 1060 Aiv.
762 1031 849 1060 1126.
869 1027 1050 1060 Tetectides
1069 1036 1146 1058 eum
1166 1029 1206 1058 ut

224 1079 392 1111 dissoluto
406 1086 546 1118 corpore
560 1077 730 1108 hominem
744 1077 965 1117 perstrinqit,
984 1075 1027 1106 ib.

184 1134 338 1171 prytanea
360 1133 443 1162 sunt
466 1131 609 1162 decimae
632 1131 865 1170 pecuniarum
893 1128 1091 1159 debitarum
1111 1126 1206 1166 apud

218 1181 390 1219 prytanes
398 1180 535 1219 piynori
548 1177 796 1218 deponendaein
807 1177 878 1214 lite,
889 1175 978 1207 A'ub.
998 1178 1074 1206 1136
1082 1177 1205 1214 elnot.‚

223 1227 330 1257 etiam
343 1226 584 1266 παρακαταὸο).ή
600 1224 707 1263 dicta,
724 1228 812 1262 1256,
831 1223 943 1254 ultima
955 1222 1005 1253 die
1025 1223 1144 1253 mensis
1156 1223 1208 1253 de-

223 1272 383 1313 ponenda,
413 1275 503 1312 1180,
527 1273 578 1313 ἕνῃ
603 1273 655 1302 καὶ
677 1273 742 1311 νέᾳ,
766 1280 831 1302 non
857 1270 1031 1306 noviluni0,
1058 1274 1136 1301 1196
1153 1278 1203 1310 sq.

225 1320 318 1351 Erat
340 1319 505 1350 drachme
519 1342 527 1356 ,
546 1322 640 1358 1191,
662 1318 720 1350 sed
743 1327 772 1348 c.
788 1320 916 1349 notam.
936 1319 1092 1357 prytanea
1112 1317 1143 1348 iu
1163 1326 1206 1348 re-

225 1365 346 1397 ditibus
359 1366 602 1397 Atheniensium
617 1365 713 1405 quid,
738 1366 828 1404 l'esp.
841 1368 909 1396 6.'›9.

184 1421 350 1458 Prytanes,
373 1421 447 1459 Lys.
472 1422 545 1457 981,
576 1418 705 1450 Thesm.
733 1420 806 1456 764,
834 1420 923 1456 1084,
944 1420 1007 1449 etc.
1033 1419 1207 1457 Prytanes

225 1469 367 1498 senatus
381 1468 648 1507 quinqentorum
663 1467 765 1497 crant
779 1465 904 1503 decem,
919 1465 1107 1496 secundum
1119 1465 1208 1496 alios

225 1515 311 1551 octo,
329 1515 411 1545 Pac.
430 1515 501 1544 887.
521 1512 617 1551 Conf.
638 1514 707 1543 not.
724 1513 815 1544 Ecct.
843 1515 914 1543 395.
933 1515 1085 1552 Prytanes
1105 1513 1137 1542 iu
1159 1521 1206 1542 se-

225 1563 340 1592 natum
366 1560 615 1592 introducebant
643 1569 696 1591 eos
723 1563 782 1601 qui
806 1560 970 1600 petebant
993 1559 1131 1600 aliquid
1158 1560 1209 1591 vel

226 1616 278 1638 res
290 1607 330 1638 de,
352 1608 472 1648 quibus
488 1607 752 1645 consultandum,
771 1616 835 1637 non
858 1607 977 1647 gratiis,
993 1606 1047 1638 sed
1069 1607 1209 1637 muneri-

227 1654 309 1693 bus;
333 1655 426 1686 aliter
445 1654 646 1685 vacationem
664 1654 915 1694 praetendeines,
939 1657 1022 1685 Pac.
1046 1657 1210 1685 905-908

226 1703 262 1733 et
284 1701 390 1733 schol.
420 1702 553 1732 Manum
580 1702 746 1741 porrigunt
781 1701 820 1732 acl
849 1710 964 1732 numos
994 1701 1210 1741 accipiend05‚

231 1749 365 1780 Thesm.
395 1751 455 1780 936
477 1757 527 1788 sq.
552 1751 668 1778 Eorum
692 1748 783 1779 sedes
802 1749 833 1778 in
849 1749 1014 1786 concione,
1037 1749 1130 1780 Eccl.
1160 1751 1209 1780 87.

226 1800 264 1828 111
283 1805 381 1836 quam
405 1805 478 1827 sero
521 1796 708 1833 adveniunt,
733 1796 849 1827 deinde
887 1799 1011 1828 certant
1042 1797 1083 1828 de
1106 1796 1211 1836 primo

227 1843 392 1883 subsellio,
407 1843 489 1875 Ach.
507 1847 641 1880 23—26,
659 1846 792 1875 40—42.
813 1846 981 1885 Prytanes
999 1845 1213 1885 accipiebant

228 1891 396 1924 decimam
421 1899 465 1922 ea:
486 1893 628 1922 victimis
647 1894 711 1932 Eq.
732 1895 808 1923 301.
830 1895 874 1924 In
895 1893 1212 1933 Thesmophoriaz-u·

229 1940 277 1969 sis
299 1939 446 1978 Prytanis
468 1947 543 1969 cum
568 1939 686 1978 Scytha
702 1939 734 1969 in
757 1939 1046 1979 Thesmophorium
1075 1940 1163 1970 venit
1181 1942 1213 1971 et

230 1986 464 2028 Mnesilochum
484 1987 585 2018 asseri
601 1987 732 2026 astringi
750 1988 969 2028 custodirique
985 1988 1091 2027 jubet,
1110 1990 1212 2019 923-

230 2036 303 2065 944.

189 2089 381 2126 prytaneum
399 2099 406 2117 ι
428 2086 461 2117 in
489 2095 527 2118 eo
552 2086 644 2117 cibus
664 2087 789 2126 publice
808 2087 1012 2127 praebebatur
1029 2088 1212 2119 hominibus

229 2133 270 2164 de
297 2133 462 2173 republica
477 2134 599 2173 egregie
621 2134 758 2173 meritis,
782 2137 845 2175 Eq.
875 2137 944 2173 167,
960 2138 1033 2173 281,
1049 2138 1120 2173 535,
1139 2137 1211 2173 574,

230 2181 291 2211 709
311 2187 390 2210 cum
406 2179 567 2214 scholiis;
583 2182 614 2211 et
637 2180 676 2211 iis
692 2180 748 2219 qui
764 2181 796 2211 in
812 2181 935 2211 artibus
956 2181 1138 2221 quibusque
1157 2183 1215 2213 ele-

230 2225 433 2265 gantioribus
452 2226 651 2264 eminebant,
667 2230 756 2259 Rau.
784 2229 959 2259 792—764.
980 2227 1030 2258 Sic
1051 2227 1094 2258 1ὺί
1115 2229 1213 2259 etiam

231 2275 324 2304 vates
339 2272 469 2313 publice
481 2273 662 2312 coenabant,
680 2276 720 2304 ut
736 2276 878 2313 Lampo,
900 2276 984 2305 Pac.
1006 2277 1100 2313 1084;
1125 2284 1214 2315 prce-

233 2322 287 2351 ter
306 2321 403 2351 vates
419 2321 452 2351 et
466 2319 678 2351 divinatores
690 2321 850 2352 nonnulli
865 2323 1087 2361 etiampoetce
1097 2322 1214 2362 dithy-

232 2366 448 2405 ramborum,
477 2366 567 2398 Nub.
586 2370 657 2398 339.
677 2367 801 2404 Σίτησιν
819 2370 853 2398 in
868 2370 1037 2407 prytaneo
1054 2369 1215 2409 prohibet

230 2415 368 2454 royatio
384 2413 680 2453 Cephisophontis,
701 2417 789 2445 Ran.
806 2416 876 2445 944.

191 2468 308 2497 Psacas
323 2488 332 2504 ‚
352 2466 443 2504 pater
461 2465 655 2504 Antimachi,
677 2468 730 2497 ita
753 2466 868 2498 dictus
887 2468 970 2507 quia
992 2469 1027 2498 in
1052 2470 1214 2499 sermoni-

235 2512 296 2543 bus
304 2514 494 2552 proesentes
507 2515 608 2553 sputo
624 2514 827 2554 asperyebat
846 2515 895 2546 vel
907 2515 947 2545 ob
961 2517 1216 2554 parcimoniam

235 2559 347 2599 (quasi
364 2560 531 2598 yuttatim
552 2561 742 2600 praebens),
768 2561 849 2593 Ach.
880 2565 967 2592 1150.
995 2564 1086 2593 Erat
1111 2564 1216 2593 etiam

237 2605 457 2645 Olympiae-us
485 2606 613 2647 aliquis
651 2609 783 2639 Psacas
827 2610 1097 2648 coynominatus,
1132 2612 1215 2649 quia

234 2654 410 2692 sputator,
429 2652 511 2684 ibid.

194 2705 478 2745 Psammitichus,
496 2714 560 2738 rex
573 2707 726 2747 AEyyptt,
743 2707 908 2749 quomodo
924 2709 1091 2740 invenerit
1109 2709 1217 2749 Phry-

235 2759 291 2792 qes
310 2759 380 2783 esse
392 2753 562 2792 populum
578 2755 732 2785 omnium
748 2756 1028 2793 vetustissimum,
1047 2764 1090 2786 ex
1110 2758 1214 2786 Hero·

237 2797 329 2836 doto,
353 2798 444 2830 Nub.
461 2801 533 2831 398.
552 2799 662 2839 Idem,
686 2809 750 2832 rea:
774 2802 902 2841 Libyae,
927 2804 1072 2842 triqinta
1101 2803 1215 2834 millia

237 2844 492 2876 medimnorum
506 2846 681 2884 frumenti
707 2848 964 2880 Atheniensibus
990 2851 1132 2880 miserat
1157 2858 1215 2881 ar-

239 2891 360 2923 chonte
381 2893 617 2932 Lysimachide
635 2895 694 2933 (ol.
711 2898 762 2934 83,
780 2896 826 2934 4),
842 2898 901 2936 qui
918 2896 1217 2929 distribuebantur

239 2940 317 2978 post
331 2947 445 2969 acrem
462 2941 712 2980 inquisitionem
727 2944 760 2972 in
773 2945 972 2982 pereyrinos
989 2955 1218 2986 παρεγγεγραμ-

242 2985 363 3025 μένους,
385 2987 480 3025 Vesp.
496 2989 568 3017 718.
586 2989 637 3018 De
647 2987 830 3026 frumento
850 2990 997 3021 Athenas
1017 2993 1118 3022 misso
1137 3001 1216 3023 nar-

240 3033 325 3062 rant
335 3033 439 3062 etiam
449 3033 568 3064 scholi.
586 3034 640 3065 Pl.
659 3035 936 3076 178(aliaptura
947 3036 1113 3069 addentes
1126 3041 1218 3070 inter

242 3086 276 3108 se
288 3080 516 3117 puynantia).

200 3129 445 3170 Pseudartabas,
471 3132 507 3162 in
540 3131 814 3164 Acharnensibus
840 3133 961 3171 (lictus)
993 3134 1115 3173 legatus
1138 3137 1219 3176 regis

243 3179 408 3207 Persarum
425 3177 464 3207 ad
479 3178 698 3217 Athenienses,
723 3183 759 3211 91
775 3189 848 3220 sqq.
944 3195 962 3204 ν

201 3222 300 3262 Ψυχή
321 3230 329 3251 :
344 3222 417 3261 ejus
435 3224 504 3254 tria
519 3232 660 3263 yenera,
674 3226 765 3257 Nub.
781 3229 853 3257 711.

202 3268 412 3300 Ptolemaeus
426 3270 636 3309 Ascalonita,
652 3274 838 3311 poetarum
859 3272 1027 3312 (Homeri)
1046 3274 1218 3314 interpres

243 3314 341 3345 Prot.
358 3316 422 3354 IX,
434 3324 456 3346 a
469 3318 521 3354 47,
533 3325 568 3356 p.
585 3319 682 3349 XIX.

204 3366 411 3398 Ptolemaeus
452 3367 704 3409 Philadelphus
747 3378 810 3401 rex
844 3370 1084 3410 φιλολογώτατος
1110 3380 1117 3400 :
1147 3372 1220 3411 eJ‘us

243 3420 330 3443 cura
359 3415 394 3445 in
435 3414 642 3447 bibliothecis
671 3415 918 3448 Alexandrinis
954 3417 1153 3456 colliycndis
1189 3422 1222 3451 et

2211 194 2285 226 687

1300 270 1557 312 philoloyorum
1587 271 1712 303 studiis
1753 271 1946 304 excitandis
1974 274 2160 314 exponitur
2187 275 2285 306 Prot.

1304 320 1368 358 IX,
1385 324 1418 354 a,
1440 322 1570 353 14—49,
1591 327 1626 358 p.
1645 320 1752 357 ΧΙΧ,·
1768 321 1855 358 X,a.

1264 366 1472 397 Ptolemaeus
1499 366 1703 406 Philopator
1725 367 1933 407 traya‘diam
1950 367 2136 400 Adonidem
2158 377 2287 409 compo-

1305 414 1375 443 suit
1389 435 1398 450 ‚
1428 415 1462 444 in
1497 422 1567 453 qua
1608 413 1654 443 ad
1692 414 1872 454 Euripidis
1904 415 2100 455 exemplum
2130 416 2287 448 exhibuit

1306 459 1418 497 Echo,·
1435 460 1476 491 de
1492 469 1531 490 ea
1548 462 1684 499 scripsit
1713 464 1867 492 amasius
1886 463 1959 500 t’J'uS
1986 463 2198 503 Ayathocles,
2208 464 2289 504 fra-

1307 508 1360 536 ter
1376 507 1589 546 Aqathocteae
1606 510 1694 546 reyis
1709 511 1842 547 amicte,
1861 511 1887 540 T
1887 509 1991 540 hesm.
2013 513 2102 542 1059.

1267 553 1455 584 Ptolemais
1473 554 1595 592 tribus,
1618 556 1710 594 Vesp.
1730 558 1800 593 233,
1815 559 1884 587 234.

1266 599 1407 630 Publicae
1425 601 1568 640 pecunia·
1591 609 1612 631 a
1628 604 1728 632 sociis
1745 603 1796 633 vel
1819 603 1861 634 de
1877 603 2090 644 expeditione
2112 605 2287 638 redeuntis

1309 647 1411 685 t'ures,
1431 647 1560 678 Thesm.
1578 650 1649 686 811,
1665 650 1736 686 814,
1751 658 1824 690 sqq.

1268 693 1432 723 Publicala
1452 693 1548 731 bona,
1564 694 1769 735 δημιόπρατα,
1794 698 1882 736 l'esp.
1905 701 1976 729 659.

1268 740 1372 770 Pueri.
1401 741 1584 771 versiculus
1599 750 1696 780 quem
1722 745 1841 773 canunt
1866 745 1955 783 pueri
1980 745 2184 786 (hieme),sr.
2215 747 2286 779 346.

1308 789 1413 818 Pueri
1422 786 1506 827 quid
1517 790 1659 819 invicem
1671 788 1788 820 dicant
1799 793 2039 830 conspicientes
2049 794 2217 833 aviculas,
2227 798 2287 826 Av.

1310 834 1358 863 54.
1378 835 1551 863 Puerorum
1568 834 1726 873 probatio,
1740 844 1813 874 quae
1839 836 1872 866 lit
1890 837 2008 876 pubem
2024 840 2210 879 spectando,
2233 850 2290 881 per

1306 878 1443 917 judices,
1466 888 1512 910 an
1539 888 1604 911 non
1629 883 1701 912 sint
1718 884 1864 914 minores
1886 883 2119 925 duoderiyinti
2141 890 2242 919 annis
2260 891 2288 919 οἱ

1309 927 1540 968 impanatum.
1557 931 1590 960 et
1617 938 1662 960 an
1691 930 1898 963 admittendi
1922 933 1969 964 ad
1993 938 2165 974 yymnicos
2190 937 2290 968 ludos

1310 974 1518 1013 (puberum),
1542 978 1633 1015 l'esp.
1651 979 1708 1007 578
1722 980 1754 1008 el
1768 980 1838 1009 not.

1269 1021 1387 1060 Pulegii
1409 1024 1514 1061 potus,
1537 1024 1657 1054 κυκεὼν
1677 1024 1864 1065 βληχωνίας,
1891 1028 2095 1060 sumebatur
2108 1029 2150 1061 ab
2176 1032 2218 1061 iis
2233 1033 2291 1072 qui

1308 1069 1440 1100 multas
1467 1069 1595 1111 sruyes
1622 1073 1858 1113 comederant,
1894 1083 1935 1105 ne
1960 1076 2052 1107 male
2082 1079 2163 1117 ipsis
2192 1080 2290 1116 esset,

1311 1118 1391 1147 Pac.
1409 1119 1480 1147 712.

1269 1163 1342 1193 Puls
1359 1172 1366 1192 z
1388 1172 1428 1194 ea
1445 1165 1629 1195 vescuntur
1646 1165 1775 1197 robusti
1803 1169 1837 1198 in
1854 1170 1992 1208 puynis,
2018 1169 2066 1201 ad
2084 1170 2190 1202 robur
2206 1179 2292 1203 com-

1305 1210 1509 1249 parandum
1529 1213 1621 1250 utili,
1634 1215 1720 1243 Ban.
1736 1217 1787 1244 63.

1269 1260 1412 1297 Purpura
1422 1258 1620 1297 Sardianica‚
1633 1259 1714 1291 Ach.
1735 1264 1791 1291 112
1813 1263 1847 1292 et
1860 1261 1930 1292 sch.

1269 1306 1478 1344 Pyanepsia,
1491 1304 1627 1343 festum
1650 1306 1792 1338 Athenis
1806 1309 1874 1339 Soli
1896 1311 1929 1340 et
1949 1311 2052 1340 Horis
2066 1313 2121 1351 aqi
2138 1313 2293 1352 solitum,

1310 1353 1343 1382 in
1358 1360 1424 1391 quo
1439 1352 1753 1392 iresionenferunt‚
1774 1357 1838 1395 Eq.
1852 1358 1924 1394 729,
1947 1357 2000 1387 Pl.
2021 1360 2108 1388 1054.

1270 1401 1480 1439 Pyymarion
1498 1399 1661 1438 lochayus
1675 1409 1717 1431 ex
1733 1402 1916 1433 cantharis
1937 1404 2123 1442 majoribus
2137 1407 2295 1444 AEtnoeis‚

1314 1445 1544 1485 Epicharmus
1558 1448 1640 1477 Pac.
1654 1449 1704 1478 73.

1271 1492 1434 1532 Pylades,
1450 1495 1586 1531 primus
1603 1495 1636 1523 in
1658 1494 1943 1534 Amphictyonum
1961 1498 2296 1537 conciliojudicatus

1312 1540 1352 1570 ob
1367 1539 1491 1570 ccedem
1512 1541 1799 1579 Clytcemnestra’,
1816 1543 1906 1573 Nub.
1926 1548 1996 1575 623.

1272 1587 1370 1625 Pylae,
1390 1588 1412 1617 i.
1432 1595 1459 1618 e.
1488 1587 1727 1628 Thermopylae
1744 1598 1754 1618 .·
1770 1588 1815 1619 1ὺί
1842 1591 2010 1630 panegyris
2036 1593 2183 1632 Pylaica
2209 1602 2294 1624 com-

1313 1633 1419 1664 munis
1432 1637 1614 1665 Graecorum
1626 1635 1770 1666 omnium
1785 1636 1871 1668 velut
1884 1641 2104 1678 cognatorum,
2117 1649 2153 1671 eo
2163 1643 2297 1672 mitten-

1315 1682 1401 1711 tium
1429 1683 1662 1722 ἱερομνήμονας,
1686 1684 1762 1721 Lys.
1795 1688 1884 1715 1131.
1914 1687 1957 1716 In
1987 1687 2108 1725 Pytsea
2134 1691 2296 1720 concione

1313 1736 1497 1759 convenere
1520 1729 1796 1769 Amphictyones,
1822 1731 1916 1762 dicta
1940 1741 1961 1763 a
1986 1734 2130 1773 Pylade,
2149 1737 2206 1775 qui
2230 1738 2298 1775 pri-

1312 1783 1388 1805 mus
1411 1775 1453 1806 ibi
1470 1775 1653 1815 judicatus
1674 1777 1713 1808 ob
1735 1777 1862 1809 coedem
1890 1779 2175 1821 Clytcemncstrce,
2202 1782 2293 1814 Nub.

1317 1825 1388 1853 623.

1273 1869 1450 1909 Pylagorae,
1468 1869 1523 1908 fr.
1549 1873 1628 1907 306;
1651 1871 1755 1910 leyati
1779 1873 2016 1904 acii-itatibus
2037 1875 2179 1906 Grceciae
2204 1877 2297 1907 missi

1315 1916 1361 1947 ad
1375 1917 1553 1947 concilium
1571 1917 1870 1957 Amphictyonum,
1887 1920 1977 1950 Nub.
1996 1923 2067 1951 693.

1272 1963 1370 2003 Pylus
1389 1973 1395 1993 ;
1412 1966 1513 1994 erant
1529 1963 1609 1995 duce
1634 1965 1727 2004 Pyli‚
1758 1966 1848 1996 Ἐο-τι
1866 1967 1966 2002 Πύλος
1992 1968 2050 2009 πρὸ
2075 1969 2202 2006 Πύλοιο,
2233 1971 2296 2010 Eq.

1318 2014 1404 2042 1059.
1423 2011 1530 2050 Pylas,
1548 2013 1723 2043 Laconica?
1740 2021 1841 2052 pars,
1862 2015 1967 2044 etiam
1994 2015 2245 2055 Coryphasium
2265 2019 2298 2047 et

1315 2058 1520 2097 Spliacteria
1537 2058 1630 2089 dicta
1646 2059 1718 2097 (sed
1732 2068 1760 2090 υ.
1785 2061 1885 2099 not.),
1900 2061 1990 2092 Nat).
2015 2065 2081 2093 186.
2103 2063 2166 2101 Ibi,
2187 2066 2297 2103 captis

1317 2107 1477 2136 trecentis
1501 2105 1766 2137 Lacedoemoniis
1796 2109 1830 2138 in
1864 2108 2078 2147 Sphacteria,
2113 2111 2297 2141 castellum

1308 2152 1484 2193 ponebant
1498 2152 1726 2190 Athenienses,
1745 2155 1828 2185 Pac.
1851 2157 1921 2185 219.
1938 2159 2041 2186 Duces
2058 2157 2298 2188 Atheniensium

1316 2198 1360 2229 ibi
1375 2198 1567 2230 dimicantes
1590 2202 1686 2230 vexat
1700 2201 1732 2230 et
1755 2201 1941 2240 supplantat
1963 2202 2049 2240 cleo,
2063 2204 2299 2235 Demosthenis

1315 2245 1485 2276 victoriam
1505 2246 1564 2276 sibi
1579 2248 1706 2285 arrogat
1722 2248 1754 2278 et
1773 2247 1870 2286 gestis
1886 2248 1952 2278 suis
1975 2248 2007 2278 in
2032 2249 2107 2288 Pylo
2128 2259 2161 2280 se
2181 2251 2300 2290 magni-

1316 2292 1375 2324 fice
1397 2294 1503 2332 estest,
1526 2295 1591 2333 Eq.
1610 2298 1647 2324 55
1670 2302 1776 2334 seqq.,
1803 2297 1875 2333 355,
1902 2297 1974 2333 702,
1998 2297 2071 2334 742,
2097 2299 2167 2334 846,
2208 2302 2298 2336 1201,

1316 2340 1388 2371 sch.
1410 2343 1461 2378 55,
1482 2341 1555 2378 392,
1586 2342 1675 2380 1053,
1691 2349 1756 2380 sq„
1781 2343 1871 2378 1056,
1895 2343 1986 2380 1167,
2011 2346 2101 2381 1172,
2123 2346 2204 2375 Pac.
2226 2349 2296 2376 638.

1321 2388 1476 2418 Trecenti
1505 2387 1624 2426 captivi
1649 2387 1898 2419 Lacedoemonii
1919 2397 1957 2419 ex
1984 2390 2060 2428 Pylo
2080 2392 2221 2422 Athenas
2245 2391 2298 2422 ad-

1318 2433 1408 2464 ducti
1422 2443 1440 2464 a
1451 2434 1578 2472 Cleone,
1589 2434 1768 2465 miserrima
1779 2435 1897 2474 specie,
1912 2435 2002 2467 Nab.
2026 2440 2082 2468 186
2095 2438 2164 2476 (ubi
2177 2439 2294 2470 scholl.

1315 2481 1477 2521 pluribus
1494 2489 1570 2512 eam
1592 2489 1665 2512 rem
1689 2483 1855 2520 narrant,
1879 2482 1988 2521 falsis
2016 2483 2207 2524 admixtis),
2229 2486 2298 2517 sch.

1318 2530 1382 2568 Eq.
1406 2530 1477 2559 469.
1496 2528 1582 2566 Pylo
1608 2530 1710 2567 capta
1724 2536 1844 2568 pacem
1868 2529 1911 2560 ab
1933 2529 2194 2562 Atheniensibus
2208 2535 2299 2571 pete-

1318 2575 1403 2608 bant
1426 2574 1687 2613 Lacedcemonii,
1715 2577 1798 2606 Pac.
1826 2579 1896 2607 219.
1929 2579 1963 2607 In
1985 2577 2063 2616 Pylo
2086 2580 2160 2609 sunt
2182 2579 2299 2611 milites

1317 2623 1536 2660 Athenienses,
1555 2622 1635 2661 Lys.
1656 2624 1725 2653 104.
1750 2622 1847 2662 leus
1869 2625 1905 2655 ut
1924 2623 1984 2655 sihi
1998 2623 2150 2655 reddatur
2164 2627 2299 2666 cupiunt

1318 2667 1563 2705 Lacedoemonii,
1588 2667 1631 2698 ib.
1661 2671 1739 2700 1683
1759 2677 1808 2709 sq.

1277 2719 1442 2756 Pyramus,
1467 2717 1639 2755 πυραμοῦς,
1661 2715 1828 2754 placenta
1845 2724 1888 2747 ex
1902 2716 2003 2747 melle
2016 2719 2108 2748 cocto
2122 2719 2155 2749 et
2171 2719 2298 2756 tritico,

1312 2765 1503 2804 praemium
1517 2771 1635 2793 eorum
1649 2764 1708 2803 qui
1720 2765 1754 2794 in
1769 2766 1932 2796 conviviis
1947 2773 2013 2796 non
2028 2765 2298 2805 obdormierant,

1319 2813 1350 2842 E
1379 2813 1474 2842 ‚277.

1278 2819 1467 2897 pyriilampis
1500 2856 1582 2887 filius
1621 2860 1752 2894 Demus,
1792 2856 1987 2888 adolescens
2009 2857 2272 2898 pulcherrimus
2287 2883 2296 2898 ,

1325 2906 1417 2944 Vesp.
1436 2907 1487 2936 98.

1277 2951 1479 2991 Pyrrhander
1493 2952 1534 2982 ut
1548 2950 1662 2982 malus
1681 2952 1715 2981 et
1725 2949 1938 2990 sycophanta
1946 2952 2214 2992 perstrinyitur,
2229 2953 2296 2993 Eq.

1320 3001 1393 3028 901.

1278 3044 1466 3084 Pyrrhceus
1483 3043 1633 3080 Lesches‚
1648 3045 1726 3083 Lys.
1748 3047 1819 3074 155.

1280 3090 1464 3131 Pyrrhias,
1482 3090 1607 3121 servile
1626 3098 1759 3127 nornen,
1776 3092 1862 3121 Ran.
1879 3092 1956 3129 730;
1976 3089 2080 3129 unde,
2099 3090 2143 3122 ib.
2162 3094 2233 3123 308.

1279 3138 1464 3177 Pyrrhiche,
1479 3137 1624 3168 saltatio
1642 3139 1675 3168 in
1695 3139 1815 3174 armis,
1830 3140 1888 3168 Aa.
1911 3142 2000 3170 1169.

1283 3185 1452 3225 Pyrrhine
1470 3185 1523 3215 vet
1537 3186 1680 3223 Pyrene,
1706 3186 1873 3214 meretrix
1892 3185 2068 3216 Corinthia
2089 3185 2137 3225 (in
2161 3185 2240 3216 aliis
2255 3186 2296 3217 li-

1322 3232 1391 3263 bris
1409 3231 1512 3269 hujus
1533 3230 1652 3261 scholii
1676 3230 1862 3270 Myrrhine
1878 3231 1999 3271 dicta),
2017 3232 2074 3263 Pl.
2104 3234 2161 3264 149
2177 3234 2211 3263 et
2225 3234 2294 3264 not.

1279 3277 1415 3318 Pythis,
1425 3278 1530 3316 pater
1544 3278 1582 3315 (Ρ)
1593 3278 1709 3315 sesne,
1730 3278 1822 3317 l'esp.
1841 3280 1891 3309 78.

1280 3324 1488 3364 Pythaqorae
1514 3323 1623 3362 lusae,
1650 3323 1788 3363 speculo
1811 3324 1925 3363 plenae
1949 3324 2042 3355 lunoe
2065 3324 2203 3356 obverso
2232 3324 2296 3356 ati·

1322 3372 1405 3413 quid
1421 3372 1587 3410 sanquine
1608 3371 1828 3409 inscribendi,
1846 3371 1938 3411 quod
1961 3374 2131 3413 tanquam
2146 3374 2181 3403 in
2202 3372 2296 3404 l‘unae

1323 3419 1401 3450 orbe
1413 3420 1579 3458 scriptum
1598 3420 1774 3456 cernatur,
1792 3418 1882 3450 Nub.
1902 3421 1972 3450 752.
