2533 3808
296 196 366 229 6712

294 275 436 315 Niipiiale
449 272 606 308 balneum,
622 269 662 300 (le
677 276 742 308 quo
760 265 959 302 Menander,
979 267 1052 303 Lys.
1069 266 1138 295 378.

292 321 445 361 Nvmphae
460 327 532 348 cum
559 321 640 347 Pane
656 339 664 353 ,
695 315 822 346 Thes-in.
850 315 920 344 978.
946 312 1102 351 Nymphae
1124 309 1302 346 montium,

321 354 390 399 'Av-
413 369 488 397 1098
503 389 510 403 ,
537 363 750 400 moruivagae,
773 360 902 391 Thesm.
924 362 994 389 326.
1015 357 1171 397 Nymphae
1188 356 1307 396 ὀρεσσί-

331 424 414 452 γονοι
428 436 436 450 ,
455 413 490 441 ut
506 408 727 448 Euripideum,
751 405 840 446 quod
863 405 1078 444 Asclepiades
1094 406 1127 435 in
1147 404 1306 434 Xantriis

330 457 483 496 AEschyti
507 456 659 486 incenit:
682 452 803 484 Inachi
819 451 908 490 filice
925 452 1084 492 βιόδωροι,
1107 450 1304 489 Ass-chyam,

331 507 418 535 Ran.
440 504 525 533 1344.
545 500 702 540 Nymphae
718 508 791 529 cum
807 499 928 529 Baccho
941 522 949 537 ‚
972 498 1097 529 leesm.
1118 498 1186 528 993.
1212 501 1306 535 Nym·

333 550 403 588 phae
421 549 450 578 in
466 547 581 578 Oceani
598 546 698 586 patris
716 545 817 576 hortis
835 545 966 576 choreas
988 547 1104 584 agunt,
1124 544 1212 575 Nat).
1235 546 1303 574 271.

330 595 484 634 Nymphae
498 602 574 634 quae
591 593 794 623 divinationi
806 593 975 631 praesunt,
991 593 1072 622 Pac.
1093 594 1170 622 1070
1183 599 1232 630 sq.

290 641 519 680 Nymphicum
535 640 736 679 Elymnium
748 660 758 673 ,
778 638 956 677 Sophocles
975 640 1055 669 Pac.
1080 642 1157 668 1126
1171 661 1178 675 ,
1196 637 1255 668 ubi
1272 645 1304 667 v.

291 689 397 725 Nysa,
413 687 505 717 locus
521 686 655 717 Arabice
671 685 933 724 velAEttiiopice,
947 685 1003 715 ubi
1018 686 1122 715 natus
1137 683 1303 721 Bacchus,

333 736 417 764 Itan.
439 737 508 763 216.

290 782 395 818 ,Nissos
412 779 524 810 dictus
546 777 703 810 Bacchus
727 777 821 818 apud
839 777 943 809 Indos
964 779 997 809 et
1015 778 1141 808 ceteros
1162 777 1306 816 populos

329 826 526 863 orientales,
546 828 629 856 Ran.
647 828 716 855 216.

289 872 404 910 Νγείυε
420 872 560 902 Bacchus
576 879 649 901 cum
671 870 886 910 Mefiiadibus,
902 873 981 911 LyS.
1000 873 1077 902 1282
1102 879 1152 910 sq.
1170 869 1305 909 Nyseius

329 918 482 956 Bacchus,
506 920 593 949 Ran.
616 922 687 948 216.

775 985 829 1027 O.

290 1061 383 1094 Oboli
404 1063 555 1102 aryentei
578 1063 700 1101 erant,
717 1062 822 1103 atque
840 1060 924 1093 adeo
940 1063 1042 1093 etiam
1060 1062 1186 1102 χαλκοῖ,
1211 1063 1303 1100 l'esp.

330 1111 400 1140 795.

288 1158 434 1186 Oceanus
448 1158 535 1195 pater
555 1165 561 1185 :
578 1155 609 1185 in
625 1156 692 1194 ejus
707 1156 807 1186 hortis
824 1155 930 1187 Nubes
947 1163 1018 1185 cum
1033 1154 1187 1194 Nymphis
1201 1162 1307 1184 sacras

329 1202 459 1232 choreas
469 1202 652 1239 instituunt,
666 1202 752 1233 Ναί).
764 1205 834 1233 271.
849 1203 1022 1243 Βαρυαχής,
1033 1204 1102 1231 278.
1116 1201 1162 1232 Ab
1179 1203 1308 1231 Oceano

329 1251 471 1280 veniunt
489 1257 567 1280 aves
581 1249 770 1289 penelopes,
787 1250 918 1281 Alcoeus
932 1252 991 1280 Αυ.
1014 1251 1102 1280 1410.

289 1295 410 1326 Oculus
433 1295 593 1327 humanus
610 1295 675 1326 soli
699 1296 858 1336 ἁντίμιμος
873 1320 881 1334 ,
909 1294 1072 1334 Euripides
1101 1294 1228 1325 Thesm.
1257 1296 1304 1324 17.

330 1342 452 1372 Oculus
467 1342 548 1381 regis
566 1343 774 1380 (Persarum),
791 1344 937 1382 satrapa
951 1342 1129 1378 ἐπίσκοπος,
1148 1341 1227 1372 Acti.
1245 1344 1282 1371 92
1295 1364 1306 1378 ,

330 1391 383 1426 94,
404 1391 470 1419 124.
495 1389 620 1419 Oculus
637 1391 798 1426 triremis,
817 1391 913 1427 remi,
928 1388 1006 1419 Acti..
1025 1391 1076 1425 95,
1092 1390 1141 1418 97.

288 1436 412 1466 odeum
428 1445 434 1465 z
455 1436 485 1465 in
499 1444 537 1465 eo
551 1436 645 1466 etiam
660 1436 713 1474 jus
729 1435 913 1473 dicebalur;
928 1437 1077 1466 ceterum
1098 1435 1256 1473 poemata
1273 1435 1305 1463 in

328 1490 365 1512 eo
381 1482 630 1519 recitabantur,
648 1484 834 1522 antequam
850 1482 986 1513 theatro
1002 1481 1174 1512 darentur
1185 1504 1193 1519 ,
1215 1482 1305 1519 resp.

331 1532 420 1560 1109.
447 1528 576 1559 Odeum
598 1531 735 1569 Spartce
756 1532 860 1560 lerroe
880 1531 974 1560 motu
991 1536 1211 1566 concussum,
1229 1529 1306 1567 Lys.

333 1578 422 1607 1144.

289 1622 500 1660 Odomantes,
516 1631 596 1662 qens
625 1622 806 1657 Thracica,
835 1622 878 1653 ab
899 1622 1074 1653 nonnullis
1091 1629 1153 1661 pro
1174 1621 1308 1652 Jzulceis

331 1669 463 1706 habita,
483 1669 562 1700 Ach.
583 1674 639 1700 156
656 1678 741 1709 sqq„
760 1672 826 1700 164.
844 1672 887 1700 In
903 1668 1109 1708 quafatnita
1124 1676 1202 1706 pene
1217 1668 1309 1698 muti-

331 1716 383 1746 lali
404 1718 435 1746 et
458 1716 539 1746 alliis
560 1724 616 1755 per
636 1725 729 1754 agros
748 1716 848 1755 raptis
874 1716 907 1745 in
930 1715 1116 1746 concionem
1139 1714 1308 1745 Athenien-

331 1763 413 1792 sium
431 1762 651 1801 producuntur
666 1761 705 1792 ab
719 1762 837 1800 legato,
854 1761 908 1800 qui
928 1761 1007 1792 tales
1021 1760 1125 1791 socios
1137 1760 1178 1790 ab
1193 1760 1308 1792 Sitalcc

332 1808 563 1848 impetraverit.

293 1854 438 1894 Odyrsa,
458 1854 492 1884 id
509 1857 558 1886 est
576 1854 753 1891 Thracica,
773 1854 849 1885 Ach.
871 1858 958 1884 1226.

292 1901 527 1938 OEax‚sraler
543 1900 754 1931 Palamedis.
774 1900 851 1931 l'icle
865 1899 1059 1931 Palamedes.

290 1952 442 1986 OEagrus,
467 1949 619 1986 traqicus
641 1949 737 1977 actor
759 1947 933 1986 AEscliyti,
958 1946 1090 1977 Niobam
1115 1947 1179 1986 egit
1201 1949 1306 1978 incer-

333 1997 406 2026 tum
421 1994 574 2034 AEschyli
592 2002 638 2024 an
655 1993 843 2033 Sophoclis,
867 1996 961 2033 l'esp.
981 1996 1038 2024 579
1056 1993 1132 2024 coll.
1154 1998 1212 2024 566
1231 2002 1308 2024 cum

331 2042 401 2071 not.

290 2087 431 2126 oedipus
447 2086 485 2116 ab
500 2086 591 2116 initio
605 2083 869 2123 beatus‚'deiu‹le
884 2085 1081 2115 miserrimus
1104 2085 1306 2123 mortalium,

332 2133 496 2173 Euripides
513 2133 544 2163 in
567 2132 694 2172 prologo
715 2134 912 2171 Antiqonce:
931 2132 985 2162 sed
1009 2132 1177 2170 AEschylus
1194 2131 1307 2170 probat

332 2180 490 2220 OEdipum
505 2188 670 2218 nunquam
687 2178 817 2210 desiisse
833 2186 899 2209 esse
914 2178 1139 2215 miserrimum,
1161 2179 1206 2207 vel
1221 2182 1306 2210 aule-

333 2235 428 2265 quam
453 2228 655 2263 nasceretur,
686 2228 769 2256 Ran-
793 2228 1005 2256 1182-1195).
1027 2223 1141 2265 efflipi
1165 2225 1219 2256 11,ιί
1244 2227 1307 2256 duo

331 2272 482 2311 singulari
495 2272 668 2303 certamine
680 2272 855 2310 decertant,
870 2272 1050 2311 I'lioeniss.,
1061 2273 1112 2311 fr.
1130 2274 1199 2303 471.
1216 2273 1308 2303 OEdi-

331 2319 429 2358 podes
445 2318 606 2358 (plurali),
620 2319 713 2349 Eccl.
733 2321 822 2358 1042,
840 2319 897 2349 ulii
913 2321 1123 2350 memoratur
1136 2318 1175 2349 ot>
1191 2321 1310 2350 mutri-

332 2367 483 2396 monium
497 2374 573 2395 cum
589 2367 709 2395 matre.

298 2413 411 2442 OEncis
426 2411 549 2449 tribus,
565 2414 621 2442 Λυ.
635 2413 707 2449 645,
728 2411 856 2442 Ttiesm.
876 2415 945 2442 620.

293 2462 419 2489 OEneus
435 2466 473 2488 ex
497 2458 581 2489 arvis
602 2458 729 2497 frugum
757 2458 913 2497 primitias
930 2467 995 2490 non.
1018 2459 1142 2491 obtulit
1169 2461 1306 2497 Dianoe,

333 2503 499 2542 Euripides
520 2504 693 2543 Meleayro
705 2516 716 2542 ,·
738 2504 816 2535 hinc
836 2506 932 2536 irata.
948 2504 1014 2535 (lea
1030 2514 1155 2544 aprum
1170 2507 1309 2536 immisit

334 2551 368 2579 in
384 2558 483 2588 aoros
498 2550 580 2587 eius,
596 2552 683 2581 Ran.
709 2553 796 2588 1238,
816 2553 892 2581 1240
905 2560 954 2591 sq.
972 2555 1097 2582 OEneus
1108 2575 1116 2589 ,
1134 2552 1239 2582 sabula
1255 2555 1309 2581 Eu-

335 2594 456 2634 ripidis,
471 2594 549 2625 Ach.
569 2597 639 2632 418,
658 2598 716 2626 420
724 2607 735 2633 ,·
751 2604 773 2626 a
790 2604 854 2635 quo
868 2605 930 2627 rex
947 2597 1005 2627 ille
1018 2606 1193 2636 pannosus
1209 2599 1310 2628 intro·

334 2641 485 2678 ducitur,
503 2643 587 2671 Ran.
608 2644 695 2671 1063.
721 2643 854 2672 Mortuo
880 2642 987 2681 Tydeo
1001 2645 1034 2673 et
1052 2644 1210 2674 Diomede
1233 2653 1307 2675 con-

334 2691 391 2719 tra
418 2688 562 2719 Thraces
581 2688 731 2727 profecto
744 2712 751 2726 ‚
773 2689 946 2729 Aqriifllii
966 2692 1067 2721 OEneo
1080 2693 1150 2721 seni
1165 2700 1309 2730 reanum

333 2735 547 2772 ademerunt,
563 2734 652 2774 quocl
666 2736 695 2765 ei
708 2737 859 2766 restituit
876 2736 1054 2767 Diomedes
1066 2736 1188 2776 redux,
1203 2740 1310 2769 occiso

334 2783 446 2820 Aqrio,
462 2780 541 2811 Ach.
559 2783 631 2819 418,

297 2832 402 2860 OEnoe
416 2829 448 2858 in
470 2827 654 2866 Tetrapoli‚
672 2828 748 2866 Lys.
765 2830 834 2858 285.

296 2878 484 2907 OEnomaus
501 2883 511 2904 :
528 2873 599 2912 ejus
607 2872 725 2911 filiam
741 2873 835 2905 ducit
850 2875 971 2914 Pelops
988 2876 1098 2910 Pisce,
1124 2874 1309 2915 Euripides

332 2925 417 2953 Ran.
438 2923 524 2953 1233.

297 2969 491 3008 OEnophyta
504 2979 513 2999 s
528 2969 573 2999 ibi
588 2968 697 3000 victor
711 2967 922 3006 Myronidm,
940 2970 1014 3008 Lys.
1032 2972 1101 2999 801.

292 3015 481 3054 ΟΕοηίεΙιυε,
497 3017 781 3054 turpissimarwn
795 3014 977 3046 libistinum
991 3015 1100 3054 homo,
1114 3015 1230 3047 sodalis
1244 3016 1308 3046 Ari-

334 3060 479 3099 phi-adis,
497 3063 559 3101 Eq.
582 3064 669 3092 1287.

295 3107 526 3145 OEus,paqus,
544 3109 627 3138 Ran.
651 3111 720 3138 501.

293 3152 368 3183 Olea
392 3152 424 3182 in
438 3162 509 3183 arce
525 3154 721 3185 Athenarum
738 3155 894 3195 πάγκυφος
906 3177 913 3191 ,
931 3153 986 3192 sr.
1011 3156 1081 3185 664.
1108 3154 1194 3186 oleae
1211 3164 1310 3186 sacrae

333 3201 497 3230 Minervae
509 3222 517 3237 ‚
540 3199 640 3240 μορίαι
652 3223 660 3236 ,
679 3200 712 3230 iu
726 3202 892 3231 Academia
906 3202 940 3232 et
954 3202 988 3232 in
1003 3203 1103 3240 Arce,
1126 3210 1169 3232 ex
1187 3202 1309 3243 quilius

296 3259 299 3261 ·
333 3245 445 3277 oleum
460 3246 704 3276 Panathenceis
723 3248 915 3285 (victorious
929 3248 1064 3286 dutum)
1079 3272 1087 3285 ,
1107 3249 1197 3279 Ναί).
1220 3254 1307 3281 1005.

335 3291 424 3327 Quid
447 3291 606 3323 acciderit
624 3292 864 3325 Halirrliottiio
881 3296 1030 3334 Neptuni
1040 3295 1119 3335 filio
1143 3304 1200 3325 eas
1224 3298 1310 3326 ezei-

335 3337 415 3369 ctere
435 3340 606 3377 tentanti,
631 3338 711 3369 ibid.
727 3339 812 3371 oleae
833 3342 867 3371 in
891 3343 1031 3371 termino
1056 3341 1225 3374 curriculi
1249 3354 1311 3373 στι-

336 3384 428 3424 χηδὸν
440 3387 563 3424 posita.³
575 3387 613 3417 ut
627 3387 740 3425 meta,·
753 3387 830 3427 alii,
846 3389 879 3420 in
894 3388 1132 3429 hippodromio
1145 3392 1310 3431 extremo,

948 180 1102 217 INDEX
1131 175 1380 215 NOMINUM
1409 177 1473 214 ET
1503 179 1683 218 RERUM

1404 264 1438 293 et
1459 263 1521 294 sut)
1545 273 1602 296 cas
1625 266 1860 305 portabantur
1884 268 2077 300 decidentes
2100 272 2133 301 in
2153 279 2275 310 συκῆς
2293 271 2383 303 unde

1399 311 1620 348 proverbium
1648 313 1733 348 ἐκτὸς
1761 314 1857 344 ἐλαῶν
1869 339 1877 352 ,
1910 317 1994 347 [ian.
2023 319 2094 348 995.
2127 318 2217 348 oleae
2244 327 2383 349 ramum

1406 356 1491 387 lana
1515 359 1668 389 velatum
1681 361 1848 399 supptices
1860 361 2032 401 praeferre
2048 364 2204 395 solebant
2216 388 2223 402 ,
2239 365 2294 396 Pl.
2310 368 2381 396 383.

1405 405 1502 434 Senes
1516 406 1549 436 in
1560 414 1687 445 pompa
1698 407 1958 439 Panatlienaica
1972 418 2085 440 ramos
2096 411 2179 441 oleoe
2188 411 2382 450 qestaliant,

1412 451 1506 490 Vesp.
1530 454 1600 483 544.
1622 455 1719 483 Rami
1738 454 1821 484 oleoe
1841 454 1924 486 lana
1947 458 2205 495 circumvoluti,
2225 460 2384 497 appensis

1399 496 1579 534 fructibus
1597 502 1719 538 vai-iix,
1734 503 1835 532 erant
1853 503 2026 538 Iresionoe,
2044 513 2150 544 quam
2163 513 2231 536 voc.
2251 504 2336 536 vide.

1365 544 1497 575 oleastri
1512 554 1601 576 ramo
1614 548 1809 578 coronantur
1823 548 1958 580 victores
1971 551 2142 590 Olympici,
2157 552 2212 583 Pl.
2229 554 2287 583 586
2299 575 2308 591 ,
2326 551 2385 583 ubi

1407 591 1480 622 risle
1495 592 1639 623 scholia.

1368 638 1486 669 Oleum
1510 641 1544 670 in
1569 640 1698 671 balneis
1710 665 1718 680 ‚
1736 641 1825 672 Nub.
1842 644 1912 673 449.
1932 643 2009 674 Olea
2024 653 2087 675 cur
2101 647 2281 684 unqantur
2296 646 2384 676 vete·

1406 693 1472 724 νος,
1500 686 1551 717 Pl.
1580 690 1640 717 616
1667 689 1699 718 et
1725 690 1792 718 not.
1828 689 1905 719 oleo
1929 689 2043 728 infuso
2073 691 2205 729 politur
2231 691 2383 731 clypeus.

1406 735 1492 763 Sunt
1517 736 1575 773 qui
1601 736 1635 766 in
1665 735 1777 766 oleum
1805 738 1995 775 spectantes
2023 739 2273 777 vaticinentur,
2304 738 2384 769 Aeh-

1412 783 1501 811 1128.

1368 827 1465 857 Oliva
1479 829 1725 868 καλλιστέφανος,
1742 831 1777 860 in
1796 829 1954 861 Pantheo
1968 830 2160 870 (olympiae)
2172 855 2181 869 ,
2201 831 2244 862 ab
2259 829 2385 863 Aristo·

1410 874 1474 904 tele
1499 874 1707 906 describitur
1715 888 1728 914 ;
1759 878 1818 916 qui
1847 876 1956 907 tradit
1980 877 2022 908 ab
2047 878 2195 909 Hercule
2221 878 2387 918 Olympia:

1407 929 1476 950 esse
1494 921 1697 960 plantatam
1720 922 1767 953 ad
1791 923 2005 954 Helissonem
2028 924 2179 962 (Itissum
2190 923 2290 962 salso
2307 924 2385 964 leqi-

1408 968 1478 1005 tur)
1492 966 1662 1006 flicvium,
1684 972 1943 1000 sacrosanctam
1966 972 2000 1001 et
2011 970 2156 1010 (edificio
2173 972 2321 1002 cinctam
2333 995 2342 1010 ,
2364 979 2387 1002 α

1406 1022 1476 1055 qua
1496 1017 1616 1053 petant
1633 1016 1709 1046 Elei
1727 1024 1870 1047 coronas
1884 1016 2102 1048 athletarum
2117 1018 2303 1055 victorum,
2329 1017 2384 1048 Pl.

1408 1065 1478 1092 586.
1499 1061 1596 1091 Oliva
1610 1063 1778 1093 Minervce
1792 1063 1930 1101 donum,
1948 1065 2027 1094 Pac.
2045 1066 2116 1095 578.

1366 1108 1527 1139 olivantes
1543 1108 1688 1138 mercede
1705 1108 1855 1139 conducti
1867 1132 1875 1147 ,
1898 1112 1989 1149 I'esp.
2006 1112 2075 1140 712.

1367 1155 1444 1185 Olla.
1463 1154 1557 1191 ollis,
1582 1156 1615 1184 in
1634 1154 1756 1194 quibus
1779 1156 1891 1196 ὄσπρια
1913 1159 2024 1193 coela,
2051 1156 2241 1187 dedicabant
2264 1156 2387 1187 statuas

1407 1202 1469 1231 aut
1486 1209 1569 1231 aras
1583 1200 1735 1240 deorum,
1754 1211 1796 1232 ex
1811 1203 1894 1241 iltis,
1910 1212 1994 1242 quas
2012 1204 2161 1234 mulieres
2173 1203 2386 1234 variovestiiu

1407 1251 1439 1278 et
1451 1247 1648 1278 venerabiles
1662 1248 1693 1278 in
1707 1249 1809 1287 capite
1826 1249 2008 1288 portabant,
2023 1250 2178 1281 libabant
2191 1249 2385 1291 χαριστήρια,

1409 1294 1462 1325 Pl.
1483 1297 1694 1325 1197-1199.
1714 1294 1769 1325 His
1784 1295 1856 1325 ollis
1875 1295 1987 1334 positis
2002 1295 2192 1327 dedicabant
2207 1299 2339 1327 Hermas
2354 1296 2387 1325 ct

1408 1348 1491 1371 aras
1509 1342 1603 1371 Jovis
1626 1343 1771 1379 Hercei,
1790 1343 1871 1372 Pac.
1891 1344 1950 1373 922
1974 1351 2022 1382 sq.
2038 1345 2070 1373 et
2086 1343 2202 1381 schol,
2218 1341 2386 1378 Danant,

1399 1386 1453 1424 sr.
1472 1389 1541 1417 245.
1560 1387 1661 1417 Ollam
1684 1387 1731 1418 ast
1744 1388 1953 1427 sacrificium
1974 1391 2010 1419 inv
2026 1389 2202 1420 condenda
2217 1389 2302 1420 urbe
2310 1396 2388 1428 per-

1408 1432 1579 1472 aqenctum
1597 1432 1726 1472 jerunt
1747 1434 1975 1465 Pisthetcerus
1992 1437 2024 1466 el
2040 1435 2242 1475 Eicelpide3‚
2257 1438 2316 1467 Αυ.
2334 1437 2386 1465 43.

1414 1479 1492 1510 Viae
1508 1480 1632 1519 Chytri.

1368 1526 1536 1566 Olophyxii
1551 1550 1559 1565 ,
1582 1527 1705 1558 incolce
1727 1527 1898 1567 Olophya'i
1924 1528 2038 1568 oppidi
2055 1528 2117 1559 sub
2141 1529 2256 1559 monte
2280 1527 2389 1566 Atho;

1408 1573 1451 1604 ab
1468 1573 1729 1604 Atheniensibus
1741 1573 1845 1612 J'ussa
1868 1574 2098 1614 accipiebant,
2116 1576 2175 1605 Av.
2194 1576 2283 1605 1041.

1368 1619 1515 1659 Olympia
1534 1620 1717 1650 communia
1732 1622 1806 1651 sunt
1822 1624 2004 1652 Graecorum
2021 1621 2164 1651 omnium
2187 1623 2224 1652 ut
2242 1623 2388 1659 cognato-

1410 1676 1498 1705 rum,
1523 1669 1598 1705 Lys.
1623 1670 1699 1698 1129
1720 1675 1792 1707 sqq.
1820 1668 2087 1708 Olympiissesto
2111 1668 2191 1707 Cylo
2209 1675 2388 1707 aqyressus

1409 1716 1458 1745 est
1475 1714 1706 1754 Atheniense&
1726 1717 1788 1754 Eq.
1809 1716 1880 1745 445.

1368 1760 1570 1800 Olympicum
1593 1763 1756 1791 certamen
1778 1761 1892 1801 quinto
1908 1769 2036 1801 quoque
2055 1769 2138 1792 anno
2154 1769 2173 1791 a
2191 1760 2307 1792 Graecis
2322 1760 2388 1791 col·

1410 1807 1496 1838 lectis
1520 1807 1589 1837 ,10γί
1606 1807 1824 1846 celebratun13
1846 1807 2013 1847 praemium
2037 1806 2164 1838 oleastri
2182 1815 2307 1846 ramus,
2331 1807 2388 1838 Pl.

1410 1856 1585 1892 583-586,
1602 1858 1673 1891 592,
1687 1855 1755 1884 sine
1767 1856 1885 1893 potius
1900 1854 2001 1884 olivae
2014 1853 2264 1893 καλλιστεφάνου,
2282 1862 2389 1894 quam

1409 1902 1443 1930 in
1458 1900 1613 1931 Pantheo
1626 1900 1828 1939 plantatam
1844 1900 2012 1939 Olympiae
2024 1899 2067 1931 ab
2084 1900 2246 1938 Hercule,
2263 1900 2389 1931 descri-

1410 1947 1456 1977 bit
1482 1947 1701 1985 Aristoteles,
1722 1950 1792 1977 586.
1818 1946 1972 1986 Olympici
1996 1946 2082 1985 ludi,
2116 1948 2209 1986 Vesp.
2241 1949 2317 1978 1382
2337 1955 2387 1987 sq.

1411 1993 1608 2032 Olympicus
1621 1992 1727 2023 stadii
1743 2001 1874 2030 cursor,
1891 1995 1947 2023 Αυ.
1973 1996 2061 2023 1121.
2085 1992 2304 2033 Olympiacus
2321 1993 2389 2032 (vel

1412 2039 1620 2079 Olympicus)
1637 2041 1776 2077 Psacas,
1796 2039 1875 2070 Ach.
1899 2043 1987 2070 1150.

1368 2086 1569 2126 Olympicum
1589 2086 1794 2125 (templum),
1807 2085 1863 2124 fr.
1884 2088 1955 2117 659.

1368 2132 1505 2172 Olympii
1528 2134 1560 2163 et
1583 2132 1738 2173 Olympiae
1754 2133 1862 2164 cuncti
1881 2135 1912 2164 et
1939 2133 2084 2172 cunciae,
2106 2132 2138 2163 in
2159 2131 2295 2163 formula
2318 2139 2388 2171 pre·

1408 2188 1494 2219 cum,
1509 2182 1565 2212 Λυ.
1584 2184 1654 2212 866.
1674 2179 1812 2220 Olympii
1828 2179 1890 2217 dii,
1904 2180 2064 2219 Olympiae
2080 2179 2163 2218 deae,
2181 2178 2309 2210 Thesm.
2329 2180 2384 2209 331

1408 2238 1475 2268 sq.,·
1490 2227 1546 2266 dii,
1564 2230 1623 2259 Av.
1639 2231 1728 2265 1202,
1748 2230 1836 2266 1231,
1856 2227 1985 2258 Thesm.
2003 2230 2075 2258 960.
2092 2226 2268 2266 Ὀλύμπιοι,
2285 2227 2390 2256 tertia

1410 2277 1495 2305 (etas
1512 2274 1653 2305 deorum
1668 2274 1730 2305 sub
1745 2275 1839 2312 Jove,
1858 2273 1946 2305 Nub.
1964 2275 2036 2304 247.

1371 2321 1545 2360 Olympus,
1570 2324 1629 2352 Av.
1650 2324 1727 2358 780,
1758 2323 1853 2357 1372,
1873 2322 1906 2351 et
1929 2322 2104 2351 Anacreon
2128 2326 2186 2358 ap.
2211 2317 2317 2349 schol.
2343 2316 2391 2349 ad

1411 2367 1502 2399 hunc
1518 2375 1653 2398 versum
1660 2379 1673 2405 ;
1691 2366 1903 2405 venerandus,
1924 2366 2052 2398 Thesm.
2072 2368 2149 2397 1068
2165 2373 2214 2405 sq.
2231 2368 2266 2395 In
2282 2364 2390 2404 Olym-

1410 2414 1441 2453 pi
1462 2414 1561 2445 sacris
1575 2413 1748 2445 verticibus
1762 2413 1838 2444 nive
1861 2413 1954 2445 tectis
1976 2414 2143 2443 morantur
2159 2411 2279 2450 nubes,
2297 2411 2388 2442 Nub-

1413 2464 1482 2492 270.

1369 2508 1537 2547 Olympus,
1558 2508 1710 2538 musicus
1726 2508 1835 2543 velim,
1852 2507 2006 2545 Marsyoe
2019 2504 2224 2544 discipulus,
2241 2505 2300 2544 qui
2315 2503 2390 2535 tibi·

1410 2561 1503 2584 cinos
1520 2555 1553 2584 et
1561 2552 1697 2592 flebiles
1710 2552 1825 2583 modos
1839 2553 2038 2591 scripserat,
2057 2550 2195 2582 tandem
2210 2549 2338 2588 infelix
2349 2550 2390 2581 ob

1409 2603 1589 2639 musicam,
1604 2603 1667 2641 Eq.
1685 2604 1715 2631 9.
1734 2600 1885 2631 Silenum
1899 2608 1978 2630 cum
1991 2608 2028 2630 eo
2041 2598 2326 2638 confabulantem
2341 2599 2390 2630 in-

1412 2646 1561 2677 troducit
1578 2646 1774 2683 Pindarus,
1790 2646 1880 2676 Nub.
1900 2647 1970 2676 223.

1371 2694 1492 2723 Omina
1508 2701 1550 2723 ex
1566 2701 1671 2732 quam
1685 2692 1805 2723 multis
1820 2691 1920 2722 rebus
1936 2692 2088 2731 ceperint
2109 2691 2240 2728 Groeci,
2256 2691 2315 2721 Av.
2331 2691 2392 2722 719

1411 2747 1426 2769 s
1451 2747 1482 2778 q.

1371 2748 1573 2817 Onoqcindius
1597 2783 1786 2822 Piscinam,
1810 2783 1954 2823 Eupolis
1979 2784 2035 2814 Av.
2064 2786 2162 2821 1556,
2192 2784 2292 2821 1559,
2309 2783 2387 2822 Lys.

1410 2834 1482 2862 490.

1371 2879 1608 2909 Onoinacritus
1624 2877 1834 2908 Atheniensis
1846 2900 1856 2915 ,
1880 2877 2022 2907 Homeri
2039 2876 2203 2916 διορθωτής
2225 2876 2289 2908 sub
2304 2877 2390 2908 Pisi-

1408 2926 1531 2961 strato,
1550 2924 1644 2955 Prol.
1664 2925 1728 2958 IX,
1749 2932 1783 2961 a,
1802 2925 1853 2960 44,
1871 2931 1903 2962 p.
1928 2924 2033 2960 XIX;
2049 2923 2093 2957 X,
2113 2930 2154 2962 (ι,
2173 2927 2224 2955 36.

1368 2970 1487 3000 ononis
1502 2971 1634 3009 (merces
1653 2979 1693 3000 an
1709 2969 1817 3008 herba)
1830 2969 1903 3008 ‚sn
1925 2971 1995 3000 537.

1372 3017 1499 3056 Ophion
1513 3020 1545 3048 et
1563 3020 1771 3057 Eurynome,
1790 3017 2010 3048 vetustissimi
2030 3015 2092 3056 (lii,
2108 3017 2197 3049 Nub.
2215 3018 2283 3048 247.

1369 3067 1473 3103 Opora
1485 3087 1494 3102 ,
1511 3064 1639 3104 Ὀπώρα
1651 3087 1659 3101 ,
1678 3064 1764 3093 Pacis
1785 3071 1912 3100 comes,
1929 3064 2014 3095 Pac.
2033 3067 2103 3095 523.
2129 3065 2170 3094 In
2196 3071 2237 3094 ea
2255 3062 2390 3101 fabula

1410 3115 1547 3149 oporam
1564 3110 1737 3141 Mercurius
1752 3110 1783 3139 in
1802 3109 2043 3141 matrimonium
2060 3109 2115 3140 dat
2130 3113 2274 3149 Trygaeo,
2289 3111 2390 3141 706-

1410 3159 1482 3195 711,
1498 3165 1638 3196 quocum
1657 3156 1696 3186 de
1715 3156 1794 3188 coslo
1813 3156 1898 3195 abit,
1923 3159 1995 3189 728.
2023 3155 2164 3186 Habebat
2179 3155 2390 3186 meretriculae

1412 3205 1564 3242 l'oruuun3
1593 3213 1691 3244 quare
1716 3212 1827 3236 servus
1851 3206 2069 3247 πορνοὸοσκεῑν
2097 3203 2174 3234 dicit
2195 3203 2293 3241 deos,
2315 3205 2387 3234 849.

1410 3256 1514 3292 (ipora
1532 3255 1663 3290 Trygaeo
1683 3260 1799 3291 sponsa
1820 3251 1986 3291 procedit,
2008 3252 2086 3281 1316
2104 3258 2169 3290 sq.;
2186 3258 2249 3290 qua
2263 3258 2297 3281 se
2313 3249 2388 3280 l'rui-

1411 3301 1499 3329 turos
1525 3307 1594 3330 esse
1620 3299 1698 3329 licus
1729 3299 1916 3338 colligentes
1944 3297 2092 3337 agricoloe
2119 3296 2280 3336 gaudent,
2310 3297 2387 3327 1337

1410 3355 1478 3386 sqq.

1370 3392 1502 3433 Opuntii
1519 3392 1669 3432 Locridis,
1686 3394 1743 3424 Au.
1763 3395 1830 3424 152.
1848 3392 2016 3432 Opuntius
2033 3390 2153 3422 tibicen
2167 3387 2388 3429 Bacchylides

1356 3468 1371 3487 Ο
