2533 3808
242 209 311 241 196

236 285 357 327 θεατὰς
380 281 467 320 μετὰ
487 278 600 323 πάσης
620 276 706 313 εὖνοι
712 289 748 316 ας
774 270 1001 343 ἀποδέχεσθαι
1021 271 1063 307 τὰ
1085 269 1141 306 ὑπ’
1161 270 1264 305 αὐτοῦ

235 355 426 413 πριηματα.
454 337 580 385 ἴδωμεν
605 328 661 370 οὖν
687 331 748 376 τὴν
781 328 928 381 στροφὴν
954 327 986 364 τί
1009 329 1081 364 ἐστι
1107 342 1167 364 και
1193 329 1267 368 πῶς

231 400 294 444 τὴν
316 396 536 446 ἀντίστροφον
563 390 628 436 ἐπή
632 404 729 440 γαγε.
750 389 814 425 κάν
833 391 907 428 ταῖς
926 383 1133 437 ΊΝεφέλαις
1116 383 1150 421 οὲ
1172 387 1266 420 εἷπον

234 456 285 492 ὅτι
310 455 361 492 δει
383 452 520 493 πάντως
547 446 835 486 ἀνταποδίδοσθαι
863 446 905 494 τῇ
932 445 1071 515 στρρφῇ
1087 441 1149 487 τὴν
1174 440 1269 478 ἀντί-

199 536 215 558 ⁶
235 527 389 581 στροφον,
415 503 489 547 εἶτα
513 505 721 557 ἀμφοτέραις
748 502 934 552 ἐπαγαγεῖν
964 501 1027 546 τὴν
1057 499 1199 552 ἐπῳδόν·
1229 500 1268 536 ἐκ

233 569 361 608 τούτων
381 566 447 618 γὰρ
462 565 506 603 τὰ
524 563 649 616 χορικὰ
669 560 891 607 συνεστάναι,
908 574 1072 611 στροφης,
1092 556 1269 609 ἀντιστρό-

233 643 317 678 φου,
343 626 488 677 ἐπῳδοῧ.
519 621 747 672 ἀντίστροφος
765 617 799 656 63
828 617 963 670 εἴρηται
992 615 1089 666 παρὰ
1115 615 1154 653 τὸ
1184 617 1269 652 ἀνα-

234 683 388 736 στρέφειν
417 680 474 720 ἐπι
503 679 560 717 τὸν
593 678 627 722 ἐξ
656 680 765 729 ἀρχῆς
792 690 870 713 νουν
900 689 960 712 του
988 672 1106 723 λόγου,
1141 670 1268 722 μεταξυ

232 739 425 792 λεγομένων
446 740 513 776 τῶν
532 737 713 788 περιττῶν,
734 732 793 770 καὶ
813 747 929 783 ωσπερ
949 728 1187 780 ἐντεθειμένων
1208 727 1268 766 καὶ

185 810 215 833 10
234 797 432 849 δυναμένων
451 794 724 868 υπεξαιρεῖσθαι,
743 789 838 829 ουδὲν
857 786 958 835 ἧττον
983 804 1045 833 της
1071 767 1270 828 ἀκολουθίας

234 855 440 906 σωζομένης.
461 853 533 905 ἔχει
554 852 589 889 63
615 866 721 892 ουτως
740 868 754 881 ‹
775 848 907 921 ἀνδρῶν
927 862 964 883 τε
984 846 1103 888 δαῖτας
1123 860 1181 882 και
1205 847 1269 880 θα-

236 933 250 947 «
270 914 346 956 λίας
370 911 550 963 μακάρων.
575 924 627 947 σοι
646 907 712 959 γὰρ
741 905 814 943 τάδ’
835 904 868 948 ἐξ
879 906 1007 974 ἀρχῆ-ςΧ
1029 902 1136 952 μέλει.
1160 920 1174 935 »
1196 904 1269 938 εἶτα

235 990 250 1003 «ι
271 971 384 1008 τοιάδε
409 968 477 1020 χρὴ
505 966 727 1018 Χαρίτων.»
757 962 813 1000 διὰ
845 961 950 1012 μέσου
976 959 1011 997 63
1035 958 1078 996 τὰ
1105 974 1183 1010 περι
1202 960 1269 995 τῶν

238 1028 410 1080 Καρκίνου
428 1025 573 1063 παίδων.
593 1023 666 1060 ἔστι
688 1020 722 1059 δὲ
738 1018 834 1072 παρὰ
853 1018 897 1056 τὰ
917 1016 1133 1068 Στησιχόρου
1155 1019 1193 1054 ἐκ
1211 1031 1271 1061 της

237 1084 436 1136 Ορεστείας
456 1101 470 1116 «
491 1081 604 1119 τοιάδε
624 1078 692 1131 χρὴ
713 1078 876 1129 Χαρίτων
894 1074 1092 1125 δαμώματα
1112 1072 1272 1110 καλλικό-

237 1163 252 1176 n
273 1158 345 1192 μων
367 1145 499 1192 ὑμνεῖν,
521 1138 674 1191 Φρύγιον
707 1136 807 1186 μέλος
831 1132 1025 1185 ἐξευρόντας
1053 1131 1200 1183 ἁδρῶς·
1194 1125 1271 1182 ἦρος

236 1219 249 1233 «
274 1197 554 1251 ἐπερχομένου.»
575 1193 773 1245 δαμώματα
794 1193 828 1229 ’δε
817 1191 845 1240 )
868 1190 910 1228 τὰ
930 1188 1080 1238 δημοσία
1106 1188 1211 1241 ἀδόμε
1215 1203 1270 1225 να.

292 1271 357 1296 800
389 1255 482 1305 (ὅταν
510 1252 644 1305 ηρινὴι
668 1251 739 1290 Καὶ
768 1248 888 1294 αύτη
878 1246 1040 1292 amon-hv
1012 1244 1269 1297 ...τησιχόρειος.

237 1330 320 1367 φησι
339 1313 405 1364 γὰρ
426 1311 531 1354 οὕτως
551 1329 566 1344 α
586 1326 666 1347 οταν
686 1313 766 1359 ἦρος
784 1306 858 1358 ωρα
878 1306 1007 1355 κελαδῇ
1027 1303 1187 1355 γελιδών.
1210 1304 1237 1351 ι)

288 1385 352 1411 803.
382 1370 561 1422 Μόρσιμος
583 1365 669 1417 μηδὲ
690 1364 916 1406 Μελάνθιος·
908 1392 916 1401 .
939 1361 1109 1414 Τραγικοι
1129 1375 1273 1405 ποιηται

237 1429 436 1482 ἀμφότεροι.
466 1430 484 1464 ὃ
510 1425 545 1463 δε
572 1424 753 1476 Μόρσιυος
781 1419 995 1461 Φιλοκλέους
1019 1434 1077 1456 του
1110 1433 1174 1470 τρα
1177 1432 1272 1468 γικου

237 1487 326 1532 υιὸς,
347 1483 494 1535 πονηρὸς
513 1497 573 1520 και
601 1481 760 1564 ἄμετρος.
781 1481 799 1516 ὃ
819 1477 854 1515 δε
878 1476 1070 1518 Μελάνθιος
1094 1475 1273 1526 κωμωδεῖ-

236 1559 294 1581 ται
321 1545 366 1585 εἷς
387 1540 562 1592 μαλακίαν
582 1538 641 1576 καὶ
665 1535 870 1608 ὂὲοφαγίαν.
893 1550 952 1571 και
976 1532 1064 1570 πολυ
1087 1513 1248 1582 μᾶλλον’
1239 1547 1273 1568 εν

236 1617 306 1644 τοις
322 1598 471 1642 Κόλαξιν
494 1596 645 1638 Εὔπολις
665 1594 765 1632 αυτὸν
784 1609 829 1636 ως
847 1592 998 1630 κίναιδον
1019 1590 1199 1627 διαὲάλλει
1215 1588 1275 1626 καὶ

237 1659 383 1697 κόλακα.
419 1655 509 1694 ἀλλα
546 1670 605 1692 και
636 1656 681 1696 ὡς
713 1651 849 1701 (λευκὰς
887 1650 1010 1701 ἔχοντα
1042 1649 1113 1697 και)
1148 1647 1274 1699 λεπρον

238 1714 480 1768 Ἀριστοφάνης
497 1715 530 1751 ἐν
549 1711 705 1763 Ὄρνισιν
726 1710 808 1760 [150]
825 1727 840 1741 ιι
859 1707 893 1751 ὃς
912 1722 974 1744 ουκ
993 1705 1072 1743 ἷδων
1096 1703 1194 1756 ¹ss6.=.J⁸'
1178 1719 1276 1742 υττο-

239 1790 302 1824 μαι
321 1773 376 1811 τὸν
397 1770 549 1823 Λέπρεον
571 1768 639 1806 ἀπὸ
659 1766 901 1806 Μελανθίου.»

290 1844 355 1869 sos.
387 1826 544 1880 (ἀδελφός
569 1841 605 1863 τε
634 1841 694 1863 και
719 1823 820 1866 αὐτὸς
849 1836 857 1861 :
880 1822 944 1864 Ως
963 1837 1022 1858 και
1047 1836 1106 1857 του
1128 1820 1274 1871 ἀδελφο3

237 1905 296 1927 του
325 1885 520 1926 Μελανθίου
550 1886 712 1936 τραγικοῦ
741 1881 834 1924 ὄντος
860 1879 1009 1928 ἀσήμου.

239 1946 291 1984 τό.
309 1943 465 1996 δέχονταί
488 1958 556 1980 τινε
561 1957 575 1985 ς
592 1943 636 1983 ιῖς)
655 1956 714 1977 και
745 1943 805 1976 το3
827 1939 885 1975 ἀδε
874 1939 974 1988 ελφο3
995 1939 1054 1973 τοῦ
1077 1934 1276 1973 Μελανθίου

239 2006 402 2057 τραγικοῦ
431 2003 573 2046 ποιητοῦ
600 1999 713 2047 ὄντος,
742 1995 879 2065 ἀσήμου
916 1994 964 2032 δέ.
997 2009 1058 2031 ουκ
1090 1993 1221 2042 ἀνάγκη
1243 1991 1278 2029 63

240 2061 380 2113 διαιρεῖν
400 2075 460 2097 και
481 2063 606 2105 ποιεῖν,
631 2055 716 2107 πρὸς
734 2053 773 2092 τὸ
792 2054 850 2091 τὸν
870 2052 971 2104 χορὸν
999 2055 1091 2102 εἰγε,
1115 2050 1153 2088 τὸ
1173 2051 1278 2087 ἀδελ-

240 2118 301 2171 φός
318 2133 354 2155 τε
385 2131 444 2154 και
472 2114 581 2157 αὐτός.
605 2112 696 2150 ἀλλὰ
714 2127 758 2149 τα
791 2110 832 2160 μὲ
836 2126 851 2146 ν
873 2112 995 2160 πρῶτα
1025 2108 1095 2146 ἰδία
1120 2123 1199 2179 περι
1218 2111 1277 2144 τοῦ

239 2175 434 2214 Μελανθίου
456 2172 560 2224 μέχρι
585 2175 643 2208 του
670 2168 774 2237 χορὸν
801 2172 904 2219 εἶχεν.
936 2167 993 2204 ἀπ’
1025 2166 1168 2212 ἄΙλης
1151 2165 1186 2202 03
1215 2167 1278 2217 ἀρ-

241 2248 306 2284 χης
324 2231 404 2283 περί
422 2246 460 2268 τε
480 2245 582 2266 αυτου
602 2227 662 2265 καὶ
681 2230 739 2264 του
761 2226 926 2276 ἀδελφου,
945 2239 990 2261 τα
1006 2225 1053 2266 εἰς
1072 2222 1277 2274 ὀὺοφαγίαν.

241 2291 293 2327 ὅτι
315 2288 382 2340 γὰρ
402 2292 419 2326 ὃ
442 2286 633 2327 Μελάνθιος
661 2282 852 2335 ὀψοφάγος,
880 2281 1092 2335 προείρηται.
1113 2279 1172 2318 καὶ
1195 2281 1278 2332 παρ’

243 2346 449 2387 Εὐπόλιδι’
434 2361 468 2382 εν
488 2340 769 2395 Ἀστρατεύτοις.)

295 2417 357 2441 809.
390 2401 512 2473 (ἄμφω
537 2413 546 2438 :
579 2397 742 2438 Στικτέον
764 2399 809 2440 εἰς
834 2397 872 2434 τὸ
903 2396 1020 2448 ἄμφω.
1048 2411 1099 2432 οτι
1126 2393 1187 2445 μὲν
1214 2393 1280 2446 γαρ

243 2458 400 2513 τραγικοὶ
419 2457 624 2510 ἀμφότεροι,
649 2455 840 2497 Μελάνθιος
859 2470 918 2491 και
937 2457 954 2491 ὁ
977 2452 1097 2491 τούτου
1119 2453 1219 2489 ἀδελ
1194 2452 1281 2503 φιὸς,

193 2540 227 2565 40
247 2519 359 2564 δῆλον·
386 2514 424 2554 τὸ
458 2516 494 2552 δὲ
526 2514 689 2572 Γοργόνες
718 2529 778 2550 και
807 2511 974 2564 ὂφοφάγοι
1003 2510 1060 2547 ἐπι
1088 2509 1282 2548 Μελανθίου

247 2575 362 2625 μόνου·
387 2576 534 2615 τοιοῦτος
555 2571 620 2623 γὰρ
639 2574 735 2612 ουτος
755 2569 991 2606 διαὸάλλεται.
1012 2566 1099 2609 τινὲς
1122 2565 1157 2603 δὲ
1180 2569 1226 2608 εἰς
1244 2565 1282 2602 τὸ

247 2628 339 2683 εἰχον
371 2630 550 2674 στίζουσιν,
578 2626 634 2664 ἰ’να
663 2626 853 2667 Μελάνθιος
886 2641 948 2674 μεν
979 2624 1043 2675 ἔχη
1077 2623 1134 2660 τὸν
1165 2622 1282 2675 χορὸν,

249 2688 435 2741 ἀμφότεροι
455 2685 490 2724 63
509 2687 592 2724 ὠσιν
613 2683 837 2741 ὀψοφάγοι.)

301 2759 364 2784 811.
397 2741 668 2796 βατιδοσκόποιε
690 2741 794 2783 Βάτις
807 2733 891 2782 εἶδος
908 2737 1033 2790 ἰχθύος.
1051 2737 1073 2783 ἢ
1089 2736 1236 2774 καθόλου
1253 2738 1283 2774 οἱ

198 2826 231 2850 45
250 2802 345 2855 ἰχθύε
349 2819 375 2845 ς
397 2801 542 2852 ἅρπυιαι
568 2798 604 2836 οὲ
631 2798 783 2852 ἅρπαγες
807 2800 874 2835 τῶν
897 2795 1034 2847 {706ww
1062 2794 1190 2846 ἅρπυια
1218 2792 1284 2846 γὰρ

251 2859 464 2914 ἁρπακτικὸν
482 2861 578 2910 ζῶον.

304 2933 369 2957 812.
401 2916 620 2969 γραοσόοαι·
643 2913 725 2952 Ἀπὸ
740 2915 807 2950 τῶν
822 2911 948 2964 ἰχθύων
963 2910 1213 2952 ἀποσοὸοῧντες
1227 2907 1287 2951 τὰς

253 2974 411 3028 γραιδας,
437 2977 482 3018 ὡς
509 2973 557 3023 μὴ
585 2972 777 3025 ἀγοράζειν.
804 2970 826 3016 ἢ
852 2984 969 3021 γραισι
998 2966 1285 3018 συγκοιμώμενοι·

255 3033 405 3075 σοοάδας
430 3046 497 3082 γαρ
526 3029 586 3073 τὰς
610 3029 736 3081 πόρνας
763 3026 933 3077 λέγουσιν.
965 3025 1116 3068 Εὔπολις
1145 3043 1158 3057 ‹
1191 3022 1288 3074 παρα

256 3091 337 3141 τηδε
366 3089 406 3126 συ
440 3105 483 3139 τῃ
513 3087 636 3126 σοὲάδι
667 3085 877 3135 κατηγάγου.
905 3102 919 3117 »
942 3085 998 3134 (ὡς
1025 3082 1228 3135 γραοφίλους
1253 3079 1288 3118 δε

257 3145 379 3188 αὐτους
399 3145 547 3195 εἰσάγει,
573 3144 632 3181 καὶ
653 3143 733 3195 περὶ
757 3145 872 3194 γραῶν
899 3141 1028 3199 ἔρωτας
1047 3138 1287 3189 ἐπτοημένους

258 3203 334 3241 ἀντι
352 3207 410 3240 τοῦ
428 3206 530 3254 γραυς
549 3202 747 3252 67360m3q)

310 3259 594 3312 τραγομάσχαλοι
614 3273 622 3297 :

259 3320 326 3357 τῶν
338 3319 442 3368 αἰγῶν
455 3320 610 3354 τοιοῧτοι.

187 1103 216 1126 15

184 1394 218 1419 20

1067 1879 1128 1920 Εἰς
1153 1877 1191 1914 τὸ
1219 1893 1277 1914 αυ-

188 2256 222 2281 35

203 3119 237 3142 δυ

643 3258 731 3297 Ἀντὶ
750 3261 807 3295 τοῦ
828 3257 1003 3307 δύσοσμον
1023 3258 1053 3294 οἱ
1072 3255 1138 3307 γὰρ
1156 3254 1290 3306 ἄρρενες

1005 185 1250 223 SCHOLIA
1286 185 1345 223 IN
1382 185 1584 223 PACEM.

1378 270 1585 318 ἰχθυολῦμαι
1609 282 1617 307 z
1635 270 1680 307 Οἱ
1701 269 1873 316 Ἀθηναῖοι
1891 270 1967 314 τοὺς
1984 271 2077 322 ἰχθῦς
2097 265 2187 322 εἶχον
2205 273 2251 314 ὡς
2266 271 2356 324 μέγα

1324 325 1467 375 ἔδεσμα.

1377 402 1439 425 815.
1464 389 1814 441 καταχρεμφαμένηε
1849 390 1976 441 (Μέγα)
2005 390 2257 429 καταπτύσασα
2282 393 2359 441 (αὗ-

1324 448 1404 492 τῶν,
1417 440 1444 483 ‹f›
1459 448 1602 492 Μοῦσα,
1610 449 1678 484 τῶν
1691 448 1949 499 προειρημένων
1962 453 2112 496 ποιητῶν
2129 450 2188 487 καὶ
2197 453 2265 487 τῶν
2277 450 2359 487 παί·

1326 504 1392 540 δων
1407 507 1466 541 τοῦ
1489 503 1688 556 Καρκίνου).

1377 579 1439 604 816.
1469 568 1581 619 ἀφῆκε
1599 566 1637 603 τὸ
1655 569 1750 619 ῥῆμα
1767 567 1825 604 καὶ
1840 567 1879 605 τὸ
1896 568 2146 621 ἀντεπίρρημα.
2162 577 2200 607 R.

1379 637 1441 662 819.
1472 626 1518 666 ὡς
1535 624 1688 674 χαλεπὸν
1705 638 1714 662 :
1734 625 1910 675 (Κορωνίς·
1926 624 2068 678 προΐασι
2085 626 2150 679 γὰρ
2168 630 2198 665 οἱ
2219 630 2360 681 ὑποκρι-

1325 681 1394 719 ταί.
1415 681 1474 719 καὶ
1492 698 1536 718 τα
1553 684 1675 733 πρῶτα
1695 681 1844 719 ἰαιΙ-ῧικα
1859 682 2024 735 τρίμετρα
2041 685 2268 732 ἀκατάληκτα
2286 686 2318 723 λ’
2321 701 2355 730 ς.

1327 739 1383 776 ἐπι
1399 742 1448 791 τῷ
1462 739 1550 776 τέλει
1567 738 1720 790 κορωνίς.
1724 741 1734 787 )
1751 742 1769 777 ὃ
1788 740 1959 791 Τρυγαῖός
1974 743 2044 778 ἐστι
2060 743 2263 780 κατελθὼν’
2247 759 2287 780 εκ
2299 747 2358 781 τοῦ

1328 799 1472 848 οὐρανο3
1493 812 1551 834 και
1567 797 1685 835 λοιπὸν
1701 800 1744 849 τῇ
1761 798 1852 835 οἰκία
1870 798 2084 846 πλησιάσας,
2101 799 2224 838 καὶτὸν
2241 793 2359 848 κόπον,

1328 855 1396 892 ὃνε
1384 854 1534 901 υπέστη,
1555 856 1736 905 διηγεῖται.

2383 826 2414 850 10

1807 919 2080 965 Ἀνθυπήλλαξεν
2095 920 2169 958 ἀντὶ
2181 925 2240 959 τοῦ
2255 923 2361 959 εἰπεῖν

1330 976 1543 1029 μικρότεροι,
1564 979 1646 1028 παρ’
1676 976 1839 1014 ὑπόνοιαν
1868 977 2066 1015 διαὲάλλων
2091 978 2286 1025 Ἀθηναίους
2317 982 2363 1023 ὣς

1328 1034 1546 1086 κακούργους.
1568 1035 1659 1072 δοκεῖ
1679 1034 1714 1072 δὲ
1730 1035 1789 1072 καὶ
1804 1040 1874 1078 τοῖς
1893 1035 1964 1072 ἀνω
1980 1035 2023 1073 τὰ
2039 1036 2136 1074 κάτω
2155 1035 2262 1089 μικρὰ
2280 1037 2363 1090 φαί-

1329 1095 1455 1129 νεσθαι.

1381 933 1445 957 822.
1476 919 1655 964 κακοήθεις
1671 918 1760 956 πάνυ
1778 933 1786 958 :

2386 1120 2416 1143 15

1381 1167 1443 1193 824.
1474 1155 1648 1205 ἐπυθόμην
1675 1155 1763 1199 τινὸς
1786 1170 1794 1194 :
1819 1156 1910 1194 Ἀντὶ
1935 1159 1995 1194 τοῦ
2021 1157 2127 1195 εἰπεῖν
2147 1159 2193 1201 ὡς
2213 1157 2361 1208 νομίζω,

1328 1214 1374 1255 ὣς
1389 1212 1467 1264 περὶ
1485 1212 1588 1250 ἄλλου
1609 1212 1705 1264 φησί.

1380 1289 1443 1313 829.
1472 1275 1584 1327 ψυχὰς
1604 1276 1654 1313 δύ’
1668 1276 1690 1322 ἢ
1703 1279 1793 1328 τρεῖς
1809 1291 1818 1315 :
1833 1277 2023 1315 Διαίάλλει
2038 1277 2158 1321 αὐτοὺς
2173 1280 2219 1322 ὡς
2235 1278 2365 1328 μετεώ-

1332 1349 1424 1385 ρους,
1445 1333 1519 1370 ἐπεὶ
1539 1339 1617 1385 περὶ
1633 1336 1700 1370 τῶν
1718 1336 1866 1383 νεφελῶν
1890 1334 2029 1384 λέγουσι
2053 1335 2179 1374 πολλά.
2205 1337 2366 1408 (συνεᾉῶς

1331 1391 1366 1429 δὲ
1386 1393 1592 1442 κωυῳδουσι
1609 1406 1686 1434 τους
1716 1392 2025 1443 διθυραμὸοποιοὺς
2051 1409 2096 1436 ως
2121 1396 2160 1431 ἐκ
2185 1398 2246 1431 τοῦ
2267 1394 2366 1446 ἀέρος

1331 1463 1390 1508 xum
1410 1451 1478 1485 τῶν
1497 1449 1648 1500 νεφεΙῶν
1665 1464 1714 1485 σπ
1716 1451 1825 1492 ῶντας
1843 1448 1903 1492 τὰς
1922 1448 2044 1496 λέξεις,
2059 1449 2115 1487 διὰ
2133 1449 2172 1487 τὸ
2191 1450 2368 1494 συνθέτους

1332 1509 1418 1542 εἶναι
1437 1505 1520 1558 παρ’
1542 1506 1667 1548 αὐτοῖς.
1671 1507 1682 1556 )

1384 1583 1447 1608 830.
1478 1568 1624 1607 ἀναὲολ
1612 1583 1680 1612 αςε
1703 1569 1778 1613 Τὰς
1795 1568 1905 1621 ἀρχὰς
1921 1571 1988 1607 τῶν
2009 1569 2188 1621 ᾀσμάτων.
2206 1568 2368 1624 εΌμηρος

1335 1632 1411 1673 [Od.
1432 1637 1473 1674 A,
1495 1628 1559 1677 155]
1582 1646 1596 1660 «
1616 1627 1692 1673 ἦτοι
1712 1630 1729 1664 ὁ
1750 1628 1923 1680 φορμίζων
1947 1627 2157 1665 ἀνεὸάλλετο
2175 1628 2281 1666 καλὸν
2296 1629 2369 1667 ἀεί-

1334 1686 1413 1722 δειν.
1435 1704 1450 1718 »
2384 1710 2420 1734 25

1385 1761 1448 1786 831.
1478 1746 1539 1790 τὰς
1556 1748 1961 1801 ἐνδιαεριανερινηχέτους
1975 1761 1984 1787 :
2002 1749 2174 1801 Κωμῳδεῖ
2187 1748 2264 1793 τοὺς
2277 1751 2369 1787 διθυ-

1336 1805 1566 1855 οαμνῗοποιοὺς
1584 1809 1629 1848 ὡς
1648 1806 1717 1843 ἀπὸ
1733 1811 1791 1843 τοῦ
1810 1807 1906 1858 ἀέρος
1927 1806 2152 1858 ἀρχομένους,
2174 1807 2246 1857 (καὶ
2263 1807 2368 1852 λέξεις

1333 1879 1426 1906 τινας
1440 1865 1481 1900 αὖ
1486 1866 1551 1900 τῶν
1566 1863 1747 1901 διαὸάλλει
1762 1867 1830 1901 τῶν
1848 1863 2180 1915 διθυραμὸοποιων
2163 1881 2207 1908 ως
2226 1870 2367 1904 τοιαῦτα

1333 1919 1453 1968 λεγόντ
1454 1936 1512 1957 ωΙ.
1538 1920 1687 1970 Δίδυμος
1722 1920 1756 1958 δὲ
1789 1920 2007 1965 πεπλάνηται
2033 1920 2142 1971 λέγων
2168 1923 2370 1974 αὗερινηχέ-

1334 1993 1421 2020 τους·
1439 1993 1476 2014 ου
1496 1993 1562 2030 Ιαρ
1582 1977 1738 2028 λέγουσιν
1765 1977 1871 2030 αὐέρα
1897 1982 2000 2017 οὑτοι.
2025 1981 2175 2030 συνεχῶς
2194 1978 2229 2016 δὲ
2249 1980 2370 2024 αὐτους
2388 2006 2423 2032 ³0

1335 2036 1558 2087 κωμῳδουσιν
1581 2052 1626 2077 ως
1645 2035 1748 2087 ἀέρας
1765 2051 1825 2072 και
1850 2035 1991 2088 V373'J23
2015 2051 2075 2073 και
2108 2035 2153 2073 τὰ
2183 2038 2223 2074 ἐκ
2240 2037 2369 2076 τούτων

1337 2073 1479 2130 σύνθέτα
1509 2097 1702 2136 ποιοῦντας.
1733 2093 1866 2142 μήποτε
1893 2076 1928 2130 δὲ
1969 2095 2031 2131 οὐκ
2062 2093 2227 2146 ἀορίστως
2255 2095 2369 2145 μόνον,

1337 2150 1426 2187 ἀλλὰ
1442 2150 1502 2187 καί
1516 2166 1603 2193 τινος
1617 2153 1683 2188 τῶν
1701 2150 1999 2203 διθυραμὸοποιῶν
2015 2150 2121 2195 λέξεις
2139 2151 2234 2195 τινὰς
2249 2153 2372 2204 χλευά-

1338 2210 1397 2251 ζει.
1468 2206 1627 2256 Ἄλλως.)
1648 2207 1693 2245 τὰ
1722 2208 1886 2260 προοίμια
1906 2210 1973 2245 τῶν
2001 2208 2299 2260 διθυραμὸοποιῶν
2327 2213 2372 2254 ὥς

1308 2266 1594 2303 ’ἐπιτοπλεῖστον
1609 2264 1785 2317 ἀπᾴδοντά
1801 2267 1875 2302 ἐστι
1891 2263 1951 2303 καὶΙ
1967 2264 2062 2303 οὐδὲν
2074 2266 2158 2319 πρὸς
2173 2264 2213 2304 τὸ
2225 2274 2371 2319 πρᾶγμα
2390 2286 2424 2312 35

1339 2324 1447 2368 δηλοῖ.
1468 2322 1507 2360 τὸ
1524 2322 1559 2360 δὲ
1578 2327 1727 2360 τοιοῦτον
1746 2323 1927 2375 μετεώρων
1941 2324 2084 2376 ἀνδρῶν.

1391 2405 1455 2430 835.
1485 2390 1564 2431 Ἴων
1585 2395 1602 2429 ὁ
1623 2393 1736 2434 Χῖοςῑ
1756 2391 1986 2444 Διθυράμδων
2014 2392 2073 2430 καὶ
2100 2393 2294 2446 τραγῳδίας
2312 2394 2373 2432 καὶ

1341 2450 1453 2500 μελῶν
1473 2448 1629 2495 ποιητής.
1648 2449 1788 2495 ἐποίησε
1808 2449 1843 2486 63
1869 2449 1976 2501 ᾠδην,
1999 2454 2040 2495 ἧς
2066 2453 2088 2496 ἡ
2118 2451 2210 2502 ἀρχή
2239 2469 2255 2484 «
2279 2453 2372 2489 ἀοῖον

1340 2506 1540 2558 ἀεροφοίταν
1567 2505 1695 2558 ἀστέρα
1729 2506 1907 2556 μείναμεν,
1943 2507 2058 2544 ἀελίου
2097 2509 2202 2558 λευκῇ
2229 2507 2372 2578 πτέρυγι

1339 2564 1579 2623 πρόδρομον.»
1596 2563 1752 2614 φαίνεται
1769 2562 1803 2600 63
1816 2565 1914 2601 τετελ
1917 2579 2066 2635 ευτ·Ι,κως
2078 2565 2118 2601 ἐκ
2132 2563 2273 2602 τούτων.
2290 2565 2374 2603 παί-
2390 2580 2423 2607 40

1341 2625 1405 2666 ζων
1434 2624 1490 2658 οὖν
1519 2623 1536 2657 ὁ
1557 2619 1803 2673 Ἀριστοφάνης
1843 2622 1935 2658 ἀοῖον
1962 2620 2063 2658 αὐτόν
2108 2636 2211 2673 φησιν
2242 2623 2372 2675 ἀστέρα

1341 2681 1521 2725 κληθῆναι.
1548 2702 1566 2715 ι.
1543 2678 1745 2730 τ-εριὸόηϊος
1764 2677 1825 2715 δὲ
1810 2678 1953 2729 εγένετο.
1969 2678 2095 2731 ἔγραψε
2114 2679 2149 2717 δὲ
2168 2695 2228 2717 και
2246 2696 2374 2734 κωμῳ-

1342 2736 1414 2778 δίας
1439 2736 1499 2773 καὶ
1523 2735 1772 2786 ἐπιγράμματα
1807 2735 1877 2783 (καὶ
1907 2742 2055 2779 παιᾶνας
2081 2737 2141 2774 καὶ
2165 2736 2291 2787 ὕμνους
2313 2739 2373 2776 καὶ

1342 2793 1464 2832 σκολιὰ
1481 2793 1540 2830 καὶ
1560 2792 1715 2842 ἐγκώμια
1732 2793 1790 2830 καὶ
1811 2794 1960 2842 ἐλεγεῖα,
1980 2793 2039 2831 καὶ
2058 2794 2299 2844 καταλογάδην
2315 2796 2374 2834 τὸν

1342 2850 1586 2903 πρεσὸευτικὸν
1606 2850 1800 2900 λεγόμενον,
1825 2849 1861 2887 ὃν
1886 2850 1981 2888 νόθον
2007 2850 2158 2895 ἀξιοῦσιν
2183 2846 2270 2900 εἷναί
2288 2868 2374 2897 τινες
2391 2876 2424 2902 45

1343 2923 1401 2945 και
1417 2922 1462 2944 ου
1457 2923 1493 2957 72
1513 2922 1626 2944 αυτου.
1647 2907 1786 2959 φέρεται
1803 2906 1838 2944 δὲ
1858 2909 1959 2945 αὐτοῦ
1977 2908 2037 2946 καὶ
2054 2908 2161 2952 κτίσις
2173 2909 2233 2946 καὶ
2251 2925 2370 2960 κοσμο-

1342 2964 1476 3015 λογικὸς
1497 2979 1556 3001 και
1577 2964 1809 3035 ὑπομνηματα
1829 2965 1887 3002 καὶ
1907 2965 1998 3003 ἄλλα
2016 2966 2105 3005 τινά.
2128 2982 2188 3004 και
2206 2966 2299 3004 πάνυ
2313 2946 2373 3005 δό-

1343 3037 1442 3072 κιμος
1455 3025 1507 3067 ἠν.
1523 3021 1606 3073 φασὶ
1623 3020 1657 3058 63
1674 3021 1775 3059 αὐτὸν
1787 3025 1871 3071 ὁμοῦ
1882 3022 2103 3094 διθύροιμὸονἱ
2108 3024 2168 3062 καὶ
2179 3024 2374 3095 τραγῳδίαν

1345 3079 1602 3130 ἀγωνισάμενον
1620 3082 1653 3117 ἐν
1668 3083 1710 3131 τῇ
1725 3079 1862 3131 Ἀττικῇ
1878 3096 2034 3128 νικησαι,
2048 3081 2108 3119 καὶ
2124 3081 2255 3122 ευνοίας
2270 3081 2372 3134 χάριν

1344 3139 1471 3190 προῖκα
1484 3139 1569 3175 Χῖον
1585 3141 1673 3174 οἰνον
1686 3136 1822 3209 πέμ·,Ιαι
1833 3138 2030 3183 Ἀθηναίοις.
2045 3138 2249 3192 Σωκράτους
2265 3139 2300 3176 δε
2314 3143 2373 3176 τοῦ
2392 3159 2422 3186 50

1347 3194 1530 3247 φιλοσόφου
1559 3194 1648 3232 ἔστιν
1668 3197 1715 3238 εἰς
1741 3195 1842 3232 αὐτὸν
1867 3195 1968 3247 λόγος
1986 3195 2167 3247 λεγόμενος
2184 3194 2280 3234 ’.Ιων
2311 3195 2375 3245 με’-

1319 3303 1321 3309 ,
1349 3268 1476 3302 μνηται
1501 3254 1603 3289 αὐτοῦ
1628 3252 1687 3289 καὶ
1714 3253 1944 3305 Καλλίμαχος
1974 3256 2008 3291 ἐν
2036 3259 2106 3297 τοῖς
2129 3252 2373 3302 Χωλιάμὸοις,

1318 3320 1323 3342 ί
1348 3310 1399 3348 ὅτι
1416 3310 1528 3348 πολλὰ
1550 3310 1724 3363 ἔγραψεν.)
1747 3311 1811 3364 [ὡς
1832 3312 1860 3349 δ’
1882 3307 1983 3358 ἦλθεν
2003 3310 2139 3359 ἐνθάδε,
2155 3310 2232 3351 ἀντὶ
2247 3313 2307 3348 τοῦ
2327 3312 2374 3354 εἷς
