2517 3792
769 187 926 225 lxm-:x
956 187 1188 224 NOMlNUM
1222 187 1286 223 ΕΤ
1312 187 1497 225 RERUM.

151 279 292 318 cuperet,
308 279 459 308 76-207.
477 278 580 313 Quam
597 273 795 304 curationem
811 275 843 305 in
858 282 891 305 se
908 273 1015 313 recipit
1030 273 1123 303 cin-c-

152 326 269 365 mylns,
284 325 397 355 vicinis
410 321 610 361 adjutoribus
632 330 711 360 quos
724 323 839 353 arcessi
864 322 953 360 jubet
969 332 976 358 ;
997 320 1122 350 Plutum

151 374 256 403 autem
270 370 401 401 donmm
416 367 614 403 suamducit‚
624 367 824 398 moderatum
837 378 870 399 se
881 376 948 398 esse
963 366 1123 396 hominem

150 417 333 453 affirmans,
363 418 535 446 208—252.
559 413 680 444 Salutat
708 414 878 453 populares
901 411 1122 447 advenientes,

151 471 287 502 quorum
301 460 517 501 Blepsidemus
532 460 616 490 furto
627 459 758 490 divitem
775 461 911 491 evasisse
921 457 1123 495 cin-emylum

152 511 260 549 putat;
280 510 350 548 post
370 507 527 546 colloquia
547 505 587 536 ad
608 506 768 545 ,esculapii
792 507 946 546 templum
970 505 1054 534 viam
1077 502 1123 532 as-

152 556 290 592 sectant,
305 555 464 585 322-414
477 577 485 591 ,
502 561 601 592 «plum
621 555 792 592 Paupertas
813 562 867 584 eos
891 552 1009 582 inhibet
1026 550 1125 580 insan-

151 600 224 631 dam
244 608 310 630 reni
325 607 459 630 ausuros
471 608 544 638 quae
561 602 644 629 artes
661 608 772 629 omnes
785 601 815 630 et
835 599 909 629 vita·
926 597 1070 627 ordinem
1085 594 1123 624 sit

151 653 317 677 eversura:
327 645 410 685 quod
423 645 615 684 Chremylns
625 646 761 676 refutare
770 645 892 682 nititur,
906 642 1124 674 mendicorum

151 694 183 723 et
198 700 373 731 pauperum
386 692 486 723 vitam
504 692 720 728 cont'nndcns;
734 691 862 722 tandem
874 691 958 720 illam
976 687 1125 719 insolenti

150 738 304 769 violentia
320 738 451 777 abigunt
470 740 502 769 et
519 738 614 769 deum
632 747 705 768 cum
727 737 890 768 sacrificiis
910 736 947 766 ad
965 732 1125 772 ,liseulapii

153 784 262 814 sanum
275 783 450 821 deducunt,
471 786 644 814 413-626.
664 787 751 814 Uxor
772 782 944 820 clirermli,
960 780 1042 811 servi
1058 787 1125 808 nar-

154 829 309 861 rationem
327 830 366 860 de
391 830 594 860 incubatione
619 829 712 860 avida
725 829 813 859 audit
829 853 836 867 ,
863 832 893 859 et
909 828 1025 858 festum
1039 825 1126 854 intus

154 879 255 916 parat,
269 878 442 906 641-769,
465 876 590 906 Plutum
604 876 721 906 salutat
737 879 768 906 ct
783 874 999 913 Chremylum,
1016 870 1069 910 qui
1087 869 1126 900 de

153 931 236 953 nova
251 922 427 953 amicorum
446 922 538 953 turba
553 922 716 961 queritur,
735 924 907 952 782-801.
929 921 1054 950 Justum
1075 916 1127 946 ho·

155 969 272 999 minem
286 969 412 1007 inopem
423 968 556 1008 benigne
564 968 694 1007 excipit,
708 969 883 1004 823-849,
897 964 1126 1004 sycophantam

153 1015 209 1054 qui
226 1023 260 1045 se
276 1015 407 1045 meliora
420 1014 545 1045 edoceri
565 1023 628 1043 non
648 1013 765 1053 patitur
779 1037 787 1051 ,
806 1015 956 1043 xexatum
973 1008 1126 1046 dimittit,

155 1063 330 1098 850-937,
344 1069 439 1091 anum
454 1068 539 1090 nunc
553 1059 594 1090 ab
604 1059 719 1098 juvene
731 1067 869 1099 paupere
880 1081 888 1095 ,
904 1058 958 1097 qui
974 1065 1007 1088 se
1022 1063 1128 1086 amare

154 1116 224 1138 cam
241 1106 468 1144 simulaverat,
490 1105 673 1136 derelictam
691 1105 793 1143 ludit,
815 1107 1009 1136 938—1096.
1025 1106 1129 1133 Sacer-

155 1153 229 1183 dote
251 1153 340 1183 10115
355 1151 540 1189 servatoris,
559 1151 611 1181 cui
626 1160 720 1182 nemo
737 1151 872 1190 amplius
896 1149 1072 1187 sacrificet,
1087 1146 1128 1178 ad

156 1199 284 1230 Plutum
302 1197 520 1236 confugiente,
536 1197 632 1228 deum
650 1198 843 1237 Chi-emylns
866 1205 939 1227 cuni
955 1195 1027 1226 ollis
1043 1194 1130 1225 dedi·

153 1246 204 1275 cat
218 1244 250 1274 in
270 1243 468 1284 ὀπισθοδόμῳ
486 1243 648 1282 Minervae,
670 1243 725 1275 ubi
741 1246 790 1274 est
806 1242 956 1274 ararium
978 1240 1128 1280 civitatis,

155 1294 167 1320 1
177 1292 369 1322 172—1207.

113 1337 326 1377 Χρησμολόγοι
341 1336 501 1367 nonnulli
515 1336 652 1376 publice
669 1338 703 1368 in
721 1338 896 1376 Prytaneo
921 1334 1127 1371 alebantur,

152 1383 242 1414 Nub.
259 1386 329 1414 339.
346 1382 438 1413 Adde
454 1386 558 1413 Vates.

114 1430 309 1470 θὴν-93111111,
326 1437 446 1460 nomen
464 1431 711 1467 meretricium,
737 1429 867 1461 Thesm.
895 1431 984 1460 1172.

113 1476 265 1515 Chrysus,
280 1477 366 1506 servi
382 1484 513 1513 nomen,
535 1477 624 1515 i'esp.
652 1480 738 1506 1251.

115 1522 220 1560 Chus,
236 1522 351 1562 qualis
366 1530 530 1552 mensura
543 1522 694 1560 Athenis,
714 1524 777 1563 Eq.
796 1527 846 1554 93.

114 1568 225 1607 Chytri
241 1568 355 1599 festum
369 1591 377 1606 ‚
394 1576 459 1606 quo
484 1567 646 1598 ebriorum
665 1571 770 1608 κῶμος
788 1569 819 1599 111
836 1567 950 1599 Bacchi
972 1567 1080 1598 lucum
1098 1567 1130 1597 in

156 1614 276 1644 Limnis
292 1613 470 1652 descendit,
483 1616 570 1645 Ran.
588 1617 646 1645 218
661 1623 710 1654 sq.
731 1615 840 1654 Chytri
854 1613 1041 1645 secundum
1054 1613 1133 1644 Phi-

157 1662 334 1693 lochorum
357 1661 498 1693 Athenis
522 1662 786 1693 celebrabantur
811 1663 938 1694 decimo
961 1664 1061 1693 tertio
1078 1662 1132 1693 die

156 1707 426 1739 Anthesterionis
438 1719 450 1746 ,·
467 1709 640 1738 Mercurio
656 1708 776 1747 Insero
790 1733 800 1747 ,
818 1711 859 1740 ut
877 1710 1001 1739 narrat
1028 1710 1131 1740 Theo-

151 1763 310 1795 pompus,
327 1756 409 1794 quia
425 1756 551 1785 seri-ati
570 1763 612 1785 ez
626 1754 756 1786 dilui-io
774 1755 986 1796 πανσπερμίας
1004 1757 1039 1786 in
1055 1755 1132 1786 ollis

157 1801 302 1841 (χύτραις)
315 1800 504 1840 coquebant
512 1812 524 1838 ;
535 1799 576 1831 de
592 1800 663 1831 olla
677 1803 806 1840 autem,
821 1810 925 1842 quam
938 1804 971 1832 in
983 1802 1066 1833 urbe
1083 1810 1133 1832 co-

156 1847 306 1888 quebant
317 1871 328 1885 ,
340 1847 502 1887 yustabat
523 1855 617 1877 nemo
633 1848 670 1886 («
684 1848 899 1879 sacerdotum
920 1861 934 1874 »
950 1847 1049 1878 addit
1060 1848 1130 1879 seh.

160 1893 257 1932 Itan.)
274 1893 440 1924 Similiter
455 1892 646 1932 Didymus,
670 1895 727 1932 qui
747 1894 880 1925 Baccho
903 1896 935 1924 et
960 1895 1133 1925 Mercurio

157 1940 239 1970 solis
261 1938 398 1978 eosesto
413 1938 601 1978 sacrafieri
619 1938 724 1977 dicit,
740 1939 820 1970 Ach.
840 1943 935 1978 1076,
955 1942 1040 1970 Rau.
1061 1943 1130 1970 218.

162 1985 300 2025 Chytri‚
317 1993 405 2025 pars
417 1984 503 2024 festi
523 1984 682 2015 Bacchici
706 1985 999 2017 Anthesteriorum
1012 2009 1023 2024 ,
1050 1985 1130 2016 Ach.

158 2035 228 2063 961.
249 2031 386 2071 Chytris
400 2031 593 2070 ayebantur
614 2030 729 2070 ἀγῶνες
752 2033 906 2073 χύτρινοι,
929 2031 1133 2063 Philochoro

161 2079 256 2115 teste,
277 2080 362 2108 Ran.
382 2080 451 2108 218.

120 2124 188 2155 Cibi
201 2123 328 2154 delicati
343 2123 436 2154 multi
453 2132 517 2154 uno
533 2123 631 2155 verbo
645 2124 746 2163 juncti
764 2124 856 2155 Eccl.
880 2125 1091 2155 1169-1174.

120 2170 234 2201 Cicada
251 2170 361 2210 ἀχέτης
377 2168 570 2199 describitur
583 2172 642 2201 Av.
663 2174 739 2201 1095
754 2178 803 2209 sq.
828 2169 971 2208 cicadas,
985 2170 1134 2209 τέττιγας,

160 2218 317 2248 canentes
341 2224 406 2246 non
434 2218 545 2246 vocari
571 2217 761 2247 ⁴masculino
787 2224 923 2255 yenere,
947 2216 1133 2246 secundum

161 2262 420 2299 Aristarchum,
438 2264 517 2292 Pac.
546 2265 633 2293 1159.
655 2262 864 2294 cicadarum
888 2271 1012 2301 yenera
1043 2264 1133 2301 tria,

163 2309 302 2349 qualia,
329 2310 387 2338 Aa.
415 2311 503 2338 1095.
526 2308 651 2339 Cicadae
665 2309 844 2348 yarruloe‚
871 2316 1028 2346 canorce,
1046 2307 1133 2338 Nub.

166 2357 262 2394 13603
282 2357 322 2386 ul
340 2356 490 2392 nizisieoe,
509 2363 619 2386 sacrce
638 2355 799 2395 Apollini,
817 2355 905 2386 Nub.
923 2357 995 2386 984.
1013 2355 1136 2386 cicadis

163 2403 278 2433 aureis
302 2401 405 2431 crines
432 2401 649 2432 revinciebant
671 2401 794 2441 antiqui
818 2401 1051 2440 Athenienses,
1070 2403 1133 2441 Eq.

165 2451 256 2488 1331,
272 2448 343 2479 sch.
358 2448 446 2479 Nub.
466 2450 538 2479 984.

122 2494 444 2536 (1166165,ἐρεὸίνθου;
459 2518 468 2533 ‚
492 2496 596 2526 tostos
617 2494 663 2525 ad
681 2497 805 2535 potum
826 2495 1016 2534 yluttiunt,
1041 2496 1134 2527 Eccl.

167 2544 220 2580 45,
236 2541 282 2572 ad
292 2540 491 2581 potandum
509 2543 632 2581 quippe
648 2543 842 2579 ini-uarices,
860 2543 944 2573 Pac.
966 2545 1053 2573 1136.

123 2588 262 2621 ciconia.
279 2587 481 2619 Ciconiarum
499 2587 612 2627 pietas,
636 2590 693 2619 Αυ.
716 2590 915 2619 1354-1357
936 2589 968 2618 et
984 2588 1053 2619 sch.
1072 2591 1138 2620 Ea-

162 2642 243 2665 rum
256 2632 386 2673 esfiyies
401 2635 442 2664 ut
459 2634 686 2674 δικαιοπραγῶν
703 2634 841 2673 sculpta
863 2635 896 2664 in
919 2642 1051 2665 summo
1073 2643 1137 2665 sce·

158 2682 334 2720 pirorum,
356 2682 444 2711 1354.

123 2726 274 2764 Ciconiae,
290 2725 454 2766 Πελαργοί,
470 2724 576 2757 fabula
588 2726 810 2766 Aristophanis
824 2736 832 2756 ;
848 2735 877 2757 v.
888 2726 943 2765 fr.
964 2729 1137 2766 376-387‚

160 2781 199 2812 p.
215 2774 274 2803 498
290 2780 341 2812 sq.

125 2818 238 2849 Cicuta
252 2817 463 2857 refrigerando
479 2820 583 2857 necat,
601 2821 688 2851 Ran.
711 2822 766 2850 125
787 2821 819 2850 et
831 2820 901 2851 sch.

125 2861 360 2903 'Cicynnenses,
380 2871 493 2903 payus
508 2866 637 2896 Atticus
663 2865 773 2896 tribus
796 2867 1054 2905 Acamantidis,
1081 2866 1138 2898 ubi

161 2911 296 2950 festum
311 2910 478 2950 Apollinis
490 2913 616 2950 aqitur,
641 2912 731 2943 Nub.
751 2915 820 2950 134,
839 2916 908 2944 210.

129 2958 264 2996 Cilicia,
281 2955 605 2996 crociserocissma,
626 2960 684 2989 Aa.
705 2952 776 2990 301.
793 2955 843 2986 Ib.
865 2958 954 2991 1021.

131 3003 253 3035 Cilissa
266 3004 411 3040 nutrix,
432 3002 524 3034 unde
544 3004 686 3035 Achaeus
710 3005 865 3036 Milesius
889 3004 1003 3037 dictus
1017 3005 1141 3045 fertur

172 3049 326 3086 Cillicon,
344 3050 427 3079 Pac.
443 3051 515 3079 363.

128 3093 273 3132 cillicon,
291 3092 479 3124 secundum
493 3094 674 3125 nonnullos
691 3095 847 3134 Achoeus,
866 3098 1017 3136 Meropis
1027 3097 1140 3137 filius,

169 3141 339 3178 Milesius,
349 3141 404 3171 cui
415 3148 437 3170 a
450 3140 572 3171 Cilissa
586 3143 717 3172 nutrice
727 3142 913 3173 Cillicontis
926 3151 1045 3174 nomen
1057 3145 1142 3176 indi-

172 3188 258 3225 tum,
260 3185 351 3226 prod
355 3186 388 3216 id
392 3188 419 3216 it
432 3186 484 3216 vei
491 3188 642 3225 Samum,
658 3188 711 3218 vel
718 3188 888 3226 Miletum,
899 3189 951 3219 vel
962 3191 1081 3229 Syrum
1092 3193 1142 3222 in-

170 3232 288 3264 sulam
300 3232 539 3264 Prienensibus
548 3233 601 3264 vel
610 3236 744 3272 Samiis,
760 3243 840 3265 nam
856 3234 986 3265 diverse
1000 3244 1053 3266 res
1065 3245 1143 3267 nar·
1168 3251 1170 3255 v

172 3280 276 3310 ratur
290 3288 300 3308 .·
318 3279 409 3318 quod
430 3286 538 3318 quum
559 3282 704 3318 pararet
729 3280 890 3320 respondit
908 3282 1025 3311 amicis
1045 3290 1087 3313 ex
1107 3292 1142 3314 eo

174 3323 406 3364 quoerentibus
431 3323 515 3364 quid
540 3327 680 3364 ayerct,
708 3327 792 3357 nihil
825 3326 911 3357 mali.
944 3327 1094 3359 Tandem
1121 3339 1142 3360 a

178 3369 350 3409 Theayene
367 3371 462 3409 Syrio
483 3371 512 3401 ei
536 3378 662 3402 manus
685 3372 815 3403 abscisa
839 3381 846 3402 :
871 3374 999 3411 copiose
1023 3373 1064 3405 de
1089 3375 1142 3406 his

2121 197 2194 227 6:3¹.)

1224 276 1406 310 narratur,
1425 274 1587 312 appositis
1606 273 1809 312 scriptorum
1829 273 1861 303 et
1878 272 2083 306 Callimachi
2103 275 2194 315 locis,

1224 321 1304 349 Pac.
1321 322 1390 350 363.

1183 363 1358 394 (titubet-ica
1371 365 1423 394 rei
1440 364 1645 401 Cimberium,
1664 365 1766 394 vestis
1784 364 1970 404 muliebris,
1983 367 2058 405 Lys.
2076 368 2126 405 45,
2145 370 2182 397 52

1186 413 1370 441 Cininu’rii.
1397 410 1473 441 [iile
1493 409 1642 440 cerlicrii.

1184 455 1316 486 cimolia
1331 458 1425 493 terra,
1443 455 1623 496 «ιιτροποιός,
1641 454 1687 484 ad
1704 454 1840 493 balnea,
1867 456 1918 486 rel
1937 465 1979 487 ex
1995 456 2136 495 cyclade
2150 460 2196 488 in-

1224 501 1302 531 sula
1335 502 1479 532 Cimolia
1495 525 1505 538 ‚
1537 501 1588 531 vel
1617 508 1659 530 ex
1687 503 1924 539 promontorio
1958 502 2195 542 Erythrarum

1225 549 1345 585 lonae,
1367 549 1449 578 Ran.
1466 550 1536 577 712.

1184 591 1294 622 Cimon
1330 593 1395 623 dux
1424 591 1623 622 Atheniensis
1647 600 1720 621 cum
1744 594 1895 631 quattuor
1923 593 2063 625 millibus
2094 595 2199 633 gravis

1225 642 1396 668 armaturae
1424 638 1561 668 militum
1587 637 1845 668 Lacedaemoncm
1867 640 2008 670 servavit
2032 640 2105 671 belli
2122 645 2200 671 Mes·

1225 684 1341 715 seniaei
1355 686 1386 715 et
1403 686 1495 715 terrac
1509 686 1615 714 motus
1629 686 1783 722 tempore,
1801 686 1876 722 Lys.
1896 688 2107 725 1141-1145,
2119 687 2200 717 (luo-

1225 729 1354 760 decimo
1371 738 1462 760 anno
1477 731 1553 768 post
1567 736 1720 767 puynam
1738 729 1784 758 ad
1801 730 1965 768 Plautios,
1988 731 2201 770 Theayeniila

1226 775 1410 813 archonte,
1431 777 1516 805 1144.
1532 776 1648 805 Cimon
1666 776 1866 804 ostraeisnio
1879 775 2016 807 Athenis
2039 777 2200 816 abiyeba—

1227 823 1298 859 tur,
1316 823 1379 862 Eq.
1406 824 1476 852 855.

1185 866 1372 906 Cinachyra,
1387 875 1496 897 servce
1515 874 1647 904 nomen,
1673 865 1765 896 Eccl.
1785 869 1856 897 730.

1188 914 1308 943 Cineas
1327 914 1358 943 et
1375 912 1527 943 Phrinus
1543 912 1647 950 leyem
1663 912 1819 943 tulerant
1831 911 2006 943 adversus
2022 913 2203 946 mollitiem

1227 961 1258 989 et
1273 959 1611 998 liixunijiiventutiS,
1627 960 1688 998 Eq.
1705 961 1775 989 580.

1186 1004 1348 1043 Cinesias‚
1370 1005 1546 1036 Thebanus
1562 1028 1572 1042 ,
1604 1006 1771 1043 pessimus
1799 1006 1899 1044 poeta
1929 1007 2124 1037 carminum
2151 1017 2205 1048 cy-

1227 1051 1373 1082 cliorum
1389 1053 1457 1082 sice
1473 1050 1818 1091 dithyrambicorum,
1836 1053 1923 1082 Ran.
1941 1055 2010 1090 163,
2025 1056 2097 1092 366,
2112 1055 2202 1085 Nub.

1229 1100 1307 1136 333,
1325 1100 1383 1128 Av.
1402 1099 1478 1128 1379
1491 1120 1500 1136 ,
1517 1099 1593 1136 Lys.
1613 1099 1671 1128 838
1686 1119 1695 1135 ,
1729 1096 1908 1136 Geryt.fr.
1940 1100 2006 1128 198.
2033 1101 2154 1130 Dictus
2183 1109 2206 1130 a

1227 1144 1341 1174 mulla
1356 1144 1476 1179 κινήσει
1491 1145 1525 1174 in
1548 1143 1658 1174 choris
1675 1143 1747 1182 eJ'us
1758 1167 1768 1181 ‚
1788 1145 1938 1174 ceterum
1954 1152 2092 1183 corpore
2110 1146 2206 1177 tardi

1231 1191 1384 1231 (ὀκνηροῡ)
1408 1192 1440 1221 et
1463 1189 1677 1220 vehementer
1693 1189 1889 1227 macilenti,
1915 1192 2000 1220 Rau.
2030 1195 2096 1222 153.
2116 1194 2206 1223 Erat

1231 1238 1323 1268 tenui
1342 1238 1374 1267 et
1391 1236 1513 1276 yracili
1540 1235 1759 1275 corpusculo,
1787 1238 1844 1266 Ac.
1876 1238 1970 1272 1401,
1994 1239 2092 1275 1400,
2119 1241 2204 1268 Han.

1232 1285 1326 1320 1437;
1351 1282 1497 1313 claudus
1524 1283 1629 1312 etiam
1656 1281 1844 1312 secundum
1877 1282 2080 1321 nonnullos,
2116 1287 2207 1315 certo

1231 1331 1345 1361 tamen
1364 1330 1551 1360 testimonio
1570 1336 1637 1359 non
1660 1329 1825 1366 nitentffl,
1841 1331 1899 1359 Aa.
1929 1331 2016 1360 1379.
2041 1331 2208 1369 Tanyitui·

1229 1376 1320 1408 Nub.
1348 1378 1419 1407 333.
1449 1376 1534 1415 EJ‘us
1563 1376 1720 1407 carmina
1745 1374 1930 1414 ἀδιανόητα,
1956 1378 2013 1406 Aa.
2048 1379 2135 1407 1376.
2167 1380 2208 1408 ln

1230 1423 1355 1453 Avibus
1385 1422 1538 1460 (Jinesias,
1570 1420 1848 1460 dithyramborum
1880 1423 1975 1460 poeta
1989 1445 1997 1460 ,
2030 1422 2088 1452 alis
2117 1424 2208 1453 aeriis

1231 1469 1292 1499 arti
1323 1477 1389 1500 suae
1420 1467 1595 1508 aptissimis
1624 1467 1739 1497 instrui
1773 1467 1922 1506 cupiens,
1962 1468 2207 1500 Nubicuculiam

1231 1514 1341 1553 venit,
1363 1517 1394 1545 et
1429 1523 1447 1544 a
1471 1514 1658 1544 Pisthetaero
1693 1512 1894 1551 ludificatur,
1924 1516 2135 1546 1373-1409.
2162 1518 2207 1546 In

1231 1563 1338 1592 Ranis
1359 1561 1514 1598 dictum,
1539 1560 1677 1591 Cinesias
1702 1568 1760 1598 pro
1792 1560 1850 1589 alis
1876 1560 2084 1598 applicandus
2119 1562 2209 1592 cleo-

1232 1609 1330 1647 crito,
1366 1616 1447 1639 nam
1473 1609 1513 1638 ut
1549 1607 1690 1646 yracilis
1732 1606 1834 1636 valde
1865 1609 2146 1646 perstrinyitur;
2169 1610 2209 1639 ut

1231 1657 1433 1695 pereyrinus
1461 1656 1494 1685 et
1520 1655 1736 1691 assentator,
1774 1655 1860 1684 1439.
1900 1655 2042 1684 Hecatie
2075 1656 2210 1694 siynum

1227 1703 1397 1742 polluisse
1406 1700 1542 1740 fertur,
1561 1703 1646 1731 Ran.
1670 1703 1737 1734 163,
1760 1700 1810 1730 vel
1825 1699 1916 1729 malo
1933 1702 2082 1731 carmine
2104 1704 2210 1732 Heca-

1234 1751 1290 1780 ten
1313 1755 1553 1787 conspurcasse
1574 1757 1584 1777 :
1601 1746 1691 1786 quod
1716 1748 1810 1785 tanyi
1835 1748 1997 1777 statuunt
2020 1749 2109 1778 Ran.
2136 1752 2207 1778 366.

1235 1795 1372 1834 (Eodem
1387 1794 1468 1824 refer
1478 1794 1506 1831 ε)
1520 1793 1660 1823 Cinesias
1671 1792 1783 1822 mollis
1795 1800 1835 1821 an
1850 1794 1879 1822 te
1893 1792 2099 1823 concacavit?
2113 1794 2208 1825 Eccl.

1234 1844 1306 1872 330.
1325 1840 1443 1871 Multa
1458 1838 1728 1869 machinabatur
1745 1840 1867 1868 eontra
1892 1839 2039 1868 Comicos
2052 1862 2061 1877 ,
2079 1847 2119 1869 ne
2139 1839 2212 1870 cho-

1233 1895 1311 1918 rum
1326 1886 1713 1925 adipiscerentui·,Ran.
1731 1886 1798 1914 153.
1812 1885 1885 1914 Non
1896 1884 2086 1923 multopost
2095 1887 2212 1916 Ranas

1234 1934 1351 1965 doctas
1380 1932 1575 1970 cliorayiam
1604 1932 1711 1960 totam
1738 1930 1881 1960 sustulit
1907 1940 1917 1960 .-
1935 1938 2042 1969 quare
2069 1932 2211 1962 Strattis

1234 1988 1311 2011 eum
1326 1981 1359 2010 in
1370 1977 1504 2017 sabula
1521 1978 1642 2007 contra
1665 1984 1740 2006 eum
1761 1977 1892 2015 scripta
1916 1977 2048 2006 vocavit
2068 1977 2212 2017 χοροκτό-

1233 2038 1283 2057 νον
1298 2050 1307 2065 ,
1328 2029 1414 2057 Ran.
1434 2027 1505 2056 404.
1534 2027 1627 2055 Duos
1654 2025 1804 2056 Cinesias
1824 2023 2020 2054 Aristoteles
2046 2024 2153 2062 refert
2177 2027 2212 2055 in

1234 2072 1458 2110 Didascatiis,
1472 2074 1531 2102 Αυ.
1555 2073 1643 2102 1379.
1656 2070 1798 2101 Cinesias
1815 2069 2026 2109 libidinosus,
2047 2072 2124 2109 Lys.
2139 2074 2209 2102 838.

1236 2122 1277 2150 In
1294 2127 1362 2159 qua
1382 2118 1504 2156 sabula
1530 2117 1562 2148 in
1594 2125 1699 2147 arcem
1713 2116 1818 2155 venit,
1836 2116 1891 2146 ubi
1901 2116 2049 2147 mulieres
2069 2117 2213 2149 collectae

1235 2169 1338 2205 erant,
1348 2166 1554 2196 vehementer
1567 2163 1724 2204 pruriens,
1743 2171 1874 2193 uxorem
1886 2163 2082 2202 Myrrhinam
2097 2165 2212 2202 quaesi-

1235 2215 1304 2244 tum
1318 2223 1326 2250 ;
1340 2221 1412 2251 quae
1426 2212 1530 2251 ipsum
1547 2234 1556 2249 ‚
1579 2219 1596 2240 a
1608 2210 1780 2249 Lysistrata
1794 2210 1889 2239 edam
1904 2210 2004 2249 magis
2017 2209 2191 2240 excitatum
2203 2234 2211 2247 ‚

1236 2258 1368 2290 inlinitis
1385 2258 1486 2288 modis
1514 2256 1674 2295 ludificat,
1703 2258 1876 2287 831—958.
1907 2256 2054 2286 Derelicti
2082 2257 2213 2288 miseret

1236 2314 1346 2343 senes,
1364 2304 1559 2343 Myrrhinam
1576 2304 1778 2334 exsecrantes
1794 2325 1802 2339 ,
1818 2304 1992 2333 959—972.

1195 2353 1283 2384 Circe
1305 2361 1394 2391 maga
1419 2353 1454 2382 in
1481 2351 1738 2389 Loestryyonum
1752 2348 1892 2379 insula:
1910 2349 1983 2387 eJ'us
2000 2348 2147 2380 historia
2170 2358 2213 2380 ez

1239 2399 1387 2438 Odyssea
1400 2410 1412 2436 ,·
1438 2398 1528 2429 Ulixi
1540 2396 1658 2437 filium
1678 2397 1812 2435 peperit
1839 2395 2039 2434 Teleyonum
2053 2405 2066 2432 ;
2088 2395 2212 2426 sodales

1237 2445 1432 2483 Philonidae,
1457 2451 1555 2484 quem
1579 2441 1822 2481 Aristophanes
1840 2449 1906 2481 pro
1933 2441 2030 2472 Ulixe
2039 2443 2161 2481 ponit,
2181 2442 2213 2472 in

1238 2502 1310 2524 sues
1326 2491 1476 2528 mutavit,
1496 2489 1536 2520 ab
1552 2489 1646 2520 Ulixe
1661 2488 1902 2528 comprehensa,
1920 2487 1973 2518 Pl.
1995 2490 2169 2518 302—312.

1197 2539 1387 2572 Cithaeronia
1402 2539 1482 2569 echo
1499 2537 1583 2567 circa
1597 2535 1754 2566 Bacchum
1775 2535 1913 2572 resonat,
1935 2535 1961 2564 T
1961 2533 2064 2564 hesm.
2083 2537 2154 2564 996.

1199 2586 1343 2618 Cithara
1354 2584 1565 2616 docebantur
1573 2583 1701 2613 veteres
1710 2582 1849 2612 cantum
1859 2581 2067 2618 etcarmina‚
2082 2582 2108 2611 T
2108 2580 2197 2612 hesm
2207 2606 2212 2610 .

1242 2637 1309 2664 126.

1198 2678 1408 2716 citharistria,
1426 2686 1498 2716 quae
1511 2684 1563 2707 me
1579 2682 1664 2714 saepe
1678 2682 1771 2704 mane
1787 2672 1937 2704 excitasti
1953 2672 2076 2704 orthrio
2100 2673 2214 2712 (matu-

1238 2725 1306 2756 tino
1320 2749 1328 2764 ,
1352 2733 1452 2764 quum
1467 2724 1631 2763 exspectes
1656 2720 1780 2760 orthio)
1799 2720 1913 2759 moda,
1952 2719 1993 2750 de
2015 2719 2188 2750 moletrice
2201 2744 2212 2758 ,

1239 2772 1332 2802 Eccl.
1355 2771 1529 2802 739-741.

1198 2817 1403 2849 Citharoedici
1417 2816 1504 2847 modi
1516 2814 1662 2854 AEschyli,
1681 2817 1769 2845 Ran.
1797 2816 1873 2844 1282
1890 2813 1922 2843 et
1935 2811 2005 2842 sch.

1201 2867 1279 2896 Cius
1294 2864 1421 2901 insula,
1435 2863 1491 2893 ubi
1508 2861 1720 2893 morantibus
1731 2861 1937 2899 Aryonautis
1948 2857 2061 2897 Hylas
2076 2858 2212 2896 raptus,

1240 2911 1294 2942 Pl.
1314 2913 1403 2941 1127.
1423 2911 1561 2940 Ciorum
1583 2910 1615 2938 et
1640 2907 1802 2938 Chiorum
1824 2905 1948 2936 bellum
1964 2927 1974 2942 ,
1995 2906 2029 2934 in
2047 2912 2112 2942 quo
2137 2903 2214 2933 The-

1240 2964 1408 2993 ramenes,
1424 2958 1509 2986 Ran.
1528 2957 1598 2984 541.
1614 2953 1688 2984 Cius
1701 2954 1776 2982 erat
1796 2951 2015 2982 Theramenes
2028 2948 2213 2979 secundum

1241 3004 1465 3038 Demetrium,
1482 3003 1565 3031 Ran.
1584 3003 1656 3037 970,
1672 2999 1729 3029 ubi
1743 3007 1805 3028 non
1819 2997 1927 3033 Chius,
1943 2995 1998 3026 sed
2014 2995 2100 3026 Cius.
2118 2996 2161 3026 In
2174 3003 2213 3025 ea

1240 3049 1358 3080 insula
1374 3050 1529 3078 mortuus
1546 3045 1768 3084 Antiphanes,
1784 3043 1879 3074 Prol.
1899 3044 1970 3079 ΙΙΙ,
1986 3045 2024 3072 69
2040 3043 2108 3072 not.

1202 3096 1322 3127 Claros
1339 3095 1516 3135 Apollinis,
1532 3092 1626 3133 apud
1643 3094 1823 3128 Ananiam,
1849 3093 1933 3122 Itanv
1954 3093 2025 3120 661.

1203 3143 1322 3174 Claves
1338 3142 1437 3172 erant
1454 3140 1537 3170 olim
1551 3138 1763 3179 μονοῧάλανοι,
1786 3137 1914 3168 Thesm.
1933 3138 2004 3166 423.

1200 3189 1410 3226 Clazomenae,
1418 3185 1471 3225 sr.
1487 3188 1558 3216 460.

1201 3235 1396 3271 (1166606105,
1421 3232 1462 3263 de
1487 3240 1552 3272 quo
1576 3232 1750 3261 rarissime
1775 3230 1962 3260 memorato
1984 3229 2082 3259 varia
2109 3228 2213 3265 conji-

1242 3282 1335 3311 ciunt
1351 3279 1557 3316 scholiastoe,
1577 3280 1639 3317 Eq.
1659 3279 1729 3308 574.

1204 3325 1448 3363 Cleandridas,
1467 3325 1645 3356 harmosta
1662 3322 2000 3354 Lacedaemoniorum
2017 3320 2060 3351 ab
2082 3318 2214 3350 Pericle

1238 3374 1425 3413 pecuniam
1435 3372 1612 3411 acceperat
1627 3369 1672 3401 ad
1681 3368 1923 3410 proditionem,
1937 3375 2002 3407 quo
2015 3365 2161 3405 efficeret
2174 3367 2214 3396 ut
