2533 3808
165 162 239 194 314

1114 228 1196 268 Ἄλ-

164 247 254 281 κεῖον
269 240 336 294 γὰρ
350 241 451 278 αὐτοῦ
467 238 522 284 τὸ,
540 236 653 280 στίξας
666 232 799 276 αὐτούς·
820 238 860 281 ἠν
874 231 940 284 γὰρ
958 231 1059 276 ξένος.

164 301 257 349 λως.)
276 296 466 350 στρατηγὸς
489 299 527 341 ἠν
546 297 604 331 τοῦ
621 306 793 330 ναυτικου.
815 305 875 327 και
893 288 1046 333 Εὔπολις
1062 288 1194 340 μέμνη-

164 373 222 394 ται
241 359 275 394 ἐν
296 355 446 394 Πόλεσιν
466 352 572 394 ούτως
589 349 668 402 περὶ
687 364 748 386 του
764 347 986 398 Ἀδειμάντου

287 472 343 502 οὐκ
356 468 502 511 ἀργαλέον
516 467 580 504 δῆτ’
597 466 662 497 ἐστὶ
676 465 807 506 πάσχειν
823 465 905 496 τοῦτ’
920 464 973 505 ἐμὲ

129 530 145 553 5
286 517 338 548 τὸν
353 513 578 555 Λευκολοφίδου
594 513 690 544 παῖδα
702 516 755 543 τοῦ
772 511 963 553 Πορθάονος;

218 628 295 655 1510.
323 616 373 666 τῷ
391 613 564 666 Σοφοκλεῖ
581 611 736 658 δηλονότι
754 613 770 649 ὁ
787 610 984 663 Εὐριπίδης.
1005 618 1042 648 Β.

218 688 296 712 1517.
326 671 387 725 [ἢν
411 671 439 710 δ’
463 671 517 723 ἄρ’
537 670 605 722 ἐγώ
623 685 708 708 ποτε
729 683 739 719 ζ
756 669 978 722 Ἀπαγορεύει
997 671 1043 712 ὡς
1065 670 1126 707 οὐκ
1148 686 1198 707 ετι

168 731 267 770 πάλιν
292 733 337 774 εἷς
355 729 458 786 ᾍδου
476 727 665 782 ἀφίξεται]

217 809 296 835 1523.
327 793 427 847 [μηδ’
444 793 538 831 ἄκων
562 807 571 832 :
594 786 691 840 Οῗον,
711 791 798 844 μηδὲ
819 791 850 829 εἴ
867 807 954 835 τινες
971 791 1098 831 ἄκοντα
1120 809 1197 831 του-

114 875 145 900 10
168 870 219 893 τον
235 853 398 896 λαὸόντες
412 851 552 891 καθίσαι
570 850 782 897 εθελήσουσι.
785 849 803 903 ]]

218 931 296 956 1524.
326 916 508 970 [φαίνετεε
530 914 624 968 Πρὸς
637 930 694 952 τον
710 913 825 967 χορόν.
846 914 921 952 ἀντι
934 918 1011 964 τοῦ,
1030 916 1199 955 ἀνάπτετε

167 992 196 1014 (1
211 975 350 1026 μύσται.
353 974 371 1028 ]]

218 1053 295 1078 1528.
324 1041 447 1091 πρῶτα
462 1037 523 1088 μὲν
540 1036 673 1076 εὐοδίαν
691 1051 699 1076 :
717 1036 782 1089 [H
797 1037 978 1076 τελευταία
999 1038 1127 1083 ἔκθεσις
1140 1055 1199 1078 του

165 1097 338 1151 δράματος
358 1098 396 1135 ἐκ
420 1096 547 1148 στίχων
570 1095 644 1134 ἐστὶ
666 1096 880 1133 δακτυλικῶν
901 1097 945 1141 ς’.
963 1097 1019 1134 ἐπὶ
1040 1101 1089 1148 τῴ
1110 1100 1200 1136 τελει

114 1174 146 1199 15
165 1155 306 1208 κορωνὶς
323 1158 345 1202 ἡ
366 1156 425 1193 καὶ
441 1155 480 1193 τὸ
496 1156 612 1207 δρᾶμα
629 1156 909 1206 ἀποπερατοῦσα.
926 1155 1058 1193 εὐοδίαν
1075 1172 1129 1208 οε,
1145 1173 1201 1194 ευ-

164 1214 283 1253 κολίαν
299 1213 378 1267 περὶ
395 1213 457 1261 τὴν
477 1213 567 1253 ὁδόν.
585 1216 694 1251 ταῦτα
716 1211 770 1265 δὲ]
795 1212 903 1265 (παρὰ
926 1213 969 1251 τὰ
994 1216 1028 1252 ἐν
1051 1217 1200 1253 Γλαυκω

166 1275 305 1312 Ποτνιεῖ
329 1272 506 1325 Αἰσχύλου
526 1289 541 1305 «
560 1271 693 1310 εὐοδίαν
708 1270 770 1322 μὲν
787 1273 923 1324 πρῶτον
945 1272 1014 1311 ἀπὸ
1031 1273 1202 1324 στόματος

164 1331 304 1383 χέομεν.
324 1333 353 1382 n)
375 1353 424 1361 —·-
447 1330 523 1369 ἀντὶ
540 1333 588 1383 τῷ
608 1329 788 1383 Αἰσχύλῳ.
808 1338 846 1369 R.

1152 669 1167 683 q

1157 797 1178 805 uu

1178 1044 1198 1052 Ν

1065 1101 1082 1108 ¹*
1138 1098 1147 1111 Ι

1078 1156 1106 1171 ΝΚ
1167 1159 1176 1171 3

1137 1215 1145 1228 Ι

1183 1255 1189 1268 Ι

929 143 1195 183 SCHOLIA
1232 144 1292 182 IN
1326 143 1527 183 RANAS.

1312 243 1391 270 1531.
1420 230 1648 282 [παυσαίμεθ’
1670 230 1710 268 ἂν
1735 245 1743 270 :
1761 232 1793 270 Τ
1795 230 1813 269 ὸ
1832 230 2054 281 παυσαίμεθα
2073 224 2166 269 εἶπεν
2189 233 2207 269 ὁ
2226 247 2293 284 χο-

1255 286 1326 339 ρὸς,
1344 287 1429 325 διότι
1441 290 1491 339 τῷ
1505 287 1567 337 μὲν
1585 289 1695 326 δοκεῖν
1711 291 1745 327 ἐν
1760 289 1863 344 ᾍδου
1880 284 1935 337 ἦν,
1950 289 1988 327 τὸ
2003 289 2031 327 δ’
2051 289 2174 336 ἀληθὲς
2194 290 2294 337 Ἀθή-

1253 359 1365 392 νησιν,
1379 344 1458 381 ἔνθα
1477 346 1623 383 ἐτελεῖτο
1635 345 1674 384 τὸ
1692 347 1819 398 δρᾶμα.
1839 346 1982 391 ξυνόδων
2000 346 2053 394 δὲ,
2068 349 2292 396 συμπλοκῶν,

1256 401 1323 449 ἃςὴ
1334 401 1431 446 πόλις
1441 402 1514 440 νυνὶ
1527 402 1827 455 πάσχει.]]-τῶν
1839 406 2037 455 πολεμικῶν
2047 406 2237 479 o'tpeyak'wv.
2252 414 2290 444 R.

1310 472 1388 497 1532.
1417 460 1622 512 Κλεοφων
1604 459 1640 497 οὲ
1657 460 2293 517 μαχέσθι1;(Παρόσον,ὡςἈριστο-
2312 478 2328 502 5

1255 516 1356 564 τέλης
1375 517 1476 570 φησὶ,
1495 516 1583 567 μετὰ
1607 517 1669 564 τὴν
1692 520 1727 556 ἐν
1748 519 1980 571 Ἀργινούσαις
2000 522 2198 574 ναυμαχίαν
2218 526 2294 561 Λα-

1255 575 1481 626 κεδαιμονίων
1502 576 1758 626 βουλομένων’
1743 593 1781 614 εκ
1806 576 2029 620 Δεκελείας’
2010 578 2152 617 απιέναι
2175 581 2226 633 ἐφ’
2247 585 2295 624 οῖς

1256 633 1390 685 ἔχουσιν
1416 633 1570 686 ἑκάτεροι
1596 634 1656 672 καὶ
1679 634 1816 687 εἰρήνην
1844 635 1938 685 ἄγειν
1961 635 2018 673 ἐπὶ
2037 639 2095 673 τοῦ
2119 638 2295 687 Καλλίου,

1258 693 1423 745 Κλεοφῶν
1444 692 1560 730 ἔπεισε
1572 692 1629 730 τὸν
1645 693 1754 743 δῆμον
1773 693 1821 743 μὴ
1835 692 2110 745 προσδέξασθαι,
2126 695 2232 733 ἐλθὼν
2250 699 2297 740 εἷς

1255 749 1318 797 τὴν
1337 750 1523 798 ἐκκλησίαν
1545 750 1679 801 μεθύων
1702 751 1762 789 καὶ
1783 751 1923 804 θώρακα
1950 751 2151 799 ἐνδεδυκὼς,
2169 755 2207 792 οὐ
2226 754 2333 806 φοί-10

1257 825 1346 847 σκων
1364 809 1558 862 ἐπιτρέψειν
1576 808 1635 847 ἐαν
1651 808 1699 860 μὴ
1715 810 1830 853 πάσας
1844 812 1958 862 ἀφῶσι
1974 809 2035 854 τὰς
2047 809 2164 854 πόλεις
2177 813 2207 849 οἱ
2222 814 2303 850 Λα-

1255 867 1478 918 κεδαιμόνιοι.
1497 872 1593 911 οὗτος
1609 868 1645 906 δε
1669 871 1686 906 ὁ
1712 869 1914 922 Κλεοφων(
1896 885 1942 912 ως
1961 867 2051 913 ξένος
2066 870 2297 921 κωμῳδεῖται·

1256 930 1294 964 οὓ
1305 926 1446 964 καὶανω
1459 928 1541 977 [678]
1557 926 1731 977 ἐμνήσθη,
1756 926 1862 965 εἰπὼν
1883 945 1898 960 «
1916 926 2174 979 φιλοτιμότεραι
2193 929 2300 966 Κλεο·

1257 987 1403 1037 φῶντος,
1431 986 1482 1038 ἐφ
1510 989 1548 1023 οὑ
1574 985 1724 1037 χείλεσιν
1749 985 2001 1038 ἀμφιλάλοις
1983 1001 2090 1023 οεινον
2117 985 2299 1038 ἐπιὸρέμει

1256 1042 1410 1096 Θρηϊκία
1426 1042 1584 1094 χελιδών.
1603 1045 1629 1094 n)
1650 1043 1882 1095 μαχέσθωσαν
1903 1038 1974 1090 οἶν,
2000 1043 2105 1097 φησὶ,
2131 1045 2299 1098 Κλεοφῶν
2321 1057 2353 1081 15

1257 1101 1316 1139 καὶ
1336 1103 1366 1139 οἱ
1384 1101 1500 1150 ἄλλοι,
1520 1117 1594 1140 οσοι
1615 1101 1726 1139 τούτω
1742 1100 1854 1152 ομοιοί
1874 1103 1939 1139 εἰσι
1959 1101 2061 1149 ξένοι,
2082 1117 2116 1140 εν
2131 1103 2207 1145 ταῖς
2225 1118 2298 1140 πα-

1257 1159 1366 1211 τρίσιν
1384 1162 1509 1207 αὑτων,
1532 1160 1591 1198 καὶ
1616 1159 1664 1211 μὴ
1689 1163 1724 1198 ἐν
1748 1163 1790 1211 τῇ
1813 1160 1949 1213 Ἀττικῇ
1969 1159 2172 1198 κινείτωσαν
2191 1160 2299 1199 πολέ-

1259 1232 1353 1267 μους·
1371 1233 1408 1255 ου
1425 1217 1492 1270 γάρ
1509 1219 1600 1256 ἐστιν
1621 1219 1734 1255 αὐτῶν
1752 1217 1875 1269 πατρὶς
1895 1234 1994 1265 αυτη.

1313 1289 1391 1314 1533.
1419 1275 1617 1327 (πατρίοις’
1603 1291 1637 1313 εν
1661 1275 1849 1329 ἀρούραις;
1869 1277 1932 1314 Ἔν
1951 1281 2025 1320 ταῖς
2041 1278 2171 1315 ἑαυτῶν
2192 1277 2299 1330 ἀρού-

1260 1348 1346 1386 ραις.
1366 1334 1531 1386 κωμῳδεῖ
1549 1333 1585 1372 δὲ
1603 1333 1726 1376 αὐτοὺς
1744 1336 1790 1377 ὡς
1806 1333 1944 1384 ξένους.)
2318 1351 2354 1376 20

886 2186 1556 2212 “0005—
