2533 3808
318 220 392 257 586

315 302 472 354 εὐπορίας
490 299 634 351 ἤρξατο,
661 308 744 345 quae
770 308 869 331 nunc
897 303 982 343 post
1009 294 1158 344 ἀλφίτων
1177 294 1322 342 posita,

317 369 357 397 ut
374 360 513 408 scripta
530 362 615 392 sunt
633 355 670 390 in
687 357 812 401 R.--9
827 351 860 395 ἐξ
877 351 1013 402 Ἰνάχου
1031 352 1116 389 Ald.
1135 352 1213 387 sine
1229 351 1324 400 παρὰ

313 422 368 460 τὰ.
393 425 484 469 Reg.
502 416 596 469 παρὰ
609 415 652 452 τὰ
672 415 705 458 ἐξ
725 415 782 452 Ἰν.
800 440 850 447 -
872 429 915 450 10
934 413 1043 464 μεστὰ
1056 414 1169 450 πάντα
1187 415 1232 451 Θ.
1252 412 1326 463 ἐγί-

311 493 407 515 νοντο
437 481 480 514 R.
512 473 646 525 ἐγένετο
675 475 811 522 ἀγαθῶν
838 475 956 522 Reg.,
982 472 1048 521 qui
1076 469 1218 522 προέχει
1240 483 1324 507 cum

313 536 399 573 Ald.

366 592 439 628 808
456 591 508 626 sic
525 591 563 626 in
578 592 636 634 R„
659 586 786 634 ἡδέως,
807 586 970 636 εὖόσμου,
988 585 1008 632 ἢ
1027 587 1070 627 ὡς
1089 584 1325 633 ἀπὸ-ἔλεγον.

313 654 355 688 In
372 654 432 695 V.‚
457 646 566 692 καλὴν
594 646 704 696 ὀσμὴν
726 645 864 693 ἔχοντος
883 644 1000 696 ὥσπερ
1019 644 1062 681 τὰ
1085 643 1182 690 ἄνθη.
1210 642 1231 688 ἢ
1258 641 1325 679 ἀπὸ

311 707 416 744 τόπου
444 704 642 753 ἀνθοσμίας.
672 704 693 750 ἢ
723 706 770 745 ὣς·
798 703 866 739 ἀπὸ
886 702 993 744 εἴδους
1020 701 1191 751 ἀμπέλου.
1217 700 1238 746 ἢ
1266 703 1325 737 τοῦ

311 762 590 812 ἡδέως-ἔλεγον.
621 764 744 807 «Quae
771 761 992 797 scholiastes
1020 761 1080 797 hic
1109 761 1324 806 adnotavit,

311 832 348 860 et
368 822 417 859 ad
438 826 532 859 Ran.
552 835 587 859 v.
609 835 622 856 1
637 821 725 862 150,
746 821 783 856 iu
806 833 922 856 unum
944 833 965 856 a
987 820 1102 857 Suida
1122 827 1208 855 sunt
1229 831 1323 854 con-

310 880 439 929 juncta
456 880 493 915 in
512 892 546 914 v.
565 877 785 926 Ἀνθοσμίαςε
808 878 945 926 legitur
965 886 1090 914 autem
1109 876 1208 926 apud
1226 890 1324 922 eum,

312 938 380 974 ἀπὸ
400 936 506 974 τόπου
528 935 747 984 Ἀνθοσμίου,
774 949 887 984 quem
913 937 1040 972 locum
1062 938 1088 972 si
1119 935 1233 971 modo
1258 948 1323 970 us-

311 1009 423 1045 quam
439 1003 545 1031 extra
558 995 889 1043 grammaticorum
907 994 1197 1030 commentarios
1211 993 1324 1029 exsti-

312 1055 411 1100 terit,
427 1054 549 1090 adhuc
568 1065 704 1101 quaero.
717 1069 731 1084 υ
748 1055 896 1090 HEMs'r.
914 1075 962 1080 —
977 1054 1021 1088 18
1036 1067 1115 1103 καρ.
1131 1045 1222 1088 εἶπεν
1241 1052 1324 1088 Ald.

310 1134 360 1140 --
379 1126 426 1147 20
448 1108 635 1161 μαγαρικά.
656 1111 793 1147 Melius
807 1140 815 1155 ‚
839 1111 869 1146 si
890 1111 1096 1155 rationem,
1118 1124 1193 1146 non
1217 1123 1324 1146 usum

310 1170 492 1219 loquendi
519 1177 683 1218 spectes,
708 1168 881 1219 μεγαρικὰ
902 1169 1121 1206 scribuntur
1149 1169 1187 1204 in
1214 1170 1324 1218 gloss.

311 1240 397 1263 mss.
429 1227 476 1263 ad
505 1227 600 1263 Plut.
635 1234 672 1262 et
702 1225 748 1261 ad
778 1225 879 1264 Nub.
911 1227 1073 1278 ἀμφορεῖς
1100 1225 1325 1274 νενησμένοι,

313 1283 483 1337 μεγαρικὰ
509 1283 716 1335 σωρεύματα
738 1297 796 1333 ap.
819 1287 987 1333 Ducang.
1019 1285 1151 1322 Oritur
1175 1285 1274 1320 enim
1295 1285 1326 1320 i-

309 1344 396 1379 stud
418 1342 643 1379 vocabulum
660 1355 681 1378 a
697 1342 982 1390 Megarensibus
997 1371 1005 1387 ,
1026 1355 1188 1391 quorum
1211 1355 1327 1392 opera

310 1401 440 1437 fictilia
464 1400 617 1436 fuerunt
636 1400 673 1435 in
697 1400 821 1449 pretio
842 1414 849 1434 :
875 1400 961 1436 hinc
985 1399 1028 1435 τὰ
1053 1398 1242 1448 Μεγαρέων
1265 1414 1325 1436 κε-

311 1457 419 1510 ράμια
434 1466 692 1494 memorantur
709 1470 729 1492 a
746 1460 874 1505 Synes.
892 1471 930 1507 p.
948 1471 1011 1504 77,
1026 1460 1073 1503 C,
1090 1465 1127 1493 et
1145 1455 1327 1508 Μεγαρικὰ

309 1516 471 1553 πιθάκνια
491 1516 537 1551 ab
556 1515 707 1552 Eubulo
726 1528 788 1563 ap.
810 1515 948 1552 Athen.
966 1529 995 1560 i,
1018 1528 1053 1564 p.
1072 1517 1132 1560 28,
1148 1519 1196 1551 D.
1212 1518 1327 1551 Recte

309 1575 437 1613 Suid.:
460 1572 666 1624 Ἀμφορεύς,
690 1574 839 1622 ἀγγεῖον,
859 1572 996 1625 μέτρον,
1016 1573 1180 1625 κεράμιον
1202 1575 1327 1622 Μεγα-

313 1631 418 1682 ρικόν.
439 1635 675 1668 Mercatores
696 1644 806 1672 vero,
826 1639 868 1666 ut
886 1631 1083 1667 hominum
1101 1631 1194 1667 illud
1211 1644 1328 1680 genus

310 1704 390 1727 esse
414 1691 509 1727 solet
535 1690 761 1739 plerumque
781 1690 977 1726 literarum
996 1704 1038 1726 ac
1061 1690 1239 1725 dictionis
1258 1702 1327 1725 ex-

312 1763 423 1798 pers,
446 1762 560 1798 prave
583 1748 746 1798 primam
768 1748 805 1783 in
830 1748 902 1784 hoc
921 1762 1002 1785 voc.
1029 1747 1211 1796 syllabam
1232 1747 1325 1783 effe-

312 1806 445 1842 rebant
468 1819 536 1855 per
557 1821 588 1842 α.
618 1809 675 1843 En
696 1813 828 1841 testem
845 1805 1073 1854 locupletem
1096 1805 1328 1854 Stephanum

310 1868 398 1913 Byz.
416 1865 454 1900 in
474 1862 640 1915 Μέγαρα·
659 1862 746 1900 οὕτω
768 1862 802 1899 δὲ
821 1863 880 1900 καὶ
899 1862 975 1905 τοὺς
994 1862 1209 1914 Μεγαρικοὺς
1226 1863 1329 1913 κερά-

312 1936 395 1971 μους
418 1920 473 1958 διὰ
504 1924 563 1957 τοῦ
589 1937 604 1957 ε
626 1919 694 1972 χρὴ
714 1920 839 1969 λέγειν,
864 1923 901 1957 οὐ
924 1920 978 1956 διὰ
998 1925 1057 1958 τοῦ
1083 1936 1122 1966 α,
1145 1922 1189 1962 ὡς
1211 1922 1241 1956 οἱ
1262 1919 1329 1969 ἔμ-

311 1994 411 2031 ποροι
428 1978 490 2024 τὴν
506 1977 679 2030 ἄρχουσαν
699 1978 999 2030 παραφθείροντες.
1021 1979 1125 2015 Idem
1148 1979 1329 2014 accidisse

311 2038 487 2074 novimus
522 2037 561 2073 in
600 2035 749 2087 μέγαρον
786 2045 822 2072 et
857 2035 1012 2088 μάγαρον
1029 2067 1038 2083 ,
1070 2037 1173 2086 quod
1206 2046 1329 2073 tamen

312 2101 645 2152 grammaticorum
664 2096 799 2135 notam*
813 2100 946 2150 effugit
962 2117 969 2137 2
991 2102 1083 2150 quin
1106 2102 1226 2138 AElius
1241 2102 1331 2137 Dio-

311 2161 442 2209 nysius
476 2158 632 2210 μάγαρον
671 2159 934 2195 tantummodo
975 2160 1089 2196 scribi
1123 2160 1304 2209 praecepit
1320 2189 1328 2204 ‚

311 2232 387 2255 non
417 2216 589 2267 μέγαρον,
619 2216 649 2252 5ἰ
676 2214 949 2265 designandum
980 2218 1104 2254 veniat
1134 2217 1330 2266 penetrale

312 2277 406 2314 illud
424 2277 462 2313 in
481 2289 556 2325 quo
575 2276 732 2324 mystica
750 2288 854 2312 sacra
868 2276 1140 2323 reconduntur,
1160 2276 1329 2313 Eustatli.

312 2336 359 2372 ad
386 2334 457 2371 Od.
489 2338 540 2379 A,
565 2347 603 2382 p.
635 2334 747 2381 1387,
781 2336 838 2370 18.
870 2337 943 2382 Ap.
981 2334 1144 2383 Hesych.
1176 2335 1332 2371 invenio

313 2391 553 2443 Μαγαρίσκος,
567 2390 770 2432 πινακίσκος
785 2405 792 2412 ·
811 2391 912 2439 quod
928 2391 1062 2427 dubito
1077 2406 1125 2428 an
1141 2391 1188 2428 ab
1202 2392 1332 2429 eadem

314 2451 461 2499 origine
484 2449 674 2499 pendeat:
707 2449 747 2485 id
773 2449 926 2497 quidem
953 2463 1030 2485 non
1051 2450 1187 2486 dubito
1218 2452 1331 2499 paulo

315 2507 534 2556 corruptius
551 2507 625 2542 alio
644 2506 729 2541 loco
745 2506 817 2554 legi
839 2506 1101 2557 Μαργαρίσκον,
1117 2508 1332 2545 πινακίσκον,

314 2566 396 2603 Nisi
414 2565 535 2600 forma
551 2577 632 2599 voc.
651 2563 854 2612 utrobique
873 2574 1079 2610 constaret,
1099 2567 1233 2614 reponi
1255 2580 1334 2602 ma—

315 2623 466 2659 luissem
504 2619 717 2672 Μαγαρικός.
748 2620 899 2664 Πίνακες
923 2631 1047 2658 autem
1072 2631 1108 2659 et
1134 2624 1333 2660 πινακίσκοι

315 2694 392 2717 non
420 2680 533 2730 lignei
562 2687 727 2724 tantum,
755 2679 819 2715 sed
842 2687 878 2715 et
899 2680 1041 2716 fictiles.
1063 2683 1271 2716 Hamm—
1287 2683 1331 2717 23

316 2737 512 2783 σενδούκια,
532 2737 609 2773 vid.
631 2736 678 2772 ad
700 2750 732 2772 v.
761 2750 845 2781 71¹·

369 2799 465 2841 810,
500 2795 547 2830 25
580 2796 618 2831 ἐκ
642 2796 702 2838 τῆς
730 2796 797 2831 τῶν
825 2795 1047 2832 ἀναπαίστων
1071 2797 1194 2843 (corr.
1223 2797 1334 2844 ἀναγ-

315 2853 422 2889 καίων
450 2867 494 2889 ex
519 2852 664 2889 scholio
690 2865 725 2888 v,
750 2853 838 2900 807)
862 2853 1022 2903 εὐπορίας
1047 2852 1186 2905 ἤρξατο.
1214 2869 1333 2903 παρα-

316 2911 432 2954 παίζει
454 2910 489 2947 δὲ
506 2915 552 2948 V.
575 2911 621 2947 ad
642 2926 670 2946 v.
694 2912 781 2958 809.
800 2935 850 2938 —
870 2913 917 2947 26
935 2915 995 2957 τῆς
1019 2926 1094 2950 om.
1114 2914 1159 2949 Θ.

371 2971 465 3013 812,
489 2970 534 3006 33
555 2967 576 3014 ἢ
596 2968 745 3011 λοπάδος
763 2963 850 3011 εἶδος
872 2971 917 3013 εἷς
939 2969 995 3013 ὀξὺ
1016 2972 1120 3020 λῆγον
1144 2971 1280 3007 suidas
1304 2985 1331 3007 s.

318 3026 421 3069 Ὀξίς.
443 3025 551 3068 λοπὰς
576 3025 610 3062 δὲ
632 3020 717 3068 εἶδος
737 3027 875 3076 ἀγγείου
894 3034 960 3064 πᾶν
982 3029 1027 3071 εἷς
1048 3027 1103 3071 ὀξὺ
1123 3030 1227 3078 λῆγον
1249 3029 1331 3064 ΑΙ(1.

317 3084 339 3130 ἢ
364 3079 448 3128 εἶδος
477 3085 642 3136 κεραμίου
664 3087 759 3138 παρὰ
787 3086 826 3123 τὸ
846 3086 901 3130 ὀξὺ
925 3087 1015 3138 ἔχειν
1037 3087 1075 3126 τὸ
1097 3087 1192 3124 κάτω
1211 3091 1268 3134 V.‚
1288 3101 1333 3124 ex

319 3157 396 3192 quo
421 3143 549 3179 addita
574 3144 965 3196 λοπάδιον-κεραμίου.
986 3168 1033 3173 -
1054 3148 1100 3190 34
1124 3159 1178 3194 sq.
1211 3147 1335 3195 ἰχθυη-

321 3200 599 3252 ροὺς-χωρῆσαι
618 3215 691 3237 om.
711 3203 757 3239 Θ.
779 3225 829 3230 -—
851 3203 897 3239 35
919 3203 1015 3254 ἰχθὺν
1033 3207 1077 3240 R.
1095 3206 1190 3254 ἰχθῦς
1208 3207 1247 3240 V.
1261 3234 1269 3250 ‚
1288 3218 1333 3240 ex

320 3272 396 3307 quo
419 3258 545 3294 addita
574 3256 595 3302 ἢ
617 3259 890 3297 ἐν-πλύνονται.
916 3289 965 3294 -.
992 3264 1035 3308 37
1060 3265 1077 3298 ὃ
1098 3263 1129 3298 λ.
1152 3261 1335 3312 κουρουλὸς

321 3315 424 3365 ἤγουν
455 3315 684 3367 κουκούμερον
712 3321 804 3367 Reg.
832 3322 888 3355 De
914 3319 1094 3363 τζυκάλιον
1117 3320 1203 3356 vide
1227 3320 1273 3356 ad
1301 3333 1333 3356 ν.

322 3375 408 3410 683.
434 3401 482 3407 --
511 3377 559 3423 39
580 3373 621 3411 τὰ
641 3374 835 3412 σκουτέλια.
852 3378 977 3414 Variis
1001 3377 1177 3414 indutum
1201 3378 1331 3414 formis

1092 207 1387 246 ADNOTATIO
1416 208 1468 245 ΙΝ
1499 209 1669 247 SCHOL.

1384 293 1540 330 exhibet
1553 296 1786 344 Ducangins,
1805 297 1912 346 cujus
1932 306 1968 333 et
1985 298 2143 334 alterum
2159 297 2388 335 Glossarium

1384 359 1439 387 est
1457 353 1744 390 consulendum.
1772 359 1805 390 Λ
1823 366 1916 391 scuto
1933 359 2109 391 scutulam
2128 363 2164 391 et
2182 359 2368 391 scutellam
2381 385 2391 401 ,

1384 411 1474 445 item
1503 414 1677 446 scutulum
1703 420 1739 447 et
1765 416 1949 449 scutellum
1978 413 2164 458 derivari,
2196 421 2268 449 tam
2298 414 2393 451 mihi

1385 467 1536 516 planum
1566 468 1727 514 videtur,
1761 478 1801 505 ut
1827 471 1955 507 mirari
1984 472 2072 507 satis
2097 484 2300 520 nequeam,
2328 470 2394 520 qui

1385 524 1588 562 Salmasius
1625 527 1757 575 primae
1793 527 1945 575 syllabae
1977 529 2186 576 quantitate
2203 557 2213 574 ,
2250 540 2368 577 eaque
2383 556 2393 573 ,

1385 583 1514 619 saltem
1532 585 1632 633 apud
1649 585 1878 621 recentiores
1890 613 1899 627 ,
1919 586 2070 622 minime
2085 594 2279 622 constante
2293 615 2302 632 ,
2320 586 2396 622 sue-

1386 641 1434 676 rit
1449 641 1646 687 inductus,
1663 650 1703 677 ut
1718 642 1763 678 ad
1782 652 1938 678 scutram
1951 672 1960 688 ,
1976 642 2140 694 σχύθραν,
2155 644 2395 693 confugeret3

1384 711 1406 735 a
1435 712 1509 748 qua
1539 700 1570 736 si
1599 700 1760 736 maxime
1787 703 1974 736 scutellum
2007 708 2043 735 et
2072 704 2222 736 scutella
2252 705 2397 750 possint

1385 757 1475 793 oriri
1488 787 1497 803 ‚
1514 762 1654 793 scutula
1675 767 1776 794 certe
1792 759 1846 794 vel
1861 761 2035 794 scutulum
2052 758 2117 794 vix
2129 786 2139 803 ,
2158 766 2223 794 aut
2241 760 2396 795 omnino

1386 828 1460 851 non
1493 825 1671 865 poterunt
1696 831 1703 853 :
1739 817 1816 853 liaec
1853 825 1975 852 tamen
2014 816 2060 852 ad
2085 816 2242 865 vopisc.
2271 817 2396 853 Carin.

1385 886 1422 921 p.
1454 874 1525 909 861
1561 873 1721 910 tradenti
1757 873 1865 909 multi
1897 874 2050 910 fuerunt
2077 873 2143 922 qui
2170 874 2295 909 statim
2319 876 2398 910 sine

1385 930 1459 966 ulla
1474 930 1714 977 dubitatione
1735 930 2037 976 subscriberent,
2062 931 2239 979 interque
2257 944 2322 967 eos
2343 935 2399 968 De

1386 992 1479 1025 Casa
1498 993 1607 1026 Nova
1623 990 1728 1039 Orig.
1752 990 1856 1038 Ling.
1881 990 2010 1025 Franc.
2029 989 2066 1024 in
2082 1002 2118 1025 v.
2135 991 2295 1033 EcueHe,
2316 1002 2400 1038 quae

1386 1060 1462 1083 non
1485 1048 1608 1084 minus
1628 1056 1741 1097 atque
1761 1049 1833 1084 alia
1856 1056 1986 1083 nostro
2015 1048 2213 1096 Belgarum
2240 1060 2305 1083 ore
2331 1047 2401 1083 tri-

1388 1107 1527 1143 tissima
1549 1121 1623 1144 vox
1643 1121 1662 1144 a
1682 1111 1836 1144 scutellis
1857 1108 1979 1144 fluxit.
2004 1110 2153 1144 Hemsr.

1440 1166 1534 1210 815,
1561 1172 1607 1208 42
1626 1168 1647 1210 ἡ
1673 1179 1746 1202 om.
1774 1169 1816 1202 R.
1833 1170 1892 1212 V.‚
1917 1179 1963 1201 ex
1984 1179 2061 1215 quo
2083 1165 2129 1207 43
2151 1164 2280 1201 addita
2299 1164 2401 1213 λεγό-

1387 1237 1503 1272 μενος,
1534 1232 1570 1259 et
1592 1222 1612 1268 ἢ
1640 1226 1657 1260 ὃ
1684 1238 1717 1273 χ.
1743 1222 1764 1268 ἢ
1789 1226 1805 1260 ὃ
1831 1223 1960 1274 δίφρος.
1983 1245 2032 1250 ——
2054 1229 2100 1266 44
2121 1221 2179 1259 καὶ
2211 1223 2246 1259 ἐν
2269 1221 2402 1274 Εἰρήνῃ

1388 1281 1609 1318 Dindorlius
1627 1282 1756 1318 elicuit
1776 1295 1823 1318 ex
1836 1286 1899 1326 V.‚
1917 1282 1983 1331 qui
2002 1281 2060 1318 καὶ
2076 1281 2110 1317 ἐν
2129 1280 2264 1331 χρήσει.
2285 1284 2404 1330 Lege—

1386 1339 1498 1376 batur
1517 1342 1562 1381 ὡς
1581 1339 1640 1385 τὸ,
1665 1340 1767 1388 quod
1782 1353 1855 1376 om.
1875 1343 1920 1376 R.
1936 1340 1982 1377 Θ.
2003 1339 2109 1376 Ι1).ἓν
2131 1338 2166 1376 δὲ
2185 1342 2231 1376 R.
2251 1338 2285 1375 ἔν
2303 1353 2340 1375 τε
2357 1343 2402 1376 V.

1386 1399 1433 1436 Θ.
1456 1399 1597 1436 Ald.—
1617 1398 1666 1442 45
1681 1400 1698 1434 ὃ
1715 1401 1856 1450 φοῦρνος
1874 1396 1896 1441 ἢ
1919 1397 2048 1446 μᾶλλον
2069 1396 2108 1433 τὸ
2126 1395 2290 1448 φανάριον
2310 1400 2402 1446 Reg.

1441 1458 1515 1493 816
1529 1486 1538 1503 ,
1559 1463 1607 1505 49
1627 1455 1819 1505 νομίσμασι
1846 1455 2034 1505 παίζομεν,
2059 1454 2263 1504 ἀρτιάζομεν
2287 1457 2332 1491 R.
2354 1456 2402 1493 Θ.

1389 1536 1435 1542 -
1460 1515 1507 1551 50
1528 1511 1794 1565 ἀντὶ-περισσά
1824 1522 1861 1550 et
1889 1516 1931 1563 τῇ
1963 1526 2039 1549 orn.
2071 1513 2116 1551 Θ.
2143 1512 2220 1558 Qui
2247 1512 2292 1548 51
2320 1522 2406 1562 post

1388 1571 1495 1621 ἄζυγα
1515 1573 1567 1608 sic
1588 1573 1728 1621 pergit,
1751 1571 1873 1612 ἄλλως.
1895 1569 2062 1619 παίζομεν
2086 1569 2187 1621 ἄρτια
2204 1568 2225 1614 ἢ
2244 1570 2404 1620 περισσά.

1387 1630 1508 1666 παιδιὰ
1533 1630 1569 1667 δέ
1593 1645 1644 1672 τις
1672 1623 1713 1675 ἦν
1734 1638 1804 1666 etc.
1829 1628 1968 1666 παιδεία
1990 1632 2058 1676 V.‚
2081 1629 2260 1664 omittens
2280 1621 2334 1672 ἦν.
2357 1651 2398 1655 -

1391 1689 1437 1725 52
1457 1689 1663 1739 κατέχοντος
1677 1692 1722 1726 V.
1740 1689 1914 1725 Alterum
1928 1690 1988 1725 τοῦ
2004 1700 2078 1723 om.
2091 1687 2136 1725 Θ.
2156 1714 2208 1720 .-.
2224 1687 2270 1722 53
2289 1685 2407 1730 ἤτοι.-

1388 1748 1545 1785 καλεῐται
1567 1747 1696 1784 addita
1717 1761 1763 1784 ex
1783 1750 1825 1784 V.
1853 1747 1929 1791 Qui
1950 1746 2075 1795 pergit
2095 1743 2217 1786 ἄλλως.
2236 1744 2404 1793 παίζομεν

1390 1805 1491 1857 ἄρτια
1514 1805 1535 1851 ἢ
1556 1805 1720 1857 περιττὰ,
1746 1805 1784 1843 τὸ
1807 1807 1840 1842 ἐν
1862 1808 1904 1854 τῇ
1928 1803 2090 1855 συνηθείᾳ
2111 1802 2296 1852 λεγόμενον
2318 1802 2404 1852 ζυγὰ

1388 1863 1410 1909 ἢ
1429 1863 1548 1914 ἄζυγα.
1567 1863 1654 1906 τινὲς
1671 1863 1705 1901 δὲ
1724 1865 1797 1915 ἀρτ.
1812 1888 1852 1894 -
1866 1877 1879 1899 1
1895 1876 1950 1911 sq.
1967 1861 2185 1913 ἀρτιάζειν...
2205 1860 2405 1913 σφαιρίζειν.

1390 1926 1477 1959 Haec
1513 1924 1632 1959 aliena
1666 1936 1821 1973 prorsus
1850 1922 1952 1958 unde
1984 1921 2199 1970 prodierint
2218 1949 2228 1967 ‚
2264 1920 2407 1969 quidve

1390 1982 1604 2018 conducant
1629 1981 1674 2017 ad
1704 1981 1975 2030 explicandum
2008 1977 2194 2030 ἀρτιάζειν,
2224 1987 2409 2027 exputare

1390 2041 1453 2075 vix
1481 2053 1648 2088 possum.
1673 2040 1759 2075 Pilae
1786 2039 1876 2074 ludo
1908 2037 1999 2087 quid
2020 2049 2222 2073 commune
2245 2044 2302 2072 est
2322 2050 2407 2073 cum

1391 2100 1599 2150 ἀρτιασμῷΡ
1618 2106 1682 2134 aut
1703 2096 1872 2148 ἀρτιάζειν
1901 2095 2096 2146 quomodo
2116 2095 2199 2130 fieri
2222 2103 2348 2148 potest
2369 2103 2409 2131 ut

1391 2157 1574 2206 significet
1594 2156 1738 2208 ἁρπαγῇ
1757 2155 1919 2198 παίζεινὶ)
1945 2155 2030 2192 Non
2056 2153 2194 2190 dubito
2214 2154 2305 2203 quin
2330 2154 2410 2191 haec

1391 2227 1436 2250 ex
1461 2214 1593 2251 codice
1616 2222 1800 2263 corrupto
1825 2213 2010 2263 parvique
2036 2211 2148 2262 pretii
2173 2211 2247 2247 huc
2269 2211 2411 2248 fuerint

1391 2272 1574 2311 derivata.
1594 2272 1696 2318 Quid
1717 2280 1841 2308 tamen
1861 2271 1972 2308 obest
1988 2271 2191 2320 quominus
2208 2278 2410 2313 tentemus,

1393 2345 1438 2367 an
1473 2330 1662 2381 probabili
1694 2331 1819 2379 aliqua
1845 2329 2064 2379 conjectura
2089 2328 2262 2378 expediri
2287 2329 2410 2365 nodus

1393 2391 1533 2438 queat?
1562 2393 1606 2426 In
1634 2389 1787 2425 Polluce
1813 2402 1857 2436 9,
1891 2401 1981 2434 101,
2007 2387 2191 2436 scriptum
2222 2387 2292 2423 fuit
2320 2387 2408 2424 olim

1393 2447 1572 2499 ἁρπάζειν,
1594 2447 1698 2496 quod
1718 2446 1961 2483 scribendum
1982 2454 2063 2482 erat
2082 2444 2253 2496 ἀρτιάζειν
2270 2460 2278 2482 ;
2299 2445 2408 2482 detur

1394 2507 1505 2542 simili
1521 2506 1629 2551 vitio,
1648 2518 1864 2554 quanquam
1879 2518 1991 2541 versu
2009 2504 2251 2548 reclamante,
2267 2504 2305 2539 in
2321 2517 2408 2552 quo-

1394 2564 1480 2600 dam
1522 2563 1787 2611 Aristophanis
1823 2563 2030 2611 exemplari
2067 2569 2263 2598 exaratum
2296 2561 2410 2599 fnisse

1394 2622 1589 2673 ἁρπάζομεν
1606 2635 1613 2656 :
1629 2620 1706 2669 jam
1729 2621 1924 2669 percipere
1944 2621 2030 2656 licet
2050 2618 2116 2668 qui
2143 2619 2347 2667 contigerit
2369 2626 2408 2656 nt

1393 2680 1439 2716 ad
1461 2679 1664 2726 marginem
1686 2677 1733 2714 ab
1755 2679 1882 2726 aliquo
1906 2678 2046 2714 lectore
2070 2678 2192 2713 minus
2213 2678 2336 2726 perito
2361 2679 2412 2722 sit

1394 2734 1801 2785 ιι(1ι]0[ῖιῑιιιι],ἁρπάζειν
1817 2734 1955 2784 λέγουσι
1972 2743 2055 2782 etc.,
2066 2735 2169 2784 quod
2184 2736 2222 2771 in
2238 2735 2408 2786 ἀρτιάζειν

1395 2803 1578 2831 mutatum
1599 2794 1645 2830 ab
1663 2794 1725 2837 iis,
1741 2794 1805 2842 qui
1821 2795 2084 2830 contaminatae
2102 2794 2274 2831 lectionis
2289 2795 2407 2843 ignari

1395 2867 1467 2889 non
1501 2851 1797 2901 perspiciebant,
1822 2866 2002 2899 quorsum
2035 2853 2241 2902 pertineret
2269 2852 2408 2889 absur-

1394 2912 1482 2948 dum
1504 2910 1596 2946 illud
1621 2909 1797 2961 ἁρπάζειν.
1823 2911 2113 2959 Intelligendum
2137 2910 2299 2947 verstde
2323 2910 2407 2947 lusu

1395 2971 1502 3020 pilae,
1523 2982 1636 3017 quani
1659 2968 1846 3005 vocabant
1867 2968 2057 3014 ἁρπαστὸν,
2080 2969 2126 3005 de
2149 2982 2227 3018 quo
2246 2972 2410 3017 Junger—·

1395 3042 1518 3065 mann.
1542 3027 1588 3063 ad
1610 3028 1750 3063 Polluc.
1769 3041 1805 3075 9,
1830 3029 1913 3074 105,
1934 3041 1970 3065 n.
2003 3029 2072 3072 843
2101 3035 2181 3064 erat
2208 3040 2296 3064 sane
2317 3040 2409 3076 pro-

1396 3087 1519 3135 prium
1543 3087 1578 3122 in
1597 3087 1668 3122 hoc.
1690 3087 1790 3122 lusus
1809 3099 1945 3134 genere
1967 3085 2125 3123 verbum
2148 3085 2312 3136 ἁρπάζειν
2333 3098 2408 3120 non

1395 3159 1500 3181 secus
1521 3158 1562 3180 ac
1588 3158 1719 3192 rapere
1742 3145 1910 3181 Latinis:
1939 3145 2042 3194 apud
2061 3145 2252 3182 Pollucem
2276 3144 2406 3189 etiam,

1394 3203 1549 3254 ἁρπάσαι
1575 3202 1637 3247 τὴν
1668 3208 1831 3254 σφαῖραν,
1862 3202 1942 3254 πρὶν
1970 3204 2018 3246 εἷς
2049 3204 2113 3252 γῆν
2143 3199 2249 3247 αὐτὴν
2277 3206 2405 3238 πεσεῖν.

1394 3261 1522 3296 Voluit
1555 3260 1669 3309 igitur
1700 3260 1929 3297 architectus
1960 3261 2127 3297 ridiculae
2154 3258 2406 3296 adnotationis

1395 3319 1592 3368 scripturas
1613 3319 1747 3355 comici
1774 3319 1989 3368 depravatae
2017 3319 2128 3355 talem
2159 3330 2309 3354 sensum
2338 3315 2406 3352 ad-

1396 3378 1555 3426 tingere,
1575 3389 1701 3413 servos
1721 3377 1804 3426 pilze
1820 3378 1904 3414 loco
1923 3376 2126 3413 stateribus
2143 3376 2303 3412 invicem
2323 3373 2394 3409 mis
