2533 3808
245 206 292 238 88
1012 190 1269 228 SCHOLIA
1305 190 1365 228 IN
1401 191 1603 230 NUBES.

297 299 356 322 139.
386 283 424 320 τὸ
446 288 517 333 πρᾶ
520 293 621 332 γμα;
639 279 832 331 Θεώρη.μα
860 285 942 314 νέοι.
964 291 1017 314 το
1024 276 1278 329 παραπολωλὸς

240 343 299 381 καὶ
317 339 571 393 διεφθαρμένον.
591 345 628 374 Β
646 336 934 389 διαφθειρόμενον.
951 349 991 378 V,

296 413 357 437 140.
388 397 442 435 διὰ
467 397 505 434 τὸ
527 396 605 448 περὶ
621 398 688 433 τῶν
713 395 878 447 ουρανίων
896 393 956 431 καὶ
974 395 1042 430 τῶν
1063 391 1199 437 ἀδήλων
1224 391 1278 429 ἀεὶ

202 482 222 511 5
240 456 393 508 γίνεσθαι
409 454 470 500 τὴν
490 454 631 500 ζήτησιν
653 454 778 496 αὐτοῖς.
797 461 834 490 Β.
853 476 903 481 —
922 451 997 488 ἀλλ’
1015 452 1052 488 οὐ
1074 449 1168 500 θέαις
1186 448 1277 495 πλην

238 518 307 558 τοῖς
321 516 511 564 μαθηταῒσι
531 512 581 550 λέ
572 526 670 562 γειν;
691 512 800 562 (Ἀλλ’
818 513 854 549 οὐ
873 509 1028 548 δυνατόν.
1049 507 1236 554 δηλονότι
1222 507 1277 545 επὶ

238 574 418 624 διασυρμιΝ)
448 571 508 609 καὶ
528 571 672 622 διαδολῇ
699 575 808 608 ταῦτα
829 568 1036 621 παρεισάγει
1055 566 1201 617 λεγοντα
1220 581 1276 602 τον

239 630 402 701 θυρωρόν.
429 629 607 689 ἀλλότριον
628 628 695 681 γὰρ
716 630 782 666 τῶν
803 627 996 679 φιλοσόφων
1016 625 1055 662 τὸ
1077 623 1276 676 βασκαίνειν

237 705 296 726 και
313 688 457 741 φθονεῖν,
473 682 520 731 οἷς
536 687 575 725 τὸ
594 692 766 725 κοινωνεῖν
783 701 862 737 περι
879 686 1007 722 πολλοῦ
1021 682 1160 720 πάντων
1179 680 1278 733 ἀφθό-

187 776 218 801 10
238 762 313 789 νως.
325 747 338 798 )
358 770 410 775 ——--
429 747 467 784 οὐ
489 744 621 798 πρέπον
642 746 670 781 εἷ
694 743 742 794 μὴ
765 742 865 793 μόνον
886 748 955 785 τοῖς
977 741 1161 792 μαθηταῖς.
1183 746 1221 776 Β.

292 818 353 844 141.
383 804 498 842 οὑτοσὶ
517 817 525 842 :
545 802 665 841 ἑαυτὸν
686 802 846 840 δείκνυσι.
867 808 904 838 Β.

294 877 354 902 144.
385 862 520 915 ἀνήρετ’
545 862 622 914 ἄρτι
651 874 659 900 :
689 859 880 906 Ἓπύθετο,
907 856 1166 911 [ἀνηρώτησεν.
1198 855 1276 906 ἄρτι

238 922 291 969 δὲ,
316 922 391 959 ἀντὶ
412 925 470 958 τοῦ
497 921 561 964 εξ
550 919 728 970 υπογυίου·
752 918 807 955 ἵνα
831 915 1110 968 αυτοσγεδιάζειν
1138 916 1274 952 δοκῶσι.

238 979 454 1017 διαόάλλει
436 978 471 1017 03
491 979 565 1021 τοὺς
583 977 817 1031 φιλοσόφους
801 993 846 1019 ως
865 977 985 1020 ευτελῆ
1006 976 1208 1019 ζητοῦντας·
1227 973 1277 1010 διὸ

238 1053 297 1075 και
313 1042 423 1075 ταῦτα
444 1037 578 1089 γελοίου
598 1036 700 1088 χάριν
722 1034 880 1085 λεγεται,
903 1049 962 1070 και
980 1031 1036 1070 δια
1052 1030 1193 1081 γελοίων
1214 1030 1275 1077 τὴν

239 1096 445 1149 Σωκράτους
460 1095 667 1147 παρίστησιν
687 1093 878 1146 ἀκρίὸειαν.
881 1092 899 1144 Ἦ

581 1156 661 1193 Ἰ(Ν)ν
687 1153 774 1202 ἄγαν
806 1150 988 1202 γνωρίμων
1020 1148 1230 1201 Σωκράτους
1259 1165 1276 1185 ο

187 1070 217 1093 ΙΞ)

290 1157 520 1208 Χαιρεφωντα
547 1168 554 1193 :

237 1215 347 1265 Χαιρε
333 1216 433 1265 εφῶν.
454 1212 605 1261 (οὐδὲν
587 1211 622 1249 03
641 1213 745 1248 αὐτοῦ
763 1209 993 1247 διασέσωσται
1010 1210 1076 1244 τῶν
1095 1222 1277 1258 συγγραμ-

237 1271 369 1321 μάτων.
386 1269 522 1309 δοκειδὲ
539 1268 907 1320 γενεσθαιπερίθερμος
917 1266 976 1304 καὶ
990 1265 1119 1318 σφόδρα
1137 1263 1278 1316 ἐχθρεύ-

238 1346 298 1400 σρις
324 1332 372 1367 τ(Νι)
393 1330 539 1381 ἀδελφῶ.
561 1328 620 1367 καὶ
649 1343 732 1381 φησι
758 1342 806 1364 :.3
794 1328 920 1378 ενοφιιΝΝ
945 1330 984 1371 [x
989 1328 1274 1370 0111112‚3,18]

235 1404 291 1425 τον
307 1386 498 1439 Σωκράτην
514 1386 705 1436 συνάγοντα
720 1384 840 1427 αὐτους
853 1383 997 1434 λέγειν
980 1399 1024 1425 ως
1040 1381 1116 1419 ουδὲ
1120 1398 1135 1417 ν
1153 1381 1277 1431 ὀφθαλ-

237 1448 310 1496 μῶν
331 1445 448 1498 ὄφελος
468 1444 539 1491 είη,
567 1446 608 1504 εἰΝ
624 1443 671 1494 μὴ
699 1457 926 1495 συμφωνοιεν,
948 1440 1025 1478 06r3
1048 1442 1173 1491 χειρῶν
1200 1436 1276 1475 οὐδὲ

235 1505 424 1554 ποδῶν.)
406 1503 518 1553 οήμου
535 1501 603 1540 δὲ
586 1518 627 1548 ην
649 1504 666 1539 ὃ
684 1501 919 1553 ΧαιρεφῶνΣ
890 1499 1074 1570 ..φή-ττιος.
1091 1497 1202 1534 τούτω
1217 1496 1276 1534 καὶ

235 1566 256 1608 ἡ
284 1561 399 1601 Πυθία
428 1562 522 1599 δοκε(
545 1577 602 1598 τον
628 1576 707 1612 περι
727 1563 787 1597 τοῦ
809 1558 1018 1610 Σωκράτους
1046 1571 1206 1609 χρησμον
1229 1556 1275 1592 εἷ-

235 1637 310 1658 πειν

183 1363 217 1387 20

358 1708 451 1748 σοφὸς
461 1708 615 1748 Σοφοκλῆς
625 1730 633 1744 ,
645 1706 816 1747 σοφώτερος
831 1705 855 1736 δ’
872 1703 1037 1745 Εὐριπίδης
1048 1714 1055 1720 ·

358 1755 474 1796 ἀνδρῶν
490 1755 523 1785 δὲ
535 1754 658 1785 πάντων
673 1753 836 1794 Σωκράτης
854 1752 1045 1791 σοφώτατος.

237 1837 368 1886 (τοῦτον
395 1834 652 1877 Ἀπολλώνιοςε
639 1851 656 1871 ο
677 1833 804 1872 Μόλων
831 1835 865 1870 ἐν
893 1835 943 1870 τΐί)
969 1830 1059 1869 κατὰ
1080 1830 1274 1884 φιλοσόφων

235 1893 399 1946 ἐψεῦσθαί
413 1909 507 1944 φησι.
524 1909 600 1935 τους
613 1892 678 1945 γὰρ
695 1891 866 1934 Πυθικούς
879 1889 1102 1942 χρησαοὺςὲς
1088 1889 1275 1941 γαμέτρους

237 1957 333 1991 εἰναι.
347 1969 406 1990 και
424 1952 497 1989 ἔστι
513 1951 547 1989 δὲ
564 1950 661 2004 παρὰ
680 1952 824 2002 κ(ι)μικ(Νι)
840 1965 922 1987 τινι·

359 2051 384 2070 Ει
401 2039 635 2080 συγκεχρῶσθαῑ
649 2041 711 2073 Τοῖς
727 2037 842 2078 νεκροῖς
860 2036 1034 2073 Ουνήΰεταῑ.

236 2121 287 2158 ὅτι
309 2122 344 2158 δὲ
364 2121 423 2159 καὶ
441 2120 539 2157 ἄλλοι
565 2120 622 2157 διὰ
641 2118 832 2172 τριμέτρων
852 2117 990 2161 πλείους
1008 2117 1073 2154 εἶσὶ
1096 2114 1273 2169 χρησμοὶ,

236 2181 272 2216 οὐ
294 2178 362 2228 μὴν
381 2178 470 2216 ἀλλὰ
491 2179 550 2216 καὶ
570 2181 662 2230 πεζῷ
683 2177 775 2230 λόγῳ
794 2176 971 2227 λεχθέντες
990 2179 1032 2227 τῇ
1055 2176 1191 2227 Πυθίᾳ,
1213 2176 1274 2221 δῆ-

235 2239 317 2287 7.ον.)
335 2236 391 2288 [τὸ
401 2236 469 2310 μὲν
487 2236 546 2274 καὶ
560 2236 613 2274 ἐπ’
629 2235 704 2286 ἐμοὶ
723 2236 825 2287 μέχρι
843 2235 902 2272 καὶ
918 2239 976 2271 νῦν
991 2233 1199 2286 κεχρηκέναι
1217 2233 1272 2270 τὸν

183 2316 199 2337 ,ο
236 2295 364 2334 Πύθιον
380 2295 468 2333 οὕτω
485 2295 633 2347 παρήσω
650 2295 772 2345 λέγειν,
791 2293 881 2331 ἀλλα
897 2295 964 2331 τιΝ)ν
984 2292 1139 2345 ἀρχαίων
1153 2307 1273 2344 παρα-

236 2354 417 2404 δείγματος
437 2353 537 2391 ἑνεκα
557 2357 671 2415 χεῖρον
700 2352 795 2390 ουδὲν
817 2355 1066 2403 μνημονεῦσαι.
1090 2355 1190 2389 τοῦτο
1212 2350 1273 2400 υὲν

235 2427 301 2462 γαρ
322 2411 377 2449 επί
393 2428 442 2449 τω
458 2411 596 2464 φέρεται
613 2427 709 2453 ουτος
726 2413 743 2447 ὁ
756 2426 914 2462 χρησαος
932 2409 1143 2462 εξενεχθεὶς
1132 2410 1198 2447 υπὸ
1215 2425 1275 2455 της

238 2469 370 2512 Πυθίας

360 2563 426 2603 ἐμοὶ
444 2563 566 2602 μελήσει
583 2565 680 2593 ταῦτα
695 2563 747 2592 καὶ
763 2563 884 2598 λευκαῖς
901 2561 1005 2601 κόραις
1017 2572 1025 2579 ·

183 2675 218 2699 49
238 2647 270 2681 ἐν
301 2644 428 2695 Λέσῧῳ
461 2643 496 2680 δὲ
526 2643 674 2680 ναπαίου
705 2643 916 2686 Ἀπόλλωνος
940 2645 958 2680 ὃ
984 2642 1090 2686 δοθεὶς
1118 2642 1272 2688 Πέλοπι,

237 2705 409 2745 αἰτοῦντος
432 2702 535 2739 αὐτὸν
556 2703 719 2752 ἀνάθημα
739 2707 798 2741 τοῦ
820 2707 894 2740 θεοῦ
913 2702 974 2747 τὴν
996 2702 1081 2754 ὀίρνα
1101 2702 1163 2748 τὴν
1183 2717 1272 2755 χρυ-

236 2765 311 2810 σῆν,
330 2761 429 2814 ἕτερα
449 2761 637 2814 παρέχοντι
657 2762 835 2812 κειμήλια.
857 2761 930 2798 ἔστι
950 2760 978 2798 δ’
999 2760 1122 2807 οὕτως,

358 2858 375 2888 ὃ
390 2858 538 2898 βούλομαι
553 2857 620 2895 δὸς,
636 2857 677 2896 μή
690 2856 774 2888 δίδου
791 2857 817 2887 δ’
832 2856 848 2887 ὃ
863 2857 904 2896 μὴ
918 2856 1006 2887 θέλω.

1338 292 1413 326 μεν.
1438 277 1478 315 τὸ
1504 278 1540 315 δὲ
1569 276 1753 328 λεγόμενον
1778 278 1928 316 τοιοῦτόν
1957 281 2051 327 ἐστι,
2079 280 2119 318 τὸ
2145 280 2294 331 πήδημα
2316 283 2377 327 τῆς

1338 334 1471 386 ψύλλης
1485 337 1715 387 διαμετρῆσαι
1729 339 1798 379 τοῖς
1811 338 1916 383 αὐτῆς
1931 340 1992 384 τῆς
2011 337 2144 390 ψύλλης
2158 338 2272 386 ποσὶν,
2289 339 2376 376 ὁπό-

1339 406 1417 434 σους
1433 391 1570 436 τούτους
1582 392 1762 438 πηδήσειε.
1785 394 1886 439 δῆλον
1904 394 1938 432 δὲ
1955 394 2007 432 ὅτι
2027 397 2188 447 διασῦραι
2210 396 2379 448 βουλόμε-

1338 465 1392 493 νος
1418 449 1462 487 τὰ
1489 452 1557 487 τῶν
1585 450 1780 503 φιλοσόφων
1806 451 1989 502 ζητήματα
2010 456 2054 497 ὣς
2074 454 2177 506 ἰσχνὰ
2197 455 2256 492 καὶ
2275 455 2377 506 λόγου

1339 508 1483 558 μηδενὸς
1503 507 1599 555 ἄξια,
1623 513 1733 546 ταῦτα
1755 510 1815 547 καὶ
1839 508 1882 546 τὰ
1902 515 2044 548 τοιαῦτα
2064 512 2284 564 παρεισάγει.
2306 512 2377 565 [διὸ

1337 566 1396 604 καὶ
1414 565 1458 603 τὰ
1475 565 1550 612 ἑξῆς
1562 566 1695 616 γελοίου
1711 566 1814 619 χάριν
1829 569 1923 620 αὐτῷ
1942 568 2138 621 λέλεκται]

1391 638 1451 662 146.
1480 628 1541 662 τοῦ
1569 627 1811 677 Χαιρεφῶντος
1830 624 1892 671 τὴν
1913 628 2019 678 ὀφρῦν
2046 640 2055 665 2
2079 627 2219 677 (Ἰστέον
2239 627 2292 666 ὅτι
2315 631 2378 667 αι’)-

1335 681 1570 735 τοπροσὼπως
1589 684 1725 734 εἰσῆγον
1742 682 1820 726 τοὺς
1839 684 2134 736 κωμῳδουμένους
2153 686 2225 735 καὶ)
2245 685 2297 724 ὅτι
2316 703 2377 737 γε-

1336 740 1430 778 λοίου
1455 741 1558 793 χάριν
1575 741 1769 794 παρείληφε
1789 745 1903 780 τοῦτο.
1927 741 2053 779 αὐτίκα
2073 747 2153 793 γοῦν
2173 743 2250 781 οὐδὲ
2270 744 2314 782 ἄλ
2316 747 2377 784 λου

1336 798 1424 841 τινὸς
1449 798 1602 849 ἐμνήσθη
1633 799 1757 851 μέρους
1782 803 1842 836 τοῦ
1861 798 2022 849 σώματος
2041 799 2063 845 ἢ
2084 804 2144 837 τοῦ
2164 802 2197 837 ἐν
2219 801 2374 854 ἑκατέρῳ

1336 856 1482 930 γελρίου.
1505 860 1522 894 ὃ
1539 856 1601 907 μὲν
1617 873 1683 909 γαρ
1702 856 1842 908 βαθείας
1857 861 1932 908 εἶχε
1948 856 2009 900 τὰς
2028 859 2129 910 ὀφρῦς
2145 860 2162 895 ὃ
2180 860 2377 912 Χαιρεφῶν,

1336 918 1353 952 ὃ
1374 914 1409 952 δὲ
1429 915 1606 967 φαλακρὸς
1625 932 1666 961 ην
1688 918 1704 952 ὃ
1726 915 1929 967 Σωκράτης.

1391 987 1451 1011 150.
1482 973 1531 1010 τὼ
1560 973 1644 1010 πόδε
1670 986 1678 994 ·
1670 973 1836 1012 ,Δυϊκον
1869 989 1918 1011 τι)
1943 973 2029 1011 πόδε
2059 974 2116 1011 ἐπὶ
2147 976 2208 1020 τῆς
2238 974 2374 1027 ψύλλης

1338 1030 1503 1083 [κακῶς].
1525 1032 1713 1082 ἱστορεῖται
1726 1031 1791 1083 γὰρ
1806 1030 1840 1075 ἓξ
1858 1030 1968 1074 πόδας
1981 1030 2122 1083 ἔχουσα.
2139 1032 2301 1084 [ψυγείσῃ
2322 1032 2377 1083 δὲ,

1337 1089 1412 1126 ἀντὶ
1435 1093 1493 1126 τοῦ
1515 1087 1767 1139 ἀποθανούση]
2399 1090 2430 1115 15

1392 1162 1452 1186 151.
1485 1146 1680 1208 [Περσικαὶ
1708 1161 1716 1186 :
1747 1145 1852 1186 ’Έστι
1884 1146 1946 1197 μὲν
1979 1147 2118 1200 δένδρα,
2151 1148 2224 1187 ἔστι
2255 1149 2291 1187 δὲ
2319 1150 2379 1188 και

1337 1206 1569 1255 ὑποδημάτων
1591 1207 1677 1248 εἶδος
1692 1205 1908 1255 γυναικείων.
1930 1205 2016 1243 διὸ
2002 1221 2171 1268 επιφερει,
2189 1207 2377 1251 ὑπολύσας.

1337 1263 1393 1300 διὰ
1411 1263 1446 1301 δὲ
1466 1263 1505 1301 τὸ
1522 1263 1668 1315 δένδρον,
1689 1263 1821 1308 παίζων
1841 1279 1880 1301 το
1896 1263 2107 1316 περιέφυσαν
2128 1270 2235 1304 εἶπεν.
2239 1266 2253 1316 ]

1392 1334 1452 1360 152.
1485 1320 1611 1364 ταύτας
1630 1320 1834 1364 υπολύσας·
1854 1321 2045 1359 Αδύνατον
2068 1321 2224 1374 ἀδυνάτῳ
2242 1322 2379 1373 ἐπήγα-

1336 1395 1407 1430 γεν.
1432 1378 1510 1417 οὔτε
1529 1378 1595 1429 γὰρ
1616 1379 1825 1429 ὑποδήματα
1847 1378 1988 1431 φορέσαι
2010 1379 2153 1416 δύναται
2170 1361 2285 1431 ψύλλα
2300 1380 2377 1418 οὔτε
2396 1384 2431 1409 20

1337 1439 1374 1474 ἐκ
1391 1440 1497 1489 κηροῦ
1518 1440 1621 1489 φῦναι
1642 1437 1729 1487 αὐτῇ
1751 1435 1851 1488 φύσιν
1871 1436 1963 1487 ἔχει,
1980 1435 2057 1473 οὔτε
2074 1439 2142 1474 τῶν
2163 1440 2224 1483 τῆς
2243 1437 2377 1490 ψύλλης

1335 1495 1450 1532 ποδῶν
1467 1493 1525 1531 τὸν
1546 1493 1652 1546 κηρὸν
1674 1493 1801 1537 ἐξελεῖν
1822 1493 1881 1530 καὶ
1898 1494 2129 1545 διαμετρῆσαι
2149 1494 2260 1548 τούτῳ
2280 1496 2377 1533 δυνα-

1334 1553 1391 1589 τὸν
1409 1552 1448 1589 τὸ
1466 1551 1644 1601 διάστημα
1664 1555 1723 1589 τοῦ
1740 1550 1961 1601 πηδήματος.

1390 1625 1451 1649 156.
1482 1610 1718 1663 [Σφήττιοςε
1751 1609 1835 1648 Ἀπὸ
1877 1609 1990 1660 δήμου
2020 1613 2083 1657 τ’ῆς
2122 1610 2377 1662 Ἀκαμαντίδος

1335 1670 1454 1722 φυΛῆς
1446 1668 1476 1721 Ἦ
2395 1679 2430 1703 25

1390 1729 1480 1778 (157).
1512 1726 1660 1779 ὁπότερα
1674 1725 1737 1773 τὴν
1756 1725 1899 1777 γνώμην
1923 1740 1932 1765 :
1953 1725 2043 1764 Ἀντὶ
2061 1729 2119 1764 τοῦ
2139 1729 2211 1770 πῶς
2227 1729 2376 1765 διανοεῖ-

1334 1800 1391 1822 ται
1411 1801 1470 1822 και
1488 1784 1688 1834 διαλέγεται
1707 1785 1785 1838 περὶ
1803 1786 1870 1821 τῶν
1894 1783 2060 1834 ἐμπίδων.
2082 1782 2136 1835 [τὸ
2154 1783 2189 1821 δὲ
2209 1785 2376 1837 ὁπότερα,

2399 797 2431 821 10

1335 1843 1410 1880 ἀντὶ
1439 1845 1497 1881 τοῦ
1531 1842 1712 1893 ὁποτέρως.
1735 1841 1883 1892 ἐμπίδας
1913 1840 1950 1879 δὲ
1967 1871 1976 1889 ,
2007 1854 2063 1884 ους
2084 1845 2184 1892 ἡμεῖς
2207 1841 2377 1887 κώνωπας

1332 1902 1529 1951 καλοῦμεν·
1554 1902 1584 1937 οἱ
1605 1899 1640 1937 δὲ
1650 1929 1659 1946 ,
1678 1900 1764 1942 εἶδος
1784 1898 1946 1942 κώνωπος
1963 1899 2245 1951 παραποτάμιον,
2266 1900 2374 1946 ζώννη

1334 1958 1481 2010 ἔχοντος.
1486 1960 1498 2010 ]
1517 1983 1566 1986 -
1587 1958 1662 1996 ἀντι
1681 1962 1739 1996 τοῦ
1764 1957 1935 2009 ὁπότερος.
1956 1964 1994 1994 Β.
2393 1968 2429 1993 3ο

1389 2032 1448 2055 158.
1480 2016 1571 2054 κατὰ
1598 2016 1637 2054 τὸ
1660 2015 1759 2066 στόμ’
1787 2015 1879 2067 ᾄδειν
1901 2029 1909 2054 :
1932 2015 2022 2054 Ἀντὶ
2047 2018 2124 2062 τοῦ,
2142 2016 2199 2053 διὰ
2214 2020 2274 2054 τοῦ
2291 2017 2375 2055 στό-

1335 2091 1442 2125 ματος
1458 2075 1675 2128 (φθέγγεσθαι
1692 2074 1752 2111 καὶ
1773 2073 1932 2125 βομὸεῗν)
1945 2103 1954 2120 ,
1971 2072 1994 2119 ἢ
2013 2071 2069 2110 διὰ
2082 2077 2140 2111 τοῦ
2158 2075 2373 2126 ὀρροπυγίου.

1336 2134 1391 2185 (τὰ
1416 2134 1483 2187 γὰρ
1510 2138 1653 2172 τοιαῦτα
1678 2135 1746 2170 τῶν
1773 2132 1868 2185 ζῴων
1888 2131 2016 2185 τροφὴν
2036 2131 2099 2182 μὲν
2128 2133 2302 2183 λαμὸάνει
2324 2136 2375 2186 τῷ

1334 2193 1501 2244 στόματι,
1522 2192 1635 2231 οὐκέτι
1661 2191 1695 2229 δὲ
1721 2193 1815 2244 αὐτῷ
1836 2189 2030 2243 φθέγγεται.
2049 2190 2109 2228 καὶ
2127 2190 2220 2230 ἔστιν
2243 2190 2312 2229 ἀπό
2336 2207 2374 2229 τε

1333 2267 1400 2289 των
1421 2251 1582 2300 τεττίγων
1602 2253 1706 2287 τοῦτο
1731 2265 1791 2287 και
1812 2249 1881 2287 ἀπὸ
1901 2251 1968 2287 τῶν
1999 2248 2195 2300 ε’γκελοίδων
2225 2250 2320 2297 ἰδεῖν,
2339 2250 2372 2288 οἳ
2391 2268 2426 2293 35

1333 2309 1393 2346 καὶ
1410 2307 1498 2346 ούτω
1514 2307 1892 2368 προσηγορεύθησαν,’
1877 2323 1954 2344 επει
1971 2309 2005 2345 ἐν
2023 2308 2138 2350 αυτοῖς
2154 2306 2211 2344 τὸν
2228 2307 2372 2345 κέλαδον

1334 2366 1485 2418 ἔχουσιν.
1504 2370 1598 2404 ουτοι
1616 2366 1682 2418 γὰρ
1702 2381 1763 2403 και
1781 2364 1824 2403 τὰ
1844 2368 1989 2403 τοιαῦτα
2007 2367 2079 2417 ζῷα
2099 2364 2216 2402 πάντα
2241 2364 2297 2402 διὰ
2312 2369 2372 2404 τοῦ

1335 2424 1479 2470 στήθους
1494 2423 1556 2469 τὴν
1576 2423 1691 2476 φωνὴν
1709 2420 1880 2475 προίεται.
1902 2424 1931 2460 εἷ
1948 2426 2006 2461 οὖν
2021 2421 2161 2466 τούτους
2176 2421 2296 2466 λάὸοις
2311 2424 2372 2462 καὶ

1336 2481 1461 2534 σφάξαι
1464 2498 1490 2527 ς,
1525 2481 1602 2518 οὔτε
1626 2484 1643 2518 ὃ
1667 2480 1849 2531 εγκέλαδος
1865 2480 1941 2518 οὔτε
1962 2483 1979 2518 ὅ
1998 2479 2160 2530 μουσικὸς
2189 2480 2249 2517 καὶ
2268 2481 2373 2524 καλος

1333 2539 1443 2583 τέττιξ
1469 2538 1518 2576 ἔτι
1543 2538 1678 2590 πρόεισι
1704 2539 1832 2590 φωνήν.
1850 2542 1910 2584 τῆς
1929 2539 2034 2583 αὖτ’ἧς
2051 2536 2119 2589 γὰρ
2143 2537 2203 2575 καὶ
2223 2541 2241 2575 ὁ
2260 2538 2371 2583 τέττιξ
2389 2557 2424 2582 40
2459 2570 2461 2573 .

1334 2596 1406 2634 ἐστὶ
1424 2596 1566 2649 φύσεως.
1585 2596 1644 2633 καὶ
1670 2595 1713 2633 τὰ
1732 2600 1875 2633 τοιαῦτα
1899 2598 1970 2648 ζῷα
1996 2597 2155 2632 καλεῖται
2181 2595 2243 2645 μὲν
2273 2596 2370 2649 παρά

1333 2671 1403 2692 τισι
1426 2653 1602 2705 βομὲύκια
1617 2685 1627 2705 ,
1645 2655 1804 2691 καλεῖται
1826 2653 1861 2691 δὲ
1885 2653 1943 2690 καὶ
1961 2652 2106 2703 ἔντομα,
2127 2652 2179 2690 ὅτι
2198 2653 2289 2691 κατὰ
2305 2654 2370 2701 τὴν

1336 2712 1404 2764 ῥάχ
1408 2728 1435 2749 ιν
1454 2712 1659 2762 ἐντέτμηται
1671 2741 1679 2757 ,
1697 2714 1743 2754 ὡς
1760 2711 1852 2748 ἔστιν
1872 2711 1954 2748 ἰδεῖν
1979 2710 2037 2747 ἐπὶ
2059 2713 2127 2747 τῶν
2150 2714 2292 2763 σφηκῶν
2311 2712 2370 2750 καὶ

1334 2770 1518 2823 κανθάρων
1538 2769 1597 2807 καὶ
1618 2769 1825 2819 ἐγκελάδων,
1844 2769 1904 2806 καὶ
1924 2771 1993 2806 τῶν
2012 2768 2177 2819 τεττίγων
2202 2768 2369 2819 μάλιστα.

1334 2829 1375 2866 δι’
1395 2823 1442 2866 ὧν
1462 2828 1521 2866 καὶ
1540 2827 1744 2880 φθέγγεσθαι
1759 2826 1953 2877 τμημάτων
1975 2826 2124 2870 ἀξιοῦσιν
2146 2827 2261 2878 αὐτά.)
2387 2846 2421 2872 45

1388 2901 1449 2926 163.
1481 2887 1606 2933 κοῖλον,
1625 2886 1683 2923 τὸν
1701 2884 1873 2938 πρωκτὸν,
1894 2885 1978 2938 πρὸς
1995 2887 2102 2935 στενῷ
2123 2884 2157 2922 δὲ
2173 2888 2226 2938 τῷ
2243 2885 2370 2938 ἐντέρῳ

236 2946 328 2998 φέρει
347 2945 382 2983 δὲ
403 2946 460 2983 τὸν
480 2945 639 2998 χρησμὸν
665 2949 783 2982 τοῦτον
801 2943 1029 2990 Ἀντικλείδης
1052 2945 1086 2980 ἓν
1109 2943 1178 2985 τοῖς
1199 2943 1270 2980 No'-
1298 2944 1302 2997 Ι
1331 2945 1589 2998 προσκείμενον,
1611 2952 1648 2981 Β.
1666 2951 1703 2980 V.

237 3019 336 3046 στοις.
355 3004 414 3041 καὶ
432 3004 564 3055 ἑτέρους
583 3003 763 3046 πλείστους
782 3003 821 3040 ἅν
842 3019 891 3046 τις
909 3003 982 3054 ἔχοι
1002 3002 1114 3052 λέγειν
1131 3002 1272 3054 τοιούτῳ

237 3062 468 3114 ἐξενεχθέντας
490 3061 638 3115 μέτρῳ]

291 3135 352 3158 145.
383 3120 516 3172 ψύλλαν
537 3120 681 3162 ὁπόσους
698 3120 837 3157 ἅλλοιτο
860 3133 868 3157 :

237 3178 430 3248 φιλοσόφων
452 3178 657 3228 ζητήματα,
683 3178 938 3228 ἀπηλλαγμένα
955 3180 1022 3215 τῶν
1043 3180 1164 3215 κοινῶν
1189 3180 1269 3228 βιω-

236 3240 339 3274 τικῶν
360 3239 509 3276 εννοιῶν
527 3244 563 3273 Β.
582 3236 761 3274 διαὸάλλει
777 3235 854 3278 τους
870 3235 1105 3288 φιλοσόφουςιν
1088 3252 1133 3278 ως
1150 3236 1270 3280 εὐτελῆ

185 3300 440 3355 ωζητοῦντας·
463 3296 512 3334 διὸ
535 3311 594 3333 και
610 3311 653 3332 τα
676 3295 708 3331 ἑῖ
696 3298 751 3340 ἧς
773 3294 906 3346 γελοίου
930 3295 1045 3348 χάριν.
1128 3293 1269 3336 ”.Αλλως

185 3330 275 3387 ww
295 3355 427 3394 Ιαύλλαν
453 3372 492 3406 με
497 3372 513 3392 ν
534 3355 710 3401 Αττικως,
730 3353 766 3391 ὃν
791 3357 848 3391 νῦν
871 3355 972 3403 ἡμεῖς
990 3352 1119 3406 Ιφύλλον
1142 3353 1265 3390 καλοῦ-

183 3042 216 3066 45

891 3121 1045 3157 Τοιαῦτα
1063 3118 1122 3155 καὶ
1139 3116 1183 3156 τὰ
1203 3121 1270 3155 τῶν

1387 3017 1446 3042 164.
1476 3005 1549 3046 πῶς
1569 3003 1752 3039 διανοεῖται
1771 3000 1865 3044 τὰςε
1851 3000 1998 3051 ἐμπίδας
2013 3006 2121 3039 πνεῖν.
2142 3008 2183 3040 Β.

1386 3076 1447 3100 165.
1473 3059 1622 3133 σάλπιγξ
1640 3062 1657 3096 ὁ
1676 3059 1863 3110 πρωκτὸςῑ
1886 3057 2043 3104 Ἰοιαύτη
2069 3056 2137 3110 γὰρ
2157 3057 2255 3104 καὶὴ
2276 3058 2367 3096 mik--

1331 3120 1430 3170 πιγξ,
1449 3118 1539 3156 κατὰ
1559 3118 1620 3168 μὲν
1639 3117 1677 3155 τὸ
1695 3117 1766 3154 ἄνω
1785 3116 1906 3164 στενὴ,
1925 3116 2010 3169 πρὸς
2028 3115 2072 3154 τὰ
2084 3115 2180 3154 κάτω
2200 3115 2236 3153 δὲ
2251 3115 2365 3164 κοίλη.
2389 3137 2425 3162 50

1331 3179 1383 3216 διὸ
1402 3177 1461 3215 καὶ
1481 3175 1538 3220 ὀξὺ
1559 3176 1645 3228 ᾅδει.

1386 3249 1446 3274 166.
1478 3235 1555 3286 [τοῦ
1576 3233 1853 3286 διεντερεύματος
1872 3246 1880 3272 :
1899 3235 1972 3272 Τοῦ
1989 3231 2213 3285 ἐρωτήματος
2228 3234 2288 3269 τοῦ
2309 3231 2366 3270 διὰ

1330 3310 1389 3332 του
1411 3309 1483 3330 εντε
1476 3292 1557 3345 ’ρου.
1551 3293 1581 3346 ,Ἦ

1383 3354 1442 3388 τοῦ
1462 3350 1666 3402 ευρέαατος,
1696 3353 1756 3388 τοῦ
1788 3347 2031 3399 ἐπινοήματος
2059 3345 2177 3391 ἔπαιξε
2202 3344 2238 3385 δὲ
2266 3345 2363 3403 παρὰ
