<?xml version="1.0" encoding="UTF-8"?>
<!DOCTYPE html PUBLIC "-//W3C//DTD XHTML 1.0 Transitional//EN"
    "http://www.w3.org/TR/xhtml1/DTD/xhtml1-transitional.dtd">
<html xmlns="http://www.w3.org/1999/xhtml" xml:lang="en" lang="en">
 <head>
  <title>
</title>
<meta http-equiv="Content-Type" content="text/html;charset=utf-8" />
  <meta name='ocr-system' content='tesseract 3.04.00' />
  <meta name='ocr-capabilities' content='ocr_page ocr_carea ocr_par ocr_line ocrx_word'/>
</head>
<body>
  <div class='ocr_page' id='page_1' title='image "./scholiagraecaina00dbuoft_0011.png"; bbox 0 0 2453 3808; ppageno 0'>
   <div class='ocr_carea' id='block_1_1' title="bbox 840 387 1561 483">
    <p class='ocr_par' dir='ltr' id='par_1_1' title="bbox 840 387 1561 483">
     <span class='ocr_line' id='line_1_1' title="bbox 840 387 1561 483; baseline -0.007 0"><span class='ocrx_word' id='word_1_1' title='bbox 840 390 1131 483; x_wconf 76' lang='lat' dir='ltr'>PRAE</span> <span class='ocrx_word' id='word_1_2' title='bbox 1166 387 1561 481; x_wconf 72' lang='lat' dir='ltr'><strong>FATIO.</strong></span> 
     </span>
    </p>
   </div>
   <div class='ocr_carea' id='block_1_2' title="bbox 330 933 2150 3278">
    <p class='ocr_par' dir='ltr' id='par_1_2' title="bbox 330 933 2145 2546">
     <span class='ocr_line' id='line_1_2' title="bbox 419 933 2123 1001; baseline -0.004 -12"><span class='ocrx_word' id='word_1_3' title='bbox 419 944 720 990; x_wconf 75' lang='lat' dir='ltr'>Scholiomm</span> <span class='ocrx_word' id='word_1_4' title='bbox 748 950 958 984; x_wconf 53' lang='lat' dir='ltr'>weterum</span> <span class='ocrx_word' id='word_1_5' title='bbox 990 939 1035 983; x_wconf 93' lang='lat' dir='ltr'>in</span> <span class='ocrx_word' id='word_1_6' title='bbox 1064 938 1450 1001; x_wconf 74' lang='lat' dir='ltr'><strong>Aristophanem,</strong></span> <span class='ocrx_word' id='word_1_7' title='bbox 1481 955 1584 1000; x_wconf 77' lang='lat' dir='ltr'>quae</span> <span class='ocrx_word' id='word_1_8' title='bbox 1608 955 1703 983; x_wconf 91' lang='lat' dir='ltr'>non</span> <span class='ocrx_word' id='word_1_9' title='bbox 1733 938 2011 1001; x_wconf 77' lang='lat' dir='ltr'>prostabant</span> <span class='ocrx_word' id='word_1_10' title='bbox 2033 933 2123 983; x_wconf 78' lang='lat' dir='ltr'>nisi</span> 
     </span>
     <span class='ocr_line' id='line_1_3' title="bbox 357 1020 2123 1082; baseline -0.004 -11"><span class='ocrx_word' id='word_1_11' title='bbox 357 1026 621 1071; x_wconf 89' lang='lat' dir='ltr'>multorum</span> <span class='ocrx_word' id='word_1_12' title='bbox 655 1022 956 1068; x_wconf 61' lang='lat' dir='ltr'>voluminum</span> <span class='ocrx_word' id='word_1_13' title='bbox 996 1020 1361 1065; x_wconf 75' lang='lat' dir='ltr'>collectionibus</span> <span class='ocrx_word' id='word_1_14' title='bbox 1396 1020 1552 1065; x_wconf 84' lang='lat' dir='ltr'>Beckii</span> <span class='ocrx_word' id='word_1_15' title='bbox 1594 1020 1888 1082; x_wconf 82' lang='lat' dir='ltr'>Bekkerique</span> <span class='ocrx_word' id='word_1_16' title='bbox 1927 1020 2123 1078; x_wconf 80' lang='lat' dir='ltr'>inclusa,</span> 
     </span>
     <span class='ocr_line' id='line_1_4' title="bbox 355 1103 2125 1171; baseline -0.003 -17"><span class='ocrx_word' id='word_1_17' title='bbox 355 1108 691 1171; x_wconf 84' lang='lat' dir='ltr'>parabiliorem</span> <span class='ocrx_word' id='word_1_18' title='bbox 738 1105 916 1150; x_wconf 90' lang='lat' dir='ltr'>librum</span> <span class='ocrx_word' id='word_1_19' title='bbox 947 1104 1164 1147; x_wconf 89' lang='lat' dir='ltr'>emittere</span> <span class='ocrx_word' id='word_1_20' title='bbox 1212 1103 1601 1158; x_wconf 74' lang='lat' dir='ltr'>decreveramus,</span> <span class='ocrx_word' id='word_1_21' title='bbox 1648 1120 1796 1166; x_wconf 85' lang='lat' dir='ltr'>quum</span> <span class='ocrx_word' id='word_1_22' title='bbox 1825 1106 2125 1148; x_wconf 70' lang='lat' dir='ltr'>GmLffmms</span> 
     </span>
     <span class='ocr_line' id='line_1_5' title="bbox 357 1184 2129 1246; baseline -0.004 -10"><span class='ocrx_word' id='word_1_23' title='bbox 357 1194 654 1235; x_wconf 65' lang='lat' dir='ltr'>Dmnorfflms</span> <span class='ocrx_word' id='word_1_24' title='bbox 694 1186 876 1246; x_wconf 82' lang='lat' dir='ltr'>magnis</span> <span class='ocrx_word' id='word_1_25' title='bbox 915 1186 961 1229; x_wconf 91' lang='lat' dir='ltr'>in</span> <span class='ocrx_word' id='word_1_26' title='bbox 994 1184 1126 1229; x_wconf 89' lang='lat' dir='ltr'>hunc</span> <span class='ocrx_word' id='word_1_27' title='bbox 1163 1186 1404 1229; x_wconf 88' lang='lat' dir='ltr'>comicum</span> <span class='ocrx_word' id='word_1_28' title='bbox 1448 1186 1625 1230; x_wconf 87' lang='lat' dir='ltr'>meritis</span> <span class='ocrx_word' id='word_1_29' title='bbox 1664 1185 1913 1229; x_wconf 89' lang='lat' dir='ltr'>cumulum</span> <span class='ocrx_word' id='word_1_30' title='bbox 1943 1184 2129 1229; x_wconf 81' lang='lat' dir='ltr'>addidit</span> 
     </span>
     <span class='ocr_line' id='line_1_6' title="bbox 359 1266 2128 1316; baseline -0.003 0"><span class='ocrx_word' id='word_1_31' title='bbox 359 1271 656 1316; x_wconf 77' lang='lat' dir='ltr'>scholiorum</span> <span class='ocrx_word' id='word_1_32' title='bbox 702 1268 895 1312; x_wconf 88' lang='lat' dir='ltr'>illorum</span> <span class='ocrx_word' id='word_1_33' title='bbox 942 1266 1154 1311; x_wconf 82' lang='lat' dir='ltr'>editione</span> <span class='ocrx_word' id='word_1_34' title='bbox 1203 1267 1364 1311; x_wconf 88' lang='lat' dir='ltr'>critica</span> <span class='ocrx_word' id='word_1_35' title='bbox 1405 1277 1449 1311; x_wconf 87' lang='lat' dir='ltr'>et</span> <span class='ocrx_word' id='word_1_36' title='bbox 1492 1268 1659 1312; x_wconf 87' lang='lat' dir='ltr'>ceteris</span> <span class='ocrx_word' id='word_1_37' title='bbox 1707 1267 1934 1311; x_wconf 88' lang='lat' dir='ltr'>omnibus</span> <span class='ocrx_word' id='word_1_38' title='bbox 1976 1266 2128 1311; x_wconf 89' lang='lat' dir='ltr'>multo</span> 
     </span>
     <span class='ocr_line' id='line_1_7' title="bbox 358 1348 2129 1414; baseline -0.003 -17"><span class='ocrx_word' id='word_1_39' title='bbox 358 1351 686 1414; x_wconf 80' lang='lat' dir='ltr'>locupletiore.</span> <span class='ocrx_word' id='word_1_40' title='bbox 731 1353 771 1394; x_wconf 91' lang='lat' dir='ltr'>ls</span> <span class='ocrx_word' id='word_1_41' title='bbox 802 1350 929 1394; x_wconf 89' lang='lat' dir='ltr'>enim</span> <span class='ocrx_word' id='word_1_42' title='bbox 962 1366 1058 1393; x_wconf 91' lang='lat' dir='ltr'>non</span> <span class='ocrx_word' id='word_1_43' title='bbox 1098 1348 1253 1393; x_wconf 89' lang='lat' dir='ltr'>solum</span> <span class='ocrx_word' id='word_1_44' title='bbox 1291 1350 1640 1394; x_wconf 59' lang='lat' dir='ltr'>vetustissimos</span> <span class='ocrx_word' id='word_1_45' title='bbox 1677 1350 1895 1393; x_wconf 87' lang='lat' dir='ltr'>omnium</span> <span class='ocrx_word' id='word_1_46' title='bbox 1929 1359 1973 1393; x_wconf 90' lang='lat' dir='ltr'>et</span> <span class='ocrx_word' id='word_1_47' title='bbox 2012 1365 2129 1410; x_wconf 69' lang='lat' dir='ltr'>prae-</span> 
     </span>
     <span class='ocr_line' id='line_1_8' title="bbox 361 1429 2130 1487; baseline -0.003 -9"><span class='ocrx_word' id='word_1_48' title='bbox 361 1434 680 1478; x_wconf 86' lang='lat' dir='ltr'>stantissimos</span> <span class='ocrx_word' id='word_1_49' title='bbox 698 1431 904 1487; x_wconf 82' lang='lat' dir='ltr'>codices,</span> <span class='ocrx_word' id='word_1_50' title='bbox 935 1434 1257 1475; x_wconf 69' lang='lat' dir='ltr'>Ravennatem</span> <span class='ocrx_word' id='word_1_51' title='bbox 1274 1434 1586 1487; x_wconf 80' lang='lat' dir='ltr'>etVenetum,</span> <span class='ocrx_word' id='word_1_52' title='bbox 1617 1431 1778 1475; x_wconf 89' lang='lat' dir='ltr'>denuo</span> <span class='ocrx_word' id='word_1_53' title='bbox 1802 1429 2130 1484; x_wconf 74' lang='lat' dir='ltr'>excutiendos,</span> 
     </span>
     <span class='ocr_line' id='line_1_9' title="bbox 363 1510 2133 1575; baseline -0.002 -16"><span class='ocrx_word' id='word_1_54' title='bbox 363 1514 445 1559; x_wconf 90' lang='lat' dir='ltr'>sed</span> <span class='ocrx_word' id='word_1_55' title='bbox 478 1515 595 1559; x_wconf 90' lang='lat' dir='ltr'>alios</span> <span class='ocrx_word' id='word_1_56' title='bbox 639 1529 832 1575; x_wconf 88' lang='lat' dir='ltr'>quoque</span> <span class='ocrx_word' id='word_1_57' title='bbox 867 1529 963 1556; x_wconf 92' lang='lat' dir='ltr'>non</span> <span class='ocrx_word' id='word_1_58' title='bbox 1001 1528 1180 1573; x_wconf 88' lang='lat' dir='ltr'>paucos</span> <span class='ocrx_word' id='word_1_59' title='bbox 1220 1528 1329 1556; x_wconf 91' lang='lat' dir='ltr'>cum</span> <span class='ocrx_word' id='word_1_60' title='bbox 1366 1512 1550 1557; x_wconf 88' lang='lat' dir='ltr'>Aldinis</span> <span class='ocrx_word' id='word_1_61' title='bbox 1586 1513 1780 1557; x_wconf 78' lang='lat' dir='ltr'>scholiis</span> <span class='ocrx_word' id='word_1_62' title='bbox 1815 1510 2133 1556; x_wconf 82' lang='lat' dir='ltr'>conferendos</span> 
     </span>
     <span class='ocr_line' id='line_1_10' title="bbox 364 1592 2134 1655; baseline -0.002 -16"><span class='ocrx_word' id='word_1_63' title='bbox 364 1595 576 1650; x_wconf 82' lang='lat' dir='ltr'>curavit,</span> <span class='ocrx_word' id='word_1_64' title='bbox 619 1593 814 1638; x_wconf 90' lang='lat' dir='ltr'>Suidam</span> <span class='ocrx_word' id='word_1_65' title='bbox 850 1593 953 1638; x_wconf 82' lang='lat' dir='ltr'>haec</span> <span class='ocrx_word' id='word_1_66' title='bbox 995 1592 1174 1637; x_wconf 89' lang='lat' dir='ltr'>scholia</span> <span class='ocrx_word' id='word_1_67' title='bbox 1207 1593 1411 1655; x_wconf 76' lang='lat' dir='ltr'>expilare</span> <span class='ocrx_word' id='word_1_68' title='bbox 1450 1594 1642 1638; x_wconf 90' lang='lat' dir='ltr'>solitum</span> <span class='ocrx_word' id='word_1_69' title='bbox 1681 1594 1954 1653; x_wconf 74' lang='lat' dir='ltr'>diligentius</span> <span class='ocrx_word' id='word_1_70' title='bbox 1990 1608 2134 1654; x_wconf 89' lang='lat' dir='ltr'>qnam</span> 
     </span>
     <span class='ocr_line' id='line_1_11' title="bbox 365 1673 2137 1734; baseline -0.002 -15"><span class='ocrx_word' id='word_1_71' title='bbox 365 1673 773 1730; x_wconf 62' lang='lat' dir='ltr'>ceteri‘tractavit‚</span> <span class='ocrx_word' id='word_1_72' title='bbox 807 1673 1047 1734; x_wconf 68' lang='lat' dir='ltr'>indagavit</span> <span class='ocrx_word' id='word_1_73' title='bbox 1080 1675 1376 1719; x_wconf 77' lang='lat' dir='ltr'>novitiorum</span> <span class='ocrx_word' id='word_1_74' title='bbox 1405 1675 1843 1720; x_wconf 87' lang='lat' dir='ltr'>additamentorum</span> <span class='ocrx_word' id='word_1_75' title='bbox 1882 1675 2063 1719; x_wconf 85' lang='lat' dir='ltr'>sontem</span> <span class='ocrx_word' id='word_1_76' title='bbox 2091 1683 2137 1717; x_wconf 85' lang='lat' dir='ltr'>et</span> 
     </span>
     <span class='ocr_line' id='line_1_12' title="bbox 367 1755 2135 1818; baseline -0.002 -17"><span class='ocrx_word' id='word_1_77' title='bbox 367 1757 574 1818; x_wconf 81' lang='lat' dir='ltr'>origines</span> <span class='ocrx_word' id='word_1_78' title='bbox 597 1791 608 1812; x_wconf 88' lang='lat'>‚</span> <span class='ocrx_word' id='word_1_79' title='bbox 649 1756 812 1801; x_wconf 91' lang='lat' dir='ltr'>omnia</span> <span class='ocrx_word' id='word_1_80' title='bbox 847 1755 1056 1817; x_wconf 86' lang='lat' dir='ltr'>denique</span> <span class='ocrx_word' id='word_1_81' title='bbox 1084 1772 1178 1800; x_wconf 82' lang='lat' dir='ltr'>suae</span> <span class='ocrx_word' id='word_1_82' title='bbox 1205 1757 1378 1801; x_wconf 83' lang='lat' dir='ltr'>criseos</span> <span class='ocrx_word' id='word_1_83' title='bbox 1404 1757 1509 1801; x_wconf 90' lang='lat' dir='ltr'>luce</span> <span class='ocrx_word' id='word_1_84' title='bbox 1535 1767 1615 1801; x_wconf 91' lang='lat' dir='ltr'>aut</span> <span class='ocrx_word' id='word_1_85' title='bbox 1653 1757 1902 1801; x_wconf 73' lang='lat' dir='ltr'>illustravit</span> <span class='ocrx_word' id='word_1_86' title='bbox 1925 1765 2005 1800; x_wconf 88' lang='lat' dir='ltr'>aut</span> <span class='ocrx_word' id='word_1_87' title='bbox 2032 1772 2135 1799; x_wconf 90' lang='lat' dir='ltr'>cor-</span> 
     </span>
     <span class='ocr_line' id='line_1_13' title="bbox 369 1833 2141 1897; baseline -0.003 -16"><span class='ocrx_word' id='word_1_88' title='bbox 369 1837 501 1881; x_wconf 75' lang='lat' dir='ltr'>rexit.</span> <span class='ocrx_word' id='word_1_89' title='bbox 547 1836 824 1880; x_wconf 67' lang='lat' dir='ltr'>Putavimus</span> <span class='ocrx_word' id='word_1_90' title='bbox 865 1845 1025 1879; x_wconf 88' lang='lat' dir='ltr'>autem</span> <span class='ocrx_word' id='word_1_91' title='bbox 1058 1833 1288 1881; x_wconf 81' lang='lat' dir='ltr'>demereri</span> <span class='ocrx_word' id='word_1_92' title='bbox 1324 1834 1524 1881; x_wconf 90' lang='lat' dir='ltr'>lectores</span> <span class='ocrx_word' id='word_1_93' title='bbox 1559 1846 1749 1880; x_wconf 80' lang='lat' dir='ltr'>nostros</span> <span class='ocrx_word' id='word_1_94' title='bbox 1791 1836 1947 1897; x_wconf 81' lang='lat' dir='ltr'>ipsum</span> <span class='ocrx_word' id='word_1_95' title='bbox 1981 1834 2141 1896; x_wconf 84' lang='lat' dir='ltr'>potius</span> 
     </span>
     <span class='ocr_line' id='line_1_14' title="bbox 370 1916 2137 1980; baseline -0.003 -17"><span class='ocrx_word' id='word_1_96' title='bbox 370 1927 624 1980; x_wconf 82' lang='lat' dir='ltr'>sequentes</span> <span class='ocrx_word' id='word_1_97' title='bbox 658 1933 800 1978; x_wconf 85' lang='lat' dir='ltr'>quam</span> <span class='ocrx_word' id='word_1_98' title='bbox 832 1926 1053 1961; x_wconf 87' lang='lat' dir='ltr'>nostrum</span> <span class='ocrx_word' id='word_1_99' title='bbox 1082 1916 1432 1977; x_wconf 82' lang='lat' dir='ltr'>qualecumque</span> <span class='ocrx_word' id='word_1_100' title='bbox 1463 1916 1699 1978; x_wconf 86' lang='lat' dir='ltr'>judicium</span> <span class='ocrx_word' id='word_1_101' title='bbox 1722 1952 1732 1972; x_wconf 86' lang='lat'><strong><em>‚</em></strong></span> <span class='ocrx_word' id='word_1_102' title='bbox 1765 1932 2056 1977; x_wconf 83' lang='lat' dir='ltr'>quamquam</span> <span class='ocrx_word' id='word_1_103' title='bbox 2091 1916 2137 1958; x_wconf 91' lang='lat' dir='ltr'>in</span> 
     </span>
     <span class='ocr_line' id='line_1_15' title="bbox 330 1997 2141 2059; baseline -0.002 -16"><span class='ocrx_word' id='word_1_104' title='bbox 330 1997 334 2003; x_wconf 73' lang='grc'>’</span> <span class='ocrx_word' id='word_1_105' title='bbox 372 1999 522 2044; x_wconf 88' lang='lat' dir='ltr'>forma</span> <span class='ocrx_word' id='word_1_106' title='bbox 567 1997 860 2043; x_wconf 85' lang='lat' dir='ltr'>scholiorum</span> <span class='ocrx_word' id='word_1_107' title='bbox 902 1997 1117 2041; x_wconf 74' lang='lat' dir='ltr'>variabili</span> <span class='ocrx_word' id='word_1_108' title='bbox 1163 1997 1311 2042; x_wconf 88' lang='lat' dir='ltr'>multa</span> <span class='ocrx_word' id='word_1_109' title='bbox 1354 2015 1451 2042; x_wconf 87' lang='lat' dir='ltr'>non</span> <span class='ocrx_word' id='word_1_110' title='bbox 1499 1997 1879 2059; x_wconf 82' lang='lat' dir='ltr'>improbabiliter</span> <span class='ocrx_word' id='word_1_111' title='bbox 1919 1997 2141 2041; x_wconf 86' lang='lat' dir='ltr'>adornari</span> 
     </span>
     <span class='ocr_line' id='line_1_16' title="bbox 371 2079 2142 2143; baseline -0.002 -17"><span class='ocrx_word' id='word_1_112' title='bbox 371 2090 594 2143; x_wconf 80' lang='lat' dir='ltr'>poterant</span> <span class='ocrx_word' id='word_1_113' title='bbox 613 2081 796 2125; x_wconf 89' lang='lat' dir='ltr'>ratione</span> <span class='ocrx_word' id='word_1_114' title='bbox 823 2080 925 2124; x_wconf 88' lang='lat' dir='ltr'>alia.</span> <span class='ocrx_word' id='word_1_115' title='bbox 958 2079 1048 2124; x_wconf 83' lang='lat' dir='ltr'>Sed</span> <span class='ocrx_word' id='word_1_116' title='bbox 1070 2096 1307 2142; x_wconf 85' lang='lat' dir='ltr'>perpauca</span> <span class='ocrx_word' id='word_1_117' title='bbox 1335 2079 1480 2125; x_wconf 91' lang='lat' dir='ltr'>modo</span> <span class='ocrx_word' id='word_1_118' title='bbox 1507 2079 1773 2125; x_wconf 90' lang='lat' dir='ltr'>secundum</span> <span class='ocrx_word' id='word_1_119' title='bbox 1792 2080 2000 2141; x_wconf 84' lang='lat' dir='ltr'>optimos</span> <span class='ocrx_word' id='word_1_120' title='bbox 2020 2094 2142 2139; x_wconf 85' lang='lat' dir='ltr'>quos</span> 
     </span>
     <span class='ocr_line' id='line_1_17' title="bbox 373 2160 2143 2207; baseline -0.002 -1"><span class='ocrx_word' id='word_1_121' title='bbox 373 2161 582 2207; x_wconf 85' lang='lat' dir='ltr'>diximus</span> <span class='ocrx_word' id='word_1_122' title='bbox 612 2161 801 2206; x_wconf 87' lang='lat' dir='ltr'>codices</span> <span class='ocrx_word' id='word_1_123' title='bbox 830 2162 1136 2206; x_wconf 80' lang='lat' dir='ltr'>mutavimus.</span> <span class='ocrx_word' id='word_1_124' title='bbox 1189 2164 1291 2206; x_wconf 92' lang='lat' dir='ltr'>Hoc</span> <span class='ocrx_word' id='word_1_125' title='bbox 1324 2172 1479 2206; x_wconf 87' lang='lat' dir='ltr'>tamen</span> <span class='ocrx_word' id='word_1_126' title='bbox 1506 2162 1755 2205; x_wconf 88' lang='lat' dir='ltr'>utilissime</span> <span class='ocrx_word' id='word_1_127' title='bbox 1787 2161 2050 2205; x_wconf 86' lang='lat' dir='ltr'>instituisse</span> <span class='ocrx_word' id='word_1_128' title='bbox 2077 2160 2143 2203; x_wconf 74' lang='lat' dir='ltr'>vi-</span> 
     </span>
     <span class='ocr_line' id='line_1_18' title="bbox 375 2240 2145 2304; baseline -0.002 -17"><span class='ocrx_word' id='word_1_129' title='bbox 375 2242 573 2299; x_wconf 83' lang='lat' dir='ltr'>demur,</span> <span class='ocrx_word' id='word_1_130' title='bbox 602 2253 655 2287; x_wconf 89' lang='lat' dir='ltr'>ut</span> <span class='ocrx_word' id='word_1_131' title='bbox 678 2259 783 2304; x_wconf 83' lang='lat' dir='ltr'>quae</span> <span class='ocrx_word' id='word_1_132' title='bbox 808 2242 966 2287; x_wconf 87' lang='lat' dir='ltr'>absint</span> <span class='ocrx_word' id='word_1_133' title='bbox 991 2242 1050 2286; x_wconf 87' lang='lat' dir='ltr'>ab</span> <span class='ocrx_word' id='word_1_134' title='bbox 1082 2243 1173 2286; x_wconf 90' lang='lat' dir='ltr'>illis</span> <span class='ocrx_word' id='word_1_135' title='bbox 1204 2242 1454 2286; x_wconf 89' lang='lat' dir='ltr'>codicibus</span> <span class='ocrx_word' id='word_1_136' title='bbox 1477 2278 1487 2297; x_wconf 62' lang='lat' dir='ltr'>a</span> <span class='ocrx_word' id='word_1_137' title='bbox 1523 2243 1568 2286; x_wconf 91' lang='lat' dir='ltr'>in</span> <span class='ocrx_word' id='word_1_138' title='bbox 1599 2243 1713 2303; x_wconf 84' lang='lat' dir='ltr'>ipsis</span> <span class='ocrx_word' id='word_1_139' title='bbox 1744 2241 1938 2286; x_wconf 89' lang='lat' dir='ltr'>scholiis</span> <span class='ocrx_word' id='word_1_140' title='bbox 1969 2240 2145 2301; x_wconf 80' lang='lat' dir='ltr'>signifi-</span> 
     </span>
     <span class='ocr_line' id='line_1_19' title="bbox 376 2319 2144 2382; baseline -0.001 -17"><span class='ocrx_word' id='word_1_141' title='bbox 376 2331 476 2366; x_wconf 90' lang='lat' dir='ltr'>cata</span> <span class='ocrx_word' id='word_1_142' title='bbox 509 2321 773 2366; x_wconf 85' lang='lat' dir='ltr'>lectoribus</span> <span class='ocrx_word' id='word_1_143' title='bbox 797 2321 898 2365; x_wconf 89' lang='lat' dir='ltr'>sine</span> <span class='ocrx_word' id='word_1_144' title='bbox 932 2320 1127 2381; x_wconf 81' lang='lat' dir='ltr'>ambage</span> <span class='ocrx_word' id='word_1_145' title='bbox 1162 2320 1483 2364; x_wconf 85' lang='lat' dir='ltr'>indicaremus</span> <span class='ocrx_word' id='word_1_146' title='bbox 1511 2338 1520 2363; x_wconf 74' lang='grc' dir='ltr'>ε</span> <span class='ocrx_word' id='word_1_147' title='bbox 1551 2338 1659 2365; x_wconf 85' lang='lat' dir='ltr'>nam</span> <span class='ocrx_word' id='word_1_148' title='bbox 1698 2337 1747 2364; x_wconf 84' lang='lat' dir='ltr'>ea</span> <span class='ocrx_word' id='word_1_149' title='bbox 1781 2321 2062 2382; x_wconf 83' lang='lat' dir='ltr'>plerumque</span> <span class='ocrx_word' id='word_1_150' title='bbox 2086 2319 2144 2363; x_wconf 88' lang='lat' dir='ltr'>ab</span> 
     </span>
     <span class='ocr_line' id='line_1_20' title="bbox 378 2401 2143 2464; baseline -0.002 -17"><span class='ocrx_word' id='word_1_151' title='bbox 378 2403 718 2447; x_wconf 83' lang='lat' dir='ltr'>recentissimis</span> <span class='ocrx_word' id='word_1_152' title='bbox 741 2402 1058 2463; x_wconf 82' lang='lat' dir='ltr'>grammaticis</span> <span class='ocrx_word' id='word_1_153' title='bbox 1083 2401 1289 2464; x_wconf 81' lang='lat' dir='ltr'>profecta</span> <span class='ocrx_word' id='word_1_154' title='bbox 1316 2412 1423 2445; x_wconf 89' lang='lat' dir='ltr'>sunt</span> <span class='ocrx_word' id='word_1_155' title='bbox 1447 2412 1489 2445; x_wconf 85' lang='lat' dir='ltr'>et</span> <span class='ocrx_word' id='word_1_156' title='bbox 1506 2418 1589 2463; x_wconf 83' lang='lat' dir='ltr'>per</span> <span class='ocrx_word' id='word_1_157' title='bbox 1612 2413 1820 2446; x_wconf 81' lang='lat' dir='ltr'>nostram</span> <span class='ocrx_word' id='word_1_158' title='bbox 1849 2402 2143 2445; x_wconf 87' lang='lat' dir='ltr'>notationem</span> 
     </span>
     <span class='ocr_line' id='line_1_21' title="bbox 379 2482 1392 2546; baseline -0.002 -18"><span class='ocrx_word' id='word_1_159' title='bbox 379 2485 535 2546; x_wconf 85' lang='lat' dir='ltr'>primo</span> <span class='ocrx_word' id='word_1_160' title='bbox 562 2483 814 2528; x_wconf 89' lang='lat' dir='ltr'>oculorum</span> <span class='ocrx_word' id='word_1_161' title='bbox 839 2482 1028 2527; x_wconf 87' lang='lat' dir='ltr'>obtuitu</span> <span class='ocrx_word' id='word_1_162' title='bbox 1055 2493 1392 2542; x_wconf 82' lang='lat' dir='ltr'>agnoscuntur.</span> 
     </span>
    </p>

    <p class='ocr_par' dir='ltr' id='par_1_3' title="bbox 383 2564 2150 3278">
     <span class='ocr_line' id='line_1_22' title="bbox 446 2564 2149 2634; baseline -0.001 -25"><span class='ocrx_word' id='word_1_163' title='bbox 446 2568 499 2609; x_wconf 89' lang='lat' dir='ltr'>In</span> <span class='ocrx_word' id='word_1_164' title='bbox 525 2564 836 2610; x_wconf 86' lang='lat' dir='ltr'>adnotatione</span> <span class='ocrx_word' id='word_1_165' title='bbox 861 2564 1101 2608; x_wconf 83' lang='lat' dir='ltr'>Dindorfii</span> <span class='ocrx_word' id='word_1_166' title='bbox 1132 2564 1428 2626; x_wconf 77' lang='lat' dir='ltr'>excerpenda</span> <span class='ocrx_word' id='word_1_167' title='bbox 1460 2565 1522 2609; x_wconf 89' lang='lat' dir='ltr'>ita</span> <span class='ocrx_word' id='word_1_168' title='bbox 1546 2566 1717 2634; x_wconf 45' lang='lat' dir='ltr'>›rei-sati</span> <span class='ocrx_word' id='word_1_169' title='bbox 1745 2581 1933 2619; x_wconf 79' lang='lat' dir='ltr'>sumus,</span> <span class='ocrx_word' id='word_1_170' title='bbox 1958 2574 2009 2608; x_wconf 90' lang='lat' dir='ltr'>ut</span> <span class='ocrx_word' id='word_1_171' title='bbox 2035 2565 2149 2626; x_wconf 88' lang='lat' dir='ltr'>opti-</span> 
     </span>
     <span class='ocr_line' id='line_1_23' title="bbox 383 2646 2147 2709; baseline -0.001 -18"><span class='ocrx_word' id='word_1_172' title='bbox 383 2663 574 2691; x_wconf 88' lang='lat' dir='ltr'>morum</span> <span class='ocrx_word' id='word_1_173' title='bbox 596 2646 830 2700; x_wconf 89' lang='lat' dir='ltr'>codicum,</span> <span class='ocrx_word' id='word_1_174' title='bbox 859 2647 1146 2690; x_wconf 84' lang='lat' dir='ltr'>Ravennatis</span> <span class='ocrx_word' id='word_1_175' title='bbox 1177 2656 1218 2690; x_wconf 84' lang='lat' dir='ltr'>et</span> <span class='ocrx_word' id='word_1_176' title='bbox 1246 2647 1431 2702; x_wconf 70' lang='lat' dir='ltr'>Veneti,</span> <span class='ocrx_word' id='word_1_177' title='bbox 1464 2648 1718 2709; x_wconf 88' lang='lat' dir='ltr'>scripturas</span> <span class='ocrx_word' id='word_1_178' title='bbox 1747 2648 1950 2709; x_wconf 68' lang='lat' dir='ltr'>integras</span> <span class='ocrx_word' id='word_1_179' title='bbox 1980 2662 2147 2708; x_wconf 65' lang='lat' dir='ltr'>repra?-</span> 
     </span>
     <span class='ocr_line' id='line_1_24' title="bbox 385 2727 2148 2790; baseline -0.001 -18"><span class='ocrx_word' id='word_1_180' title='bbox 385 2738 707 2782; x_wconf 85' lang='lat' dir='ltr'>sentaremus‚</span> <span class='ocrx_word' id='word_1_181' title='bbox 738 2727 1032 2788; x_wconf 84' lang='lat' dir='ltr'>reliquorum</span> <span class='ocrx_word' id='word_1_182' title='bbox 1058 2744 1206 2788; x_wconf 74' lang='lat' dir='ltr'>prope</span> <span class='ocrx_word' id='word_1_183' title='bbox 1241 2730 1470 2790; x_wconf 76' lang='lat' dir='ltr'>integras,</span> <span class='ocrx_word' id='word_1_184' title='bbox 1510 2728 1693 2773; x_wconf 79' lang='lat' dir='ltr'>Aldinae</span> <span class='ocrx_word' id='word_1_185' title='bbox 1727 2737 1883 2772; x_wconf 89' lang='lat' dir='ltr'>autem</span> <span class='ocrx_word' id='word_1_186' title='bbox 1912 2737 1956 2771; x_wconf 90' lang='lat' dir='ltr'>et</span> <span class='ocrx_word' id='word_1_187' title='bbox 1983 2727 2148 2771; x_wconf 89' lang='lat' dir='ltr'>subse-</span> 
     </span>
     <span class='ocr_line' id='line_1_25' title="bbox 386 2808 2148 2872; baseline -0.002 -18"><span class='ocrx_word' id='word_1_188' title='bbox 386 2809 639 2872; x_wconf 87' lang='lat' dir='ltr'>quentium</span> <span class='ocrx_word' id='word_1_189' title='bbox 671 2808 939 2853; x_wconf 89' lang='lat' dir='ltr'>editionum</span> <span class='ocrx_word' id='word_1_190' title='bbox 973 2825 1069 2852; x_wconf 89' lang='lat' dir='ltr'>non</span> <span class='ocrx_word' id='word_1_191' title='bbox 1096 2809 1186 2852; x_wconf 90' lang='lat' dir='ltr'>nisi</span> <span class='ocrx_word' id='word_1_192' title='bbox 1216 2810 1427 2871; x_wconf 86' lang='lat' dir='ltr'>potiores</span> <span class='ocrx_word' id='word_1_193' title='bbox 1454 2809 1788 2854; x_wconf 85' lang='lat' dir='ltr'>indicaremus.</span> <span class='ocrx_word' id='word_1_194' title='bbox 1826 2813 2148 2869; x_wconf 80' lang='lat' dir='ltr'>Quaecumque</span> 
     </span>
     <span class='ocr_line' id='line_1_26' title="bbox 386 2888 2150 2950; baseline -0.002 -15"><span class='ocrx_word' id='word_1_195' title='bbox 386 2900 546 2935; x_wconf 89' lang='lat' dir='ltr'>autem</span> <span class='ocrx_word' id='word_1_196' title='bbox 579 2906 604 2934; x_wconf 89' lang='lat' dir='ltr'>a</span> <span class='ocrx_word' id='word_1_197' title='bbox 632 2888 905 2950; x_wconf 86' lang='lat' dir='ltr'>vulgaribus</span> <span class='ocrx_word' id='word_1_198' title='bbox 936 2888 1075 2933; x_wconf 88' lang='lat' dir='ltr'>editis</span> <span class='ocrx_word' id='word_1_199' title='bbox 1094 2924 1105 2945; x_wconf 82' lang='grc'>,</span> <span class='ocrx_word' id='word_1_200' title='bbox 1133 2889 1263 2934; x_wconf 90' lang='lat' dir='ltr'>nulla</span> <span class='ocrx_word' id='word_1_201' title='bbox 1288 2889 1494 2934; x_wconf 83' lang='lat' dir='ltr'>indicata</span> <span class='ocrx_word' id='word_1_202' title='bbox 1527 2890 1773 2945; x_wconf 78' lang='lat' dir='ltr'>varietate,</span> <span class='ocrx_word' id='word_1_203' title='bbox 1809 2889 2048 2934; x_wconf 88' lang='lat' dir='ltr'>discedere</span> <span class='ocrx_word' id='word_1_204' title='bbox 2082 2905 2150 2932; x_wconf 84' lang='lat' dir='ltr'>re-</span> 
     </span>
     <span class='ocr_line' id='line_1_27' title="bbox 388 2969 2150 3033; baseline -0.002 -17"><span class='ocrx_word' id='word_1_205' title='bbox 388 2972 539 3033; x_wconf 87' lang='lat' dir='ltr'>periet</span> <span class='ocrx_word' id='word_1_206' title='bbox 565 2971 714 3016; x_wconf 84' lang='lat' dir='ltr'>lector</span> <span class='ocrx_word' id='word_1_207' title='bbox 735 3006 747 3028; x_wconf 82' lang='lat'><strong><em>‚</em></strong></span> <span class='ocrx_word' id='word_1_208' title='bbox 775 2987 827 3016; x_wconf 90' lang='lat' dir='ltr'>ea</span> <span class='ocrx_word' id='word_1_209' title='bbox 853 2970 1077 3015; x_wconf 89' lang='lat' dir='ltr'>codicum</span> <span class='ocrx_word' id='word_1_210' title='bbox 1103 2971 1321 3015; x_wconf 90' lang='lat' dir='ltr'>omnium</span> <span class='ocrx_word' id='word_1_211' title='bbox 1344 3006 1354 3027; x_wconf 81' lang='grc'>,</span> <span class='ocrx_word' id='word_1_212' title='bbox 1394 2981 1519 3015; x_wconf 89' lang='lat' dir='ltr'>certe</span> <span class='ocrx_word' id='word_1_213' title='bbox 1544 2971 1839 3032; x_wconf 87' lang='lat' dir='ltr'>optimorum</span> <span class='ocrx_word' id='word_1_214' title='bbox 1878 2969 2150 3015; x_wconf 88' lang='lat' dir='ltr'>indubitato</span> 
     </span>
     <span class='ocr_line' id='line_1_28' title="bbox 392 3051 2150 3115; baseline -0.001 -18"><span class='ocrx_word' id='word_1_215' title='bbox 392 3068 625 3097; x_wconf 86' lang='lat' dir='ltr'>consensu</span> <span class='ocrx_word' id='word_1_216' title='bbox 646 3052 803 3115; x_wconf 88' lang='lat' dir='ltr'>posita</span> <span class='ocrx_word' id='word_1_217' title='bbox 828 3069 927 3097; x_wconf 85' lang='lat' dir='ltr'>esse</span> <span class='ocrx_word' id='word_1_218' title='bbox 954 3051 1127 3097; x_wconf 88' lang='lat' dir='ltr'>credat.</span> <span class='ocrx_word' id='word_1_219' title='bbox 1160 3053 1549 3115; x_wconf 86' lang='lat' dir='ltr'>Adjecimusquae</span> <span class='ocrx_word' id='word_1_220' title='bbox 1572 3053 1827 3098; x_wconf 75' lang='lat' dir='ltr'>Dubnerus</span> <span class='ocrx_word' id='word_1_221' title='bbox 1854 3069 1906 3097; x_wconf 80' lang='lat' dir='ltr'>ex</span> <span class='ocrx_word' id='word_1_222' title='bbox 1930 3053 2150 3097; x_wconf 80' lang='lat' dir='ltr'>parisinis</span> 
     </span>
     <span class='ocr_line' id='line_1_29' title="bbox 393 3132 2150 3197; baseline 0 -20"><span class='ocrx_word' id='word_1_223' title='bbox 393 3132 641 3178; x_wconf 86' lang='lat' dir='ltr'>codicibus</span> <span class='ocrx_word' id='word_1_224' title='bbox 687 3133 1240 3194; x_wconf 66' lang='lat' dir='ltr'>collegerat:va1‘ietates</span> <span class='ocrx_word' id='word_1_225' title='bbox 1276 3144 1666 3195; x_wconf 82' lang='lat' dir='ltr'>argumentorum</span> <span class='ocrx_word' id='word_1_226' title='bbox 1708 3152 1761 3179; x_wconf 82' lang='lat' dir='ltr'>ex</span> <span class='ocrx_word' id='word_1_227' title='bbox 1801 3135 1985 3197; x_wconf 89' lang='lat' dir='ltr'>optimo</span> <span class='ocrx_word' id='word_1_228' title='bbox 2026 3133 2150 3179; x_wconf 84' lang='lat' dir='ltr'>libro</span> 
     </span>
     <span class='ocr_line' id='line_1_30' title="bbox 396 3214 2148 3278; baseline 0.001 -21"><span class='ocrx_word' id='word_1_229' title='bbox 396 3230 518 3274; x_wconf 74' lang='lat'>2712</span> <span class='ocrx_word' id='word_1_230' title='bbox 549 3214 675 3275; x_wconf 82' lang='lat' dir='ltr'>(sive</span> <span class='ocrx_word' id='word_1_231' title='bbox 708 3215 999 3260; x_wconf 86' lang='lat' dir='ltr'>membranis</span> <span class='ocrx_word' id='word_1_232' title='bbox 1032 3215 1312 3277; x_wconf 78' lang='lat' dir='ltr'>Brunckii);</span> <span class='ocrx_word' id='word_1_233' title='bbox 1355 3216 1561 3278; x_wconf 89' lang='lat' dir='ltr'>plurima</span> <span class='ocrx_word' id='word_1_234' title='bbox 1599 3216 1654 3261; x_wconf 89' lang='lat' dir='ltr'>ad</span> <span class='ocrx_word' id='word_1_235' title='bbox 1682 3216 1870 3272; x_wconf 78' lang='lat' dir='ltr'>Nubes,</span> <span class='ocrx_word' id='word_1_236' title='bbox 1916 3220 2069 3261; x_wconf 87' lang='lat' dir='ltr'>Ranas</span> <span class='ocrx_word' id='word_1_237' title='bbox 2106 3225 2148 3259; x_wconf 90' lang='lat' dir='ltr'>et</span> 
     </span>
    </p>
   </div>
   <div class='ocr_carea' id='block_1_3' title="bbox 397 3294 2148 3358">
    <p class='ocr_par' dir='ltr' id='par_1_4' title="bbox 397 3294 2148 3358">
     <span class='ocr_line' id='line_1_31' title="bbox 397 3294 2148 3358; baseline 0.001 -21"><span class='ocrx_word' id='word_1_238' title='bbox 397 3294 588 3338; x_wconf 87' lang='lat' dir='ltr'>Plutum</span> <span class='ocrx_word' id='word_1_239' title='bbox 627 3311 681 3338; x_wconf 85' lang='lat' dir='ltr'>ex</span> <span class='ocrx_word' id='word_1_240' title='bbox 722 3295 886 3341; x_wconf 85' lang='lat' dir='ltr'>codice</span> <span class='ocrx_word' id='word_1_241' title='bbox 923 3296 1039 3341; x_wconf 82' lang='lat'>2821</span> <span class='ocrx_word' id='word_1_242' title='bbox 1087 3296 1240 3342; x_wconf 82' lang='lat' dir='ltr'>saeculi</span> <span class='ocrx_word' id='word_1_243' title='bbox 1272 3300 1369 3341; x_wconf 81' lang='lat' dir='ltr'>XIV</span> <span class='ocrx_word' id='word_1_244' title='bbox 1404 3298 1740 3358; x_wconf 75' lang='lat' dir='ltr'>integerrimo,</span> <span class='ocrx_word' id='word_1_245' title='bbox 1769 3297 1850 3342; x_wconf 88' lang='lat' dir='ltr'>sed</span> <span class='ocrx_word' id='word_1_246' title='bbox 1888 3297 2148 3341; x_wconf 78' lang='lat' dir='ltr'>recentiora</span> 
     </span>
    </p>
   </div>
   <div class='ocr_carea' id='block_1_4' title="bbox 519 3376 2022 3410">
    <p class='ocr_par' dir='ltr' id='par_1_5' title="bbox 519 3376 2022 3410">
     <span class='ocr_line' id='line_1_32' title="bbox 519 3376 2022 3410; baseline 0.003 -5"><span class='ocrx_word' id='word_1_247' title='bbox 519 3376 628 3405; x_wconf 63' lang='lat' dir='ltr'>senon.</span> <span class='ocrx_word' id='word_1_248' title='bbox 650 3378 810 3408; x_wconf 65' lang='lat' dir='ltr'>Ams‘ropn.</span> <span class='ocrx_word' id='word_1_249' title='bbox 2001 3388 2022 3410; x_wconf 83' lang='grc' dir='ltr'><em>α</em></span> 
     </span>
    </p>
   </div>
  </div>
 </body>
</html>
