2533 3808
313 134 385 166 562

310 214 426 261 paulo
453 217 550 259 post,
581 206 643 243 sed
665 204 818 241 alterius
854 202 1144 239 sclioliastaezot
1177 204 1319 252 Δωριεῖς

311 271 479 307 οἰκοῦντες
499 279 555 315 πρ.
574 262 635 307 τὴν
655 264 703 299 Π.
729 276 766 309 μ.
791 254 840 296 οὗ.
858 262 919 304 τ’ἧς
942 274 974 297 τ.
995 261 1055 304 τῆς
1075 260 1108 296 ἐν
1133 258 1318 318 Περὶὅοίᾳ,

310 327 368 374 ἀφ.
394 325 440 366 εἷς
464 322 526 367 τὴν
548 337 586 369 μ.
614 319 723 364 Οἴτης
751 317 811 355 καὶ
834 319 1024 368 Παρνασοῦ
1049 319 1088 354 Δ.
1120 316 1167 360 ἐξ.
1191 320 1318 353 οὖσαν·

310 383 384 420 ἔστι
411 381 445 419 δὲ
470 382 524 418 Ἰί.
547 382 593 417 K.
617 381 656 416 Β.
685 380 726 415 Λ.
756 378 920 428 Κάρφαια
942 376 1138 429 (Σκάρφειοι
1156 376 1320 413 restituit

310 440 453 477 Berkel.
476 439 521 475 ad
555 437 686 486 Steph.
708 437 748 472 in
769 435 915 473 Λίλαια·
946 448 1015 484 ego
1050 435 1167 472 ferme
1193 435 1318 471 malim

312 496 536 550 Σπερχείαν),
552 498 592 532 Δ.
606 496 644 530 ἐκ
658 493 693 531 δὲ
711 492 839 531 τούτων
854 492 914 530 σὺν
933 498 1000 534 τοῖς
1015 491 1258 544 Ἡρακλείδαις
1275 493 1321 533 εἷς

310 553 554 601 Λακεδαίμονα
596 549 848 602 κατέρχονται·
882 551 947 588 ubi
978 551 1144 600 primum
1177 549 1321 586 facinus

310 614 524 663 improbum
557 610 707 647 admisit
733 610 874 647 Comici
902 610 1136 654 scholiastes,
1157 608 1223 657 qui
1253 609 1321 666 ista

310 669 610 721 praecedentibus
653 669 946 717 agglutinaverit
986 669 1130 704 inserto
1174 665 1230 718 ἀφ’
1266 669 1321 710 ἧς,

310 730 451 765 scilicet
475 729 599 780 φυλῆς,
623 735 735 775 atque
762 740 803 762 ea
828 727 973 763 ratione
1004 739 1089 762 vere
1111 733 1321 760 monstrum

310 786 422 823 nobis
447 785 760 833 chronologicum
791 784 964 820 ediderit.
985 783 1134 820 Deinde
1160 793 1322 832 pravum

310 844 402 881 illud
424 843 476 880 ἐπ’
495 841 640 893 Εὐὲοία,
660 841 766 890 cujus
777 841 917 878 erroris
935 841 1118 890 originem
1137 840 1323 876 detexisse

311 903 381 939 sibi
406 901 609 938 videbatur
639 900 844 935 palmerius
869 899 906 935 in
938 899 1130 948 corruptis
1162 897 1323 934 Diodori

310 959 505 996 codicibus
525 965 560 1002 l„
586 959 649 1002 67,
670 957 708 993 in
731 957 870 1006 quibus
892 957 972 993 sine
990 956 1246 993 controversia
1261 955 1320 990 vi—

311 1020 406 1055 tiose
440 1017 576 1067 legitur
612 1014 742 1067 Εὐέοία
761 1029 833 1065 pro
861 1015 918 1052 καὶ
950 1015 1056 1066 Βοίῳ,
1083 1016 1194 1063 longe
1219 1012 1322 1050 aliud

310 1076 518 1112 remedium
534 1073 723 1123 postulat:
740 1087 855 1122 quum
875 1074 974 1110 enim
992 1074 1029 1109 in
1049 1073 1203 1110 Pindari
1218 1072 1325 1107 scho-

311 1135 419 1171 liasta
453 1132 642 1169 scribatur
673 1132 708 1167 ἐν
735 1131 921 1183 Περεὸοία,
945 1131 1032 1167 inde
1064 1131 1136 1167 levi
1169 1130 1323 1178 negotio

313 1194 497 1229 conficere
511 1192 597 1227 licet
614 1190 648 1225 ἐν
666 1190 882 1242 Περραιὲίᾳ·
904 1199 1017 1240 atque
1038 1191 1090 1226 ita
1112 1202 1188 1225 non
1205 1188 1324 1224 multo

311 1251 482 1292 iuferius,
500 1247 625 1288 Πίνδος
643 1245 678 1283 δὲ
692 1247 903 1300 Περραιὸίας
924 1247 998 1300 ὅρος
1014 1261 1086 1298 pro
1103 1245 1325 1299 Περρεέοίας,

312 1310 368 1345 vel
386 1308 636 1359 lleppmiss'ot'otq,
652 1307 754 1357 quod
775 1321 847 1343 una
861 1315 1008 1343 tantum
1025 1307 1131 1342 litera
1151 1305 1323 1341 vitiatum

313 1376 434 1403 exstat
454 1368 491 1403 in
513 1367 710 1404 Theocriti
732 1374 952 1402 enarratore
968 1365 1015 1402 ad
1039 1365 1093 1401 Id.
1123 1378 1154 1408 1,
1173 1364 1241 1409 673
1260 1364 1324 1399 sed

313 1426 454 1473 optime
475 1426 628 1462 lectioni
647 1425 831 1461 restitutae
848 1424 1109 1473 patrocinatur
1128 1422 1209 1471 ipse
1232 1422 1322 1458 Pin—

314 1483 394 1520 dari
416 1484 533 1520 schol.
554 1484 601 1520 ad
627 1483 738 1531 Pyth.
755 1496 790 1530 9,
813 1496 857 1527 27
876 1497 882 1517 :
902 1481 1029 1522 Πίνδος
1044 1479 1110 1532 γὰρ
1132 1481 1208 1531 ὄρος
1232 1482 1325 1531 Περ-

315 1541 428 1592 ρεὸίας
451 1541 692 1594 (Περραιὲίαςῖ
710 1557 717 1564 ·
739 1545 760 1587 ἡ
781 1539 815 1577 δὲ
848 1539 1023 1593 Περρεὸία
1042 1538 1246 1591 τετράπολις
1265 1541 1326 1583 τῆς

312 1601 530 1643 Θεσσαλίας·
547 1602 612 1638 ubi
635 1600 848 1637 Perrhaebia
875 1599 986 1635 nobis
1010 1599 1176 1635 occurrit
1203 1598 1324 1634 Thes-

312 1660 413 1695 saliae
430 1660 643 1709 tetrapolis,
660 1659 761 1695 haud
788 1671 877 1696 sane
902 1657 1050 1694 diversa
1070 1656 1117 1693 ab
1141 1669 1196 1701 ca,
1212 1669 1325 1704 quam

312 1718 374 1753 hic
390 1727 671 1760 commemorat,
693 1717 869 1766 tetrapoli
886 1719 927 1767 τῇ
949 1717 982 1752 ἐν
1001 1714 1213 1767 Περραιὸία·
1232 1714 1325 1750 nihil

313 1776 441 1824 itaque
455 1776 577 1811 minus
592 1785 648 1812 est
667 1774 966 1823 intelligendum,
985 1787 1112 1822 quam,
1128 1772 1231 1822 quod
1251 1772 1327 1809 Pal-

314 1833 454 1869 meiius
469 1833 710 1869 existimabat
724 1833 888 1881 graviter
900 1832 1125 1868 scholiasten
1139 1831 1326 1876 incusans,

314 1890 509 1939 {etrapolis
523 1891 641 1926 Attica
655 1905 663 1932 3
678 1890 723 1925 de
741 1903 814 1939 qua
832 1890 861 1925 si
881 1891 978 1925 forte
997 1889 1182 1937 cogitasse
1201 1888 1326 1924 creda-

315 1956 377 1983 tur
398 1948 663 1997 Aristophanis
684 1954 879 1983 enarrator
901 1946 950 1982 ob
979 1946 1198 1982 mendosam
1229 1946 1325 1981 scri—

315 2014 466 2054 pturam
490 2005 542 2042 ἐπ’
569 2005 701 2056 Εὐδοίᾳ
722 2013 758 2041 et
792 2005 926 2041 Atticae
948 2018 1037 2040 mox
1059 2004 1194 2040 factam
1218 2017 1326 2039 men-

315 2064 472 2109 tionem,
502 2064 594 2099 tanti
611 2064 873 2099 erroriscerte
896 2075 1053 2112 prorsus
1073 2063 1252 2098 immunis
1273 2070 1328 2098 est

316 2123 469 2158 Pindari
496 2122 729 2157 scholiastes.
751 2121 928 2157 Meminit
956 2121 1069 2157 etiam
1100 2121 1251 2157 Doricae
1273 2128 1328 2155 te-

316 2181 505 2229 trapoleos
524 2181 607 2216 loco
633 2179 740 2216 valde
758 2179 917 2215 notabili
944 2179 1083 2216 Strabo
1110 2192 1147 2227 9,
1175 2191 1211 2227 p.
1237 2179 1325 2221 654.

315 2242 419 2275 Inter
440 2246 622 2286 utrosque
638 2241 780 2273 Locros
795 2236 893 2286 μέσοι
907 2238 1068 2287 Δωριεῖς·
1090 2232 1181 2273 οῦτοι
1193 2235 1254 2286 μὲν
1271 2230 1326 2272 οῦν

316 2294 400 2332 εἰσὶν
429 2297 459 2332 οἱ
480 2295 541 2341 τὴν
564 2293 770 2346 τετράπολιν
791 2293 1011 2339 οἰκήσαντες·
1042 2293 1083 2338 ἥν
1117 2309 1220 2345 φασιν
1242 2287 1328 2330 εἶναι

318 2353 529 2405 μητρόπολιν
547 2355 615 2389 τῶν
641 2351 803 2389 ἁπάντων
825 2350 1008 2402 Δωριέων·
1029 2350 1151 2402 ἱπόλεις
1174 2351 1209 2388 δὲ
1235 2345 1328 2401 εἶχον

318 2409 483 2461 Ἐρινεὸν,
508 2412 623 2456 Βοῐον,
645 2410 788 2456 Πίνδον,
816 2409 997 2447 Κυτίνιον·
1032 2408 1233 2461 ὑπέρκειται
1260 2409 1288 2446 δ’
1312 2413 1329 2447 ὃ

317 2467 444 2508 Πίνδος
463 2470 522 2503 τοῦ
547 2467 722 2518 Ἐρινεοῦ·
750 2472 920 2519 παραρρεῖ
952 2467 980 2503 δ’
1010 2466 1116 2511 αὐτὴν
1147 2466 1328 2515 ὁμώνυμος

317 2525 471 2574 ποταμὸς
484 2524 666 2574 ἐμὸάλλων
687 2527 733 2566 εἷς
755 2524 811 2561 τὸν
836 2526 1016 2576 Κηφισσὸν
1029 2526 1067 2562 οὐ
1085 2524 1173 2561 πολὺ
1190 2528 1250 2570 τῆς
1268 2529 1330 2563 Λι-

318 2583 417 2624 λαίας
434 2584 568 2620 ἄπωθεν
581 2598 587 2605 ·
600 2582 687 2624 τινὲς
702 2582 729 2619 δ’
751 2581 945 2633 Ἀκῦφαντα
960 2582 1168 2632 λέγουσιτὸν
1186 2583 1326 2620 Πίνδον.

318 2641 427 2677 Pindi
445 2642 590 2677 nullum
606 2641 645 2676 in
665 2641 735 2677 hac
750 2642 902 2689 regione
922 2641 1124 2688 vestigium
1142 2641 1244 2688 apud
1265 2654 1328 2676 re-

318 2699 443 2747 liquos
455 2712 584 2735 omnes
599 2698 761 2734 inveniri
778 2700 894 2734 miror
910 2713 916 2732 :
935 2712 1020 2734 nam
1040 2697 1143 2734 Melae
1161 2689 1328 2743 verba'2‚

320 2759 355 2802 3,
378 2758 438 2802 58,
458 2762 493 2792 in
508 2760 642 2793 Doride
656 2759 809 2801 Pindus,
833 2766 867 2791 et
877 2762 991 2802 justa
1011 2761 1114 2792 situm
1143 2758 1328 2801 Eritleum,

318 2815 354 2850 in
368 2815 505 2863 quibus
517 2815 760 2852 emendandis
780 2815 926 2850 solitam
948 2814 1087 2863 ingenii
1108 2814 1328 2850 modestiam

318 2886 395 2908 non
426 2873 656 2923 approbavit
697 2886 852 2922 magnus
885 2873 1098 2918 Pintianus‚
1131 2886 1248 2921 quum
1291 2873 1327 2908 in

319 2932 510 2978 omnibus,
533 2946 616 2981 quae
634 2932 789 2975 viderit,
809 2930 1089 2980 exemplaribus
1120 2930 1249 2967 abesse
1274 2939 1330 2967 te—

321 2996 440 3025 stetur
463 2993 509 3026 Is.
536 2991 704 3036 Vossius,
728 3003 800 3040 pro
831 2990 973 3039 spuriis
998 2999 1034 3025 et
1064 3002 1111 3026 ex
1146 2988 1330 3025 Strabone

322 3049 527 3096 suppositis
577 3049 750 3086 habenda
801 3048 1128 3085 verosimillimum
1164 3047 1327 3083 videtur.

323 3107 448 3149 Quare
468 3105 613 3151 dubito,
632 3121 678 3143 an
695 3107 820 3156 decipi
841 3120 879 3143 se
903 3119 1034 3155 passus
1052 3105 1161 3141 fucrit
1185 3105 1242 3141 vir
1264 3119 1329 3141 ac-

322 3164 592 3209 curatissimus,
611 3173 659 3210 et,
684 3179 768 3214 quae
792 3166 957 3214 scriptor
985 3164 1122 3212 aliquis
1157 3171 1330 3200 vetustus

323 3219 369 3256 de
390 3222 566 3270 tetrapoli
585 3224 816 3260 Perrhaebica
838 3223 1055 3266 tradiderat,
1073 3222 1118 3258 ad
1143 3222 1237 3258 hanc
1256 3235 1327 3270 po-

324 3279 519 3314 steriorem
539 3281 688 3316 Doricae
709 3282 827 3330 gentis
849 3281 973 3318 sedem
995 3280 1226 3317 transtulerit
1244 3294 1250 3315 :
1268 3279 1328 3315 cui

1070 118 1364 156 ADNOTATIO
1393 117 1446 154 IN
1476 117 1650 156 SCHOL.

1378 210 1516 238 nostrae
1535 203 1742 251 suspicioni
1769 204 1926 241 mirifice
1957 205 2057 241 favet
2088 204 2238 241 Pindari
2270 206 2387 243 schol.

1378 262 1564 296 Praeterea
1585 258 1731 311 Ἀκύφας
1758 276 1776 298 a
1809 263 2004 312 Stephano
2031 262 2260 300 describitur
2291 262 2390 306 πόλις

1379 316 1442 366 μία
1473 319 1533 362 τῆς
1566 319 1725 367 Δωρικῆς
1747 320 2003 371 τετραπόλεως·
2037 334 2111 371 qua
2139 322 2292 372 quidem
2327 322 2389 359 lo-

1379 375 1517 423 quendi
1535 376 1682 412 ratione
1694 389 1817 426 neque
1837 378 1874 414 in
1894 378 2066 430 Ἐρινεὸς,
2080 392 2149 416 nec
2167 380 2208 415 in
2230 378 2390 416 Κυτίνιον

1380 433 1451 468 fuit
1468 446 1556 470 usus
1570 448 1578 469 :
1592 433 1690 469 inter
1708 433 1900 486 Ἀκύφαντα
1923 449 2015 473 vero
2039 445 2076 473 et
2098 437 2255 474 Homeri
2273 435 2392 489 Κύφον

1380 491 1420 527 ll.
1440 491 1482 536 Β,
1503 492 1595 540 748,
1620 491 1767 528 nullum
1799 493 1900 529 aliud
1922 494 2123 531 discrimen
2153 503 2293 542 statuo,
2319 495 2393 531 nisi

1380 548 1568 585 diversam
1596 562 1731 585 vocum
1764 550 1948 586 formam:
1972 565 2112 601 parvus
2133 553 2250 589 schol.
2290 550 2391 590 πόλιν

1381 606 1460 658 περὶ
1501 605 1564 652 τὴν
1601 606 1796 657 Περαιῧίαν
1812 609 1982 657 exponit,
2002 619 2038 646 et
2059 610 2236 648 Straboni
2277 609 2392 661 Κύφος

1381 664 1618 717 Περραιὸικὸν
1642 663 1718 715 ὄρος
1743 663 1927 715 ὁμώνυμον
1951 668 2131 704 κατοικίαν
2166 667 2246 718 ἔχον
2281 682 2318 717 9,
2353 683 2391 717 p.

1383 724 1472 769 675,
1497 727 1548 760 A:
1567 736 1654 759 narn
1685 724 1790 772 quod
1811 724 2029 774 Stephanus
2058 725 2248 775 duplicem
2283 727 2393 772 facit,

1383 781 1660 818 Perrhaebicam
1679 782 1849 827 alteram,
1870 783 2025 819 alteram
2047 784 2313 831 Thessalicam,
2334 798 2395 821 er-

1384 852 1470 875 rore
1503 852 1578 875 non
1601 847 1727 875 vacat:
1748 839 1836 876 huic
1866 848 1991 876 autem
2015 840 2118 877 idem
2141 849 2255 891 atque
2272 842 2395 879 Pindo

1382 898 1553 946 contigit,
1577 906 1620 933 ut
1644 899 1796 940 montis,
1821 898 1940 944 fluvii,
1968 899 2180 948 oppidique
2202 899 2313 948 juxta
2335 900 2396 936 siti

1383 956 1537 992 nomina
1560 957 1637 992 non
1669 957 1900 1006 discrepent.
1936 960 2019 993 Jam
2045 958 2250 994 Dorienses
2281 959 2399 996 variis

1383 1014 1457 1050 acti
1476 1013 1624 1051 casibus
1646 1015 1737 1051 alias
1755 1028 1800 1050 ex
1816 1014 1900 1050 aliis
1915 1014 2023 1050 sedes
2039 1013 2277 1061 habuerunt3
2298 1016 2398 1052 anti-

1384 1072 1585 1121 quissimas
1606 1073 1706 1108 circa
1733 1073 1865 1110 Ossam
1884 1080 1920 1108 et
1939 1073 2148 1121 Olympum
2178 1073 2216 1109 in
2234 1073 2398 1117 Doride,

1384 1143 1468 1179 quae
1500 1130 1744 1179 postmodum
1785 1131 1992 1167 Histiaeotis
2028 1131 2127 1167 dicta
2147 1146 2154 1167 :
2173 1131 2262 1168 inde
2297 1133 2399 1181 pulsi

1384 1188 1638 1224 Perrhaebiam
1664 1189 1901 1237 Pindumque
1919 1189 2175 1238 incoluerunt,
2192 1190 2401 1227 Macedno—
2430 1194 2435 1198 ”

1384 1260 1467 1282 rum
1484 1260 1636 1296 quoque
1657 1260 1795 1282 nornen
1816 1255 1988 1294 gerentes
2006 1261 2013 1282 :
2028 1247 2173 1284 idcirco
2193 1260 2240 1284 ex
2254 1249 2398 1285 veteri-

1384 1304 1457 1340 bus
1478 1304 1524 1340 ad
1549 1305 1842 1353 Lycophronem
1867 1305 2019 1341 scholiis
2046 1308 2201 1342 Tzetzes
2222 1319 2257 1342 v.
2289 1308 2400 1352 1388,

1384 1361 1553 1411 Λάκμων,
1573 1361 1648 1413 ὄρος
1662 1361 1893 1413 Περραιὸίας,
1918 1361 1999 1399 ἔνθα
2018 1361 2129 1414 ᾤκουν
2149 1365 2309 1414 Δωριεῖς·
2331 1378 2399 1401 ne-

1386 1434 1460 1469 que
1482 1421 1576 1457 alibi
1595 1434 1707 1470 quam
1728 1421 1786 1457 his
1804 1422 1842 1457 in
1865 1421 1960 1457 locis
1983 1429 2039 1458 est
2062 1422 2284 1459 collocanda
2301 1426 2322 1469 ἡ
2339 1438 2400 1459 τε-

1385 1479 1550 1531 τράπολις
1566 1481 1587 1524 ἡ
1610 1480 1643 1515 ἐν
1665 1478 1876 1530 Περραιὸίᾳ,
1896 1491 1943 1515 ex
1966 1492 2042 1528 qua
2058 1479 2207 1516 tandem
2235 1480 2401 1518 devene—

1385 1546 1475 1574 runt
1494 1537 1526 1579 ἐς
1540 1536 1600 1583 τὴν
1618 1536 1809 1588 Δρυοπίδα,
1830 1550 1915 1586 quae
1930 1537 2082 1574 Pindari
2101 1538 2316 1575 scholiastae
2339 1539 2400 1576 di-

1386 1597 1487 1633 citur
1503 1599 1524 1641 ἡ
1547 1594 1675 1646 μεταξὺ
1696 1594 1805 1641 Οἴτης
1822 1595 1881 1632 καὶ
1898 1597 2086 1647 Παρνασοῦ
2106 1595 2218 1648 Δωρὶς
2246 1596 2403 1641 ἑξάπολις

1386 1649 1472 1692 οῧσα
1491 1656 1527 1691 in
1549 1668 1613 1691 sex
1635 1655 1795 1692 urbibus
1821 1655 2037 1691 numeranti
2056 1654 2231 1706 Δρυόπην.
2253 1659 2400 1705 Migra-

1387 1713 1510 1749 tiones
1527 1712 1784 1757 Doriensium,
1800 1724 1893 1761 quas
1913 1712 2114 1761 proposui,
2137 1712 2211 1748 fide
2229 1713 2403 1750 nituntur

1387 1771 1587 1815 Herodoti,
1618 1784 1648 1815 Ι,
1673 1783 1706 1807 e.
1733 1771 1793 1814 56,
1812 1783 1896 1805 cum
1917 1783 1994 1819 quo
2019 1770 2096 1805 fere
2111 1771 2306 1820 conspirat
2321 1774 2402 1808 An-

1387 1830 1482 1866 dron
1506 1830 1642 1865 citatus
1660 1842 1680 1864 a
1695 1827 1818 1865 Strab.
1842 1841 1898 1874 10,
1918 1841 1956 1877 p.
1976 1841 2065 1876 729,
2084 1831 2131 1874 A,
2146 1837 2184 1864 et
2208 1829 2403 1879 Stephano

1386 1888 1423 1923 in
1437 1886 1580 1939 Δώριον.
1596 1890 1652 1922 Ex
1670 1886 1726 1922 his
1746 1885 1895 1922 demum
1911 1886 2114 1935 postremis
2137 1886 2291 1923 sedibus
2306 1901 2402 1937 pro-

1387 1946 1474 1982 fecti
1496 1958 1580 1982 cum
1603 1944 1812 1981 Heraclidis
1839 1952 1984 1994 partem
2010 1945 2263 1994 Peloponnesi
2285 1959 2400 1982 occu-

1387 2012 1551 2052 parunt:
1572 2003 1716 2038 idcirco
1737 2002 1956 2050 Thucydidi
1984 2004 2128 2054 Δωριεῖς
2144 2005 2166 2048 ἡ
2190 2003 2403 2055 μητρόπολις

1386 2063 1453 2097 τῶν
1472 2059 1758 2109 Λακεδαιμονίων
1780 2073 1810 2103 1,
1830 2073 1895 2105 107
1912 2075 1920 2105 ;
1942 2061 1977 2105 3,
1997 2072 2059 2107 92,
2077 2061 2142 2109 qui
2160 2061 2313 2109 quando
2327 2069 2403 2098 tres

1387 2128 1532 2156 tantum
1565 2132 1698 2154 eorum
1739 2116 1854 2154 urbes
1885 2131 1970 2154 eum
2008 2118 2182 2154 Diodoro
2220 2128 2402 2166 recenset,

1387 2181 1529 2222 Boemn,
1552 2177 1732 2222 Erineon,
1745 2184 1780 2212 et
1799 2176 2014 2224 Cytinium,
2032 2175 2071 2212 id
2095 2176 2240 2213 scilicet
2259 2177 2402 2215 indicio

1387 2244 1456 2281 est,
1480 2235 1645 2284 reliquas
1667 2233 1745 2283 jam
1767 2242 1848 2269 tum
1873 2234 2021 2270 avulsas
2055 2235 2091 2270 in
2112 2234 2270 2271 alienam
2292 2235 2404 2271 ditio-

1388 2307 1472 2331 nem
1493 2293 1735 2329 concessisse.
1754 2292 1868 2328 Mitto
1891 2305 2040 2328 errores
2060 2293 2216 2329 Meursii
2247 2293 2402 2330 Miscell.

1388 2356 1528 2389 Lacon.
1552 2351 1587 2396 3,
1604 2364 1648 2398 93
1681 2356 1716 2396 Δ,
1738 2350 1774 2393 6,
1801 2349 2060 2399 aliorumque:
2076 2350 2156 2386 haec
2184 2363 2206 2386 a
2232 2350 2345 2387 nobis
2364 2352 2404 2388 in

1389 2420 1609 2447 transcursu
1631 2408 1816 2444 duntaxat
1836 2406 2008 2443 breviter
2033 2407 2209 2444 delibata.
2226 2409 2404 2458 Denique

1389 2478 1522 2518 stupor
1540 2467 1770 2504 enarratoris
1785 2466 1904 2501 nostri
1920 2466 1968 2502 ad
1986 2467 2097 2502 finem
2118 2467 2334 2516 importune
2351 2469 2404 2504 in·

1389 2527 1518 2569 seruit,
1543 2527 1784 2573 ἀναχωροῦσιν
1805 2525 1891 2570 ὁμοῦ
1921 2523 1959 2558 ἐκ
1989 2525 2048 2567 τῆς
2073 2523 2244 2568 Ἀττικῆς,
2263 2524 2402 2573 quibus

1389 2584 1489 2633 apud
1512 2582 1716 2618 Pindarum
1747 2580 1875 2629 ejusve
1903 2580 2131 2617 scholiasten
2161 2582 2255 2617 nihil
2281 2591 2403 2618 exstat

1389 2642 1522 2678 simile.
1546 2642 1678 2687 Neque
1699 2647 1821 2674 tamen
1842 2645 2047 2686 propterea
2064 2650 2265 2686 negavero,
2286 2652 2403 2688 quos—

1390 2698 1475 2734 dam
1499 2698 1707 2732 Atticorum
1730 2695 1941 2731 Heraclidis
1962 2695 2074 2731 suisse
2097 2696 2254 2733 comites
2277 2710 2401 2742 susce-

1391 2765 1464 2804 ptae
1500 2756 1537 2790 in
1574 2754 1878 2802 Peloponnesum
1910 2752 2165 2802 expeditionis
2195 2767 2203 2788 τ
2236 2767 2322 2791 nam
2352 2756 2403 2792 ita

1389 2817 1544 2850 Tzetzes
1580 2810 1711 2847 scribit
1741 2810 1787 2845 ad
1822 2810 2011 2859 Lycophr.
2035 2822 2070 2845 v.
2098 2811 2208 2856 1388,
2232 2811 2401 2862 μετέσχον

1388 2871 1454 2922 γὰρ
1475 2869 1533 2905 καὶ
1551 2869 1726 2913 Ἀθηναῖοι
1745 2870 1805 2912 τῆς
1823 2866 1983 2908 ἀποικίας
2003 2870 2071 2904 τῶν
2094 2867 2343 2925 Ἡρακλειδῶν.
2360 2889 2375 2904 »

1444 2930 1532 2974 386,
1554 2928 1600 2963 50
1618 2925 1683 2978 γὰρ
1702 2940 1777 2963 om.
1795 2930 1839 2962 V.
1857 2946 1897 2951 -—
1915 2927 1975 2964 52.
1997 2925 2037 2962 ἂν
2052 2928 2231 2978 παρέσχον
2249 2927 2288 2965 ἂν
2315 2930 2400 2967 Ald.

1388 2986 1469 3024 τινί.
1491 2985 1567 3022 οὐδὲ
1585 2985 1747 3022 ἔσπευδον
1761 2983 1839 3026 τοὺς
1865 2982 2037 3035 χρηστοὺς
2057 2985 2261 3022 πλουτίσαι·
2282 2987 2398 3033 ἐπειδὴ

1390 3044 1424 3082 δὲ
1439 3044 1514 3086 τοὺς
1535 3043 1687 3083 δικαίους
1712 3044 1793 3093 (τοῖς
1815 3043 1959 3084 δικαίοις
1979 3044 2039 3092 G.)
2055 3042 2257 3095 προήρκααι
2284 3045 2400 3082 δοῦναι

1388 3107 1519 3140 Venet.

1444 3163 1517 3199 388
1540 3162 1577 3197 iu
1593 3164 1633 3197 V.
1648 3161 1817 3197 inversus
1830 3160 1924 3196 ordo
1942 3160 2190 3207 scholiorum,
2208 3168 2400 3210 συνωνυμεῖ

1391 3219 1574 3264 -λέξεως.
1591 3218 1733 3261 Ἄλλως.
1746 3217 2185 3270 ὀξυτόνως-προσλαὸεῖν.
2201 3240 2250 3248 ·—
2261 3233 2279 3264 7
2298 3218 2399 3262 Ὀξυ-

1390 3278 1496 3320 τόνιι)ς
1520 3277 1597 3315 ἀντὶ
1618 3281 1678 3314 τοῦ
1699 3277 1955 3329 ἀπηρτισμένως
1976 3279 2044 3328 (sic
2069 3281 2108 3315 V.
2139 3291 2215 3314 non
2244 3277 2305 3325 G.)
2327 3277 2397 3320 adr
