2517 3792
1121 138 1360 187 EQUITUM.
2210 152 2228 183 4
2239 153 2250 184 1
2263 154 2282 185 3

203 238 273 276 λων
289 237 434 290 πρῶτος.
449 257 488 265 -
505 233 552 269 28
568 232 685 283 ε’φεῧρε
706 229 751 266 Θ.
774 222 868 279 εῧρεν
885 227 1028 264 Suidas.
1044 230 1211 276 sequen·
1271 225 1454 275 ἐπίσημον.
1486 225 1525 263 τὸ
1560 226 1594 263 δὲ
1633 225 1768 278 ἕτερον,
1806 241 1849 263 ιο
1873 228 2030 274 ἐπιτηδὲς
2054 229 2089 267 δὲ
2119 231 2284 271 διαλελυ-

205 297 255 333 tia
271 309 344 332 om,
362 295 407 331 Θ,
1273 283 1379 332 μένη,
1399 292 1435 320 et
1463 282 1536 320 ἔστι
1560 282 1595 321 δὲ
1623 284 1680 321 καὶ
1706 284 1818 322 πολλὰ
1843 286 1924 338 παρ’
1957 288 2003 325 Θ.
2030 289 2245 328 Dindorfius
2271 307 2279 328 :

256 354 343 402 899.
358 349 516 388 Suidas:
539 345 639 397 Ἀνὴρ
657 344 795 396 κόπριος
811 357 819 383 :
835 345 880 385 ὡς
895 343 962 380 ἀπὸ
979 343 1103 391 δήμου.
1119 341 1212 391 λέγει
1273 359 1287 372 κ
1308 344 1401 387 Quae
1421 341 1467 378 de
1485 350 1604 378 metro
1626 342 1736 392 hujus
1760 357 1890 381 versus
1917 345 2119 384 traduntur
2145 362 2281 388 recen-

204 408 240 448 δὲ
272 409 329 446 τὸν
356 405 566 459 χοπρολόγον
583 419 590 427 .
628 402 650 448 ἢ
681 402 854 454 χηπουρὸν
876 410 947 438 etc.
976 405 1033 439 De
1067 404 1212 448 Copro,
1275 400 1378 436 tioris
1403 402 1633 448 grammatici
1665 401 1778 438 verba
1805 411 1890 439 sunt
1910 405 2130 454 :antiquior
2164 408 2284 446 inter-

203 463 518 515 Hippothontidis
533 462 654 499 tribus
671 461 796 506 demo,
813 460 956 496 dictum
974 458 1021 495 ab
1037 457 1213 495 Boeckhio
1275 469 1359 504 pres
1392 458 1455 494 illa
1485 466 1628 494 tantum
1654 460 1854 509 scripserat
1887 461 2283 514 ἐπίτηδες-σεσημειω-

203 524 242 560 iu
254 523 429 572 Inscript.
444 521 519 557 vol.
545 534 556 556 1
568 550 577 567 ‚
596 534 632 570 p.
651 520 739 565 216,
758 519 846 568 903.
863 535 877 550 «
894 519 1008 561 Χῆσος
1028 517 1058 552 si
1082 528 1213 551 verum
1275 513 1375 563 με’να,
1391 516 1442 551 sic
1458 516 1614 552 sortasse
1630 518 1868 566 corrigenda,
1883 519 2039 564 ἐπίτηδες
2056 521 2284 572 διαλελυμένα

203 588 280 626 est,
295 580 416 617 insula
432 579 566 615 demus
585 579 654 615 fuit
671 606 679 623 ,
703 586 741 613 ut
760 576 917 613 Salamis
938 591 944 611 :
969 575 1035 611 sed
1056 575 1214 610 sortasse
1275 573 1320 614 εἰς
1335 572 1391 609 τὸν
1409 573 1508 616 πεζὸν
1531 572 1644 622 λόγον.
1665 573 1737 611 ἔστι
1759 574 1794 611 δὲ
1814 575 1927 612 πολλὰ
1953 581 2094 616 τοιαῦτα
2123 580 2181 617 καὶ
2201 583 2285 633 παρ’

203 637 443 675 scribendum
463 637 579 686 δῆμος.
597 653 611 668 υ
629 638 792 672 Bozcm.
1086 671 1091 676 ,
1276 629 1443 668 Εὐπόλιδι
1459 631 1735 679 σεσημειωμένα.
1754 650 1768 664 ι,

255 709 347 745 901,
365 696 411 742 37
439 694 572 745 Πυρίου
592 697 633 730 V.
656 692 793 744 Πυρρία
815 694 861 730 Θ.
877 716 916 723 -
939 692 985 729 38
1012 689 1215 741 Πύρανδρος
1329 691 1423 737 948,
1445 702 1491 737 27
1515 704 1599 738 μου,
1631 698 1668 725 et
1698 689 1863 734 διοικήσει
1881 692 1925 728 Θ.
1944 716 1984 722 -
2009 694 2056 730 28
2083 703 2283 746 vtpzmvsta.

203 756 246 791 V.
267 755 314 792 Θ.
328 779 368 785 -
384 761 431 798 40
449 753 512 790 εἶσὶ
533 751 568 789 δὲ
583 753 613 790 οἱ
626 756 669 789 V.
685 754 731 789 (·J.
753 751 892 787 omisso
914 747 1122 800 βωμολόχοι.
1275 751 1454 784 Perverse
1469 747 1667 784 scholiasta
1691 747 1770 783 sola
1796 754 1983 798 πρυτανεῖα
2001 753 2181 792 nominat.
2203 758 2286 792 No-

258 812 348 861 905‚
371 812 418 855 45
436 810 638 862 ὀξυὸοίριον,
662 816 706 855 47
725 808 759 845 δὲ
780 802 853 844 εἶπε
867 809 912 845 Θ.
1278 805 1370 840 tavit
1381 804 1527 841 Boeckh.
1554 807 1611 841 De
1636 805 1844 840 oeconomia
1873 805 1942 842 civ.
1962 806 2183 846 Athen.vol.
2202 825 2234 859 1,
2249 826 2285 862 p,

257 869 346 917 906,
364 869 411 912 48
425 867 536 917 λέγει,
559 868 606 904 50
629 865 780 914 πώματα
812 865 857 902 Θ.
884 863 1053 911 πρίσματα
1084 860 1216 899 Suidas
1281 862 1364 898 180.
1382 865 1498 899 Dim).

204 938 232 962 5.
258 925 454 976 Κυλίγνιον.
1329 920 1418 969 950,
1437 921 1484 956 30
1505 921 1584 965 Κλ.,
1600 919 1742 957 πλείονα
1760 922 1796 972 4.
1817 921 1862 959 Θ.

257 970 430 1033 9ο9,“53
457 982 516 1020 καὶ
549 980 637 1019 ὥστε
671 979 732 1022 τὰς
757 980 802 1018 Θ.
819 1001 860 1008 -—
883 993 896 1015 1
933 980 1087 1030 περιψεῐν
1118 981 1160 1014 V.
1179 986 1215 1014 et
1330 979 1430 1026 954,
1458 980 1503 1022 34
1531 978 1621 1030 θρίον
1648 978 1737 1016 libri
1761 979 1821 1016 hic
1852 987 1889 1016 et
1909 980 2019 1017 infra.
2037 1002 2076 1011 —
2095 982 2144 1019 35
2169 984 2206 1021 οὗ
2227 986 2285 1022 de-

205 1041 350 1079 Suidas.
1276 1037 1452 1083 lendum,
1478 1038 1552 1074 nisi
1579 1037 1723 1087 aliquid
1749 1037 1900 1074 excidit.
1926 1042 2098 1076 Dixn.-
2126 1041 2174 1078 38
2201 1040 2289 1080 ἵστει

258 1112 303 1147 91
315 1112 330 1134 1
353 1111 426 1135 om.
438 1098 483 1136 Θ.
500 1120 541 1125 -
560 1103 580 1141 4
594 1109 697 1146 seqq.
714 1094 898 1147 τριάκοντα
914 1093 1052 1132 πάντων
1071 1093 1214 1143 ἷοίμδου,
1276 1099 1323 1133 V.
1342 1119 1382 1124 —
1405 1097 1452 1144 39
1470 1110 1525 1132 σκ.
1542 1096 1615 1132 ἐστι
1630 1097 1674 1134 Θ.
1693 1111 1726 1132 τι
1747 1096 1880 1133 Suidas
1900 1110 1927 1133 s.
1958 1098 2076 1148 Θρίον.
2091 1127 2131 1132 -
2146 1105 2193 1142 42
2209 1101 2289 1138 ε’πι-

203 1149 252 1193 ὧν
275 1155 317 1192 τὰ
335 1157 458 1207 πρῶτα
482 1153 542 1191 δύο
563 1153 778 1205 μονόμετρα,
805 1152 848 1189 τὰ
864 1152 893 1196 ς’
912 1152 1055 1201 δίμετρα
1076 1150 1215 1189 ἀκατά-
1277 1160 1389 1205 χεῖται
1402 1158 1600 1192 Kusterus.
1621 1155 1803 1205 ἀποχεῖται
1820 1155 1904 1191 Ald.
1924 1156 2070 1193 Deinde
2089 1157 2121 1194 εἴ
2141 1173 2174 1194 τι
2191 1173 2289 1210 περι-

203 1214 334 1259 ληκτα,
354 1213 393 1250 τὸ
413 1211 448 1249 δὲ
465 1213 660 1250 τελευταῖον
683 1212 722 1249 τὸ
745 1214 772 1247 θ’
791 1210 972 1262 τρίμετρον
1003 1211 1218 1256 καταληκτι-
1276 1213 1384 1262 λαμὸ.
1402 1214 1446 1251 Θ.
1463 1238 1504 1244 -
1522 1219 1567 1259 47
1587 1221 1758 1250 correcta
1779 1226 1798 1249 a
1824 1213 2025 1250 Dindorfio
2048 1223 2084 1251 et
2108 1219 2287 1255 Kustero.

204 1269 263 1308 κόν
290 1273 333 1307 V.
375 1274 470 1317 Quae
503 1271 556 1306 sic
592 1269 818 1320 corrigenda
838 1299 848 1316 ,
880 1268 1001 1305 κώλων
1032 1267 1217 1319 τριάκοντα
1276 1270 1493 1320 Legebatur
1513 1266 1588 1307 εἶτα
1607 1270 1785 1321 ἐπαίρεται
1804 1271 1842 1307 ἐκ
1867 1272 1935 1307 τῶν
1963 1270 2076 1309 ἄλλων
2096 1287 2289 1325 περιαιρ..-.

204 1327 344 1366 πάντων
361 1327 533 1378 ἷαμὸικῶν
547 1358 556 1374 ,
573 1321 620 1365 ὧν
644 1327 687 1364 τὰ
712 1329 834 1379 πρῶτα
855 1327 912 1364 δύο
932 1327 1052 1378 <dicit
1077 1327 1218 1376 duplex
1248 1339 1252 1396 ι
1279 1335 1327 1378 49
1346 1328 1464 1381 ἕψεται
1483 1333 1527 1366 G.
1548 1329 1680 1381 ἑ-ρίεται
1706 1331 1752 1365 V.
1775 1330 1907 1380 ἑψεὶται
1925 1329 2010 1366 Ald.
2035 1331 2182 1368 Deinde
2202 1331 2290 1369 libri

206 1385 298 1424 illud
317 1386 402 1435 ἐμοῦ
421 1384 483 1435 μὲν
504 1379 577 1432 οῧν,
591 1399 754 1436 quorum
773 1386 932 1422 alterum
952 1384 1216 1434 Allantopolae‚
1249 1397 1252 1409 ·
1277 1386 1333 1424 ὅτε
1353 1389 1400 1424 ἱκ.
1428 1388 1473 1425 Θ.
1501 1386 1584 1437 ἔχει.
1607 1391 1652 1424 V.
1674 1387 1759 1424 Ald.
1782 1385 1876 1437 ἔχον.
1899 1387 2030 1424 Codex
2047 1390 2289 1427 Taurinensis

204 1446 367 1482 alterum
380 1444 633 1495 Paphlagonis
647 1445 723 1494 est)
744 1443 939 1495 μονόμετρα
955 1473 964 1490 ,
983 1442 1027 1480 τὰ
1047 1441 1100 1486 κζ’
1119 1442 1217 1491 ὃίμε-
1284 1447 1367 1491 165,
1386 1446 1450 1482 fol.
1478 1458 1561 1493 122,
1581 1446 1682 1495 apud
1698 1449 1859 1494 Peyron.
1879 1445 1926 1482 ad
1940 1449 2064 1494 Etym.
2080 1450 2128 1484 M.
2148 1461 2184 1498 p.
2200 1449 2289 1496 896,

257 2034 353 2077 919,
377 2028 424 2064 26
461 2025 671 2077 ὓπαχθέντος
689 2027 847 2072 Θ.-27
875 2026 1041 2078 μαγείρῳ.
1066 2027 1214 2064 Intelli-

206 2085 369 2135 gendum
407 2085 466 2122 vel
504 2085 721 2121 addendum
750 2083 956 2134 διαλέγεται.
990 2088 1110 2121 ΒΙΝΒ.
1143 2086 1218 2131 Qui

207 2143 345 2180 deinde
358 2142 409 2179 κθ’
427 2143 538 2179 κῶλον
559 2142 699 2192 posuit,
718 2156 790 2192 pro
811 2144 912 2192 vulg.
931 2141 958 2178 θ’
977 2143 1100 2178 κῶλον.
1121 2143 1218 2180 Vide
1959 2185 1964 2195 Ι

207 2214 323 2251 SUPra
345 2200 393 2237 ad
411 2213 448 2236 V·
469 2213 556 2248 9ῐῖ-
575 2222 617 2228 “··
646 2200 694 2236 30
718 2199 884 2251 τρίμετρα
906 2200 1146 2246 καταληκῗῑκᾶ
1171 2203 1216 2239 Θ.
1279 2204 1475 2256 Βατράχοις
1494 2203 1627 2253 εἴρηται
1647 2204 1680 2239 ἐν
1700 2203 1748 2253 τῷ
1769 2219 1782 2233 ἰ
1799 2202 1878 2238 ἀλλ’
1899 2199 2111 2251 ἀπολέσαιμ’
2130 2201 2170 2238 ἂν
2187 2203 2290 2252 ἐγκε-

208 2283 248 2290 -
266 2260 309 2294 31
330 2257 446 2310 βρᾶζεῑ
466 2262 508 2296 V-
1279 2263 1386 2316 ’ράλου
1404 2262 1486 2314 θρίω
1516 2261 1584 2299 δύο.
1603 2281 1616 2295 »
1645 2262 1752 2300 lllata
1780 2269 1866 2297 sunt
1889 2274 1934 2297 ex
1963 2259 2080 2296 Suida
2106 2274 2133 2296 s.
2157 2262 2288 2312 Θρίον,

263 2330 352 2363 921,
370 2317 416 2352 33
435 2316 507 2352 τῶν
526 2315 631 2352 δετῶν
670 2315 902 2352 Dindorfius·
920 2315 1134 2365 Legebatssr
1148 2317 1216 2352 τῶν
1248 2338 1251 2361 ς
1277 2329 1386 2357 aucta
1402 2320 1525 2356 inutili
1541 2319 1750 2369 appendice
1768 2318 1813 2354 de
1830 2318 1913 2353 loco
1933 2320 2137 2354 Ranarum.
2154 2319 2289 2357 Suidas

1280 2029 1366 2080 μετὰ
1383 2030 1490 2081 γοίρου
1511 2028 1570 2066 καὶ
1585 2030 1688 2081 τυροῦ
1709 2026 1958 2076 σκευαζόμενος
1986 2027 2043 2063 καὶ
2073 2027 2292 2078 ἑλισσόμενος

1278 2090 1312 2125 ἐν
1331 2088 1470 2141 φύλλοις
1487 2090 1594 2133 συκῆς
1609 2086 1668 2123 καὶ
1688 2084 1899 2134 ὄπτώμενος.
1917 2085 1990 2121 ἐπεὶ
2016 2085 2071 2121 ἐπὶ
2090 2086 2227 2137 φύλλων
2247 2086 2291 2124 τὰ

205 1517 270 1554 τροι
305 1502 557 1549 ἀκατάληκτα,
597 1502 636 1539 τὸ
668 1501 704 1538 δὲ
734 1503 927 1539 τελευταῖον
964 1502 1011 1551 (i.
1047 1515 1077 1538 e.
1102 1500 1218 1538 verba
1279 1505 1401 1555 ἑψηθῇ.
1419 1528 1460 1533 -—
1482 1503 1527 1539 50
1555 1502 1724 1555 ἐξαιρεθὲν
1743 1503 1878 1552 μέλιτος
1903 1503 2076 1547 ἐπιθέντος
2099 1505 2185 1555 [scr.
2210 1507 2290 1543 ἐπι-

207 1561 412 1612 βουλόμενος
431 1559 551 1598 ε’σθίων
571 1560 816 1610 ἀποπνιγείης)
834 1559 872 1597 τὸ
892 1558 944 1596 κθ’
964 1559 1144 1611 τρίμετρον
1159 1573 1219 1595 κα·
1278 1560 1458 1612 χυθέντος)
1490 1562 1718 1613 παρατίθεται
1746 1563 1791 1599 Θ.
1822 1561 1951 1598 Codex
1974 1563 2218 1600 Taurinensis
2244 1564 2289 1605 εἷς

205 1618 427 1665 ταληκτικόν.
441 1622 561 1655 Dum.
1281 1622 1406 1671 βρῶσιν
1425 1619 1542 1656 addit.
1559 1623 1696 1657 —Post
1717 1620 1763 1656 52
1781 1619 1885 1656 addit
1905 1619 1989 1656 Ald.
2006 1620 2129 1662 ἄλλως.
2148 1623 2226 1672 θρῖα
2246 1620 2290 1658 τὰ

259 1691 336 1726 912
352 1706 362 1723 ,
387 1690 432 1713 10
461 1675 655 1728 λειτουργία
680 1675 782 1734 γὰρζ.
810 1675 1035 1712 Addendum
1067 1675 1219 1712 videtur
1280 1679 1391 1731 φύλλα
1413 1680 1474 1723 ’.ἧς
1491 1680 1609 1723 συκῆς.
1640 1678 1699 1714 καὶ
1728 1677 1818 1729 θρῖον
1838 1679 1912 1714 ἐστι
1936 1676 2121 1728 σκεύασμοί
2147 1693 2180 1714 τι
2207 1679 2291 1731 παρ’

204 1737 326 1780 τοῦτο,
354 1735 415 1771 vel
434 1733 473 1771 τὸ
501 1739 722 1785 τριηραρχεῖν
753 1736 807 1778 ἦν.
833 1736 952 1770 ΒΙΝΒ.
977 1758 1017 1764 -
1046 1746 1090 1770 12
1117 1733 1218 1769 idem
1278 1738 1486 1785 Ἀθηναίοις,
1503 1738 1520 1776 ὃ
1537 1736 1792 1788 περιλαμὲοίνει
1820 1735 1907 1773 ὕειον
1936 1735 2039 1787 στέαρ
2065 1736 2124 1773 καὶ
2144 1736 2290 1788 ἐρίφειον

205 1793 371 1829 correxit
408 1793 566 1844 Ξῦτρεπῆ-
587 1792 776 1829 Edebstml'
800 1793 965 1843 &apen-Z.
986 1791 1080 1828 lbid·
1101 1806 1219 1842 παρα·-
1278 1797 1336 1834 καὶ
1358 1796 1538 1847 σεμίδαλιν
1560 1794 1618 1832 καὶ
1642 1794 1733 1843 γάλα
1748 1823 1758 1843 ,
1777 1793 1836 1830 καὶ
1854 1792 2067 1836 ,λεκυθώέους
2091 1793 2187 1843 ὠμὸν
2207 1795 2291 1846 πρὸς

205 1852 363 1896 σκευάζει
383 1853 428 1894 εἷς
444 1851 506 1898 τὴν
527 1853 572 1890 Θ.
596 1852 770 1889 Dindorf.
787 1851 948 1900 conjecit
965 1850 1219 1903 παρασκευάζει
1278 1854 1316 1892 τὸ
1335 1854 1531 1905 πήγνυσθαι,
1546 1885 1555 1901 ‚
1576 1852 1633 1890 καὶ
1648 1851 1754 1893 οὕτως
1777 1853 1822 1893 εἰς
1842 1851 1954 1903 φύλλα
1988 1854 2095 1897 συχῆς
2111 1851 2291 1901 {fiand-

204 1904 254 1953 εἷς
281 1913 300 1949 ὃ
325 1909 439 1955 τὴν-.
458 1934 500 1940 -
521 1924 566 1958 19
583 1910 745 1960 glossam
772 1910 808 1946 οὗ
826 1908 953 1947 παύσει
972 1909 1084 1947 habet
1103 1913 1159 1958 V.‚
1182 1919 1219 1946 et
1279 1929 1379 1963 μενον
1397 1913 1536 1959 ἥδιστον
1562 1911 1723 1948 ἀποτελεῖ
1743 1912 1879 1961 βρῶμα.
1901 1908 1991 1946 οὕτω
2019 1910 2180 1959 Δίδυμος.
2209 1911 2293 1948 ἕκα-

205 1967 436 2021 διαπράξομαι
455 1972 607 2013 V.‚non
625 1969 669 2005 G.
1277 1973 1368 2009 λεῖτο
1395 1971 1430 2009 δὲ
1460 1970 1518 2008 καὶ
1548 1969 1636 2015 ἄλλη
1666 1984 1716 2010 τις
1748 1967 1916 2005 σκευασία
1947 1970 2038 2019 θρῖον
2062 1999 2071 2015 ,
2104 1968 2292 2021 ἐγκέφαλος

1358 2147 1365 2157 Ι
1479 2146 1511 2155 ,,
1534 2145 1542 2156 7
1751 2145 1781 2161 ,γ
1976 2142 1983 2155 x
2017 2142 2044 2155 xx
2112 2143 2120 2155 r
2222 2144 2228 2156 ι
2260 2147 2270 2159 ,

1277 2162 1415 2197 τεμαχτ,
1433 2148 1630 2195 βαλλομενα
1652 2147 1891 2194 βασταςονται.
1911 2158 1988 2184 περι
2014 2158 2049 2180 οε
2066 2145 2157 2195 θριου
2176 2159 2234 2181 και
2255 2161 2289 2182 εν

208 2372 335 2425 δᾴδων,
359 2374 500 2410 omittit
523 2374 569 2410 Θ.
594 2395 631 2402 -
652 2374 698 2410 35
729 2372 983 2425 ὑπερκειμένων
998 2403 1007 2418 ,
1041 2373 1089 2422 39
1104 2375 1216 2424 ἀπαρ-
1247 2364 1251 2404 l
1277 2388 1402 2415 autem
1423 2379 1582 2427 sumpsit
1608 2391 1652 2413 ex
1676 2376 1819 2413 scholio
1849 2376 2011 2412 Acharn.
2038 2389 2146 2412 1100.
2168 2380 2287 2414 Dlxn.

207 2431 344 2482 ρύονται
364 2441 401 2468 et
419 2430 634 2482 ὑπερχέηται
650 2432 696 2469 Θ.
721 2432 915 2482 ὑποχέηται
937 2432 1023 2469 Ald.
1330 2438 1424 2485 956,
1447 2449 1467 2472 2
1498 2437 1565 2473 Κλ,
1593 2434 1687 2484 λέγει,
1706 2438 1762 2480 V.‚
1789 2447 1864 2470 om.
1884 2438 1929 2471 G.
1947 2432 2013 2485 γὰρ
2040 2447 2115 2471 om.
2143 2435 2188 2472 Θ.
2204 2460 2245 2466 -
2266 2438 2285 2473 3

259 2503 334 2539 922
351 2489 533 2540 κρεάγραν.
557 2492 637 2526 Imo
658 2491 786 2539 potius
806 2489 1004 2540 ζωμήρυσιν
1023 2491 1102 2526 sive
1123 2495 1216 2527 trul-
1277 2493 1331 2531 διὰ
1355 2497 1452 2545 βῆμα
1472 2498 1517 2530 V.

206 2551 280 2584 lam
302 2562 314 2583 .·
338 2556 498 2597 propter
526 2561 660 2584 vocem
690 2548 965 2598 praecedentem
987 2550 1214 2599 ἀπαρυστέον.
1330 2553 1404 2600 958
1425 2565 1497 2588 oni.
1519 2552 1564 2589 Θ.

206 2610 303 2645 Nam
321 2605 472 2658 κρεάγρα
485 2614 564 2642 erat
577 2606 869 2643 instrumentum
886 2607 1108 2643 culinarium
1123 2608 1216 2645 den·
1330 2611 1420 2658 963,
1450 2624 1493 2646 io
1518 2608 1713 2662 Ἡρόδοτος.
1742 2608 1906 2645 Phainus
1937 2608 2091 2645 videtur
2123 2618 2288 2646 transtu-

209 2672 351 2710 tatum‚
366 2665 445 2700 sive
461 2664 606 2700 fuscina
627 2664 742 2715 (unde
762 2664 1051 2716 σιδηροὸοίκτυλος
1078 2665 1216 2703 dicitur
1244 2688 1249 2734 Ι
1275 2669 1360 2705 lisse
1389 2668 1435 2705 ad
1457 2668 1732 2718 Hippemolgos
1762 2681 1843 2716 quae
1868 2666 1981 2703 tradit
1999 2667 2217 2703 Herodotus
2241 2668 2288 2704 de

209 2722 246 2757 in
275 2722 546 2771 epigrammate
570 2722 672 2771 apud
692 2723 848 2759 Suidam
875 2737 910 2759 v,
932 2721 1120 2773 Κρεοίγρα],
1141 2738 1215 2774 qua

207 2779 354 2815 extrahi
373 2779 525 2828 quidem
545 2780 688 2828 aliquid
704 2794 750 2817 ex
777 2781 849 2817 olla
870 2789 1037 2831 poterat,
1055 2783 1120 2818 sed
1138 2796 1215 2819 non

206 2836 360 2873 hauriri.
373 2840 495 2874 Kusr.
515 2837 695 2874 Scholion
712 2851 786 2874 om.
806 2843 850 2876 G.
871 2840 917 2880 ὣς
937 2838 1097 2891 μάγειρος
1115 2841 1160 2879 Θ.

259 2899 349 2942 924,
371 2895 418 2937 43
447 2893 640 2939 ἀπατήσεσι
669 2897 710 2932 V.
740 2897 826 2933 Ald.
845 2896 1042 2946 πιεζόμενος
1067 2911 1141 2935 om.
1170 2903 1213 2935 V.

1275 2727 1496 2777 Arimaspis.
1527 2730 1729 2762 Doenffius.
1759 2725 1835 2767 τοὺς
1861 2723 2021 2773 Mol-(obe
2050 2724 2219 2761 additum
2241 2740 2288 2763 ex

1275 2785 1320 2823 Θ.
1333 2809 1376 2816 -
1392 2799 1406 2821 1
1419 2799 1432 2821 1
1451 2783 1473 2830 ἢ
1492 2784 1568 2825 πέν.
1586 2785 1631 2822 Θ.
1646 2810 1686 2815 -
1710 2790 1750 2826 14
1774 2782 1864 2820 οὕτω
1882 2783 1974 2819 Γ30κεῖ
1984 2783 2028 2820 Θ.
2042 2780 2284 2829 ὅτου-πόλει;

1274 2844 1498 2889 Brunckius,
1513 2843 1700 2892 probatus
1714 2841 1876 2890 Bergkio
1891 2840 1936 2876 ad
1950 2841 2041 2888 frag.
2059 2844 2124 2876 Ar.
2140 2852 2177 2888 p.
2200 2853 2284 2887 100,

1275 2902 1340 2950 qui
1359 2908 1578 2949 sequentem
1604 2912 1778 2942 versum,
1807 2898 1901 2934 alius
1924 2909 2095 2946 personae
2122 2909 2286 2946 respon-

209 2951 257 2990 Θ.
270 2950 404 2988 Suidas
424 2966 432 2986 ε
451 2949 654 3000 Ἰπούμενος
672 2967 680 2988 :
701 2952 912 3002 πιεζόμενος,
927 2955 1212 3005 ἀναγκαζόμενος.
1274 2971 1370 3003 suin,
1394 2958 1446 2993 ita
1478 2957 1643 2993 restituit
1665 2970 1672 2991 :
1694 2954 1795 3004 Ἐμοὶ
1821 2954 1883 3003 μὲν
1911 2952 2015 2989 αἴνειν
2045 2952 2192 3003 μολγο’ν;
2223 2955 2285 2991 οὐκ

261 3009 352 3056 9²6,
375 3009 421 3050 45
450 3009 496 3049 εἷς
515 3007 553 3044 σὲ
577 3022 650 3046 0¹1¹-
667 3011 712 3048 Θ.
731 3035 772 3042 -
789 3017 835 3058 47
857 3027 915 3064 πρ.
945 3014 1013 3050 τῶν
1040 3013 1212 3050 πλουσίων
1274 3014 1442 3060 ἀκήκοας,
1464 3015 1510 3051 Θ.
1532 3027 1606 3050 om.
1639 3014 1711 3049 οὐκ.
1731 3036 1771 3042 -—
1796 3025 1838 3057 17
1870 3009 2022 3056 τούτοις,
2053 3011 2229 3048 comicis.
2243 3035 2284 3044 -

208 3064 362 3115 τάγματι
381 3064 466 3102 Ald.
480 3089 522 3095 —
536 3067 584 3109 48
602 3066 803 3116 γενήσονται
826 3073 873 3106 V.
893 3069 1106 3119 γενῆσωνται
1126 3071 1211 3108 Ald.
1278 3086 1324 3121 19
1344 3073 1405 3109 οὐκ
1420 3085 1494 3108 om.
1509 3072 1554 3108 Θ.
1572 3072 1742 3118 ἀλκμαῖον
1757 3070 1803 3107 Θ.
1827 3068 1990 3105 Cornicis
2008 3067 2134 3117 μολγός
2150 3068 2284 3106 tribuit

209 3124 360 3181 Glossffs
394 3121 469 3158 ἀντὶ
499 3125 558 3158 τοῦ
590 3127 796 3176 καταρῶμαι
833 3134 870 3163 et
903 3121 990 3170 εἶδος
1016 3127 1142 3178 ἰχθύων
1177 3137 1214 3166 et
1273 3129 1427 3178 Suidas,
1445 3141 1523 3165 non
1547 3126 1689 3176 μόλγης.
1704 3149 1744 3157 --
1763 3139 1809 3161 20
1823 3124 1912 3162 οὕτω
1930 3124 2130 3177 Σωκράτης.
2145 3128 2282 3163 Procul

207 3179 304 3218 ποιὸν
322 3182 409 3229 ἦχον
428 3179 604 3215 ἀποτελῶν
624 3181 736 3219 habet
754 3187 814 3230 V.‚
835 3197 910 3224 om.
929 3189 974 3223 G.
1273 3186 1391 3223 dubio
1407 3184 1671 3234 corrigendum
1692 3182 1798 3225 οὕτως
1817 3185 1834 3219 ὁ
1857 3182 2009 3234 Κράτης.
2029 3187 2159 3221 Crates
2180 3185 2281 3221 enim

260 3237 335 3286 935
352 3235 560 3287 προσλάςοῑῧ
581 3239 626 3272 V·
1273 3245 1537 3294 grammaticus
1564 3243 1808 3291 intelligitur,
1830 3249 1867 3278 et
1892 3241 2053 3278 aliorum
2082 3250 2280 3292 poetarum

257 3301 332 3344 941
351 3324 361 3342 ‚
395 3300 414 3337 [ι
445 3296 549 3345 ’[09οῧ
578 3293 718 3337 δίκωλῡς
746 3299 799 3345 ἐν,
833 3313 851 3344 7
875 3301 1154 3347 καταληκτικοῧ,
1188 3303 1210 3338 8
1272 3304 1459 3351 interpres
1477 3310 1512 3338 et
1529 3300 1695 3338 Hesiodi.
1730 3302 1974 3336 VALGKENAR.
2017 3299 2064 3336 ad
2099 3299 2275 3337 Phoeniss.
