2533 3808
283 237 357 268 698

325 316 430 350 lateat,
458 313 628 342 655-686,
655 306 886 344 persequuntur
921 306 953 333 et
985 302 1174 332 ustulaturae
1205 299 1280 330 sunt

324 358 561 393 Mnesilochum,
580 355 634 393 qui
662 353 812 383 infantem
831 350 924 380 unius
941 348 1081 379 mulieris
1101 347 1284 386 abreptum,

328 409 428 434 utrem
443 402 569 442 quidem
587 401 664 437 vini,
682 399 720 429 ad
736 406 822 427 aram
837 396 999 426 immolare
1017 394 1167 431 minatur3
1186 394 1287 423 689—

324 453 392 482 704.
425 453 457 479 tn
483 447 624 488 parabasi
647 455 686 477 ex
718 444 796 484 ipsis
830 443 971 473 virorum
998 441 1105 473 verbis
1132 440 1287 478 factisque

321 497 491 528 extendunt
507 505 539 526 se
556 503 619 525 non
635 501 704 524 esse
718 493 836 522 malum
851 502 859 529 3
878 492 910 521 et
925 499 990 521 rem
1005 498 1096 520 suam
1111 489 1222 519 melius
1235 487 1287 517 ad·

323 544 517 573 ministrasse
542 549 637 580 quam
653 540 738 569 viros
764 537 1010 577 rempublicam,
1035 538 1206 567 785-829.
1236 534 1287 564 Di-

322 588 528 627 stinguendos
545 595 614 617 esse
641 586 812 616 mulierum
836 585 971 614 honores
988 585 1180 623 proponunt,
1196 581 1289 620 prout

323 637 436 666 sortem
460 636 513 665 aut
534 633 683 665 timidum
700 635 732 662 et
753 631 897 662 inutilem
917 630 1023 660 virum
1047 637 1180 668 quaeque
1197 636 1287 667 pepe-

324 682 411 720 rerit,
435 682 608 712 830—845.
630 683 699 710 Una
729 678 841 713 mulier
867 676 1027 716 redarguit
1055 675 1287 706 Mnesilochum

324 728 485 764 Helenam,
511 729 542 758 et
564 725 747 764 Euripidem
765 724 939 754 Menelaum
957 725 1096 761 agentes,
1115 722 1286 753 852—923.

323 775 438 805 Vincto
464 773 674 810 Mnesilocho,
707 780 816 802 omnes
843 771 930 800 festis
956 769 1079 800 choreis
1101 772 1133 799 et
1165 768 1289 807 hymnis

324 819 449 856 ludunt,
486 821 679 850 947-1000.
713 817 869 847 Palladem
898 815 1040 855 tyrannis
1074 815 1234 845 inimicam
1260 815 1291 844 et

324 875 398 896 suas
423 865 499 896 deas
519 866 650 902 canunt,
670 866 880 894 1136—1158.
909 867 988 893 Cum
1014 862 1159 901 Euripide
1182 871 1289 901 pacem

326 912 445 942 faciunt
459 911 665 951 promittente
680 919 714 942 se
727 918 789 940 non
807 909 888 939 ultra
901 908 987 948 ipsas
999 908 1152 938 conviciis
1166 908 1291 938 lacessi-

326 962 455 995 tur-um,
495 961 705 988 1160-1171.
734 957 884 995 Sentium
915 956 1084 995 deceptum
1115 954 1291 993 ludificant,

329 1007 541 1035 1217—1231.

285 1050 618 1090 'rliesmophoriazusnt¹
632 1049 750 1086 alterae,
766 1047 870 1078 fabula
883 1046 1102 1086 Aristophanis
1120 1047 1227 1086 (plane
1248 1047 1295 1077 di-

327 1106 418 1127 versa
444 1096 549 1127 fabula
575 1105 591 1126 a
613 1094 949 1134 Thesmophoriazusis
976 1094 1216 1133 superstitibus,
1242 1094 1293 1124 cui

327 1143 504 1174 Demetrius
527 1142 711 1173 Trsrzenius
741 1141 1032 1181 Θεσμοφοριάσασαι
1058 1140 1293 1170 inscribendum

326 1197 394 1218 esse
407 1188 546 1228 putavit,
559 1187 615 1227 fr.
644 1191 716 1225 301,
733 1187 849 1226 quippe
872 1187 994 1217 actione
1018 1187 1228 1226 Καλλιγενείας
1246 1186 1296 1217 die

328 1234 394 1264 lieri
425 1235 513 1272 licta,
536 1243 609 1274 quae
627 1234 776 1271 Νηστείαν
796 1233 972 1273 sequitur);
994 1241 1025 1264 υ.
1039 1232 1094 1271 sr.
1121 1235 1295 1271 300-323,

327 1289 358 1319 p.
377 1282 435 1311 487
453 1289 524 1321 sqq.

287 1327 592 1366 Thesmophorium,
627 1325 783 1365 templum
809 1325 1037 1367 Θεσμοφόροιν,
1071 1324 1201 1356 Thesm.
1226 1328 1296 1363 278,

330 1377 399 1404 880.

289 1418 535 1458 Thesmophoria
561 1419 702 1459 (duali),
732 1420 831 1449 Ceres
857 1419 889 1448 et
917 1419 1138 1456 Proserpina,
1168 1417 1297 1449 Thesm.

330 1468 380 1504 33,
405 1469 455 1505 89,
483 1468 554 1503 282,
583 1469 654 1503 295,
684 1468 770 1496 1230.
801 1465 993 1495 invocantur
1013 1463 1056 1494 ib.
1087 1466 1298 1495 1148-1159.

333 1516 372 1542 hx
390 1512 598 1553 Θεσμοφόροιν
612 1511 756 1551 (templo)
771 1519 885 1541 arcana
898 1518 961 1540 non
977 1510 1113 1540 esserunt
1136 1511 1299 1550 mulieres,

336 1558 424 1588 licet.
441 1560 498 1587 442
512 1567 562 1597 sq.

294 1604 536 1635 Thesmothelce
562 1605 675 1643 myrto
697 1602 963 1640 coronabantur,
986 1603 1100 1633 Cereri
1125 1604 1157 1632 et
1181 1602 1301 1641 inseris

330 1657 442 1687 sacra,
460 1651 543 1681 teste
556 1649 771 1689 Apollo.‹'oro,
795 1651 880 1679 Itan.
900 1651 970 1678 330.
989 1648 1214 1679 Thesmotheta
1229 1658 1301 1679 con-

332 1700 423 1727 vocat
438 1697 603 1727 ecclesiam
623 1705 695 1727 curn
721 1695 817 1727 11111115
835 1695 865 1726 111
884 1703 955 1726 sero
969 1694 1187 1734 advenientes,
1211 1697 1300 1726 Eccl.

333 1746 392 1773 290
405 1751 468 1782 sq„
485 1743 542 1774 ubi
564 1743 652 1779 conf.
672 1745 740 1773 not.
763 1742 1004 1773 Tliesmollzetae
1017 1749 1093 1773 cum
1106 1742 1219 1774 scriba.
1234 1751 1290 1774 sor

334 1791 472 1820 liuntur
488 1798 530 1820 cx
548 1798 612 1819 sua
637 1792 760 1829 quique
788 1789 1024 1828 tribujudices
1042 1792 1072 1820 et
1095 1790 1228 1820 decreto
1244 1799 1304 1820 suo

333 1837 570 1873 constituunt,
596 1837 685 1874 Vesp.
711 1839 769 1867 775
787 1857 797 1870 ,
824 1836 876 1866 Pl.
896 1838 976 1870 277;
994 1838 1027 1866 et
1046 1836 1237 1866 excludendi
1250 1837 1302 1874 ju-

336 1882 420 1911 dices
442 1881 495 1919 jus
519 1881 656 1919 habent,
696 1884 786 1920 l'esp.
805 1884 876 1912 775.
896 1882 1120 1912 Thesmotheta
1136 1882 1167 1912 in
1188 1883 1304 1920 judicio

335 1928 659 1967 appellaturajudice
684 1930 771 1967 Περ.
795 1932 865 1959 935.
892 1929 1017 1960 Aderat
1048 1931 1137 1959 enini
1161 1929 1304 1959 thesmo-

337 1974 431 2004 theta
447 1974 619 2013 injudicio
630 1983 707 2004 cuin
724 1975 857 2013 bacillo,
872 1975 1026 2006 indicans
1044 1975 1306 2006 condemnatum

339 2020 590 2058 alnlucendum,
612 2022 703 2060 Vcsp.
723 2024 792 2052 991.

297 2067 429 2105 Thespis
455 2074 462 2095 ε
490 2067 628 2106 antiquie
659 2067 839 2098 saltationes
870 2069 985 2107 quibus
1009 2069 1140 2108 Thespis
1166 2070 1307 2099 certabat

339 2113 369 2142 iu
400 2113 522 2151 choris;
551 2113 797 2152 cilliaroedum‚
832 2123 897 2145 non
930 2117 1116 2155 trayicum,
1146 2116 1306 2155 intelliyit

338 2159 456 2197 schot,
486 2161 575 2198 resp.
596 2162 683 2190 1479.

301 2204 485 2244 Thesproti,
505 2207 565 2245 Eq.
583 2209 631 2237 78.
652 2206 865 2245 Thesprotia,
884 2209 941 2238 Αυ.
958 2209 1027 2237 465.

298 2251 458 2281 Thessala.
490 2252 566 2282 Vide
579 2253 756 2283 Thessalus.

304 2298 498 2336 Thessalia,
518 2299 606 2328 A‘ub.
632 2302 699 2329 133.
720 2301 759 2330 In
775 2307 847 2329 eam
871 2302 959 2329 venit
985 2299 1147 2338 Telephus
1164 2302 1196 2330 et
1213 2309 1310 2330 sana-

342 2346 399 2374 tur
415 2345 469 2382 (ab
491 2344 631 2382 Aclulle)
644 2368 652 2382 ,
668 2345 756 2375 Nub.
775 2349 846 2376 922.
866 2349 901 2376 lu
928 2346 1087 2376 Thessalia
1111 2347 1237 2386 plurimi
1259 2348 1308 2377 ἁν-

341 2391 551 2430 δραποδισταί,
570 2391 723 2430 plagiarii,
743 2393 794 2423 l’l.
815 2396 884 2423 521.
905 2395 1194 2432 Perstrinquntur
1216 2394 1310 2424 Thes—

340 2437 407 2467 sali
423 2437 648 2476 utplaqiurii,
666 2439 985 2479 turpilucricupidi,
1001 2442 1157 2478 raptores
1168 2463 1176 2478 ‚
1194 2440 1309 2479 infidi,-

345 2483 435 2512 locus
455 2483 642 2522 Euripidis,
655 2484 735 2515 ibid.

300 2529 479 2559 Thessalus.
502 2529 726 2560 Thessalorum
751 2532 905 2570 penestae,
934 2533 1025 2571 Vesp.
1051 2534 1127 2563 1273
1151 2541 1220 2572 sq.‚
1241 2533 1309 2564 sch.

348 2578 433 2605 1271.
449 2575 669 2605 'thessalorum
684 2585 782 2607 coenae
800 2577 1042 2615 copiosissimae,
1060 2578 1115 2615 fr.
1130 2581 1199 2609 413.
1217 2579 1311 2609 'rhes-

343 2621 420 2659 sali,
438 2623 515 2651 socii
531 2623 665 2660 Hippiae
688 2624 827 2660 tyranni
844 2625 879 2653 in
896 2623 982 2654 bello
1000 2627 1119 2654 contra
1138 2625 1313 2655 Athenien-

343 2674 434 2702 ses‚a
448 2666 622 2697 Laconibus
633 2668 716 2706 caesi,
734 2670 808 2707 Lys.
824 2669 990 2706 1152‚scli.
1010 2673 1097 2707 1153,
1116 2672 1206 2708 l'esp,
1225 2673 1310 2701 1245.

350 2712 501 2743 Thessali
522 2713 623 2744 multi
648 2714 814 2745 amabunt
843 2715 1007 2753 Laide1n;
1031 2724 1140 2755 quare
1161 2718 1268 2746 occis-a
1291 2726 1313 2748 a

344 2758 544 2789 mulieribus
573 2759 761 2790 Thessalis:
789 2760 867 2791 hinc
887 2763 992 2800 pestis
1018 2763 1144 2791 tricasit
1167 2761 1312 2792 Thessa-

346 2806 448 2843 liam,
466 2813 572 2844 usque
589 2806 670 2836 dum
686 2808 839 2844 delarue
867 2809 997 2838 Veneris
1017 2808 1180 2847 templum
1200 2809 1315 2839 conde·

347 2852 460 2888 retur,
492 2852 544 2882 Pl.
575 2854 628 2882 179
656 2854 688 2882 et
720 2855 786 2883 not.
819 2853 910 2884 Adde
936 2854 1107 2884 Thessalia.
1136 2854 1315 2886 Thessalus

353 2896 578 2935 Tliucydich,
600 2900 689 2937 l'esp.
707 2902 777 2930 947.
794 2900 942 2931 Thessala
964 2900 1077 2930 mulier
1093 2901 1230 2931 venetica
1244 2925 1252 2939 ,
1271 2902 1314 2932 lu-

347 2951 419 2972 nam
435 2943 591 2973 deducens
603 2967 612 2981 ‚
638 2945 725 2975 A‘ub.
742 2948 822 2984 749,
840 2949 921 2983 750;
948 2955 1029 2977 nam
1055 2946 1205 2977 Thessali
1223 2956 1315 2978 venc-

347 2989 399 3024 tici
414 2989 653 3029 credebantur,
665 2993 766 3022 etiam
780 2993 1047 3024 scholiaslarum.
1062 2996 1221 3032 tempore,
1235 2997 1316 3034 quia

348 3035 463 3066 Medea
481 3037 515 3066 in
536 3036 621 3075 fuya
643 3038 911 3076 pharmacorum
935 3041 1056 3070 cistam
1076 3040 1121 3070 ibi
1144 3040 1314 3079 chcceril,

349 3090 426 3121 quw
441 3081 707 3121 pullulaverint,
723 3086 792 3115 749.

312 3127 503 3204 ΤΙιῒςεαὶιιΙις,
519 3129 678 3160 Herculis
684 3130 798 3169 silius,
814 3139 836 3162 a
853 3140 917 3172 quo
933 3140 1036 3171 oenus
1050 3131 1194 3163 deduxit
1214 3134 1316 3163 Penc-

349 3183 364 3203 s
384 3182 418 3210 a,
466 3181 533 3212 esp.
556 3177 643 3205 1271.

310 3222 418 3257 Θῆτες,
434 3227 594 3258 quaenam
610 3221 729 3251 classis
746 3225 870 3254 ciuium
887 3224 1151 3263 Atheniensium,
1167 3226 1228 3264 Eq.
1245 3224 1316 3263 627;

347 3269 414 3295 ’11011
431 3264 625 3304 militabant,
639 3269 828 3307 Dcelal.sr.
848 3272 896 3300 41.

310 3311 417 3343 Thotis
433 3319 513 3340 uxor
528 3310 600 3341 data
623 3313 712 3343 Peleo
728 3314 769 3344 oh
785 3316 973 3347 modestiam
987 3340 995 3355 ,
1015 3315 1129 3347 deiude
1146 3316 1236 3347 abeo
1253 3317 1317 3347 dis-

353 3356 445 3387 cessit
461 3364 522 3385 nou
548 3357 625 3388 satis
643 3358 814 3391 libidinoso
823 3383 833 3394 ,.
850 3363 890 3392 ut
911 3364 1063 3394 Comicus
1080 3362 1185 3400 dicit;
1206 3365 1317 3401 utJa-
1346 3357 1354 3407 1

937 218 1088 255 INDEX
1116 214 1344 254 Nummum
1381 213 1443 249 ΕΤ
1475 213 1657 249 utinum.

1385 298 1487 334 bula,
1518 299 1600 337 qnia
1627 296 1747 328 Peleus
1769 296 1952 326 clamorem
1977 297 2102 326 ezlult't
2130 297 2293 328 Achillem
2318 303 2350 330 in

1384 347 1458 383 iane
1477 344 1604 378 videns,
1621 345 1676 373 cui
1698 342 1807 374 Thetis
1821 350 1896 372 eum
1909 341 2110 372 admoverat
2126 344 2353 376 immortalem

1378 391 1550 429 factura,
1576 389 1661 420 Nub.
1687 391 1897 420 1067-1069.
1928 388 2097 419 Tlielidem
2119 389 2245 420 multos
2261 391 2353 430 filios

1386 445 1428 466 ex
1449 437 1540 466 Peleo
1559 437 1728 474 susceptos
1744 436 1790 465 sic
1809 435 2019 465 immortales
2040 434 2180 466 reddere
2197 436 2356 477 voluisse,

1387 482 1467 512 ibid.

1347 528 1449 558 Thoas
1476 536 1552 565 rex,
1584 529 1673 566 pater
1702 524 1907 564 Hypsipyles,
1939 525 2104 555 hominum
2134 526 2358 567 tardissimus,

1391 576 1515 611 Lemn.‚
1528 573 1585 611 sr.
1601 575 1671 603 324.

1347 620 1524 658 Thorffcion
1543 628 1590 649 res
1604 618 1716 649 vetitas
1728 619 1916 656 exportari,
1935 617 2032 655 coria,
2050 617 2157 656 lintea,
2175 619 2288 659 picem,
2312 621 2358 652 ad

1389 674 1490 696 nares
1503 665 1618 701 utilia,
1636 673 1672 694 ex
1689 663 1801 702 AEgiua
1814 665 1961 702 emporio
1981 663 2168 702 Epidaurum
2186 665 2285 696 mittit
2298 668 2360 697 La-

1389 712 1526 742 conibus
1543 710 1706 747 deditam,
1724 709 1950 740 vicesimarum
1968 712 2098 739 exactor
2115 711 2361 750 perditissimus,

1390 761 1473 788 Itan.
1503 759 1675 788 362-364.
1698 757 1787 786 Erat
1815 755 1973 794 ταξίαρχος
1995 757 2030 785 in
2055 755 2141 786 bello
2159 757 2361 796 Peloponne—

1390 805 1481 834 siaco
1493 827 1503 841 ‚
1526 803 1565 833 ob
1584 802 1811 841 proditionem
1827 803 1966 831 notatus
1983 810 2005 831 a
2023 802 2176 839 comicis,
2194 806 2264 833 362.
2283 803 2364 836 ’1110-

1392 849 1518 888 rycioue
1532 848 1634 879 invito
1649 849 1780 887 patriam
1795 847 1935 878 servabit
1956 847 2108 885 Minerva,
2128 850 2211 878 Itan.
2229 851 2301 880 381.

1357 895 1538 934 Thorycius
1551 897 1655 934 paler
1676 895 1824 928 camini,
1846 893 2069 924 Pherecrates
2088 895 2178 933 Vesp.
2200 898 2288 925 1509.

1351 943 1505 978 Thraces,
1530 941 1609 974 Acti.
1640 944 1696 972 153
1722 949 1793 980 sqq.
1815 942 1858 970 In
1882 941 2064 970 sinistrum
2088 940 2181 971 tatus
2207 941 2366 979 rejiciunt

1387 989 1561 1027 pallium,
1586 991 1644 1019 Av.
1672 990 1760 1018 1567.
1789 987 1835 1017 Τὰ
1860 987 1962 1016 αἰδοῖα
1977 986 2171 1017 ἀπετίλλοντο
2187 988 2239 1018 καὶ
2255 987 2368 1018 ἀποσε-

1393 1035 1527 1075 συρμένα
1544 1035 1626 1074 εἶχον
1639 1057 1648 1072 ,
1665 1034 1735 1065 sch.
1756 1033 1833 1064 Ach.
1855 1035 1921 1063 157.
1942 1033 2037 1063 Alliis
2053 1033 2264 1064 vehementer
2280 1033 2365 1065 dele-

1394 1082 1549 1119 ctantur,
1566 1088 1685 1120 quare,
1701 1079 1778 1110 Ach.
1798 1083 1864 1110 162.
1881 1081 2011 1110 Eorum
2025 1078 2178 1109 Bacchus
2191 1079 2367 1119 Sabazius,

1401 1128 1491 1165 Vesp.
1507 1129 1535 1156 9.
1558 1126 1703 1157 Thraces
1718 1127 1848 1157 Boeotos
1860 1126 1984 1165 patria
2000 1125 2181 1163 ejecerant,
2194 1125 2282 1155 A‘ub.
2300 1129 2369 1163 133,

1395 1173 1450 1203 Pl.
1470 1174 1541 1203 604.

1355 1220 1504 1257 Thracia,
1524 1218 1603 1250 Ach.
1628 1221 1682 1249 136
1701 1226 1787 1258 sqq„
1812 1220 1886 1257 Lys.
1908 1222 1975 1248 103.
2004 1219 2109 1248 Terra
2125 1219 2234 1249 Marti
2249 1227 2371 1258 sacra,

1397 1269 1455 1298 Av.
1476 1268 1562 1296 1309.
1588 1264 1640 1295 Ibi
1656 1264 1756 1295 duces
1779 1264 2032 1294 Atheniensium
2049 1264 2126 1295 Cleo
2148 1266 2182 1295 et
2202 1266 2370 1305 leucydi-

1397 1314 1466 1350 des,
1495 1315 1586 1352 Vesp.
1606 1315 1677 1344 947.
1693 1311 1873 1343 Proditores
1885 1315 1946 1341 τῶν
1964 1311 2013 1342 ἐπὶ
2029 1311 2162 1352 Θρᾴκης,
2184 1314 2276 1352 Vesp.
2300 1316 2370 1345 288.

1398 1359 1597 1391 Atheniensis
1619 1366 1743 1398 pugnax
1767 1358 1798 1388 in
1822 1358 1989 1389 Thraciam
2016 1359 2141 1389 avolare
2159 1358 2292 1397 jubetur
2312 1363 2370 1391 Αυ.

1403 1407 1479 1437 1369
1507 1415 1514 1435 :
1543 1413 1625 1436 nain.
1650 1413 1686 1435 eo
1706 1403 1912 1444 frequentes
1942 1404 2173 1444 expeditiones
2191 1405 2375 1444 faciebant

1399 1451 1627 1488 Athenienses,
1645 1450 1688 1480 z'b.
1708 1452 1751 1481 In
1772 1450 1917 1481 Thracia
1933 1453 2092 1490 pchnant
2105 1451 2325 1491 Phrynichus
2341 1456 2374 1486 el

1403 1498 1609 1529 Charniinus
1624 1496 1780 1535 colleqoe,
1801 1496 1929 1527 Thesm.
1952 1499 2022 1528 804.

1359 1545 1492 1575 Thracia
1520 1542 1656 1574 hirundo
1677 1551 1771 1582 super
1796 1542 1931 1573 barbaro
1956 1543 2029 1574 folio
2049 1544 2198 1576 sessitans
2223 1545 2256 1576 111
2281 1545 2378 1577 labris

1401 1591 1616 1630 Cleophontis,
1637 1591 1695 1629 qui
1714 1590 1830 1621 Thrax:
1843 1592 1875 1621 et
1893 1590 2043 1630 loquar,
2063 1593 2144 1622 Ran.
2161 1593 2232 1623 681.

1361 1637 1614 1675 Thracophoetae‚
1637 1635 1834 1675 Gei'yt.,sr.
1861 1639 1928 1668 198.

1366 1683 1538 1720 lerassa,
1559 1682 1611 1714 vel
1644 1682 1790 1714 Thracia
1806 1683 1944 1721 mulier,
1971 1684 2025 1715 vel
2047 1685 2231 1723 proprium
2257 1692 2377 1717 nomen

1404 1731 1525 1761 matris
1547 1730 1771 1769 Cleophonlis,
1789 1732 1873 1761 Ran.
1891 1733 1963 1768 679,
1980 1734 2050 1761 681.
2071 1729 2164 1769 Conf.
2178 1730 2320 1761 Thi-atta.

1363 1777 1579 1815 Thrasybulus
1603 1784 1666 1806 nou
1685 1776 1863 1807 advocatur
1885 1777 1955 1816 (vir
1976 1777 2063 1808 utilis
2085 1779 2154 1807 tum
2176 1785 2303 1816 peregre
2323 1777 2379 1808 de-

1404 1825 1509 1863 gens),
1527 1823 1617 1854 Ecct.
1635 1827 1704 1854 203.
1722 1825 1810 1854 Erat
1824 1826 2023 1863 imperiosus
2035 1848 2045 1862 ‚
2062 1832 2244 1855 munerum
2258 1826 2379 1864 capta·

1407 1873 1471 1907 tor,
1490 1869 1654 1908 superbus
1667 1872 1875 1909 contemptor
1892 1871 2035 1910 populi,
2054 1871 2111 1910 qui
2127 1872 2240 1901 omnia
2260 1879 2324 1910 per
2345 1880 2381 1902 se

1406 1918 1464 1954 ayt
1480 1916 1594 1953 veltet,
1612 1916 1655 1945 ib.
1675 1916 1894 1955 Thrasybulus
1916 1916 2079 1947 Laconicis
2099 1916 2220 1956 leqatis
2233 1941 2241 1955 ‚
2262 1919 2321 1957 qui
2340 1918 2380 1948 de

1407 1962 1551 1994 induciis
1569 1965 1763 1994 tractatum
1782 1966 1948 1994 venerant
1962 1987 1970 2001 ,
1995 1964 2197 2002 respondere
2215 1963 2354 1994 debebat
2369 1974 2379 1993 .-

1407 2009 1465 2040 sed
1481 2009 1678 2040 muneribus
1692 2011 1875 2048 corruptus
1891 2009 1972 2040 dixit
1987 2018 2021 2040 se
2034 2010 2129 2049 piros,
2141 2009 2286 2050 ἀχράδας,
2298 2019 2381 2041 coni-

1407 2054 1515 2086 edi‘sse
1539 2063 1599 2085 nec
1621 2063 1716 2094 posse
1734 2055 1844 2094 loqui,
1865 2055 1956 2086 Eccl.
1975 2058 2045 2086 355.
2071 2056 2289 2094 Thrasybulus
2317 2056 2380 2086 dis·

1408 2101 1589 2131 simillimus
1612 2101 1764 2140 Dionysio
1781 2111 1788 2131 ;
1813 2103 1892 2140 Lyci
1902 2101 2003 2140 filius
2022 2103 2217 2141 (Stiriensis)
2229 2125 2240 2140 ‚
2253 2105 2382 2142 palrice

1408 2149 1664 2178 amantissimus
1679 2171 1689 2185 ‚
1707 2149 1759 2178 vir
1775 2150 1927 2187 eqreqius
1941 2171 1950 2186 ,
1972 2149 2030 2188 qui
2054 2149 2199 2187 triyinta
2216 2144 2382 2188 tyrannos

1409 2196 1527 2225 evertit
1546 2193 1656 2232 Phyle
1672 2197 1856 2233 occupata,
1871 2197 1905 2225 in
1930 2196 2075 2233 Pirceeo‚
2092 2195 2149 2226 ubi
2166 2197 2292 2227 Critias
2306 2205 2382 2236 per-

1411 2242 1472 2278 iit,
1488 2241 1540 2271 Pl.
1557 2244 1616 2271 550
1629 2264 1638 2278 ,
1658 2242 1754 2278 11463
1772 2241 1824 2272 vel
1840 2243 1880 2278 is,
1894 2241 1934 2272 de
1947 2249 2012 2281 quo
2027 2243 2168 2272 Slraltis
2181 2243 2216 2272 in
2235 2244 2381 2280 Cinesia,

1409 2287 1611 2326 ἀξιωματικὸς
1628 2289 1679 2317 καὶ
1696 2287 1826 2324 αὐθάδης
1842 2297 1850 2324 ;
1877 2287 1929 2318 vel
1947 2288 2170 2327 conulensis,
2193 2288 2291 2326 cujus
2307 2288 2382 2327 sor-

1413 2336 1499 2364 tasse
1508 2333 1631 2372 frater
1653 2336 1716 2365 aut
1726 2336 1942 2374 propinquus
1958 2336 2152 2373 Dionysius,
2167 2338 2238 2365 550.

1375 2380 1601 2419 Thrasyllus,
1621 2380 1695 2411 dux
1718 2380 1764 2411 ad
1780 2383 2007 2420 Aryinusam,
2025 2381 2192 2420 supplicio
2211 2380 2363 2420 affectus
2376 2405 2386 2421 ,

1415 2430 1499 2457 Itan.
1519 2431 1606 2457 1196.

1371 2473 1626 2512 'flu-asymachus
1643 2472 1710 2511 (lilii
1728 2473 1864 2512 improbi
1883 2472 2023 2510 nomen),
2041 2472 2244 2512 Doelal.‚sr.
2263 2476 2289 2503 1.

1371 2520 1519 2557 Tliratta,
1538 2527 1656 2550 nomen
1671 2519 1810 2549 ancilloe
1822 2519 1863 2550 de
1878 2522 2000 2558 patria
2025 2518 2172 2550 Thracia
2184 2543 2193 2558 ‚
2211 2519 2288 2550 Acti.
2312 2522 2383 2554 273,

1421 2568 1510 2605 l'esp.
1531 2568 1609 2603 828,
1635 2567 1715 2595 Pac.
1741 2568 1837 2604 1138,
1865 2566 1994 2596 Thestii.
2017 2569 2093 2604 279,
2120 2568 2198 2603 280,
2224 2568 2294 2604 284,
2312 2568 2384 2597 293.

1417 2612 1565 2643 Thralta
1580 2611 1729 2649 tibicina,
1751 2613 1842 2650 Vesp.
1867 2615 1954 2642 1373.

1372 2659 1475 2688 Thrax
1494 2657 1596 2694 miles,
1612 2658 1686 2695 Lys.
1706 2661 1776 2687 563.
1801 2657 1875 2688 ride
1889 2658 2036 2688 Thraces.

1373 2705 1514 2741 'flu-elle,
1534 2704 1751 2734 barbaricum
1768 2703 1980 2741 vocabulum,
1996 2705 2058 2743 Eq.
2078 2705 2126 2734 17.

1374 2751 1499 2791 Θρίηθεν
1519 2751 1581 2780 atii
1607 2751 1722 2789 leyunt
1738 2759 1803 2789 pro
1827 2751 1959 2791 Κριῶθεν
1977 2752 2009 2781 in
2029 2752 2085 2781 Αυ.
2105 2753 2163 2781 645
2176 2773 2186 2790 ,
2205 2753 2388 2792 quipaqus

1415 2798 1464 2827 cst
1482 2796 1629 2828 OEncidis
1647 2796 1769 2826 lribus.

1375 2847 1485 2885 ωρῖον,
1512 2842 1605 2874 cibus
1631 2843 1860 2882 Atheniensis,
1879 2844 1976 2884 quali
2002 2843 2100 2875 niodo
2120 2845 2289 2884 paretur,
2307 2844 2383 2876 Aeli.

1420 2894 1511 2928 1101,
1531 2891 1593 2930 Eq.
1609 2892 1679 2920 954.
2219 2928 2228 2934 .

1375 2937 1575 2976 Thucydides
1587 2959 1595 2974 ,
1612 2937 1760 2968 Melesioe
1778 2936 1872 2973 tilius
1883 2960 1893 2974 ‚
1919 2936 2125 2976 fortissimus,
2148 2937 2180 2968 in
2196 2939 2359 2969 senectute
2371 2947 2388 2968 a

1417 2989 1647 3030 Cephisodemo
1674 2992 1839 3020 accusatur
1864 2992 1894 3020 et
1913 2998 1932 3020 a
1957 2990 2073 3029 Scytha
2098 2989 2288 3029 abducitur,
2307 2990 2386 3020 Ach.

1418 3038 1591 3068 702-712.
1620 3035 1830 3073 Thucisdides
1857 3037 2054 3066 ostracisnio
2076 3036 2298 3074 ejiciebatur,
2326 3038 2388 3076 Eq.

1418 3082 1704 3121 855.'1'l;urydi‹l‹·s
1718 3081 1891 3120 injudicio,
1907 3091 2005 3121 [pium
2020 3082 2188 3113 defendere
2201 3091 2235 3113 se
2246 3082 2387 3120 deberet,

1419 3129 1525 3160 subito
1541 3129 1723 3166 obmutuit,
1748 3130 1834 3168 l'csp.
1857 3132 1914 3160 947
1938 3137 1986 3168 sq.
2006 3131 2135 3160 Putant
2149 3137 2218 3159 csse
2241 3129 2389 3159 Melesioe

1410 3177 1530 3216 filium
1551 3176 1803 3215 Alopecensem‚
1824 3178 1856 3206 in
1881 3176 2079 3207 decennium
2101 3177 2300 3206 ostracismo
2324 3176 2388 3213 eje·

1418 3226 1511 3254 ctum
1525 3234 1535 3254 .·
1553 3231 1753 3262 quanquam
1773 3222 1975 3253 Idomeneus
1989 3223 2090 3253 exilio
2103 3231 2177 3253 eum
2200 3222 2283 3252 dicit
2303 3222 2387 3252 mul-

1421 3272 1534 3301 tatum
1550 3272 1582 3300 ct
1597 3270 1681 3300 bona
1695 3269 1892 3308 publicata,
1912 3272 1952 3300 ut
1967 3269 2169 3309 proditoris,
2183 3267 2275 3299 etad
2290 3271 2387 3299 Area-

1420 3325 1562 3347 ,τω-,10111
1594 3325 1670 3347 euni
1692 3316 1837 3355 suyisse.
1865 3317 2006 3346 Periclis
2035 3317 2112 3346 erac
2145 3317 2179 3345 in
2215 3314 2387 3354 republica

1421 3362 1654 3399 adversarius,
1672 3370 1868 3402 qiutnquani
1891 3362 2115 3401 'theopompus
2129 3361 2220 3392 hunc
2233 3361 2389 3391 Pantccni
