2533 3808
304 194 379 229 608

305 278 550 315 constitutum
568 289 589 312 a
613 273 865 324 grammaticis
886 274 986 311 haud
1008 273 1217 310 absurdum
1237 274 1317 310 dis—

304 336 447 372 crimen
468 333 573 370 πόθου
598 341 635 369 01
651 332 798 384 ἔρωτος,
829 331 1113 381 verborumque
1140 334 1258 369 ποθεῖν
1280 340 1317 368 et

302 395 395 444 ἐρᾷν,
411 406 455 428 ex
476 391 614 440 quibus
631 391 703 428 hoc
722 399 779 427 est
793 391 986 440 praecipua
1003 391 1037 426 vi
1056 392 1315 440 praesentium,

300 451 393 488 illud
406 451 452 487 ad
468 450 641 487 absentes
663 450 829 500 pertinet
852 464 859 484 :
882 450 1088 486 Theocrito
1107 450 1218 486 etiam
1245 450 1288 485 13
1305 478 1314 495 ,

301 511 368 554 65,
398 509 578 545 Hercules
610 509 728 546 Παῖδα
757 509 872 544 ποθῶν
906 507 1079 546 δεδόνατο.
1116 508 1316 557 Adjectam

298 580 391 605 vero
406 567 699 616 explicationem
716 566 882 611 aliunde,
904 579 1016 615 quam
1031 579 1052 602 a
1066 574 1197 602 nostro
1210 566 1317 602 scho—

299 627 421 671 liasta,
440 626 601 662 Michael
619 634 675 662 est
694 633 899 669 mutuatus,
920 626 1065 674 quippe
1081 638 1164 674 quae
1179 632 1216 661 et
1229 638 1316 661 ver-

299 684 358 721 bis
373 713 383 730 ,
410 692 447 721 et
468 684 641 720 nonnihil
672 685 785 720 etiam
807 696 847 719 re
877 682 1053 720 dissideat
1072 695 1080 721 :
1100 684 1317 733 propinqua

297 742 485 780 Zenobius
506 742 612 779 dabit
630 743 652 778 6
665 771 675 788 ‚
695 755 753 778 21.
778 746 935 779 Versum
958 742 1081 792 ipsum
1096 771 1105 787 ‚
1130 742 1194 778 sed
1212 743 1316 779 nullo

297 801 480 838 comitatu
507 802 734 837 instructum
748 829 757 845 ‚
779 801 904 837 editus
924 801 1059 837 Suidas
1083 801 1214 846 habet,
1235 804 1314 838 MS.

296 868 426 896 noster
446 873 602 910 prorsus
620 860 779 909 ignorat.
798 863 871 896 Pro
890 858 1026 911 ἐλείφθη
1062 861 1097 903 (l.
1122 859 1197 908 17),
1213 859 1315 909 quod

297 931 430 956 omnes
448 919 533 956 edd.
551 918 718 969 pervasit
733 947 742 963 ‚
764 918 927 954 fidenter
951 919 1129 967 rescripsi
1154 917 1285 970 ἐλήφθη
1307 932 1315 941 ’

296 973 394 1012 idem
414 990 460 1012 ne
482 976 644 1013 facerem
663 976 701 1012 in
720 974 1015 1027 προσδοκώντων,
1038 974 1187 1012 obstitit
1215 976 1316 1012 anti-

296 1046 459 1082 quorum
491 1034 767 1084 exemplarium
813 1033 1053 1070 consuetudo
1092 1033 1288 1069 scribendi
1305 1062 1314 1078 ,

295 1104 380 1140 quae
415 1093 552 1142 saepius
581 1093 721 1129 offerre
763 1092 1011 1128 memineram
1040 1091 1242 1143 προσδοκεῖν
1279 1100 1316 1128 et

295 1152 565 1200 προσδοκοῦντες
593 1165 638 1186 ex
671 1163 776 1186 more
795 1150 940 1199 publici
973 1149 1159 1186 sermonis
1176 1177 1185 1194 ‚
1211 1150 1314 1198 quod

296 1208 515 1258 castigatius
544 1208 743 1259 προσδοκᾷν
777 1208 850 1257 legi
882 1207 1069 1244 debuerat
1085 1223 1094 1253 ;
1127 1215 1168 1243 ut
1200 1208 1238 1243 in
1268 1211 1313 1245 A.

297 1270 373 1302 AA.
396 1268 457 1313 28,
477 1269 513 1312 6,
535 1267 705 1317 alibique
724 1267 872 1303 crebro.
894 1268 1038 1303 HEMST.
1056 1266 1197 1316 Regius
1214 1281 1221 1301 :
1242 1268 1316 1304 Πα-

296 1324 414 1375 ροιμία
441 1325 514 1362 ἐστὶ
547 1325 718 1375 λεγομένη
741 1324 798 1361 ἐπὶ
828 1326 896 1361 τῶν
915 1325 984 1369 ἤδη
1011 1322 1314 1375 παρωχηκότωνῆ

294 1383 352 1420 καὶ
369 1386 547 1427 παντελῶς
567 1383 828 1437 ἠφανισμένων.
852 1382 986 1435 εἴρηται
1015 1382 1050 1419 δὲ
1075 1382 1144 1420 ἀπὸ
1164 1382 1316 1434 ἱστορίας

293 1443 445 1480 τοιᾶσδε.
468 1446 527 1480 τοῦ
545 1442 693 1488 Θησέως
710 1443 891 1494 τΗροικλῆν
922 1443 969 1483 εἷς
996 1440 1057 1486 τὴν
1081 1440 1194 1493 Ἀργὼ
1213 1441 1316 1491 ἐμὸι-

295 1498 484 1546 ὅάσαντος,
501 1501 604 1546 ἡνίκα
623 1501 707 1553 πρὸς
724 1498 882 1550 Κολχοὺς
899 1498 1101 1536 ἀπέστειλεν
1124 1499 1228 1536 αὐτὸν
1250 1514 1314 1537 κο-

295 1557 442 1607 μίσοντα
462 1558 500 1596 τὸ
526 1559 776 1611 χρυσόμαλλον
802 1557 924 1609 δέρας,
960 1557 1210 1609 συμπαρέλαὸε
1241 1558 1315 1608 μεθ’

294 1618 416 1653 ἑαυτοῦ
434 1619 451 1654 ὁ
468 1615 549 1669 (Ηρ.
574 1617 632 1654 καὶ
651 1617 766 1655 “nav
789 1617 873 1667 (sic)
892 1614 948 1653 τὸν
977 1618 1101 1652 ἑαυτοῦ
1126 1615 1311 1668 ἐρώμενον.

294 1676 328 1712 ἐν
351 1674 385 1712 δὲ
403 1678 452 1728 τῷ
472 1675 688 1728 παραπλέειν
716 1678 759 1726 τῇ
786 1675 925 1727 χέρσῳ,
945 1673 1076 1726 κρήνην
1101 1674 1181 1712 ἰδὼν
1201 1675 1278 1712 τινὰ
1298 1679 1316 1713 ὃ

293 1731 392 1784 Ἡρ.,
407 1734 588 1771 ἀπέστειλε
616 1734 674 1771 τὸν
697 1733 834 1772 ε’Υλλαν
853 1733 1044 1783 κομίσοντα
1068 1731 1173 1785 ὕδωρ.
1202 1732 1236 1775 ὃς
1256 1734 1314 1771 καὶ

294 1791 361 1828 ὑπὸ
379 1793 448 1828 τῶν
469 1788 656 1843 Νηρηίδων
678 1791 845 1844 ἁρπαγεὶς
858 1822 867 1838 ,
887 1790 1020 1843 ἀφανὴς
1036 1790 1186 1840 γέγονεν.
1203 1790 1315 1840 Ἡρα-

294 1850 380 1895 κλῆς
402 1844 477 1896 οὖν,
499 1849 625 1900 μηκέτι
650 1853 710 1887 τοῦ
735 1850 899 1901 μείρακος
924 1848 1223 1901 ὑποστρέψαντος,
1247 1865 1314 1886 πε-

296 1906 385 1958 ριῄει
409 1914 525 1945 πᾶσαν
544 1907 606 1953 τὴν
624 1909 735 1945 ἐκεῖσε
750 1907 835 1953 ὕλην
857 1909 970 1953 ζητεῖν
992 1907 1050 1944 τὸν
1066 1906 1238 1958 ἐρώμενον
1255 1907 1314 1944 καὶ

294 1964 329 2008 ἐξ
347 1964 515 2015 ὀνόματος
530 1966 645 2003 καλῶν
663 1979 669 1986 ·
689 1965 772 2018 πρὸς
787 1964 822 2002 ὃν
835 1967 870 2002 αἱ
885 1961 1057 2017 Νηρηίδες
1072 1965 1161 2002 τοῦτ’
1183 1966 1312 2017 ἔφασαν

295 2039 310 2055 «
328 2026 442 2066 ποθεῖς
459 2023 517 2061 τὸν
532 2025 568 2061 οὐ
586 2022 757 2076 παρόντα.
779 2042 793 2056 ¹>

353 2084 465 2127 1128,
490 2082 536 2118 25
565 2084 637 2120 Τοῦ
658 2081 815 2127 κώληκος
834 2084 892 2118 τοῦ
918 2082 990 2131 λεγ.
1014 2082 1059 2119 Θ.
1087 2084 1146 2118 τοῦ
1166 2081 1315 2132 λεγομέ-

293 2155 352 2177 νου
372 2141 527 2185 κωλῆνος
548 2149 634 2190 post
658 2138 746 2190 μέρη
765 2141 833 2176 τῶν
848 2139 979 2191 ἱερείων
1003 2140 1113 2189 ponit
1128 2140 1262 2176 Suidas
1281 2152 1310 2175 s.

294 2199 416 2243 Κωλῆ.
434 2224 475 2230 -
495 2200 542 2235 26
558 2200 668 2236 κωλαῖ
683 2197 727 2235 τὰ
745 2199 911 2248 HSteph.
931 2199 968 2234 in
989 2199 1198 2235 Thesauro.
1219 2199 1316 2235 κῶλα

295 2255 331 2294 δὲ
356 2256 400 2294 τὰ
422 2258 466 2294 Θ.
495 2257 581 2293 Ald.
602 2257 698 2293 κῶλα
723 2254 765 2292 τὰ
790 2260 833 2292 V.
852 2257 947 2301 κωλῆ
976 2255 1020 2292 τὰ
1040 2260 1084 2294 R.
1116 2265 1152 2293 et
1170 2257 1314 2294 Suidas.

295 2339 335 2347 -
352 2329 398 2362 ²7
418 2329 501 2365 sqq.
523 2313 969 2366 Ἄλλως-προσφέροντας
984 2328 1059 2350 0111.
1076 2316 1121 2352 Θ.
1140 2313 1200 2356 τὰς
1219 2318 1264 2351 R.
1280 2323 1316 2350 et

296 2373 440 2409 Suidas.
467 2372 511 2409 τὰ
540 2372 734 2425 ἐμπρόσθια
770 2372 858 2424 μέρη
891 2374 958 2409 τῶν
990 2371 1122 2423 ἱερείων
1138 2402 1147 2418 ,
1180 2372 1239 2415 τὰς
1267 2377 1311 2408 V.

295 2431 379 2467 Ald.
407 2435 497 2467 Post
522 2431 653 2482 ἱερείων
687 2431 814 2481 pergit
839 2435 894 2477 V.,
927 2433 949 2475 ἡ
983 2426 1317 2482 τετρὰς-χάρισιγ

297 2489 391 2538 (haec
407 2502 453 2524 ex
473 2489 618 2525 scholio
648 2502 684 2524 v.

298 2544 332 2582 δὲ
353 2547 514 2587 ὀστῶδες.
538 2550 639 2583 τοῦτο
655 2546 690 2583 δὲ
711 2541 785 2583 εἶπε
809 2545 1007 2583 διαὸάλλων
1033 2547 1079 2588 ὡς
1099 2545 1203 2583 ὀστέα
1221 2548 1317 2584 θύον-

296 2619 358 2646 τας
386 2610 456 2647 τοῖς
490 2607 589 2646 θεοῖς.
614 2603 758 2646 Ἄλλως.
795 2603 1106 2655 ζητεῖται-ἄρχει
1136 2605 1241 2654 (liaec
1270 2619 1317 2642 ex

299 2663 443 2699 scholio
462 2676 494 2698 ν.
515 2677 526 2697 1
542 2663 735 2711 132).-28
757 2662 860 2714 φησὶν
882 2662 1053 2698 additum
1074 2676 1120 2697 ex
1141 2662 1318 2707 8111ἀει,αἳ

299 2735 344 2758 ex
358 2721 491 2758 eodem
509 2729 545 2756 et
561 2724 619 2766 R„
637 2719 703 2757 εἰσί
718 2734 764 2756 ex
778 2719 902 2756 Suida.
920 2737 934 2752 «
951 2719 1063 2765 Quod
1081 2719 1132 2755 ait
1155 2720 1317 2756 scholia-

299 2788 387 2825 stes,
404 2779 529 2815 notari
546 2779 733 2824 homines,
758 2792 800 2815 ac
826 2778 856 2814 si
875 2791 960 2814 ossa
979 2786 1125 2814 tantum
1142 2777 1212 2813 (liis
1227 2777 1318 2814 ado—

299 2839 432 2883 lerent,
449 2838 519 2874 etsi
534 2838 658 2874 minus
676 2845 896 2887 opportune
912 2837 986 2872 huc
1002 2835 1196 2881 afferatur,
1211 2836 1318 2886 ipso-

301 2909 383 2933 rum
399 2905 523 2933 tamen
536 2896 733 2932 numinum
750 2896 903 2945 querela
915 2895 983 2931 suit
999 2895 1061 2931 illa
1078 2895 1202 2944 gravis
1216 2895 1317 2944 apud

301 2955 490 3001 Comicos‚
511 2962 552 2991 ut
576 2954 800 3003 lepidissimi
818 2953 1054 2990 Pherecratis
1081 2953 1318 3002 aliorumque

300 3026 432 3049 versus
452 3013 645 3050 declarant
665 3013 704 3049 in
729 3013 847 3050 Clem.
870 3013 973 3048 Alex.
1000 3015 1073 3050 Str.
1100 3026 1134 3057 7,
1161 3025 1196 3061 p.
1220 3012 1317 3058 846,

303 3072 391 3115 847.
412 3070 555 3106 Eodem
576 3071 696 3107 tendit
715 3071 917 3120 Hermippi
937 3071 1043 3107 locus
1066 3070 1104 3105 in
1132 3070 1247 3106 schol.
1270 3069 1317 3106 ad

301 3133 402 3166 Aves
416 3142 451 3164 v.
478 3131 583 3171 1406.
605 3148 618 3161 υ
638 3132 879 3178 Hermu—29
895 3128 972 3171 τοὺς
990 3128 1080 3170 θεοὺς
1097 3133 1141 3166 R.
1156 3129 1292 3177 Regius
1310 3144 1316 3164 :

304 3185 413 3231 Κωλὴ
439 3179 496 3222 οὖν
529 3186 567 3223 τὸ
591 3187 693 3238 ἄκρον
707 3189 769 3231 τῆς
796 3186 1010 3237 ὠμοπλάτης
1034 3185 1144 3235 ἐστὶν,
1177 3185 1194 3222 ὃ
1215 3185 1317 3238 φασὶν

305 3245 485 3285 ἰδιωτικῶς
500 3244 714 3295 κωληνάριον
738 3259 743 3265 ·
765 3244 881 3291 κώλης
903 3244 937 3282 δὲ
960 3245 999 3282 τὸ
1012 3244 1151 3282 ὄπισθεν
1179 3248 1238 3280 τοῦ
1255 3244 1318 3293 γό-

303 3316 415 3346 νατος,
427 3303 473 3342 ὡς
491 3299 719 3352 καὶεΌμηρος
736 3303 792 3351 (11.
808 3304 865 3348 Ψ,
886 3302 975 3351 726)
994 3303 1028 3338 ἐν
1049 3304 1090 3351 τῆ
1111 3305 1169 3338 τοῦ
1185 3301 1315 3339 Ὀδυσ-

305 3359 390 3401 σέως
401 3359 495 3408 πάλῃ
508 3359 641 3411 φησὶν,«ι
647 3361 792 3403 Αἴαντος
802 3360 1002 3411 κόψ’ὅπισθε
1013 3359 1157 3404 κώληκα
1169 3358 1317 3409 παχύν.»

719 2489 847 2536 1126).
868 2487 1014 2531 Ἄλλως.
1045 2488 1209 2538 ἀγκύλης.
1244 2490 1316 2526 ἐστὶ

1057 183 1231 222 ADNOT
1237 184 1353 222 ΑΤΙΟ
1383 184 1437 222 ΙΝ
1466 184 1638 222 SCHOL.

1438 287 1550 322 1129,
1574 275 1618 317 34
1645 276 1675 310 οἱ
1693 288 1766 311 0111.
1787 279 1834 312 V.
1851 268 1943 326 εἶχον
1967 277 2012 314 Θ.
2031 303 2069 308 -
2089 276 2135 312 35
2163 274 2310 314 ἀσκόλια
2329 281 2390 325 V.,

1378 339 1414 367 et
1430 332 1482 368 sic
1497 332 1594 368 infra
1611 340 1828 370 constanter
1847 335 2018 372 ἀσκολν-.
2038 334 2094 371 lb.
2117 335 2150 370 ἐν
2166 328 2190 382 ἧ
2207 335 2390 380 ἐνήλλοντο

1378 392 1579 427 Ηο11151.ἐν
1601 391 1650 439 (ἐν
1672 403 1747 426 0111.
1765 395 1805 427 R.
1813 391 1822 429 1
1844 395 1865 440 ᾗ
1892 392 2036 437 ἥλλοντο
2057 393 2147 429 111111
2173 401 2210 429 01
2241 393 2388 432 Suidas.

1377 446 1430 483 ευτ’
1453 449 1569 488 ἀσκοῖς
1592 446 1730 496 αἰγείοις
1762 449 1848 485 Ald.
1877 453 1938 486 τοῦ
1959 464 2033 487 0111.
2061 455 2107 487 V.
2123 475 2163 481 -—
2182 452 2228 487 36
2257 452 2389 502 ἐχθρῶν

1377 509 1464 542 εἰναι
1491 505 1659 555 ἀμπέλων
1682 507 1727 544 Θ.
1749 531 1788 537 -
1825 508 1868 553 37
1901 512 1958 544 οὖν
1987 523 2061 547 0111.
2089 512 2134 549 Θ.
2166 510 2249 547 Α1(1.
2277 510 2391 560 Apud

1377 565 1531 601 Suidam
1551 564 1637 601 libii
1658 565 1721 601 alii
1736 559 2064 615 οὐν,ε1111γοῧν.-
2078 569 2125 604 38
2148 568 2306 620 φαίνεται
2327 570 2388 613 R,

1376 623 1442 671 qui
1469 639 1530 668 της
1555 622 1711 671 ἀμπέλου
1743 637 1817 659 0111
1841 624 1880 660 ἐκ
1905 626 1966 668 τῆς
1987 629 2031 661 V.
2062 625 2151 663 οὕτω
2177 627 2275 676 λεγον
2300 625 2386 663 Ald.

1375 704 1416 710 —
1435 682 1483 729 39
1504 681 1545 726 ἦν
1563 685 1609 717 V.
1630 685 1723 731 Reg.
1758 699 1772 713 «
1793 685 1910 718 Recte
1937 680 2030 729 ὅμως
2059 682 2108 719 ἔτι
2135 683 2233 732 [cod.
2265 684 2390 734 Reg.,]

1376 739 1528 775 Anthol.
1550 748 1586 776 et
1607 740 1731 776 Suidae
1747 739 1803 776 ed.
1826 739 1981 777 Mediol.
2002 740 2038 777 δέ
2056 756 2090 777 τι
2112 742 2171 778 vel
2195 741 2223 778 δ’
2243 741 2291 778 ἔτι
2307 743 2393 779 Sui-

1377 797 1430 834 dae
1445 798 1607 834 codices.
1626 815 1639 830 υ
1655 802 1773 834 ΒιΝι).
1788 822 1829 828 -
1845 803 1893 841 4ο
1909 796 1988 835 ὅσον
2005 802 2050 835 V.
2066 799 2112 836 Θ.
2132 801 2224 847 Reg.
2239 799 2392 836 ἐπισπεῖ-

1376 870 1434 892 σαι
1453 856 1539 892 Ald.
1567 868 1603 892 et
1630 856 1759 893 Suidae
1785 856 1843 892 ed.
1876 856 2029 894 Mediol.
2063 869 2108 893 ex
2140 851 2390 906 Antholog'gia,

1375 927 1452 949 non
1473 917 1566 963 Reg.
1591 913 1706 950 Addit
1727 917 1772 950 R.
1802 913 1936 951 ἐποίουν
1961 913 1997 951 δὲ
2024 917 2124 951 τοῦτο
2143 912 2228 965 πρὸς
2253 913 2391 964 γέλωτα

1375 975 1434 1008 τοῦ
1456 971 1621 1024 θεάτρου·
1641 971 1833 1009 ὄλίσθαινον
1862 973 1928 1024 γὰρ
1956 971 2073 1009 ἐπάνω
2103 974 2170 1008 τῶν
2191 973 2321 1009 ἀσκῶν.
2341 994 2392 1000 -·

1377 1036 1424 1073 42
1448 1032 1516 1067 τῶν
1535 1044 1609 1067 0111.
1627 1035 1671 1067 V.
1689 1031 1934 1081 γελωτοποιεῖν
1950 1031 2096 1068 Suidas.
2117 1030 2266 1080 γέλωτος
2281 1035 2390 1067 ποιεῖν

1375 1093 1420 1130 Θ.
1438 1091 1575 1141 γέλωτα
1594 1098 1703 1129 ποιεῖν
1722 1097 1766 1130 V.
1787 1093 1870 1129 Ald.
1887 1116 1928 1122 —
1944 1094 1989 1136 43
2014 1091 2169 1129 ἐτίθεσαν
2187 1121 2197 1138 ,
2220 1098 2267 1136 44
2287 1091 2393 1129 ἀλλό-

1376 1165 1473 1200 μενοι
1489 1154 1548 1197 V.,
1567 1152 1633 1199 qui
1657 1165 1743 1187 cum
1768 1151 1882 1188 Suida
1900 1150 2117 1189 ὠλίσθαινον.
2148 1150 2392 1187 ἐνωλίσθαινον

1376 1209 1463 1245 Λ1(1.
1495 1208 1722 1246 ἐνωλίσθανον
1753 1210 1801 1247 Θ.
1824 1211 1929 1251 -45
1963 1207 2117 1250 Εὔὸολος
2148 1210 2196 1246 Θ.
2218 1208 2394 1250 Εὔὸουλος

1375 1266 1433 1303 καὶ
1448 1270 1509 1312 V.,
1531 1280 1577 1303 ex
1598 1280 1675 1316 quo
1696 1268 1730 1303 ἐν
1752 1266 1940 1318 Δαμαλείᾳ
1961 1267 2144 1303 additum.
2166 1268 2200 1303 ἐν
2227 1266 2394 1318 Δαμαλίᾳ

1374 1325 1518 1361 Suidas.
1538 1328 1686 1362 Hemst.
1705 1326 1738 1361 ἐν
1754 1323 1954 1376 Ἀμαλθείᾳ,
1973 1324 2161 1374 probante
2179 1325 2392 1362 Dindorfio.

1375 1383 1588 1420 Meinekius
1609 1383 1707 1421 Hist.
1728 1385 1833 1420 Com.
1858 1396 1895 1431 p.
1919 1383 2008 1427 360,
2028 1383 2134 1419 malit
2153 1383 2188 1419 ἐν
2211 1382 2391 1435 Δαμασίᾳ.

1373 1466 1415 1473 -
1436 1442 1482 1483 46
1503 1439 1634 1482 τούτοις
1653 1445 1694 1477 V.
1718 1449 1755 1477 et
1774 1440 1921 1478 SuidaS.
1953 1444 2054 1476 τοῦτο
2072 1439 2156 1477 Α1(1.
2177 1448 2215 1477 et
2235 1444 2393 1491 Harpo-

1375 1508 1464 1536 crat.
1490 1513 1526 1549 p.
1551 1501 1611 1544 37.
1649 1499 1855 1548 Sequentia
1890 1497 2110 1535 ἀσκὸν-ἐπὶ
2139 1503 2207 1540 τοῖς
2240 1512 2314 1536 0111.
2345 1503 2392 1536 V.

1376 1564 1501 1597 «Post
1525 1558 1630 1608 μέσον
1663 1559 1748 1596 duae
1776 1558 1928 1607 syllabae
1958 1558 2205 1605 exciderunt,
2236 1559 2394 1596 fortasse

1375 1633 1464 1655 τινα.
1481 1636 1495 1650 »
1522 1621 1640 1654 D1ND.
1659 1618 1780 1655 Bentl.
1805 1616 1943 1668 χαμαί,
1970 1617 2134 1653 Meinek.
2164 1616 2269 1668 τάχα.
2285 1642 2327 1648 -
2344 1623 2391 1664 47

1375 1676 1556 1713 ἐνάλλεσθε
1588 1675 1737 1713 Suidas.
1769 1675 1983 1725 Legebatur
2028 1675 2223 1726 καγχάζετε
2262 1683 2395 1712 contra

1375 1748 1485 1770 usum
1502 1735 1732 1771 Atticorum.
1748 1759 1790 1766 --
1811 1734 1858 1778 48
1881 1733 2105 1785 ἀπορρέουσιν
2128 1738 2189 1777 V.,
2206 1734 2271 1783 qui
2290 1733 2396 1770 addit

1376 1792 1718 1842 ἀποκεκλεύσματα,
1753 1792 1890 1829 suidas
1927 1790 1996 1828 ἀπὸ
2028 1790 2272 1840 κελεύσματος.
2312 1795 2395 1829 Hoc

1374 1864 1450 1887 non
1482 1865 1566 1887 cum
1597 1849 1867 1901 καταρρέουσιν,
1901 1849 1967 1886 sed
1993 1863 2078 1886 cum
2107 1849 2280 1900 καχάζετε
2300 1863 2393 1886 0011-

1370 1907 1610 1958 jungendum
1638 1922 1719 1945 esse
1741 1916 1870 1944 monet
1902 1911 2048 1944 Hemst.
2079 1908 2286 1956 Sequentia
2314 1921 2392 1943 non

1374 1966 1489 2003 habet
1516 1967 1662 2003 Suidas.
1694 1990 1734 1997 -
1766 1966 1814 2003 50
1843 1965 2053 2003 ἐνάλλασθαι
2079 1974 2116 2002 et
2141 1965 2313 2002 ἅλλασθαι
2346 1966 2393 2003 Θ.

1377 2025 1452 2070 Qui
1486 2038 1557 2074 pto
1585 2023 1834 2073 sequentibus
1864 2024 1911 2072 gl.
1938 2023 2108 2061 1111011111.
2137 2023 2251 2060 habet
2284 2022 2391 2068 πηδα-

1376 2081 1560 2118 ἀσκώλια
1550 2080 1616 2140 γὰρ
1637 2080 1738 2133 εορτὴ
1759 2085 1818 2118 του
1837 2081 2012 2119 Διονύσου.
2032 2081 2136 2118 ἀσκον
2152 2075 2390 2120 οἴνου-οἶνον,

1375 2140 1518 2189 Regius
1546 2155 1554 2176 :
1586 2142 1650 2177 Ην
1683 2154 1734 2181 τις
1766 2138 1865 2191 ἓορτη
1894 2137 2060 2177 Διονύσου
2092 2139 2264 2177 Ἀσκωλία
2291 2141 2392 2190 (sic)

1375 2198 1575 2247 καλουμένη
1593 2228 1602 2245 ,
1624 2199 1658 2234 ἐν
1678 2201 1769 2250 ᾗπερ
1788 2198 1895 2235 ἀσκὸν
1913 2197 2093 2240 τιθεντες’
2078 2214 2112 2235 εν
2133 2197 2229 2250 μέσῳ
2245 2215 2295 2236 τω
2309 2198 2393 2236 θεά-

1375 2272 1446 2309 τρι)
1464 2254 1682 2307 πεπληρωυ
1667 2271 1740 2292 ενον
1762 2255 1854 2292 οἴνου
1869 2285 1879 2305 ,
1901 2255 1950 2293 ἑνὶ
1971 2255 2053 2294 ποδὶ
2074 2258 2195 2293 τουτον
2214 2256 2326 2307 (sic)
2312 2255 2396 2302 ἐπή-

1378 2317 1444 2353 δων
1461 2332 1520 2353 και
1542 2318 1559 2352 ὃ
1576 2314 1701 2361 πηοὴσ
1701 2331 1738 2356 ας
1759 2309 1861 2352 ἀθλον
1883 2319 1956 2366 εἶχε
1987 2331 2045 2353 τον
2079 2319 2194 2352 οἰνον·
2216 2314 2264 2365 μὴ
2284 2316 2395 2360 πηδί-

1376 2389 1497 2415 σαντος
1508 2373 1544 2410 οέ
1557 2389 1660 2420 τινος,
1674 2373 1847 2415 ἀλλ’ἴσως
1856 2372 2052 2411 καταπεσόν
2056 2389 2125 2420 τος,
2138 2373 2276 2423 γέλως’
2261 2373 2395 2424 εγένετο

1376 2438 1447 2474 τοῖς
1480 2435 1662 2483 παροῦσιν.
1697 2431 1743 2472 εἷς
1774 2430 1882 2479 τιμὴν
1917 2425 1975 2468 οῧν
1990 2461 2000 2477 ,
2033 2432 2079 2474 ὡς
2112 2430 2260 2482 ἔφημεν,
2298 2431 2395 2468 ταῦτ’

1377 2490 1513 2527 ἐποίουν
1534 2494 1593 2526 τοῦ
1612 2488 1805 2536 Διονύσου,
1830 2489 1904 2526 ἐπεὶ
1929 2492 1946 2526 ὁ
1969 2488 2074 2531 ἀσκὸς
2095 2489 2222 2541 τράγου
2243 2488 2305 2538 μέν
2321 2490 2395 2526 ἐστι

1377 2546 1488 2598 δέρμα
1504 2577 1513 2593 ,
1538 2550 1555 2584 ὃ
1588 2545 1623 2583 δὲ
1653 2546 1776 2597 τράγος
1802 2548 1887 2589 ζῶον
1913 2546 2082 2595 πολέμιον
2104 2551 2179 2587 ταῖς
2200 2545 2368 2595 ἀμπέλοις
2384 2577 2394 2594 ,

1377 2604 1566 2642 κατεσθίων
1586 2604 1704 2647 αὐτάς.
1725 2602 1799 2640 ὅθεν
1820 2604 1879 2641 καὶ
1901 2603 2110 2655 ἐπίγραμμά
2125 2619 2158 2640 τι
2179 2603 2320 2656 φέρεται
2352 2607 2394 2656 τῇ

1377 2662 1525 2713 ἀμπέλω
1542 2662 1626 2712 πρὸς
1643 2661 1700 2698 τὸν
1716 2661 1841 2714 τράγον
1861 2661 1986 2699 οὑτωσι
1998 2661 2212 2712 λέγον-νυν
2230 2660 2266 2698 δὲ
2286 2663 2397 2713 ἐσχη-

1378 2719 1602 2768 ματισμένως
1629 2733 1687 2755 και
1719 2718 1867 2769 δριμέως
1898 2718 1983 2770 φησὶ
2020 2719 2106 2789 πρὸς
2133 2719 2190 2756 τὸν
2225 2718 2393 2780 Ερμῆν·

1377 2778 1529 2817 εἰπόντος
1547 2791 1612 2827 γαρ
1634 2779 1664 2812 οὶ
1661 2775 1728 2825 ’μοι
1747 2791 1807 2820 της
1826 2777 1960 2847 κωλης,
1977 2791 2102 2829 φησιν,
2121 2776 2316 2820 ἀσκωλίαζε
2337 2781 2395 2815 οὖν

1378 2833 1604 2885 ἐστερημένος
1630 2849 1690 2878 της
1710 2834 1847 2880 κωλης,
1868 2849 1926 2870 και
1951 2836 2077 2871 πεινῶν
2109 2834 2206 2881 δίαγε
2226 2834 2310 2887 πρὸς
2333 2834 2396 2881 τὴν

1378 2892 1511 2944 αἰθρίαν
1528 2891 1657 2928 καὶτὸν
1677 2890 1786 2936 ἥλιον.

1437 2952 1549 2995 1130,
1579 2963 1620 2985 12
1640 2953 1746 2986 ταῦτο
1769 2952 1818 3001 τῷ
1840 2949 1982 3001 ἷερείους
2012 2950 2143 2987 codex.
2159 2948 2200 2981 -L
2223 2957 2266 2995 14
2294 2960 2395 2988 recte

1379 3008 1564 3046 Dobraeus
1589 3009 1670 3045 Τῶν
1701 3007 1867 3055 ζεόντων,
1888 3008 2100 3058 eodemque
2127 3008 2243 3046 modo
2269 3011 2392 3048 corri-

1379 3066 1546 3116 gendum
1567 3065 1670 3114 quod
1689 3066 1711 3101 l.
1741 3079 1784 3101 12
1809 3066 1847 3102 in
1868 3066 1913 3104 Θ.
1935 3065 2022 3102 1000
2039 3066 2165 3103 alieno
2179 3067 2324 3104 illatum
2343 3067 2395 3104 le·-

1378 3125 1480 3174 gitur
1506 3125 1574 3160 τῶν
1608 3122 1715 3163 ζώων.
1740 3126 1857 3160 Dum.
1892 3124 2058 3172 Regius:
2080 3125 2143 3176 Τῷ
2171 3122 2289 3176 Ἑρμῇ
2307 3154 2317 3171 ,
2348 3126 2394 3166 ὡς

1379 3180 1513 3233 εἴρηται
1529 3210 1537 3227 ,
1555 3183 1577 3226 ἧ
1596 3179 1790 3230 ὠμοπλάτη
1810 3184 1871 3217 τοῦ
1888 3181 2012 3232 ἱερείου
2032 3180 2204 3233 ἀφιέρωτο
2219 3196 2227 3204 ·
2246 3181 2341 3219 ἔθυον
2357 3181 2393 3219 δὲ

1378 3256 1436 3277 και
1456 3240 1641 3290 σπλάγχνα
1661 3241 1754 3276 αὐτῶ
1770 3238 1878 3286 ,ἤτοι
1899 3238 2057 3277 ἐντόσθια
2072 3269 2082 3287 ,
2113 3239 2224 3292 θερμὰ
2245 3238 2336 3277 ὄπτα
2355 3237 2391 3276 δὲ

1378 3299 1436 3337 καὶ
1462 3298 1641 3350 περίεφθα.
1679 3297 1739 3335 καὶ
1758 3302 1828 3338 τοῖς
1849 3296 1966 3339 ἄλλοις
1995 3300 2081 3339 θεοῖς
2078 3296 2253 3357 ...ἄκρατον
2285 3296 2390 3334 σπέν-

2227 3357 2249 3366 ιν

1378 3359 1490 3401 δοντες
1513 3358 1573 3403 τὴν
1601 3355 1775 3406 σπονδὴν,
1798 3357 1902 3407 ἤγουν
1931 3354 2034 3405 μόνον
2065 3359 2173 3402 οἰνον,
2203 3371 2252 3392 τυ
2275 3354 2388 3406 Ἑρμῇ
