2517 3792
834 236 989 274 {Mu-tx
1025 235 1257 273 NosuNUM
1296 234 1359 272 ET
1390 234 1584 273 RERUM.

155 323 379 365 Sacrificium.
409 323 589 364 sacrificiis
616 324 719 363 atque
738 324 896 363 precibus
923 332 978 355 res
1003 325 1178 362 yr-Jriores

196 374 374 413 auspicari
404 371 558 403 solebant
577 393 586 408 ,
622 371 715 410 l'esp.
746 374 817 402 862.
856 370 1069 410 Sacrificium
1097 370 1177 400 ἐντε-

196 419 243 455 Ἇές
259 443 268 457 ,
293 430 409 460 τριττυς
443 417 573 449 dictum
590 441 598 456 ‚
623 426 681 447 sus
697 438 706 452 ‚
749 420 838 448 aries
851 442 859 456 ‚
878 426 1003 457 caper,
1021 418 1073 448 Pl.
1105 420 1174 447 819.

196 467 264 496 Per
295 464 447 496 triduum
479 464 599 501 bubus,
625 463 744 494 deiude
765 465 943 503 pecoribus
976 472 1076 495 sacra
1097 463 1177 501 sieri

196 513 338 544 senatus
370 512 476 551 jussit
511 513 561 548 (in
594 510 759 541 mittenda
790 511 965 548 theoria),
992 513 1073 541 Pac.
1107 511 1176 539 716.

195 560 357 598 Sumptus
399 559 432 588 in
472 556 643 595 sacrificia
665 557 847 595 jaciendos
883 556 1053 588 curabant
1092 555 1178 586 cola-

195 607 318 644 910113,
332 606 389 636 Δι’.
417 606 505 641 1540,
529 605 619 643 l'esp.
640 607 710 634 095.
735 606 774 634 In
793 603 970 648 sacrificiis
993 603 1081 633 mota
1103 604 1177 632 cino

195 653 229 682 et
252 651 323 682 oleo
347 650 607 690 asperqebatur,
627 652 708 681 Pac.
741 655 827 681 1040.
855 653 925 687 Quo
947 649 1066 680 ordine
1093 650 1178 679 inte-

197 699 287 728 stina
307 699 339 728 in
357 696 536 736 sacrificiis
557 699 766 736 spectentur,
790 698 880 737 l'esp.
901 700 971 728 831.
993 698 1048 727 Ex
1061 694 1176 726 cauda

196 746 342 776 victimce
355 747 423 784 iyni
443 747 600 784 imposita
617 746 781 784 conjicere
797 745 951 776 solebant
976 753 1020 775 an
1044 742 1177 782 sacrifi-

195 794 286 823 cium
299 791 362 823 diis
379 794 521 832 oratum
540 794 637 830 esset,
659 794 738 823 Pac.
759 794 847 822 1054.
872 792 1095 823 sacrificantes
1109 798 1178 821 car—

195 838 245 870 nis
270 838 408 870 frustum
438 838 572 869 domum
599 838 783 878 portabant,
810 839 863 870 Pl.
885 841 943 870 227
972 841 1004 870 et
1033 837 1104 869 sch.
1135 838 1178 868 In

197 885 371 916 nonnullis
395 884 578 923 sacrificiis
604 884 750 923 dictum,
775 885 843 915 Οὐκ
865 885 988 926 ἐκφορά,
1009 885 1064 916 Ρ1.
1088 885 1164 915 1138

194 932 369 972 Reliquias
384 931 633 972 sacrificiorum
653 931 846 963 sacerdotes
867 932 1092 972 accipiebant,
1111 930 1179 963 Pl.-

198 982 288 1017 1180,
309 981 400 1017 1185,
424 980 516 1018 I'esp.
532 981 603 1009 695.
624 977 716 1009 Adde
733 978 880 1009 Victima.

154 1026 353 1058 Sacrificium
373 1025 608 1058 dedicatorium
627 1026 731 1066 agitur
745 1027 777 1057 et
789 1026 870 1057 ritus
893 1034 950 1066 per
966 1025 1091 1066 singula
1115 1034 1174 1058 me-

194 1075 363 1104 morantur
379 1075 461 1104 Pac.
477 1076 537 1104 922
552 1081 624 1113 sqq.

153 1119 301 1151 Sadocus
317 1119 401 1151 filius
426 1119 563 1158 Sitaleis,
581 1118 664 1158 regis
677 1119 849 1158 Thracum,
873 1119 913 1151 ab
927 1119 1177 1153 Atheniensibus

193 1165 325 1198 civitate
341 1166 492 1205 donatus,
508 1166 586 1198 Ach.
614 1169 682 1198 145.

152 1213 355 1252 Sagittarius.
381 1213 460 1245 Vide.
473 1213 601 1253 Scytha.

152 1262 338 1300 Saqittatio
353 1260 548 1300 inhonesta,
561 1260 640 1292 Ach.
658 1262 730 1291 710.

151 1307 226 1346 sali,
241 1306 390 1347 populus
412 1306 580 1345 leracioe,
602 1306 698 1346 apud
723 1315 806 1348 quos
821 1315 988 1346 parmam
1008 1306 1180 1346 abjecerat

193 1352 429 1392 Archilochus,
450 1355 530 1384 Pac.
554 1355 642 1384 1298.

152 1399 430 1432 salzsali'susus
454 1402 585 1438 varius,
610 1399 700 1431 Nub.
732 1402 818 1431 1237.
860 1401 908 1431 De
941 1400 1014 1431 sale
1039 1399 1177 1439 factum

193 1446 384 1486 decretum,
414 1449 454 1478 iit
489 1447 614 1477 viliore
642 1449 751 1486 prelio
775 1449 906 1485 veneat,
940 1449 1177 1487 antiquatum,

194 1494 287 1525 Eccl.
314 1496 386 1525 814.
419 1494 504 1525 Sales
534 1494 708 1534 θυμητίᾶαι,
738 1503 812 1525 cum
845 1495 958 1534 thymo
989 1495 1068 1534 triti,
1097 1494 1176 1526 Ach.

194 1542 267 1571 772.

151 1587 364 1626 Salabaccho‚
389 1595 506 1619 nomen
532 1586 687 1619 muliebre
709 1597 716 1618 :
741 1589 818 1619 erat
842 1587 985 1628 famosa
1013 1590 1181 1620 meretrix

193 1634 350 1671 Athenis,
366 1634 495 1666 Thesm.
512 1637 583 1673 805,
601 1637 672 1675 804,
692 1637 754 1675 Eq.
775 1638 846 1674 765,
866 1635 936 1666 sch.
956 1637 1036 1666 Pac.
1057 1639 1128 1668 755.

151 1681 273 1712 Salaco
288 1680 444 1719 quidam,
459 1681 557 1712 homo
572 1681 785 1719 luxuriosus,
804 1683 897 1721 I'esp.
921 1684 1010 1712 1169.

151 1727 321 1759 Salaminia
335 1728 426 1758 navis
439 1728 579 1767 publica
597 1728 866 1767 Atheniensium,
882 1737 959 1769 quie
976 1728 1180 1759 mittebatur

193 1773 240 1805 ad
254 1773 470 1805 arcessendos
492 1783 563 1806 reos
574 1777 795 1814 peecatorum
808 1777 842 1806 in
862 1775 1124 1815 rempublicam,
1140 1777 1178 1806 ut

194 1819 430 1859 Alcibiadem,
446 1823 506 1852 Αυ.
535 1824 602 1860 147,
620 1822 698 1853 coll.
726 1824 805 1861 Arq.
832 1824 882 1861 II,
907 1822 978 1853 sch.
1001 1825 1084 1854 Ran.
1105 1825 1178 1861 204,

195 1867 290 1899 Eccl.
313 1871 367 1906 38;
393 1868 528 1906 celeris,
547 1871 607 1899 Av.
628 1871 718 1907 1204,
738 1870 836 1900 navis
860 1869 1071 1910 εἰρηναρχική,
1095 1871 1179 1900 Ran.
1207 1900 1209 1909 Α

198 1917 271 1945 1071
281 1914 652 1955 .-Salaminiapuqna
662 1927 672 1946 :
686 1915 791 1956 quale
799 1915 846 1946 ad
856 1924 929 1946 eam
944 1917 1071 1947 Gra‘cis
1079 1917 1179 1947 auxi·
1207 1912 1209 1921 ’

194 1960 283 1992 lium
300 1961 446 1993 tulerint
458 1963 555 1993 Ceres
571 1964 604 1993 et
619 1964 827 2002 Proserpina
842 1971 885 1994 ea:
903 1963 1070 2002 Eleusine,
1086 1962 1176 1994 Nub.

195 2010 268 2039 303.
287 2008 482 2040 Salaminia
497 2010 654 2047 victoria,
681 2018 743 2049 per
774 2009 1029 2041 Themistoclem
1044 2011 1177 2049 potissi·
1206 2025 1208 2029 ·

194 2062 291 2085 ‘inum
312 2056 506 2095 reportata,
521 2057 584 2096 Eq.
605 2059 657 2095 84,
679 2065 743 2087 non
765 2056 1038 2094 Atheniensium,
1054 2056 1112 2087 sed
1129 2058 1178 2088 to·
1206 2061 1209 2098 ζ

197 2102 265 2132 tius
285 2103 428 2133 Graecice
445 2110 530 2141 opus
547 2102 753 2141 habebatur,
773 2105 838 2143 Eq.
871 2105 956 2134 1334.

153 2148 352 2180 salaminius.
372 2149 555 2180 Salaminii
582 2158 619 2181 re
637 2153 780 2182 nautica
797 2153 829 2181 et
845 2159 986 2181 venerea
1007 2152 1178 2190 preestan-

198 2195 258 2233 tes,
280 2194 372 2225 Ecel.
391 2198 442 2233 38,
461 2196 538 2234 Lys.
553 2200 602 2226 60.

154 2240 300 2279 Salamis,
317 2241 432 2272 insuta
444 2243 693 2282 propemodum
710 2252 727 2274 e
743 2245 874 2283 reqione
898 2243 1069 2274 Eleusinis
1083 2266 1092 2282 ‚
1111 2244 1176 2283 Eq.

196 2290 270 2326 785,
298 2296 383 2327 pars
406 2289 608 2328 Meqaridis,
635 2293 773 2331 quartae
794 2292 910 2330 partis
939 2292 1073 2328 Alticie,
1098 2292 1176 2329 Lys,

196 2339 249 2373 59,
267 2335 325 2366 ubi
339 2338 555 2367 memoratur
571 2339 603 2368 et
619 2346 648 2368 v.
659 2340 730 2368 411.
747 2336 906 2368 Salamine
916 2337 979 2368 sub
995 2337 1178 2368 Themisto—

196 2382 248 2412 cle
275 2381 490 2413 Athenienses
518 2383 622 2413 navali
651 2392 756 2423 pugna
784 2383 930 2414 vicerunt
954 2387 1077 2422 Persas,
1111 2387 1176 2425 Eq.

199 2429 273 2460 785.
295 2430 359 2465 Qui
385 2437 461 2460 eam
487 2438 643 2469 puynam
669 2439 735 2462 non
753 2433 935 2470 puqnacit,
962 2431 1176 2471 ἀσαλαμίνιος,

200 2477 287 2506 Ran.
305 2477 374 2506 204.
395 2478 440 2507 De
461 2477 634 2508 Salamine
651 2478 844 2516 oraculum,
869 2480 933 2518 Eq.
960 2481 1048 2509 1040.
1074 2481 1113 2510 [η
1138 2489 1178 2511 ea

202 2522 320 2553 insula
335 2524 384 2553 est
400 2531 503 2562 rupes
520 2525 641 2563 Iresia,
657 2526 720 2564 Eq.
736 2527 805 2556 785.

159 2568 362 2599 Salmoneus
394 2569 576 2601 Thessalus
601 2570 759 2610 fulmina
787 2573 819 2602 el
850 2571 981 2602 tonitru
1006 2572 1176 2609 imitatus,

201 2617 279 2653 Arq.
300 2617 389 2646 Ran.
407 2615 466 2648 IV.

159 2660 291 2691 saltatio
303 2661 460 2700 ἀπόκινος,
470 2662 524 2701 fr.
547 2666 616 2694 269.
636 2662 815 2694 saltationis
829 2663 957 2703 tragicae
980 2663 1116 2695 imitatio
1133 2674 1180 2696 re·

200 2711 412 2747 praesentatur
434 2712 524 2750 l'esp.
546 2712 621 2742 1484
637 2720 709 2751 sqq.
729 2711 963 2742 saltationum
984 2720 1112 2751 yenera
1126 2721 1177 2743 re-

200 2759 396 2795 censentur,
410 2758 499 2789 Nub.
520 2760 591 2789 540.

157 2802 345 2834 salutandi
362 2804 533 2843 formulae
560 2807 668 2836 cariae
694 2805 791 2845 apud
813 2807 939 2837 veteres
965 2807 1000 2837 in
1026 2807 1178 2846 epistolis

198 2851 353 2889 usitatoe,
370 2851 459 2882 Nub.
477 2854 554 2891 6093
573 2853 688 2893 χαίρειν
702 2852 841 2892 quando
858 2855 925 2884 eta
941 2862 1007 2893 quo
1025 2855 1178 2891 inventa,

201 2895 257 2926 Pl.
273 2898 345 2927 322.

158 2943 363 2975 Samothrace
384 2952 392 2973 ε
416 2943 459 2975 ibi
485 2946 646 2984 mysteria,
679 2945 721 2976 de
751 2946 874 2986 quibus
898 2948 1026 2978 narrat
1055 2947 1175 2987 schot„

201 2990 284 3021 Pac.
303 2989 361 3020 277
377 2998 427 3030 sq.
443 2991 671 3023 Samothracii
686 2992 731 3022 dii
747 2994 780 3023 in
799 2994 962 3032 perieulis
976 2994 1178 3025 invocaban-

203 3037 264 3066 tur
278 3037 318 3067 ut
335 3037 567 3069 auxiliatores
581 3041 676 3077 certi,
696 3038 776 3069 ibid.
796 3039 887 3070 Adde
903 3039 1019 3070 cabiri.

161 3082 351 3122 §amphoras
372 3091 490 3123 equus,
519 3086 555 3114 in
579 3085 678 3124 quzis
697 3093 800 3117 cmcre
824 3088 934 3126 siqnia
961 3085 1051 3126 [san]
1068 3087 1180 3119 litercc

202 3131 350 3168 siynunT,
372 3129 458 3160 Nub.
479 3134 549 3174 122,
572 3132 633 3171 Eq.
653 3134 724 3162 603.

161 3175 267 3207 samii.
293 3175 366 3207 Vide
379 3179 501 3207 Samus.

162 3222 409 3254 Samusinsula
420 3231 442 3253 a
456 3224 631 3255 nonnullis
646 3224 775 3256 dicitur
788 3224 928 3264 prodita
939 3226 1179 3257 Prienensibus

202 3276 267 3308 per
281 3268 505 3308 Citlicontem,
519 3272 579 3310 qui
594 3271 782 3302 secundum
796 3271 882 3301 alios
895 3273 1017 3310 Syrum
1031 3272 1180 3303 insulam

207 3314 360 3355 prodidit
382 3318 516 3354 Samiis,
548 3319 628 3348 Pac.
654 3320 724 3348 363.
744 3318 796 3348 Ibi
819 3317 961 3357 cleqebat
991 3318 1180 3357 Theaqenes

205 3363 325 3400 Syrius
338 3363 413 3400 post
432 3364 584 3402 patriam
601 3364 796 3402 proditam;
814 3363 977 3404 quomodo
996 3372 1070 3394 eam
1088 3366 1182 3396 ultus

206 3409 242 3438 in
271 3408 459 3446 Cillicmzte,
485 3409 564 3440 ibid.
586 3411 677 3441 Juno
701 3412 806 3448 Sami,
838 3413 920 3441 ticin.
949 3412 1018 3441 330.
1044 3417 1121 3449 Qua·
1150 3413 1179 3442 111

204 3457 300 3486 Samo
311 3458 494 3494 gererentur
510 3456 649 3495 primum
662 3466 695 3487 se
712 3456 868 3488 iudicasse
877 3457 984 3488 dicens
999 3458 1181 3489 1005011501-

289 3516 403 3545 senor..
426 3518 595 3547 Arusxoru.

1206 1930 1209 1952 l

1206 1961 1209 2021 l

1206 2031 1208 2056 1

1205 2102 1208 2120 l

2185 241 2260 273 089

1280 321 1378 358 vitur,
1407 322 1497 359 resp.
1515 323 1592 358 283,
1610 321 1704 359 qesta
1723 321 1886 351 nimirum
1911 319 2158 352 undericesimo
2181 324 2262 353 ante

1281 367 1369 399 hanc
1388 367 1556 407 fabulam
1573 376 1682 405 anno,
1713 368 1875 405 Tiinocle,
1896 368 1974 399 inde
1995 368 2190 407 Moryctiide
2207 377 2262 399 ar-

1281 415 1460 446 chontibus
1475 439 1482 452 ‚
1519 424 1621 455 quum
1666 418 1789 445 Samus
1821 424 1841 446 a
1879 416 2012 447 Pericle
2049 416 2263 447 Milesiorum.

1282 463 1416 493 aiisilm
1439 462 1697 493 Atheniensibus
1715 461 1865 500 subjecta
1884 465 1914 492 el
1931 463 2202 502 δημοκρατουμένη
2217 462 2263 493 ad

1283 517 1391 546 reyem
1418 510 1607 539 Persarum
1642 508 1825 546 defectura
1853 511 1944 545 erat,
1968 508 2026 539 secl
2063 511 2263 548 Carystione

1280 553 1431 593 quodam
1462 554 1524 585 hoc
1551 556 1749 592 nunciante,
1763 563 1884 593 poenas
1913 554 2020 592 dedit,
2044 554 2125 586 ibid.
2146 555 2264 585 Samio-

1282 609 1352 630 rum
1371 601 1508 640 populus
1533 601 1789 640 πολυγράμματος
1808 601 1946 637 (noctuis
1965 601 2079 632 inustis
2107 602 2206 633 notati
2223 602 2263 633 ab

1282 647 1529 678 Atheniensibus
1546 647 1696 686 captivi),
1716 647 1917 685 Itiibyl.,sr.
1937 651 1988 678 43.
2009 650 2048 678 In
2065 648 2129 679 hac
2145 649 2262 680 insula

1277 696 1357 734 post
1389 696 1631 725 ostracismum
1664 694 1883 734 Hyperbolus
1924 695 2122 734 habitabat,
2169 698 2259 736 l'esp.

1287 743 1376 778 1007,
1397 743 1430 772 et
1446 741 1543 780 obiit,
1567 743 1650 771 Pac.
1679 743 1748 771 681.
1770 745 1872 771 Duces
1889 742 2097 773 Athenienses
2121 742 2153 772 in
2170 746 2263 773 Samo

1277 788 1386 828 plane
1414 787 1587 824 infelices‚·
1611 787 1774 826 Didymus
1791 790 1822 818 et
1852 790 2017 819 Craterus
2040 788 2196 827 referunt
2215 790 2265 821 ad

1284 834 1530 874 Phrynichum
1554 834 1776 872 Stratonida’,
1809 834 1898 874 quod
1928 844 2049 866 nomen
2074 835 2159 871 cide,
2182 838 2260 875 Lys.

1283 884 1354 912 313.
1381 883 1431 912 De
1457 889 1496 911 ea
1515 880 1731 920 expeditione
1757 881 1947 921 I’hrynichi
1965 884 1997 912 in
2026 884 2165 913 Samum
2191 882 2260 914 sch.

1283 932 1341 959 Av.
1362 931 1434 966 750,
1463 927 1594 959 Thesm.
1614 930 1684 958 804.

1240 976 1515 1014 San,antiquum
1531 976 1665 1014 siynum
1685 974 1806 1012 literae,
1823 975 1939 1013 postea
1951 975 1984 1005 in
2003 977 2154 1006 numeris
2167 975 2264 1006 modo

1282 1022 1494 1060 usurpatum
1519 1022 1551 1051 et
1571 1022 1665 1060 equis
1682 1019 1904 1052 nobilioribus
1922 1022 2094 1060 inustum,
2116 1021 2207 1052 Nub.
2225 1026 2264 1053 23

1282 1076 1310 1098 c.
1331 1069 1414 1106 not.,
1433 1069 1496 1108 Eq.
1513 1070 1585 1098 603.

1241 1114 1432 1154 sannyrion,
1445 1114 1588 1144 comicus
1603 1116 1708 1154 pocta,
1727 1113 1906 1153 Geryt.sr.
1923 1116 1989 1145 198.
2003 1113 2265 1153 Aristophanem

1282 1163 1361 1192 risit
1381 1161 1472 1202 quod
1495 1162 1647 1193 aliorum
1674 1161 1882 1199 (Philonide)
1910 1163 1942 1191 et
1975 1161 2188 1198 callistrati)
2211 1170 2266 1192 no-

1282 1208 1591 1248 minibussabulas
1620 1208 1766 1247 doceret,
1796 1208 1886 1239 l’rol.
1911 1209 2018 1245 XIII,
2047 1211 2153 1248 9sqq.
2189 1208 2266 1240 l'icte

1281 1257 1442 1287 Susarion.

1239 1303 1483 1343 Sardanapallus
1505 1303 1628 1340 (dictus
1659 1302 1754 1332 homo
1779 1301 1883 1332 mollis
1911 1302 1943 1331 et
1965 1301 2174 1341 imperiosus)
2204 1304 2262 1333 Ao.

1286 1354 1355 1381 1021
1367 1374 1374 1381 .
1392 1352 1483 1382 Erat
1500 1348 1771 1388 Anaeyndaraxi
1789 1348 1893 1387 siliuS,
1913 1350 1996 1379 Nini
2014 1357 2088 1383 rex,
2110 1349 2266 1379 luxurio-

1280 1399 1435 1428 sissimus
1452 1398 1484 1428 et
1501 1396 1737 1433 mollissiinus;
1754 1404 1827 1426 una
1841 1394 1894 1425 die
1912 1393 2096 1434 aedificarit
2118 1397 2264 1426 Tarsum

1280 1446 1314 1475 et
1332 1443 1537 1475 Anchialen.
1558 1444 1803 1482 Inscriplioncs
1826 1443 2038 1472 monumenti
2062 1442 2147 1481 ejiis.
2172 1444 2265 1473 Duos

1274 1490 1388 1529 fuisse
1413 1489 1689 1529 Sardanapallos
1706 1488 1881 1520 Hellanici
1897 1490 2081 1525 sententia,
2097 1487 2180 1519 ibid.

1241 1537 1369 1575 Sardes,
1383 1537 1467 1568 urbs
1482 1536 1602 1576 Lydioe
1615 1537 1730 1567 Persis
1747 1535 1902 1566 obediens
1916 1543 1926 1563 .-
1941 1535 1985 1566 ibi
2003 1537 2149 1565 Persic-ce
2162 1535 2266 1565 vestes

1285 1586 1445 1622 veneunt,
1472 1586 1564 1623 resp.
1584 1584 1674 1613 1139.
1695 1581 1782 1613 Inde
1798 1581 1891 1612 dicta
1912 1581 2118 1613 Sarclianica
2141 1583 2267 1612 tinctu-

1282 1639 1335 1668 ra,
1354 1633 1435 1662 Pac.
1467 1631 1566 1669 1174;
1585 1637 1669 1660 nam
1695 1628 1742 1659 ibi
1768 1629 1866 1669 πυρραὶ
1885 1628 2031 1668 βάμματα
2048 1627 2158 1668 fiunt,
2184 1627 2263 1659 Ach.

1285 1681 1341 1708 112
1366 1677 1435 1716 (ubi
1462 1678 1581 1707 vitiose
1600 1676 1732 1716 Σαρδώ).

1239 1724 1420 1756 Sardianica
1435 1723 1587 1761 tinctura,
1600 1722 1722 1760 rubra,
1736 1721 1814 1753 Ach.
1835 1725 1903 1762 112,
1922 1724 2003 1753 Pac.
2023 1723 2098 1752 1174
2113 1723 2145 1752 et
2158 1721 2265 1752 schol.

1283 1770 1497 1802 -Sarctiana
1515 1769 1660 1809 Sibylla,
1678 1771 1736 1800 Aa.
1755 1773 1825 1799 962.

1239 1818 1393 1857 Sardinia,
1414 1819 1506 1857 Vesp.
1523 1819 1594 1848 700.
1620 1816 1739 1857 Σαρδώ,
1764 1816 1880 1846 insula
1906 1815 2026 1846 ltalia}
2050 1816 2174 1853 vicina,
2193 1823 2265 1845 una

1281 1874 1324 1897 ex
1345 1868 1471 1905 septem
1498 1863 1690 1902 majoribus
1716 1863 1853 1899 insulis,
1887 1866 1925 1892 60
1956 1861 2077 1892 stadiis
2101 1870 2123 1892 a
2152 1864 2266 1900 Cyrno

1282 1913 1448 1952 (Corsica)
1473 1910 1608 1941 distans
1627 1920 1637 1941 :
1656 1911 1691 1940 in
1720 1917 1761 1940 ea
1786 1910 1864 1949 (imo
1890 1908 2067 1946 Sardibus)
2083 1907 2266 1948 splendida

1281 1967 1441 1999 purpura
1452 1957 1511 1997 fit,
1529 1957 1608 1988 Ach.
1630 1959 1699 1987 112.

1240 2006 1417 2046 sarpedon,
1433 2004 1646 2043 Jovisfilius‚
1663 2004 1720 2044 qui
1741 2001 1787 2033 ad
1804 2002 1945 2040 Trojam
1965 2000 2105 2039 cecidit;
2120 2008 2266 2040 eumpa-

1284 2055 1347 2084 tris
1357 2054 1462 2092 J'ussu
1480 2052 1577 2082 certis
1588 2049 1703 2081 diebus
1719 2050 1826 2089 lugent
1842 2049 1899 2087 dii,
1914 2048 2000 2079 Ναί).
2015 2052 2086 2079 622.

1239 2099 1417 2137 Saturnius,
1435 2097 1595 2139 Κρονικὸς,
1612 2097 1777 2134 vetustus,
1791 2096 1933 2134 stultus,
1949 2095 2003 2126 Pl.
2023 2098 2096 2126 581.

1239 2148 1407 2184 saturnus,
1425 2145 1553 2186 Κρόνος,
1580 2146 1644 2183 Eq.
1665 2147 1737 2181 561,
1756 2146 1813 2174 Ao.
1836 2145 1908 2181 469,
1933 2145 2004 2173 586.
2041 2141 2117 2173 Vide
2142 2144 2265 2172 Cronus

1282 2193 1353 2232 (ubi
1368 2192 1451 2224 add.
1474 2194 1566 2231 l'esp.
1587 2192 1690 2229 1480),
1714 2190 1828 2222 Cronia
1840 2214 1848 2229 ,
1865 2190 2026 2221 Crouides.
2045 2191 2218 2220 Saturnus
2231 2191 2264 2219 et

1281 2239 1389 2278 Rhea,
1412 2238 1557 2270 deorum
1581 2240 1670 2268 celas
1694 2237 1823 2275 altera,
1843 2237 2047 2277 Οὐρανίωνες,
2074 2235 2165 2267 Nub.
2191 2238 2262 2266 247.

1279 2287 1347 2318 Sub
1377 2288 1529 2318 Saturno
1558 2285 1754 2326 ἀπράγμονες
1781 2284 1945 2323 homines,
1973 2283 2064 2314 Nub.
2090 2285 2159 2314 821.
2178 2282 2264 2321 Ejus

1279 2337 1313 2366 et
1333 2334 1534 2373 Rhecefilius
1556 2333 1740 2372 Enyalius,
1763 2331 1951 2363 seeundum
1968 2330 2163 2369 nonnullos,
2179 2332 2264 2361 Pac.

1281 2383 1352 2413 457.
1377 2382 1524 2412 Saturni
1540 2379 1623 2420 filia
1647 2381 1757 2414 Vesta,
1773 2379 1828 2409 Pl.
1845 2382 1916 2409 395.

1238 2430 1434 2468 satyricum
1459 2427 1598 2464 drama,
1618 2426 1722 2467 quale
1738 2427 1795 2464 sit,
1820 2426 1909 2456 Prot.
1928 2426 1973 2463 X,
1995 2429 2024 2463 6,
2045 2427 2096 2463 53,
2118 2427 2188 2462 112,
2207 2429 2263 2456 125

1279 2478 1403 2514 -132;
1422 2475 1519 2507 Ρ1·01.
1542 2476 1607 2513 ΙΧ,
1623 2483 1658 2512 a,
1676 2476 1714 2505 75
1739 2483 1811 2514 sqq.
1828 2482 1865 2513 p.
1890 2474 1990 2504 XIX.
2006 2474 2165 2512 Satyrica
2180 2472 2264 2503 dra-

1282 2525 1381 2554 mata
1408 2531 1474 2553 non
1519 2521 1707 2552 advertunt
1736 2520 1961 2552 Aristarchus
1990 2522 2022 2551 et
2051 2519 2262 2558 Apollonius,

1282 2570 1457 2609 triloyiam
1469 2568 1617 2599 dicentes
1630 2568 1721 2599 verbi
1737 2575 1860 2599 caussa
1877 2568 2063 2605 Oresteam,
2081 2574 2145 2597 non
2162 2568 2264 2597 tetra-

1282 2616 1421 2656 zoylum,
1439 2618 1523 2647 Ran.
1545 2618 1632 2645 1124.

1238 2664 1394 2701 Satyrus.
1438 2661 1518 2693 Vide
1546 2663 1708 2701 Syaqrus.
1744 2660 1848 2700 Satyri
1877 2659 2040 2700 (satyrica
2072 2658 2261 2699 dramata),

1285 2709 1416 2740 Ttiesm..
1437 2711 1504 2739 157.

1240 2755 1442 2794 Scamandri,
1472 2754 1556 2795 apud
1599 2754 1800 2794 AEschylnm‚
1830 2756 1914 2785 Ran.
1946 2755 2017 2784 928.
2060 2751 2264 2783 scamandria

1281 2803 1412 2840 fluenta,
1435 2801 1566 2833 Thesm.
1589 2803 1660 2832 864.

1239 2848 1383 2880 Scamba
1408 2849 1565 2879 carmina
1584 2848 1619 2885 (i.
1639 2855 1667 2878 e.
1696 2847 1816 2886 scotia)
1841 2855 1918 2887 quie
1942 2847 2011 2877 sint
2037 2846 2069 2876 et
2095 2844 2263 2885 quomodo

1280 2897 1469 2932 canantur,
1492 2894 1587 2924 Prol.
1607 2895 1652 2932 X,
1667 2902 1695 2931 e,
1715 2897 1847 2925 82-92,

1239 2941 1478 2979 scambouides,
1491 2939 1660 2970 oriundus
1677 2948 1720 2970 ex
1736 2949 1823 2979 paqo
1840 2939 1950 2970 tribus
1968 2936 2148 2976 Leonlidis,
2167 2938 2261 2976 I'csp.

1282 2992 1331 3019 81.

1240 3034 1436 3066 scarabaeus.
1468 3032 1546 3064 Vide
1575 3029 2039 3067 0301113105.-8031111110001,
2061 3028 2261 3069 μηλολόνθην,

1282 3081 1347 3112 11110
1367 3081 1545 3110 revinctum
1564 3080 1668 3117 pueri
1692 3078 1722 3107 in
1750 3086 1854 3107 aerem
1877 3076 2057 3113 dimittunt,
2077 3074 2166 3106 Nub.
2188 3076 2260 3105 703.

1240 3127 1400 3167 sceblyas‚
1414 3134 1533 3157 servus
1548 3125 1600 3156 vel
1616 3125 1738 3160 τοξότης
1756 3123 1940 3161 barbae-us,
1959 3125 2042 3153 Rau.
2060 3126 2130 3152 608.

1241 3176 1389 3208 scellias:
1408 3174 1529 3206 scelliae
1553 3173 1635 3203 111105
1652 3174 1890 3208 Aristocrales,
1908 3174 1965 3202 Ac.
1986 3174 2052 3201 126.

1240 3226 1342 3254 Scena
1357 3223 1482 3252 comica
1497 3218 1661 3260 quomodo
1677 3220 1722 3249 sit
1737 3218 1925 3256 adornata,
1941 3218 2033 3247 Prot.
2051 3218 2116 3255 IX,
2133 3225 2166 3253 a,
2182 3217 2263 3246 27---

1283 3273 1334 3307 41,
1348 3277 1382 3309 p.
1398 3270 1474 3299 xx.

1242 3317 1357 3353 Σκηνὰς
1378 3313 1672 3353 καταλαμὸάνουσαι
1697 3312 1856 3350 (Mulieres
1879 3310 1996 3341 theatri
2019 3308 2131 3340 sedilia
2158 3307 2260 3347 primo

1283 3372 1376 3394 mane
1397 3360 1619 3400 occupantes),
1649 3358 1754 3389 sabula
1781 3357 2023 3397 Aristophanis:
2044 3364 2071 3387 c.
2087 3355 2141 3393 sr.
2159 3357 2261 3385 397-

1284 3414 1355 3446 412,
1372 3419 1404 3449 ρ.
1417 3414 1475 3440 500
1489 3417 1559 3448 sqq.
2040 3448 2045 3453 .

1242 3459 1362 3489 scenici
1380 3459 1479 3496 poene
1500 3467 1505 3483 2
1522 3456 1606 3485 sorte
1623 3452 1825 3484 ducebantur
1845 3451 1973 3490 quinam
2000 3456 2133 3490 prunuS,
2148 3455 2258 3477 secuu-

2119 3506 2157 3536 44
