2533 3808
295 200 369 231 640

337 279 444 309 Attico
467 275 537 305 solo
559 275 760 313 parceretur
774 283 784 304 :
798 281 864 312 qua
886 282 921 304 re
943 273 1095 310 detecta,
1114 271 1155 301 ab
1169 270 1304 309 ephoris

337 324 456 362 capitis
478 321 667 352 damnatur
683 321 716 352 et
742 319 828 350 bona
856 319 928 358 ejus
948 318 1189 358 publicantur,
1215 315 1303 347 Ναί).

337 371 407 399 859.

296 412 501 451 Cleo,filius
518 411 710 450 Cleonymt,
729 412 787 450 qut
800 411 1027 441 coriariorum
1053 408 1227 447 officinam
1250 406 1307 437 ha-

338 458 453 495 bebat,
470 459 532 496 Eq.
551 459 589 487 44
606 479 614 494 ,
628 456 669 487 ob
687 456 875 486 comoediam
890 455 1096 495 Babylonios
1119 453 1308 492 Aristopha-

337 511 409 533 nem
427 503 634 532 accusaverat
649 503 681 532 et
696 501 728 531 in
751 503 860 532 senatu
884 501 1096 532 calumniatus
1117 501 1205 536 0131,
1223 497 1306 537 quod

338 547 510 588 peregrinis
534 547 665 586 (sociis)
689 547 901 586 praesentibus
923 547 1003 577 male
1026 547 1152 576 locutus
1166 546 1249 575 esset.
1271 544 1309 573 dc

337 593 509 632 republica,
531 595 664 623 civitati
693 596 725 624 ct
751 595 888 624 senatui
912 593 1105 630 insultans,
1136 599 1240 631 quum
1269 598 1308 620 ne

337 639 548 670 Atheniensis
560 639 695 678 quidem
706 642 802 677 esset,
818 639 876 670 sed
886 641 1100 678 pereqrinus,
1115 637 1194 668 Ach.
1210 638 1309 667 377-

337 689 410 723 382,
427 689 484 716 502
498 694 562 724 sq.,
584 688 642 715 659
665 686 823 725 sq.,.sch.
843 687 934 725 Vesp.
961 688 1056 721 1291,
1073 686 1131 724 qut
1156 683 1240 713 adeo
1269 681 1310 712 de

334 731 565 771 psephismate
587 731 717 762 Cleonis
744 731 896 771 loquitur
909 754 917 769 ,
938 731 1046 770 μηκέτι
1066 731 1125 760 δεῖν
1146 729 1309 768 κωμῳδίας

338 778 387 807 ἐπὶ
402 780 446 816 τῷ
457 777 570 817 Θεάτρῳ
585 777 769 816 εἰσάγεσθαι.
783 777 855 808 Cleo
868 776 1069 807 accusatione
1084 776 1172 813 urget
1187 776 1310 814 poetam

339 823 393 862 (1111
407 831 480 853 eum
498 822 577 853 ludit
591 825 622 853 et
636 823 762 861 deserit,
782 825 874 862 Vesp.
898 824 1109 853 1284-1291.
1132 820 1311 851 Callistra-

341 871 414 899 tum
431 868 470 898 ob
482 868 681 899 comaclium
697 868 933 899 Aristophanis
946 870 981 898 1η
996 868 1118 897 senatu
1136 873 1311 896 accusaue-

340 917 417 953 rat,
438 916 525 945 1284.
547 915 624 946 Cleo
647 914 809 955 quomodo
828 916 1031 954 persecutus
1049 915 1093 943 sit
1114 911 1310 951 Aristopha-

339 970 427 999 nem,
446 961 540 992 Prol.
558 962 630 998 XI,
653 963 769 991 15—42
785 971 792 999 ;
810 962 909 998 XII,
931 963 967 991 13
981 969 1052 1000 sqq.
1070 960 1145 990 Cleo
1171 958 1203 988 in
1219 957 1311 988 vehe-

340 1006 441 1037 menti
457 1006 530 1037 odio
544 1008 595 1037 est
610 1007 738 1037 senibus
760 1006 1016 1037 Acharnensibus
1029 1030 1038 1045 ,
1063 1005 1206 1036 turbans
1229 1011 1312 1034 rem-

340 1051 514 1090 publicam
550 1054 719 1083 coriarius
739 1073 748 1088 ,
789 1052 866 1083 Ach.
902 1056 972 1083 300.
1009 1051 1156 1090 Quinque
1195 1049 1313 1080 talenta

340 1099 505 1137 evomuit,
520 1100 542 1129 z'.
562 1107 590 1130 0.
607 1099 748 1130 reddere
766 1101 902 1130 coactus
919 1100 967 1130 est
982 1098 1024 1129 ab
1040 1097 1239 1138 Equitibus,
1263 1104 1314 1127 ac-

339 1146 439 1183 cepta
461 1144 504 1175 ab
529 1145 701 1175 insulanis
724 1154 789 1185 quo
807 1144 1035 1185 persuaderet
1057 1142 1313 1175 Atheniensibus

341 1192 382 1221 ut
400 1190 608 1221 tributorum
631 1199 717 1221 onus
743 1192 824 1230 ipsis
841 1192 1021 1228 levarent,
1043 1190 1122 1221 Ach.
1141 1193 1170 1219 6.
1188 1192 1212 1218 A
1227 1188 1313 1218 Poti-

341 1235 452 1266 daeatis
469 1236 578 1267 decem
594 1236 713 1267 talenta
727 1236 908 1275 expressit,
934 1239 996 1277 Eq.
1016 1239 1074 1267 438
1096 1237 1129 1266 et
1143 1235 1210 1266 sch.
1230 1237 1313 1265 Pro-

341 1284 435 1313 misit
447 1291 482 1313 se
495 1284 588 1314 intra
603 1285 798 1322 viqesimum
812 1283 903 1313 diem
918 1282 1041 1313 bellum
1058 1284 1092 1312 in
1107 1281 1190 1320 Pylo
1199 1279 1315 1320 profli-

341 1337 528 1367 qaturum,
554 1331 588 1359 et
614 1329 886 1360 Laceda’mont'os
902 1353 911 1367 ,
940 1330 1054 1368 quiin
1080 1328 1315 1368 Sphacteriam

344 1374 518 1413 sufferant,
536 1376 688 1414 captivos
701 1375 847 1406 Athenas
857 1373 1090 1405 adducturum
1102 1385 1113 1411 ;
1124 1375 1227 1403 risere
1243 1375 1315 1403 tum

340 1422 375 1450 ct
389 1420 519 1451 ebrium.
530 1423 710 1460 putarunt
728 1421 956 1458 Athenienses,
972 1422 1034 1459 Eq.
1052 1421 1131 1458 Arq.
1147 1421 1198 1457 ΙΙ,
1225 1421 1312 1449 1054.

343 1466 578 1497 Demosthenis
597 1469 690 1506 qesta
713 1468 748 1497 tn
763 1466 849 1505 Pylo
866 1466 928 1497 sibi
950 1467 1146 1504 (111-093111,
1165 1465 1207 1495 ib.
1236 1468 1313 1503 392,

346 1516 422 1542 1056
435 1535 444 1551 ,
467 1513 655 1542 militarem
674 1512 933 1552 qloriamfacili
951 1520 1054 1551 opera
1079 1511 1226 1551 adeptus
1242 1535 1250 1550 ,
1268 1511 1313 1541 ib.

342 1561 414 1589 409.
439 1562 541 1588 Duces
556 1559 797 1589 Atheniensium
812 1558 844 1588 in
861 1559 938 1597 Pylo
953 1557 1154 1597 supplantat,
1170 1560 1201 1588 et
1217 1557 1314 1596 capti-

343 1613 400 1635 vos
413 1604 670 1635 Lacedaemonios
687 1604 828 1642 adducit,
838 1604 881 1635 ib.
895 1606 954 1636 742
970 1613 1018 1644 sq.
1037 1603 1121 1635 Add.
1137 1603 1206 1634 sch.
1223 1603 1312 1634 Nuh.

347 1653 403 1681 186
417 1673 425 1688 ,
442 1652 479 1681 et
500 1650 611 1688 Pylus.
626 1651 707 1680 Post
723 1652 817 1689 qesta
839 1651 874 1680 tn
893 1650 978 1690 Pylo
1001 1649 1205 1689 impediebat
1221 1649 1316 1680 Athe-

343 1698 475 1727 nienses
489 1698 672 1736 quominus
686 1697 815 1735 leqatos
832 1696 1168 1728 Lacedcemonz‘orum
1181 1695 1222 1727 de
1228 1702 1316 1735 pace

343 1743 594 1780 admitterent,
622 1744 686 1782 Eq.
712 1745 770 1773 668
787 1766 795 1781 ,
817 1744 898 1782 pact
918 1743 1045 1773 oblata?
1066 1751 1101 1773 se
1119 1749 1289 1782 opponens
1303 1764 1314 1779 ‚

344 1789 581 1820 tumultuante
604 1790 784 1826 concione;
805 1790 933 1819 narrat
961 1789 1184 1819 Philochorus
1199 1812 1208 1827 ‚
1232 1790 1314 1818 Pac.

344 1838 404 1865 665
418 1834 495 1865 coll.
512 1837 571 1865 669
587 1844 595 1872 ;
614 1833 854 1873 quorlsactum
869 1834 1002 1864 biennio
1016 1836 1097 1864 ante
1116 1836 1238 1873 Vespas
1250 1833 1317 1864 edt-

345 1882 410 1918 tas,
436 1882 527 1919 Vesp.
543 1882 594 1910 41.
610 1882 652 1910 In
667 1879 846 1919 Eqm'tibus
862 1880 1021 1919 Paphlago
1035 1880 1200 1918 coriarius,
1216 1888 1317 1918 nuper

344 1927 585 1958 Atheniensium
607 1926 731 1957 civitati
745 1927 903 1966 ascriptus
916 1950 924 1965 ,
940 1928 1201 1967 βυρσοπαφλάγων
1212 1950 1220 1965 ,
1235 1926 1318 1956 blan·

344 1973 432 2004 ditiis
461 1973 616 2012 Populum
651 1981 758 2004 senem
784 1973 876 2012 plane
907 1973 968 2003 sibi
991 1973 1136 2003 devinxit
1157 1997 1166 2011 ‚
1191 1972 1317 2003 oracula

344 2028 486 2057 canens,
501 2021 623 2049 ceteros
638 2019 708 2057 ejus
733 2027 844 2049 servos
865 2018 1038 2050 durissime
1064 2019 1180 2049 habens
1193 2043 1202 2057 ,
1230 2019 1317 2049 salsis

345 2065 534 2096 criminibus
556 2074 712 2096 accusans
728 2088 737 2104 ,
755 2065 899 2104 ipsorum
915 2065 1029 2095 merita
1055 2065 1116 2095 sibi
1142 2074 1292 2105 arrogans
1308 2083 1326 2104 ,>

345 2115 381 2143 ut
400 2120 501 2151 nuper
517 2111 737 2142 Demosthenis
763 2111 931 2142 victoriam
959 2111 998 2142 de
1016 2112 1265 2142 Lacedaemoniis
1285 2112 1317 2142 in

344 2158 433 2198 Pylo,
453 2162 463 2189 1
480 2167 566 2198 sqq.,
584 2160 717 2188 40-70.
733 2157 848 2188 01111113
872 2158 1042 2197 inspectat,
1063 2158 1181 2197 ubique
1207 2159 1272 2197 agit
1287 2160 1319 2188 et

344 2205 448 2244 rapit,
473 2206 605 2235 74-79.
631 2203 755 2235 Dormit
771 2204 942 2243 publicatis
971 2204 1087 2244 (bonis)
1104 2205 1212 2235 ebrius
1227 2228 1235 2243 ,
1262 2208 1318 2235 105

343 2260 393 2291 sq.
408 2255 466 2281 Per
476 2259 624 2281 somnum
638 2250 780 2288 oracula,
794 2259 866 2289 qnae
880 2251 1075 2290 occultabat,
1093 2251 1120 2281 ei
1136 2251 1317 2292 rapiuntur:

345 2298 476 2336 apparet
491 2305 529 2327 ex
546 2296 586 2327 iis
599 2305 673 2327 eum
690 2297 856 2327 detrusum
876 2296 914 2326 iri
928 2296 967 2327 ab
989 2297 1147 2336 isiciario,
1168 2302 1222 2328 116
1245 2307 1316 2338 sqq.

347 2348 417 2382 Ejus
440 2351 609 2383 personam
637 2343 751 2375 artifex
782 2352 875 2374 nemo
902 2343 1018 2382 fingere
1044 2344 1319 2384 volebatzquare

344 2389 587 2429 Aristophanes
600 2392 669 2429 ipse
684 2392 764 2429 eqe't,
781 2393 839 2420 230
851 2398 921 2429 sqq.
939 2393 1014 2420 Eum
1029 2389 1144 2421 divites
1158 2393 1317 2430 metuunt,

348 2435 510 2475 plebecula
529 2436 694 2474 formidat;
715 2436 844 2475 Equites
862 2438 895 2466 et
914 2435 988 2466 boni
1011 2445 1123 2467 omnes
1140 2436 1169 2466 ei
1186 2436 1318 2475 infensi,

347 2485 405 2512 223
419 2490 489 2521 sqq.
510 2482 619 2512 Prodit
631 2482 850 2520 calumnians,
867 2485 1029 2513 235—239
1046 2492 1052 2512 ε
1073 2483 1147 2512 111110
1173 2483 1318 2514 advocati

346 2536 365 2557 a
381 2528 592 2558 Demosthene
609 2528 738 2567 Equites
754 2537 827 2560 eum
843 2537 916 2559 cum
933 2528 1121 2559 criminibus
1143 2529 1254 2560 multis
1269 2538 1319 2560 ve-

346 2574 510 2603 hementer
526 2574 766 2613 aggrediuntur,
783 2577 839 2605 247
861 2583 947 2614 sqq.;
963 2573 1030 2613 ipse
1046 2583 1138 2605 senes
1154 2575 1318 2614 heliastas,

347 2628 428 2658 quos
444 2619 580 2650 triobolo
598 2620 700 2660 pascit
716 2644 724 2659 ‚
740 2620 771 2650 in
784 2620 940 2651 auxilium
964 2622 1058 2651 vocat
1069 2643 1077 2658 ‚
1101 2625 1157 2652 257
1180 2631 1267 2662 sqq.;
1289 2625 1318 2652 et

348 2665 455 2696 ludere
474 2666 580 2696 studet
597 2667 726 2705 Equites
739 2690 747 2705 ,
763 2670 819 2698 267
835 2675 905 2706 sqq.
923 2667 1044 2697 Clamat
1067 2670 1098 2697 et
1120 2668 1320 2707 impudenter

346 2710 552 2749 vociferatur,
567 2711 622 2742 sed
638 2711 836 2750 impudentia
850 2720 923 2742 01111]
937 2721 974 2743 00
991 2714 1091 2743 certat
1104 2714 1318 2752 Agoracritus,

348 2759 523 2788 273—302.
544 2761 622 2787 Eum
639 2758 827 2788 criminibus
846 2758 962 2789 iterum
980 2759 1207 2798 aggrediuntur
1229 2761 1319 2799 Equi-

347 2806 394 2833 tes
405 2826 413 2841 ,
430 2805 462 2833 et
477 2804 699 2842 Agoracritum
718 2804 924 2844 impuriorem
938 2829 946 2844 ,
970 2808 1005 2836 ut
1021 2814 1095 2836 cum
1108 2815 1146 2837 eo
1161 2806 1318 2845 decertet,

347 2849 493 2888 incitant,
511 2852 684 2881 304-334,
704 2852 781 2881 Hinc
797 2851 836 2882 de
850 2852 993 2892 pessimis
1012 2852 1134 2883 artibus
1152 2853 1229 2892 suis,
1241 2862 1320 2892 quas

346 2895 507 2934 sigillatim
527 2897 679 2937 exponit,
701 2898 906 2938 impudenter
929 2899 1102 2938 gloriatur,
1126 2908 1199 2929 51135
1227 2909 1320 2939 oppo-

349 2944 446 2972 nente
460 2942 657 2981 Agoracrit0‚
674 2946 835 2974 344-363
849 2955 856 2982 ;
869 2944 1061 2975 minationes
1075 2947 1208 2984 1111111130,
1221 2949 1320 2976 364-

349 2990 420 3019 374.
439 2988 637 3027 Impudentia
654 2991 685 3020 et
699 2990 907 3030 turpitudinis
922 2991 1110 3029 gloriatione
1124 2994 1225 3022 certat
1246 3001 1319 3023 cum

348 3035 553 3074 Agoracrito‚
581 3045 599 3066 a
620 3045 684 3076 quo
711 3036 840 3067 tandem
858 3037 1066 3076 verberatur,
1089 3039 1262 3069 409-452.
1284 3041 1320 3069 50

348 3081 567 3120 conjuratione
581 3083 806 3114 circumveniri
824 3084 968 3123 queritur
980 3108 988 3124 ,
1003 3086 1053 3123 et,
1069 3084 1190 3123 objecta
1205 3085 1264 3125 ipsi
1288 3085 1319 3115 in

348 3127 558 3158 conciliandis
575 3129 699 3168 Argivis
713 3130 904 3169 proditione,
920 3131 1066 3170 graviora
1085 3131 1124 3162 de
1138 3131 1320 3171 Agoracrito

349 3177 379 3204 et
394 3175 561 3213 Equitibus
574 3176 737 3208 delaturus
753 3178 783 3208 in
798 3182 944 3209 senatum
962 3179 1049 3217 abit,
1071 3181 1222 3219 sequente
1238 3183 1319 3218 Ago-

349 3221 479 3260 racrito,
495 3223 668 3254 461-481.
684 3228 708 3255 Α
726 3234 790 3264 (1110
805 3225 944 3255 vincitur
958 3226 989 3256 111
1005 3228 1116 3257 50113111
1137 3228 1168 3257 01
1187 3234 1204 3256 3
1217 3230 1319 3266 pryta-

329 3267 332 3269 ’
349 3266 443 3297 nibus
473 3267 700 3309 lictoribusque
743 3272 879 3302 trahitur
899 3296 907 3310 ,
937 3275 1110 3303 624-665.
1141 3273 1321 3311 Insequitur

349 3313 568 3351 Agoracritum
595 3317 626 3346 et
646 3319 715 3355 post
744 3318 848 3348 minas
872 3318 910 3348 ad
933 3319 1088 3358 Populum
1106 3327 1172 3349 rem
1195 3318 1294 3349 defert
1310 3343 1317 3357 ‚

351 3367 445 3398 quem
465 3359 597 3399 abjectis
619 3361 784 3395 blanditiis
807 3374 840 3396 se
864 3374 988 3406 semper
1012 3374 1123 3406 capere
1139 3365 1292 3405 gloriatur
1311 3389 1319 3405 ,
1345 3394 1349 3401 ,

948 189 1103 226 INDEX
1130 183 1377 225 NOMINUM
1405 175 1469 219 ET
1498 179 1689 220 RERUM.

1400 270 1572 298 691-727,
1590 270 1703 297 Coram
1719 266 1838 306 Populo
1854 266 1998 306 queritur
2012 274 2045 296 se
2064 264 2220 296 verberari
2232 263 2273 295 ob
2285 264 2371 305 Eum,

1401 313 1514 343 merita
1527 313 1558 343 in
1574 312 1655 351 Pylo
1668 314 1775 352 crepat
1788 313 1820 343 et
1834 312 2019 343 concionem
2034 311 2184 342 advocari
2198 311 2298 351 cupit,
2311 313 2372 343 730

1400 359 1513 387 -748.
1541 360 1576 387 In
1594 357 1745 388 concione
1767 366 1801 388 se
1831 358 1968 388 devovet
1983 358 2043 388 nisi
2067 357 2208 388 maxime
2221 358 2306 388 amet
2318 360 2374 387 Po:

1401 403 1525 442 pulum,
1543 404 1575 433 et
1595 406 1704 442 raptus
1719 403 1955 443 certaminaque
1969 405 2000 434 in
2014 404 2082 442 ejus
2099 404 2245 442 gratiam,
2260 403 2374 433 merita

1402 458 1460 479 sna
1474 449 1714 479 Themistocleis
1728 449 1891 488 superiora
1903 450 2035 489 exponit
2048 460 2056 488 ;
2072 449 2126 480 sed
2141 449 2304 488 sigillatim
2321 456 2374 478 -re-

1405 495 1525 525 tutatur
1539 494 1578 524 ab
1591 495 1775 533 Agoracrito
1791 519 1798 534 ‚
1817 496 1941 535 rapinas
1955 519 1963 534 ,
1986 496 2060 527 belli
2075 495 2158 526 mala
2179 504 2235 534 per
2251 495 2373 534 septem

1403 548 1516 577 annos,
1531 548 1640 579 pacem
1653 541 1804 578 rejectam
1815 565 1825 579 ,
1841 541 1952 572 turbas
1969 542 2112 572 studiose
2125 543 2235 572 auctas
2247 564 2256 578 ,
2270 548 2310 570 ne
2323 548 2374 569 ra-

1404 586 1487 625 111113)
1500 586 1570 625 ejus
1586 588 1755 616 cernantur
1768 609 1776 624 ,
1794 586 1904 617 urbem
1919 587 2118 618 deminutam
2132 610 2140 624 ,
2154 587 2289 626 injustas
2304 585 2375 616 lites

1403 633 1435 663 et
1449 632 1609 662 sociorum
1623 632 1896 671 depeculationem
1911 633 2079 672 objiciente
2091 657 2100 671 ‚
2122 635 2294 664 763—835.
2319 635 2375 662 De-

1405 678 1477 709 inde
1499 678 1589 717 Pylia
1619 678 1755 709 victoria
1789 681 1820 709 et
1853 679 2141 718 conspirationibus
2177 677 2375 710 eradicandis

1405 724 1570 764 magnifice
1583 733 1617 755 se
1630 725 1721 755 effert
1733 749 1741 763 ,
1753 724 1808 755 sed
1822 725 1889 755 suis
1903 725 2002 764 ipsius
2018 725 2140 756 artibus
2153 725 2376 764 supplantatur

1405 770 1444 801 ab
1467 771 1669 809 Agoracrito,
1691 771 1856 801 dexterius
1883 779 1978 810 quam
2001 771 2075 802 Cleo
2107 771 2322 801 calumniante
2345 770 2377 800 et

1404 816 1587 848 blandiente
1603 827 1609 847 :
1631 818 1676 848 ita
1690 819 1724 848 ut
1740 817 1879 856 Populus
1892 817 1995 857 ipsius
2016 817 2099 847 dona
2113 817 2235 847 corium
2259 815 2377 846 olentia

1407 865 1550 903 respuat,
1564 866 1737 895 843-926.
1758 864 1920 894 Annulnm
1936 872 2029 894 suum
2056 863 2095 893 ab
2109 871 2146 894 eo
2165 862 2302 902 reposcit
2322 865 2377 892 Po-

1406 910 1502 949 pulus
1517 921 1525 949 ;
1543 910 1617 941 Cleo
1629 910 1755 948 falsum,
1771 910 1924 940 annulum
1940 910 2065 949 rapacis
2079 908 2256 948 Cleonymi,
2268 907 2378 946 tradit,

1407 959 1591 995 946-959;
1611 956 1711 987 1115131
1730 958 1836 987 antem
1863 958 1899 988 ut
1918 957 2046 987 oracula
2061 956 2162 996 ipsius
2183 955 2354 986 audiantur
2369 977 2378 992 ,

1408 1007 1468 1034 960
1481 1012 1552 1043 sqq.
1578 1003 1651 1042 Ejus
1668 1003 1876 1042 rapacitatem
1902 1002 1942 1033 ab
1962 1002 2097 1033 infantia
2124 1002 2274 1041 agitatam
2297 1008 2380 1031 exse-

1409 1051 1516 1080 cratur
1537 1050 1678 1088 Chorus,
1691 1052 1866 1081 973-996,
1886 1049 1988 1080 Affert
2006 1048 2080 1080 Cleo
2101 1048 2230 1079 oracula
2254 1047 2355 1077 multa
2370 1068 2379 1084 ,

1408 1095 1525 1135 quibus
1539 1103 1596 1126 sua
1619 1095 1753 1134 opponit
1772 1095 1974 1134 Agoracritus
1989 1105 1997 1125 ε
2012 1095 2060 1126 1115
2074 1094 2176 1125 credit
2193 1093 2333 1134 Populus
2349 1094 2381 1123 et

1370 1140 1374 1143 ’
1410 1141 1545 1172 isiciario
1568 1149 1600 1172 se
1616 1141 1790 1172 committit
1805 1165 1813 1179 ‚
1830 1141 1932 1180 rejicit
1949 1142 2100 1179 Cleonea,
2115 1142 2317 1178 997—1099‚
2332 1147 2382 1178 pe·

1408 1190 1494 1217 101110
1508 1189 1614 1218 tamen
1634 1188 1769 1222 Cleone,
1797 1187 1925 1218 tandem
1949 1188 2173 1227 exploraturus
2190 1189 2238 1217 est
2261 1188 2333 1216 uter
2352 1185 2380 1215 ei

1409 1233 1509 1272 magis
1525 1233 1713 1272 benelaciat‚
1732 1237 1942 1264 1100—1110.
1960 1234 2117 1265 Plurimas
2131 1232 2381 1271 lautitias-certa-

1409 1280 1467 1310 tim
1482 1279 1641 1318 otterunt;
1656 1280 1786 1310 tandem
1805 1279 1944 1319 Populus
1957 1281 2050 1320 plena
2070 1280 2140 1310 1153
2153 1279 2278 1310 Cleonis
2295 1285 2381 1314 arca,

1409 1335 1511 1356 vacua
1533 1326 1727 1365 Agoracriti,
1750 1335 1782 1356 se
1799 1325 1947 1356 delusum
1963 1326 2002 1356 ab
2025 1325 2079 1356 illo
2107 1333 2174 1356 esse
2196 1323 2382 1364 planissime

1409 1372 1555 1411 agnoscit
1579 1373 1609 1402 et
1640 1380 1790 1401 coronam
1808 1371 1922 1411 deponi
1943 1371 2051 1411 jubet,
2073 1373 2284 1402 1151—1228.
2309 1369 2383 1400 Cleo

1409 1418 1581 1449 isiciarium
1615 1418 1743 1448 oraculo
1766 1421 1802 1448 ut
1836 1417 2007 1457 perniciem
2045 1426 2136 1448 suam
2171 1416 2383 1456 significatum

1409 1464 1570 1504 agnoscit,
1585 1473 1674 1503 spem
1688 1473 1815 1495 omnem
1829 1464 1959 1503 deponit
1972 1466 2003 1494 et
2024 1463 2209 1503 Agoracrito
2222 1461 2359 1493 traditur
2371 1484 2382 1499 ,

1413 1514 1622 1542 1229—1259.
1641 1511 1789 1541 Inducias
1803 1510 1992 1541 tricennales
2001 1510 2088 1541 domi
2102 1518 2168 1541 suae
2180 1507 2385 1540 abscondisse

1409 1557 1586 1596 detegitur,
1612 1560 1687 1588 1392
1710 1566 1781 1597 sqq.
1808 1560 1885 1587 Eum
1912 1557 2133 1595 Agoracritus,
2156 1555 2310 1595 probante
2331 1557 2385 1584 Po-

1411 1604 1499 1643 pulo,
1518 1603 1551 1633 in
1568 1603 1709 1633 infimam
1724 1603 1922 1643 plebeculam
1945 1603 2100 1640 detrudit,
2118 1603 2330 1633 1395-1408,
2345 1619 2385 1625 -

1410 1651 1559 1681 Cleonem
1575 1649 1636 1680 diis
1652 1650 1792 1680 invisum
1807 1649 1980 1680 coriarium
1997 1649 2053 1680 ubi
2076 1649 2189 1680 ducem
2203 1646 2384 1686 deligebant

1411 1696 1630 1734 Athenienses,
1650 1696 1766 1726 coelum
1782 1697 1849 1727 erat
1863 1695 2105 1736 intempestum,
2122 1698 2154 1726 et
2167 1695 2242 1725 luna
2255 1693 2383 1732 defecit,

1410 1742 1655 1774 Boedromt'one
1676 1750 1790 1773 mense
1823 1744 1907 1773 anni
1941 1742 2002 1773 sub
2023 1742 2191 1773 stratocle
2221 1740 2385 1772 archonte

1411 1790 1492 1827 acti,
1505 1789 1596 1821 Nub.
1613 1791 1788 1820 581-586.
1803 1791 1848 1820 In
1859 1789 2022 1828 parabast
2035 1789 2107 1828 eJ‘us
2117 1787 2258 1826 fabulae
2271 1786 2386 1817 Aristo-

1410 1835 1530 1874 phanes
1555 1834 1638 1865 dixit
1665 1843 1698 1865 se
1722 1834 1983 1874 potentissimum
2008 1834 2171 1865 hominem
2200 1832 2297 1864 semel
2320 1840 2387 1871 per-

1410 1881 1562 1919 cussisse,
1579 1889 1684 1920 neque
1698 1889 1809 1911 rursus
1825 1880 1995 1911 insultasse
2008 1880 2137 1920 jacenti,
2152 1882 2211 1911 549
2224 1887 2272 1919 sq.
2292 1878 2388 1910 Athe-

1412 1926 1575 1958 niensibus
1585 1926 1757 1957 consilium
1768 1926 1822 1957 dat
1835 1929 1871 1956 ut
1886 1935 2033 1957 voracem
2045 1926 2148 1957 furem
2161 1926 2336 1966 capistreut
2354 1926 2387 1956 et

1413 1981 1512 2003 nervo
1538 1973 1758 2012 constringant
1775 1996 1783 2011 ‚
1809 1974 1983 2004 591-594,
2003 1993 2045 1999 -
2060 1975 2101 2004 In
2124 1974 2237 2012 Vespis
2249 1970 2385 2002 servoin

1411 2019 1533 2050 somnis
1549 2019 1745 2058 conspicitur
1763 2019 1840 2050 Cleo
1867 2021 1902 2049 111
1918 2019 2039 2050 balmna
2063 2019 2228 2050 omnivora
2254 2018 2286 2048 in
2309 2025 2386 2048 con-

1413 2065 1504 2096 cione
1520 2064 1701 2104 pecudum,
1728 2065 1866 2095 incensae
1890 2065 1957 2096 suis
1995 2074 2073 2097 voce
2093 2073 2205 2103 orans,
2232 2063 2387 2104 populum

1412 2111 1594 2151 appendens
1610 2115 1643 2142 et
1659 2111 1858 2150 distrahens,
1875 2113 2010 2152 34-41,
2029 2112 2086 2142 uln'
2103 2120 2136 2143 v.
2156 2111 2276 2142 scholl.
2294 2110 2386 2148 Cleo-

1414 2166 1486 2188 nem
1516 2157 1631 2188 iternm
1663 2157 1861 2188 contundere
1884 2167 1948 2188 non
1972 2158 2044 2189 vult
2071 2157 2321 2197 Aristophanes,
2346 2158 2387 2187 ut

1405 2203 1546 2242 jecerat
1563 2205 1596 2234 in
1617 2203 1816 2243 Equitibus,
1850 2209 1888 2235 02
1905 2213 1954 2244 sq.
1974 2204 2048 2235 Cleo
2068 2204 2187 2234 auxilio
2212 2203 2382 2234 advocatur

1413 2259 1431 2280 a
1445 2249 1658 2288 Philocleone,
1672 2252 1712 2280 ut
1730 2250 1916 2281 mercedem
1924 2248 2100 2290 juclichus
2123 2251 2239 2291 (quam
2256 2249 2303 2281 ad
2319 2253 2387 2281 tres

1414 2296 1523 2327 obolos
1537 2298 1711 2332 evexerat,
1731 2297 1774 2327 ll).
1795 2301 1846 2337 88,
1861 2298 1916 2329 Pl.
1933 2298 2012 2337 330)
2035 2299 2068 2328 et
2086 2297 2276 2337 plebecula>
2294 2304 2388 2337 prce-

1416 2343 1506 2381 bens,
1528 2346 1597 2381 197,
1623 2344 1654 2373 01
1677 2343 1716 2373 31)
1731 2343 1892 2381 Judieibus
1908 2346 2019 2374 contra
2041 2343 2203 2374 hominem
2232 2343 2304 2374 lites
2325 2343 2386 2373 im-

1414 2389 1599 2427 probantem
1613 2411 1621 2425 ,
1636 2390 1672 2419 ut
1687 2389 1742 2428 qui
1755 2390 1797 2419 sit
1815 2389 1997 2429 reipublicae
2020 2397 2092 2420 osor
2105 2413 2116 2427 ,
2135 2391 2310 2420 408-414,
2326 2392 2387 2420 Co-

1414 2434 1520 2465 lumen
1534 2434 1692 2473 J'udicum,
1710 2438 1833 2466 mature
1855 2444 1909 2466 eos
1929 2435 2027 2474 probe
2044 2434 2142 2466 iratos
2170 2435 2282 2466 adesse
2295 2434 2388 2474 jubet

1415 2481 1454 2511 ad
1473 2481 1630 2520 judicium
1647 2481 1687 2511 de
1706 2481 1840 2512 Lachete
1864 2482 1968 2521 (luce,
1995 2483 2055 2512 242
2079 2490 2128 2522 sq.
2156 2481 2387 2522 Κεκραξιδάμας

1419 2527 1469 2557 1110
1483 2527 1568 2557 solos
1581 2527 1706 2566 jndices
1723 2536 1784 2557 non
1802 2528 1935 2567 arrodit,
1959 2528 2013 2559 sed
2036 2528 2123 2559 fovet
2139 2530 2171 2559 et
2188 2528 2307 2567 palpat,
2327 2530 2386 2558 59ss

1414 2583 1464 2610 sq.
1492 2574 1639 2604 Cleonem
1661 2583 1701 2604 110
1725 2575 1800 2605 furti
1817 2584 1906 2605 reum
1931 2575 2147 2614 deprehendat
2175 2576 2265 2614 optat
2281 2574 2386 2604 Philo-

1413 2616 1502 2650 cleon
1515 2644 1522 2657 ‚
1538 2621 1660 2659 quippe.
1677 2620 1966 2651 condomanam-as
1989 2621 2040 2651 cel
2062 2621 2163 2651 illum
2187 2622 2296 2659 ipsum
2312 2628 2388 2659 prce

1408 2665 1593 2704 judicandi
1622 2668 1654 2696 et
1682 2666 1931 2697 condenmandzt
1954 2666 2086 2704 studia,
2117 2669 2188 2698 759.
2207 2666 2323 2705 (Cleo,
2351 2667 2385 2696 ut

1414 2714 1566 2750 tanquam
1580 2712 1761 2750 conjectura
1777 2712 1894 2743 indicat
1911 2713 2010 2743 schol.
2028 2721 2060 2742 v.
2073 2716 2147 2751 991,
2162 2712 2326 2752 putandus
2339 2714 2388 2743 est

1414 2758 1810 2795 esse)acc11satoi·Lal)etis
1828 2759 1926 2797 canis,
1945 2759 2012 2798 ipse
2025 2758 2124 2790 Labes
2135 2758 2387 2798 Cydathenaeen-

1415 2804 1475 2842 sis,
1509 2803 1540 2833 id
1570 2803 1717 2842 inprimis
1749 2813 1863 2843 urgens
1898 2805 1986 2844 quod
2014 2804 2157 2844 praedam
2189 2805 2242 2836 ille
2277 2813 2386 2838 secum

1414 2853 1558 2880 consorte
1576 2859 1638 2880 non
1656 2851 1960 2890 communicaverit,
1984 2853 2157 2882 894-930.
2173 2851 2267 2890 Cons.
2287 2854 2382 2883 970-

1416 2899 1486 2927 972.
1507 2898 1555 2935 <In
1572 2896 1735 2936 Cleonem)
1757 2897 1840 2930 canit
1860 2898 2018 2929 Philocleo
2035 2910 2049 2924 u
2063 2901 2163 2929 Nemo
2180 2898 2224 2934 ita
2240 2900 2388 2930 versutus

1415 2951 1518 2981 neque
1542 2942 1591 2972 fur
1606 2955 1644 2981 n,
1669 2943 1708 2973 de
1732 2943 1873 2983 periculo
1895 2932 2080 2975 admo‘nitus
2104 2953 2123 2975 a
2156 2943 2387 2984 Bdelycleone,

1419 2992 1631 3020 1227-1230.
1658 2989 1733 3020 Inde
1750 2990 1909 3021 l‘hilocleo
1923 2990 2009 3021 aliud
2026 2991 2129 3022 Alcoei
2153 2991 2239 3022 canit
2253 2991 2387 3026 decivi-

1416 3037 1481 3065 tate
1506 3044 1561 3074 per
1581 3036 1742 3066 hominem
1760 3036 1965 3067 ambitiosum
1991 3037 2151 3076 peritura,
2172 3040 2385 3069 1231—1235.

1415 3081 1539 3111 Cleonis
1565 3082 1687 3120 pictura
1713 3082 1872 3113 horribilis
1898 3083 1941 3113 il).
1975 3085 2175 3114 1031—1035
2201 3085 2235 3114 et
2259 3082 2388 3122 (verbis

1415 3136 1512 3166 prope
1527 3127 1652 3166 iisdem)
1669 3130 1747 3159 Pac.
1765 3132 1939 3160 753—760.
1957 3130 2042 3159 Inter
2055 3128 2207 3159 convivas
2224 3132 2272 3160 est
2293 3131 2386 3169 Vesp.

1419 3178 1508 3212 1220,
1530 3177 1616 3212 1224,
1638 3178 1725 3205 1238.
1747 3176 1824 3206 Cleo
1838 3175 1950 3207 (lictus
1966 3174 2122 3206 Cerberus
2136 3183 2158 3206 a
2174 3175 2317 3207 Platone
2333 3184 2387 3207 co-

1414 3221 1499 3250 ‘mieo
1513 3222 1545 3250 et
1562 3223 1642 3251 Pac.
1662 3224 1733 3251 313.
1752 3223 1911 3252 Mortuus
1928 3222 2063 3252 Aminia
2079 3220 2254 3260 archonte,
2268 3229 2386 3254 secun-

1415 3265 1498 3296 dum
1520 3267 1758 3299 Androtionem
1774 3269 1927 3307 sequenti
1944 3275 2037 3298 anno
2048 3291 2059 3306 ,
2074 3267 2236 3299 archonte
2257 3269 2386 3310 Alcoeo,

1414 3313 1503 3344 Ναί).
1523 3316 1594 3352 549,
1611 3316 1684 3345 octo
1697 3314 1866 3345 mensibus
1880 3315 1960 3345 ante
1973 3315 2097 3345 Pacem
2105 3313 2273 3352 fabulam
2298 3323 2386 3347 com-

1414 3360 1557 3390 missam
1580 3362 1615 3391 in
1649 3360 1791 3393 Thracia
1809 3360 2024 3398 occumbens,
2041 3361 2121 3391 Pac.
2139 3362 2190 3391 47.
2208 3362 2253 3392 In
2274 3375 2313 3398 ea
2335 3366 2385 3399 fa-
