<?xml version="1.0" encoding="UTF-8"?>
<!DOCTYPE html PUBLIC "-//W3C//DTD XHTML 1.0 Transitional//EN"
    "http://www.w3.org/TR/xhtml1/DTD/xhtml1-transitional.dtd">
<html xmlns="http://www.w3.org/1999/xhtml" xml:lang="en" lang="en">
 <head>
  <title>
</title>
<meta http-equiv="Content-Type" content="text/html;charset=utf-8" />
  <meta name='ocr-system' content='tesseract 3.04.00' />
  <meta name='ocr-capabilities' content='ocr_page ocr_carea ocr_par ocr_line ocrx_word'/>
</head>
<body>
  <div class='ocr_page' id='page_1' title='image "./scholiagraecaina00dbuoft_0624.png"; bbox 0 0 2533 3808; ppageno 0'>
   <div class='ocr_carea' id='block_1_1' title="bbox 278 200 353 233">
    <p class='ocr_par' dir='ltr' id='par_1_1' title="bbox 278 200 353 233">
     <span class='ocr_line' id='line_1_1' title="bbox 278 200 353 233; baseline -0.013 0"><span class='ocrx_word' id='word_1_1' title='bbox 278 200 353 233; x_wconf 77' lang='lat'><em>582</em></span> 
     </span>
    </p>
   </div>
   <div class='ocr_carea' id='block_1_2' title="bbox 256 280 1287 3414">
    <p class='ocr_par' dir='ltr' id='par_1_2' title="bbox 256 280 1287 3414">
     <span class='ocr_line' id='line_1_2' title="bbox 271 280 1282 334; baseline -0.011 -9"><span class='ocrx_word' id='word_1_2' title='bbox 271 290 475 332; x_wconf 77' lang='lat' dir='ltr'><em>lacnmam,</em></span> <span class='ocrx_word' id='word_1_3' title='bbox 486 298 569 334; x_wconf 87' lang='lat' dir='ltr'><em>quae</em></span> <span class='ocrx_word' id='word_1_4' title='bbox 582 284 674 320; x_wconf 90' lang='lat' dir='ltr'><em>nihil</em></span> <span class='ocrx_word' id='word_1_5' title='bbox 690 282 803 319; x_wconf 87' lang='lat' dir='ltr'><em>habet</em></span> <span class='ocrx_word' id='word_1_6' title='bbox 818 294 902 317; x_wconf 88' lang='lat' dir='ltr'><em>cum</em></span> <span class='ocrx_word' id='word_1_7' title='bbox 916 280 1052 329; x_wconf 87' lang='lat' dir='ltr'><em>squilla</em></span> <span class='ocrx_word' id='word_1_8' title='bbox 1064 291 1282 315; x_wconf 89' lang='lat' dir='ltr'><em>commune:</em></span> 
     </span>
     <span class='ocr_line' id='line_1_3' title="bbox 270 336 1282 391; baseline -0.01 -10"><span class='ocrx_word' id='word_1_9' title='bbox 270 348 328 381; x_wconf 82' lang='lat' dir='ltr'><em>re&#39;s</em></span> <span class='ocrx_word' id='word_1_10' title='bbox 345 358 389 380; x_wconf 90' lang='lat' dir='ltr'><em>eo</em></span> <span class='ocrx_word' id='word_1_11' title='bbox 406 344 542 379; x_wconf 85' lang='lat' dir='ltr'><em>clarius</em></span> <span class='ocrx_word' id='word_1_12' title='bbox 566 340 784 391; x_wconf 84' lang='lat' dir='ltr'><em>apparebit,</em></span> <span class='ocrx_word' id='word_1_13' title='bbox 803 339 855 383; x_wconf 86' lang='lat' dir='ltr'><em>si,</em></span> <span class='ocrx_word' id='word_1_14' title='bbox 875 336 1198 387; x_wconf 81' lang='lat' dir='ltr'>quemadmodum</span> <span class='ocrx_word' id='word_1_15' title='bbox 1220 337 1282 372; x_wconf 88' lang='lat' dir='ltr'><em>in-</em></span> 
     </span>
     <span class='ocr_line' id='line_1_4' title="bbox 271 395 1281 450; baseline -0.008 -13"><span class='ocrx_word' id='word_1_16' title='bbox 271 401 492 450; x_wconf 79' lang='lat' dir='ltr'><em>telligendus</em></span> <span class='ocrx_word' id='word_1_17' title='bbox 528 400 576 435; x_wconf 89' lang='lat' dir='ltr'><em>sit</em></span> <span class='ocrx_word' id='word_1_18' title='bbox 612 397 842 434; x_wconf 87' lang='lat' dir='ltr'><em>enarratoris</em></span> <span class='ocrx_word' id='word_1_19' title='bbox 868 397 993 441; x_wconf 83' lang='lat' dir='ltr'><em>locus,</em></span> <span class='ocrx_word' id='word_1_20' title='bbox 1020 395 1252 444; x_wconf 80' lang='lat' dir='ltr'><em>expedivero</em></span> <span class='ocrx_word' id='word_1_21' title='bbox 1274 408 1281 429; x_wconf 92' lang='lat'><strong>:</strong></span> 
     </span>
     <span class='ocr_line' id='line_1_5' title="bbox 270 455 1285 509; baseline -0.007 -15"><span class='ocrx_word' id='word_1_22' title='bbox 270 460 394 509; x_wconf 82' lang='grc' dir='ltr'>Σχῖνον</span> <span class='ocrx_word' id='word_1_23' title='bbox 408 487 417 503; x_wconf 97' lang='grc'>,</span> <span class='ocrx_word' id='word_1_24' title='bbox 433 457 556 505; x_wconf 86' lang='lat' dir='ltr'><em>inquit</em></span> <span class='ocrx_word' id='word_1_25' title='bbox 573 485 582 502; x_wconf 84' lang='lat'>‚</span> <span class='ocrx_word' id='word_1_26' title='bbox 598 460 661 503; x_wconf 81' lang='lat' dir='ltr'><em>qui</em></span> <span class='ocrx_word' id='word_1_27' title='bbox 680 459 864 491; x_wconf 80' lang='lat' dir='ltr'><em>lentiscum</em></span> <span class='ocrx_word' id='word_1_28' title='bbox 885 457 982 489; x_wconf 82' lang='lat' dir='ltr'><em>alias</em></span> <span class='ocrx_word' id='word_1_29' title='bbox 1000 455 1207 502; x_wconf 79' lang='lat' dir='ltr'><em>significare</em></span> <span class='ocrx_word' id='word_1_30' title='bbox 1226 465 1285 487; x_wconf 84' lang='lat' dir='ltr'><em>so-</em></span> 
     </span>
     <span class='ocr_line' id='line_1_6' title="bbox 268 514 1281 562; baseline -0.004 -12"><span class='ocrx_word' id='word_1_31' title='bbox 268 519 326 557; x_wconf 74' lang='lat' dir='ltr'><em>let,</em></span> <span class='ocrx_word' id='word_1_32' title='bbox 341 528 437 550; x_wconf 86' lang='lat' dir='ltr'><em>nunc</em></span> <span class='ocrx_word' id='word_1_33' title='bbox 453 515 716 562; x_wconf 78' lang='lat' dir='ltr'><em>Aristophanes</em></span> <span class='ocrx_word' id='word_1_34' title='bbox 730 518 846 549; x_wconf 77' lang='lat' dir='ltr'><em>Attice</em></span> <span class='ocrx_word' id='word_1_35' title='bbox 860 521 969 548; x_wconf 81' lang='lat' dir='ltr'><em>vocat</em></span> <span class='ocrx_word' id='word_1_36' title='bbox 982 514 1153 559; x_wconf 78' lang='lat' dir='ltr'><em>squillam</em></span> <span class='ocrx_word' id='word_1_37' title='bbox 1170 525 1180 545; x_wconf 92' lang='lat'><strong>.·</strong></span> <span class='ocrx_word' id='word_1_38' title='bbox 1195 524 1281 546; x_wconf 87' lang='lat' dir='ltr'><em>nam</em></span> 
     </span>
     <span class='ocr_line' id='line_1_7' title="bbox 267 573 1284 620; baseline -0.005 -12"><span class='ocrx_word' id='word_1_39' title='bbox 267 575 456 608; x_wconf 84' lang='lat' dir='ltr'><em>mordendi</em></span> <span class='ocrx_word' id='word_1_40' title='bbox 471 573 658 619; x_wconf 82' lang='lat' dir='ltr'><em>facultate</em></span> <span class='ocrx_word' id='word_1_41' title='bbox 668 573 828 620; x_wconf 79' lang='lat' dir='ltr'><em>proedita</em></span> <span class='ocrx_word' id='word_1_42' title='bbox 844 584 921 606; x_wconf 79' lang='lat' dir='ltr'><em>esse</em></span> <span class='ocrx_word' id='word_1_43' title='bbox 940 573 1022 605; x_wconf 83' lang='lat' dir='ltr'><em>vult</em></span> <span class='ocrx_word' id='word_1_44' title='bbox 1039 574 1174 612; x_wconf 82' lang='lat' dir='ltr'><em>omnia,</em></span> <span class='ocrx_word' id='word_1_45' title='bbox 1198 582 1284 616; x_wconf 82' lang='lat' dir='ltr'><em>quoe</em></span> 
     </span>
     <span class='ocr_line' id='line_1_8' title="bbox 267 628 1287 678; baseline -0.005 -12"><span class='ocrx_word' id='word_1_46' title='bbox 267 634 498 678; x_wconf 79' lang='lat' dir='ltr'><em>cataplasma</em></span> <span class='ocrx_word' id='word_1_47' title='bbox 515 639 758 678; x_wconf 78' lang='lat' dir='ltr'><em>componunt:</em></span> <span class='ocrx_word' id='word_1_48' title='bbox 781 634 816 664; x_wconf 86' lang='lat' dir='ltr'><em>in</em></span> <span class='ocrx_word' id='word_1_49' title='bbox 837 628 1066 676; x_wconf 81' lang='lat' dir='ltr'><em>sequentibus</em></span> <span class='ocrx_word' id='word_1_50' title='bbox 1090 636 1210 662; x_wconf 83' lang='lat' dir='ltr'><em>autem</em></span> <span class='ocrx_word' id='word_1_51' title='bbox 1234 628 1287 661; x_wconf 83' lang='lat' dir='ltr'><em>ad</em></span> 
     </span>
     <span class='ocr_line' id='line_1_9' title="bbox 266 687 1284 733; baseline -0.003 -11"><span class='ocrx_word' id='word_1_52' title='bbox 266 692 435 723; x_wconf 86' lang='lat' dir='ltr'><em>comicum</em></span> <span class='ocrx_word' id='word_1_53' title='bbox 449 689 592 723; x_wconf 80' lang='lat' dir='ltr'><em>scholiis</em></span> <span class='ocrx_word' id='word_1_54' title='bbox 604 687 719 723; x_wconf 79' lang='lat' dir='ltr'><em>verba</em></span> <span class='ocrx_word' id='word_1_55' title='bbox 735 696 821 722; x_wconf 80' lang='lat' dir='ltr'><em>sunt</em></span> <span class='ocrx_word' id='word_1_56' title='bbox 830 700 877 722; x_wconf 76' lang='lat' dir='ltr'><em>ex</em></span> <span class='ocrx_word' id='word_1_57' title='bbox 892 687 1132 733; x_wconf 75' lang='lat' dir='ltr'><em>Theophrasti</em></span> <span class='ocrx_word' id='word_1_58' title='bbox 1144 689 1284 732; x_wconf 80' lang='lat' dir='ltr'><em>scriptis</em></span> 
     </span>
     <span class='ocr_line' id='line_1_10' title="bbox 261 744 1284 794; baseline -0.002 -15"><span class='ocrx_word' id='word_1_59' title='bbox 261 750 446 793; x_wconf 78' lang='lat' dir='ltr'><em>proposita</em></span> <span class='ocrx_word' id='word_1_60' title='bbox 464 774 473 790; x_wconf 90' lang='lat'>‚</span> <span class='ocrx_word' id='word_1_61' title='bbox 500 759 586 794; x_wconf 85' lang='lat' dir='ltr'><em>quoe</em></span> <span class='ocrx_word' id='word_1_62' title='bbox 605 747 775 789; x_wconf 84' lang='lat' dir='ltr'><em>doceant,</em></span> <span class='ocrx_word' id='word_1_63' title='bbox 809 749 874 780; x_wconf 83' lang='lat' dir='ltr'><em>etsi</em></span> <span class='ocrx_word' id='word_1_64' title='bbox 903 744 968 779; x_wconf 85' lang='lat' dir='ltr'><em>sub</em></span> <span class='ocrx_word' id='word_1_65' title='bbox 997 745 1125 779; x_wconf 81' lang='lat' dir='ltr'><em>eodem</em></span> <span class='ocrx_word' id='word_1_66' title='bbox 1150 756 1284 791; x_wconf 79' lang='lat' dir='ltr'><em>genere</em></span> 
     </span>
     <span class='ocr_line' id='line_1_11' title="bbox 266 800 1287 850; baseline -0.002 -14"><span class='ocrx_word' id='word_1_67' title='bbox 266 807 531 846; x_wconf 81' lang='lat' dir='ltr'><em>contineantur,</em></span> <span class='ocrx_word' id='word_1_68' title='bbox 560 805 667 838; x_wconf 85' lang='lat' dir='ltr'><em>aliud</em></span> <span class='ocrx_word' id='word_1_69' title='bbox 689 804 863 850; x_wconf 81' lang='lat' dir='ltr'><em>quiddam</em></span> <span class='ocrx_word' id='word_1_70' title='bbox 889 815 965 837; x_wconf 77' lang='lat' dir='ltr'><em>esse</em></span> <span class='ocrx_word' id='word_1_71' title='bbox 995 800 1158 846; x_wconf 81' lang='grc' dir='ltr'>σκίλλαν,</span> <span class='ocrx_word' id='word_1_72' title='bbox 1182 801 1287 835; x_wconf 84' lang='lat' dir='ltr'><em>aliud</em></span> 
     </span>
     <span class='ocr_line' id='line_1_12' title="bbox 265 858 1284 912; baseline -0.002 -16"><span class='ocrx_word' id='word_1_73' title='bbox 265 865 394 910; x_wconf 88' lang='grc' dir='ltr'>σχῖνον.</span> <span class='ocrx_word' id='word_1_74' title='bbox 423 863 569 897; x_wconf 71' lang='grc' dir='ltr'>ΗΕΜεΤ.</span> <span class='ocrx_word' id='word_1_75' title='bbox 599 861 808 912; x_wconf 78' lang='grc' dir='ltr'>παράκειται</span> <span class='ocrx_word' id='word_1_76' title='bbox 834 863 1034 896; x_wconf 85' lang='lat' dir='ltr'><em>Kusterus.</em></span> <span class='ocrx_word' id='word_1_77' title='bbox 1068 858 1284 908; x_wconf 85' lang='lat' dir='ltr'><em>Legebatur</em></span> 
     </span>
     <span class='ocr_line' id='line_1_13' title="bbox 265 915 1282 968; baseline -0.002 -14"><span class='ocrx_word' id='word_1_78' title='bbox 265 917 469 968; x_wconf 83' lang='grc' dir='ltr'>περίκειται.</span> <span class='ocrx_word' id='word_1_79' title='bbox 500 919 742 955; x_wconf 85' lang='lat' dir='ltr'><em>Hemsterh.:</em></span> <span class='ocrx_word' id='word_1_80' title='bbox 768 936 782 949; x_wconf 71' lang='lat' dir='ltr'><em>&lt;r</em></span> <span class='ocrx_word' id='word_1_81' title='bbox 804 919 1048 968; x_wconf 82' lang='grc' dir='ltr'>Παρακεῖσθαι</span> <span class='ocrx_word' id='word_1_82' title='bbox 1078 916 1197 953; x_wconf 74' lang='lat' dir='ltr'><em>verba</em></span> <span class='ocrx_word' id='word_1_83' title='bbox 1221 915 1282 952; x_wconf 89' lang='lat' dir='ltr'><em>di-</em></span> 
     </span>
     <span class='ocr_line' id='line_1_14' title="bbox 265 974 1284 1025; baseline -0.002 -13"><span class='ocrx_word' id='word_1_84' title='bbox 265 985 404 1013; x_wconf 84' lang='lat' dir='ltr'><em>cuntur</em></span> <span class='ocrx_word' id='word_1_85' title='bbox 426 984 462 1012; x_wconf 88' lang='lat' dir='ltr'><em>et</em></span> <span class='ocrx_word' id='word_1_86' title='bbox 482 977 700 1013; x_wconf 89' lang='lat' dir='ltr'><em>testimonia</em></span> <span class='ocrx_word' id='word_1_87' title='bbox 717 977 948 1025; x_wconf 85' lang='lat' dir='ltr'><em>scriptorum</em></span> <span class='ocrx_word' id='word_1_88' title='bbox 977 975 1024 1011; x_wconf 84' lang='lat' dir='ltr'><em>ad</em></span> <span class='ocrx_word' id='word_1_89' title='bbox 1045 974 1284 1024; x_wconf 79' lang='lat' dir='ltr'><em>probandum</em></span> 
     </span>
     <span class='ocr_line' id='line_1_15' title="bbox 265 1031 1285 1086; baseline -0.002 -16"><span class='ocrx_word' id='word_1_90' title='bbox 265 1036 399 1071; x_wconf 86' lang='lat' dir='ltr'><em>citata:</em></span> <span class='ocrx_word' id='word_1_91' title='bbox 415 1034 667 1086; x_wconf 77' lang='grc' dir='ltr'>παρατίθεσθαι</span> <span class='ocrx_word' id='word_1_92' title='bbox 687 1035 746 1071; x_wconf 70' lang='lat' dir='ltr'><em>vel</em></span> <span class='ocrx_word' id='word_1_93' title='bbox 767 1031 984 1085; x_wconf 78' lang='grc' dir='ltr'>παραθέσθαι</span> <span class='ocrx_word' id='word_1_94' title='bbox 1002 1034 1033 1069; x_wconf 86' lang='lat' dir='ltr'><em>is</em></span> <span class='ocrx_word' id='word_1_95' title='bbox 1053 1033 1118 1082; x_wconf 88' lang='lat' dir='ltr'><em>qui</em></span> <span class='ocrx_word' id='word_1_96' title='bbox 1138 1033 1285 1082; x_wconf 84' lang='lat' dir='ltr'><em>profert</em></span> 
     </span>
     <span class='ocr_line' id='line_1_16' title="bbox 265 1089 1284 1141; baseline -0.002 -12"><span class='ocrx_word' id='word_1_97' title='bbox 265 1102 302 1129; x_wconf 89' lang='lat' dir='ltr'><em>et</em></span> <span class='ocrx_word' id='word_1_98' title='bbox 320 1095 359 1129; x_wconf 91' lang='lat' dir='ltr'><em>in</em></span> <span class='ocrx_word' id='word_1_99' title='bbox 377 1093 544 1129; x_wconf 86' lang='lat' dir='ltr'><em>medium</em></span> <span class='ocrx_word' id='word_1_100' title='bbox 570 1093 735 1130; x_wconf 85' lang='lat' dir='ltr'><em>adducit.</em></span> <span class='ocrx_word' id='word_1_101' title='bbox 759 1093 861 1129; x_wconf 88' lang='lat' dir='ltr'><em>Hinc</em></span> <span class='ocrx_word' id='word_1_102' title='bbox 881 1092 1120 1141; x_wconf 78' lang='lat' dir='ltr'>Chrysippus</span> <span class='ocrx_word' id='word_1_103' title='bbox 1137 1089 1284 1141; x_wconf 58' lang='grc' dir='ltr'><em>’πλείστῃΙ</em></span> 
     </span>
     <span class='ocr_line' id='line_1_17' title="bbox 265 1149 1284 1202; baseline -0.001 -16"><span class='ocrx_word' id='word_1_104' title='bbox 265 1153 333 1188; x_wconf 85' lang='grc' dir='ltr'><em>τῶν</em></span> <span class='ocrx_word' id='word_1_105' title='bbox 373 1150 571 1201; x_wconf 77' lang='grc' dir='ltr'>μαρτυρίων</span> <span class='ocrx_word' id='word_1_106' title='bbox 606 1150 797 1202; x_wconf 76' lang='grc' dir='ltr'>παραθέσει</span> <span class='ocrx_word' id='word_1_107' title='bbox 833 1149 1011 1201; x_wconf 80' lang='grc' dir='ltr'>χρώμενος</span> <span class='ocrx_word' id='word_1_108' title='bbox 1043 1150 1082 1186; x_wconf 88' lang='lat' dir='ltr'><em>in</em></span> <span class='ocrx_word' id='word_1_109' title='bbox 1118 1149 1284 1198; x_wconf 84' lang='lat' dir='ltr'><em>quodam</em></span> 
     </span>
     <span class='ocr_line' id='line_1_18' title="bbox 265 1206 1284 1258; baseline -0.004 -12"><span class='ocrx_word' id='word_1_110' title='bbox 265 1209 407 1258; x_wconf 85' lang='lat' dir='ltr'><em>scripto</em></span> <span class='ocrx_word' id='word_1_111' title='bbox 425 1218 542 1246; x_wconf 88' lang='lat' dir='ltr'><em>totam</em></span> <span class='ocrx_word' id='word_1_112' title='bbox 561 1210 639 1246; x_wconf 88' lang='lat' dir='ltr'><em>fere</em></span> <span class='ocrx_word' id='word_1_113' title='bbox 658 1207 851 1257; x_wconf 83' lang='lat' dir='ltr'>Euripidis</span> <span class='ocrx_word' id='word_1_114' title='bbox 876 1207 1046 1245; x_wconf 81' lang='lat' dir='ltr'>Medeam</span> <span class='ocrx_word' id='word_1_115' title='bbox 1064 1206 1284 1256; x_wconf 76' lang='grc' dir='ltr'>παρετίθετο·</span> 
     </span>
     <span class='ocr_line' id='line_1_19' title="bbox 266 1263 1284 1318; baseline -0.002 -15"><span class='ocrx_word' id='word_1_116' title='bbox 266 1275 399 1303; x_wconf 84' lang='lat' dir='ltr'><em>contra</em></span> <span class='ocrx_word' id='word_1_117' title='bbox 415 1265 459 1304; x_wconf 82' lang='grc' dir='ltr'>τὰ</span> <span class='ocrx_word' id='word_1_118' title='bbox 470 1265 681 1318; x_wconf 77' lang='grc' dir='ltr'>Ἐπικούρου</span> <span class='ocrx_word' id='word_1_119' title='bbox 698 1266 808 1318; x_wconf 76' lang='grc' dir='ltr'>οἰκεία</span> <span class='ocrx_word' id='word_1_120' title='bbox 824 1265 966 1315; x_wconf 69' lang='grc' dir='ltr'>δυνάμει</span> <span class='ocrx_word' id='word_1_121' title='bbox 986 1263 1211 1316; x_wconf 78' lang='grc' dir='ltr'>γεγραμμένα</span> <span class='ocrx_word' id='word_1_122' title='bbox 1225 1264 1284 1301; x_wconf 76' lang='grc' dir='ltr'><em>καὶ</em></span> 
     </span>
     <span class='ocr_line' id='line_1_20' title="bbox 267 1322 1284 1376; baseline -0.002 -16"><span class='ocrx_word' id='word_1_123' title='bbox 267 1324 485 1376; x_wconf 74' lang='grc' dir='ltr'>ἀπαράθετα,</span> <span class='ocrx_word' id='word_1_124' title='bbox 519 1334 674 1362; x_wconf 80' lang='lat' dir='ltr'><em>anctore</em></span> <span class='ocrx_word' id='word_1_125' title='bbox 699 1326 861 1374; x_wconf 84' lang='lat' dir='ltr'><em>Diogen.</em></span> <span class='ocrx_word' id='word_1_126' title='bbox 887 1329 927 1361; x_wconf 91' lang='lat' dir='ltr'><em>L.</em></span> <span class='ocrx_word' id='word_1_127' title='bbox 952 1338 995 1370; x_wconf 77' lang='lat'><em>7,</em></span> <span class='ocrx_word' id='word_1_128' title='bbox 1020 1326 1105 1370; x_wconf 85' lang='lat'><em>180,</em></span> <span class='ocrx_word' id='word_1_129' title='bbox 1132 1325 1222 1369; x_wconf 86' lang='lat'><em>181,</em></span> <span class='ocrx_word' id='word_1_130' title='bbox 1247 1322 1284 1359; x_wconf 91' lang='lat' dir='ltr'><em>id</em></span> 
     </span>
     <span class='ocr_line' id='line_1_21' title="bbox 266 1379 1283 1433; baseline -0.002 -15"><span class='ocrx_word' id='word_1_131' title='bbox 266 1391 332 1428; x_wconf 81' lang='lat' dir='ltr'><em>est,</em></span> <span class='ocrx_word' id='word_1_132' title='bbox 353 1391 395 1419; x_wconf 77' lang='lat' dir='ltr'><em>ut</em></span> <span class='ocrx_word' id='word_1_133' title='bbox 412 1382 512 1419; x_wconf 80' lang='lat' dir='ltr'><em>idem</em></span> <span class='ocrx_word' id='word_1_134' title='bbox 534 1383 691 1433; x_wconf 80' lang='lat' dir='ltr'><em>exponit</em></span> <span class='ocrx_word' id='word_1_135' title='bbox 715 1396 774 1428; x_wconf 87' lang='lat'><em>10,</em></span> <span class='ocrx_word' id='word_1_136' title='bbox 797 1384 858 1428; x_wconf 79' lang='lat'><em>26,</em></span> <span class='ocrx_word' id='word_1_137' title='bbox 875 1380 1072 1432; x_wconf 78' lang='grc' dir='ltr'>γέγραπται</span> <span class='ocrx_word' id='word_1_138' title='bbox 1096 1379 1283 1432; x_wconf 81' lang='grc' dir='ltr'>μαρτύριον</span> 
     </span>
     <span class='ocr_line' id='line_1_22' title="bbox 264 1439 1284 1484; baseline -0.001 -7"><span class='ocrx_word' id='word_1_139' title='bbox 264 1443 298 1477; x_wconf 81' lang='grc' dir='ltr'><em>ἐν</em></span> <span class='ocrx_word' id='word_1_140' title='bbox 335 1442 446 1480; x_wconf 72' lang='grc' dir='ltr'>αὐτοῖς</span> <span class='ocrx_word' id='word_1_141' title='bbox 476 1440 597 1484; x_wconf 82' lang='grc' dir='ltr'>ἔξωθεν</span> <span class='ocrx_word' id='word_1_142' title='bbox 624 1440 732 1477; x_wconf 75' lang='grc' dir='ltr'>οὐδέν.</span> <span class='ocrx_word' id='word_1_143' title='bbox 761 1445 851 1477; x_wconf 75' lang='lat' dir='ltr'><em>Eam</em></span> <span class='ocrx_word' id='word_1_144' title='bbox 881 1439 989 1476; x_wconf 73' lang='lat' dir='ltr'><em>verbi</em></span> <span class='ocrx_word' id='word_1_145' title='bbox 1019 1440 1096 1475; x_wconf 65' lang='lat' dir='ltr'><em>vim</em></span> <span class='ocrx_word' id='word_1_146' title='bbox 1130 1439 1284 1476; x_wconf 87' lang='lat' dir='ltr'><em>minime</em></span> 
     </span>
     <span class='ocr_line' id='line_1_23' title="bbox 264 1498 1282 1550; baseline -0.004 -14"><span class='ocrx_word' id='word_1_147' title='bbox 264 1508 518 1550; x_wconf 88' lang='lat' dir='ltr'><em>perceperunt</em></span> <span class='ocrx_word' id='word_1_148' title='bbox 547 1500 776 1549; x_wconf 70' lang='lat' dir='ltr'><em>interpretes</em></span> <span class='ocrx_word' id='word_1_149' title='bbox 804 1498 904 1548; x_wconf 89' lang='lat' dir='ltr'><em>apud</em></span> <span class='ocrx_word' id='word_1_150' title='bbox 931 1502 1073 1535; x_wconf 83' lang='lat' dir='ltr'><em>Lucam</em></span> <span class='ocrx_word' id='word_1_151' title='bbox 1091 1502 1130 1533; x_wconf 90' lang='lat' dir='ltr'><em>A.</em></span> <span class='ocrx_word' id='word_1_152' title='bbox 1154 1501 1196 1532; x_wconf 84' lang='lat' dir='ltr'><strong>A.</strong></span> <span class='ocrx_word' id='word_1_153' title='bbox 1223 1511 1282 1544; x_wconf 84' lang='lat'><em>17,</em></span> 
     </span>
     <span class='ocr_line' id='line_1_24' title="bbox 266 1555 1282 1608; baseline -0.003 -14"><span class='ocrx_word' id='word_1_154' title='bbox 266 1560 284 1595; x_wconf 83' lang='lat'>3</span> <span class='ocrx_word' id='word_1_155' title='bbox 303 1571 311 1595; x_wconf 76' lang='lat' dir='ltr'><em>t</em></span> <span class='ocrx_word' id='word_1_156' title='bbox 333 1556 503 1607; x_wconf 73' lang='grc' dir='ltr'>διελέγετο</span> <span class='ocrx_word' id='word_1_157' title='bbox 534 1559 646 1599; x_wconf 75' lang='grc' dir='ltr'>αὐτοῖς</span> <span class='ocrx_word' id='word_1_158' title='bbox 671 1557 740 1594; x_wconf 77' lang='grc' dir='ltr'>ἀπὸ</span> <span class='ocrx_word' id='word_1_159' title='bbox 762 1559 828 1593; x_wconf 79' lang='grc' dir='ltr'><em>τῶν</em></span> <span class='ocrx_word' id='word_1_160' title='bbox 849 1559 992 1608; x_wconf 65' lang='grc' dir='ltr'>γραφῶν</span> <span class='ocrx_word' id='word_1_161' title='bbox 1013 1556 1193 1605; x_wconf 76' lang='grc' dir='ltr'>διανοίγων</span> <span class='ocrx_word' id='word_1_162' title='bbox 1224 1555 1282 1592; x_wconf 85' lang='grc' dir='ltr'><em>καὶ</em></span> 
     </span>
     <span class='ocr_line' id='line_1_25' title="bbox 267 1613 1278 1666; baseline -0.002 -15"><span class='ocrx_word' id='word_1_163' title='bbox 267 1614 557 1666; x_wconf 73' lang='grc' dir='ltr'>παρατιθέμενος,</span> <span class='ocrx_word' id='word_1_164' title='bbox 588 1613 640 1651; x_wconf 77' lang='grc' dir='ltr'><em>ὅτι</em></span> <span class='ocrx_word' id='word_1_165' title='bbox 673 1615 732 1651; x_wconf 72' lang='grc' dir='ltr'><em>τὸν</em></span> <span class='ocrx_word' id='word_1_166' title='bbox 767 1613 918 1665; x_wconf 62' lang='grc' dir='ltr'>Χριστὶν</span> <span class='ocrx_word' id='word_1_167' title='bbox 946 1613 1013 1649; x_wconf 75' lang='grc' dir='ltr'>ἔδει</span> <span class='ocrx_word' id='word_1_168' title='bbox 1049 1616 1168 1649; x_wconf 83' lang='grc' dir='ltr'>παθεῖν</span> <span class='ocrx_word' id='word_1_169' title='bbox 1207 1621 1278 1650; x_wconf 88' lang='lat' dir='ltr'><em>etc.</em></span> 
     </span>
     <span class='ocr_line' id='line_1_26' title="bbox 261 1674 1281 1721; baseline -0.002 -12"><span class='ocrx_word' id='word_1_170' title='bbox 261 1674 496 1710; x_wconf 64' lang='lat' dir='ltr'><em>Vertendnm</em></span> <span class='ocrx_word' id='word_1_171' title='bbox 520 1682 624 1710; x_wconf 86' lang='lat' dir='ltr'><em>erat:</em></span> <span class='ocrx_word' id='word_1_172' title='bbox 648 1677 732 1709; x_wconf 77' lang='lat' dir='ltr'><em>locis</em></span> <span class='ocrx_word' id='word_1_173' title='bbox 751 1688 799 1709; x_wconf 70' lang='lat' dir='ltr'><em>ex</em></span> <span class='ocrx_word' id='word_1_174' title='bbox 824 1677 967 1721; x_wconf 77' lang='lat' dir='ltr'><em>antiqui</em></span> <span class='ocrx_word' id='word_1_175' title='bbox 988 1674 1152 1708; x_wconf 75' lang='lat' dir='ltr'><em>Foederis</em></span> <span class='ocrx_word' id='word_1_176' title='bbox 1171 1675 1281 1708; x_wconf 79' lang='lat' dir='ltr'><em>volu-</em></span> 
     </span>
     <span class='ocr_line' id='line_1_27' title="bbox 262 1732 1280 1782; baseline 0 -13"><span class='ocrx_word' id='word_1_177' title='bbox 262 1740 358 1769; x_wconf 76' lang='lat' dir='ltr'><em>mine</em></span> <span class='ocrx_word' id='word_1_178' title='bbox 377 1738 656 1782; x_wconf 60' lang='lat' dir='ltr'><em>testimoniisque</em></span> <span class='ocrx_word' id='word_1_179' title='bbox 667 1737 824 1782; x_wconf 80' lang='lat' dir='ltr'><em>prolatis</em></span> <span class='ocrx_word' id='word_1_180' title='bbox 839 1734 1056 1779; x_wconf 78' lang='lat' dir='ltr'><em>adfirmans.</em></span> <span class='ocrx_word' id='word_1_181' title='bbox 1077 1749 1091 1762; x_wconf 71' lang='grc' dir='ltr'><strong>υ</strong></span> <span class='ocrx_word' id='word_1_182' title='bbox 1109 1732 1257 1769; x_wconf 87' lang='lat' dir='ltr'><em>Bastius</em></span> <span class='ocrx_word' id='word_1_183' title='bbox 1273 1748 1280 1768; x_wconf 74' lang='grc' dir='ltr'><em>τ</em></span> 
     </span>
     <span class='ocr_line' id='line_1_28' title="bbox 262 1792 1281 1841; baseline -0.004 -12"><span class='ocrx_word' id='word_1_184' title='bbox 262 1813 274 1824; x_wconf 87' lang='lat'>-</span> <span class='ocrx_word' id='word_1_185' title='bbox 291 1794 399 1830; x_wconf 78' lang='lat' dir='ltr'><em>Adde</em></span> <span class='ocrx_word' id='word_1_186' title='bbox 418 1795 549 1830; x_wconf 88' lang='lat' dir='ltr'><em>Valck.</em></span> <span class='ocrx_word' id='word_1_187' title='bbox 577 1793 720 1831; x_wconf 85' lang='lat' dir='ltr'><em>Adnot.</em></span> <span class='ocrx_word' id='word_1_188' title='bbox 742 1795 823 1829; x_wconf 84' lang='lat' dir='ltr'><em>crit.</em></span> <span class='ocrx_word' id='word_1_189' title='bbox 848 1794 886 1829; x_wconf 88' lang='lat' dir='ltr'><em>in</em></span> <span class='ocrx_word' id='word_1_190' title='bbox 907 1796 949 1829; x_wconf 73' lang='lat' dir='ltr'><strong>N.</strong></span> <span class='ocrx_word' id='word_1_191' title='bbox 973 1796 1015 1829; x_wconf 85' lang='lat' dir='ltr'><strong>T.</strong></span> <span class='ocrx_word' id='word_1_192' title='bbox 1038 1805 1074 1841; x_wconf 91' lang='lat' dir='ltr'><em>p.</em></span> <span class='ocrx_word' id='word_1_193' title='bbox 1096 1792 1168 1839; x_wconf 80' lang='lat'><em>393</em></span> <span class='ocrx_word' id='word_1_194' title='bbox 1195 1805 1281 1840; x_wconf 88' lang='lat' dir='ltr'><em>sq.»</em></span> 
     </span>
     <span class='ocr_line' id='line_1_29' title="bbox 261 1849 1279 1903; baseline -0.001 -17"><span class='ocrx_word' id='word_1_195' title='bbox 261 1881 300 1887; x_wconf 79' lang='grc'>-</span> <span class='ocrx_word' id='word_1_196' title='bbox 325 1853 368 1886; x_wconf 80' lang='lat'><em>31</em></span> <span class='ocrx_word' id='word_1_197' title='bbox 396 1850 454 1887; x_wconf 81' lang='grc' dir='ltr'><em>καὶ</em></span> <span class='ocrx_word' id='word_1_198' title='bbox 473 1865 546 1887; x_wconf 88' lang='lat' dir='ltr'><em>om.</em></span> <span class='ocrx_word' id='word_1_199' title='bbox 570 1851 649 1887; x_wconf 81' lang='lat' dir='ltr'><em>Ald.</em></span> <span class='ocrx_word' id='word_1_200' title='bbox 674 1869 687 1882; x_wconf 89' lang='lat'>«</span> <span class='ocrx_word' id='word_1_201' title='bbox 711 1849 950 1903; x_wconf 66' lang='grc' dir='ltr'>Θεοφράστου.</span> <span class='ocrx_word' id='word_1_202' title='bbox 974 1853 1150 1886; x_wconf 79' lang='lat' dir='ltr'><em>Fortasse</em></span> <span class='ocrx_word' id='word_1_203' title='bbox 1172 1852 1279 1886; x_wconf 88' lang='lat' dir='ltr'><em>Caus.</em></span> 
     </span>
     <span class='ocr_line' id='line_1_30' title="bbox 260 1907 1281 1960; baseline -0.002 -15"><span class='ocrx_word' id='word_1_204' title='bbox 260 1909 317 1945; x_wconf 90' lang='lat' dir='ltr'><em>Pl.</em></span> <span class='ocrx_word' id='word_1_205' title='bbox 338 1909 372 1953; x_wconf 83' lang='lat'><em>5,</em></span> <span class='ocrx_word' id='word_1_206' title='bbox 397 1911 432 1951; x_wconf 79' lang='lat'><em>6,</em></span> <span class='ocrx_word' id='word_1_207' title='bbox 456 1922 520 1944; x_wconf 79' lang='lat' dir='ltr'><em>io:</em></span> <span class='ocrx_word' id='word_1_208' title='bbox 543 1908 608 1945; x_wconf 81' lang='grc' dir='ltr'><em>ὅσα</em></span> <span class='ocrx_word' id='word_1_209' title='bbox 625 1910 659 1945; x_wconf 81' lang='grc' dir='ltr'><em>ἐν</em></span> <span class='ocrx_word' id='word_1_210' title='bbox 677 1908 786 1960; x_wconf 84' lang='grc' dir='ltr'>σχίνῳ</span> <span class='ocrx_word' id='word_1_211' title='bbox 801 1907 1001 1960; x_wconf 73' lang='grc' dir='ltr'>φυτεύουσιν</span> <span class='ocrx_word' id='word_1_212' title='bbox 1019 1908 1041 1952; x_wconf 79' lang='grc' dir='ltr'>ἢ</span> <span class='ocrx_word' id='word_1_213' title='bbox 1057 1908 1196 1957; x_wconf 70' lang='grc' dir='ltr'>σκίλλῃ,</span> <span class='ocrx_word' id='word_1_214' title='bbox 1214 1907 1281 1944; x_wconf 84' lang='lat' dir='ltr'><em>ubi</em></span> 
     </span>
     <span class='ocr_line' id='line_1_31' title="bbox 261 1965 1279 2010; baseline 0 -8"><span class='ocrx_word' id='word_1_215' title='bbox 261 1966 336 2002; x_wconf 88' lang='lat' dir='ltr'><em>vid.</em></span> <span class='ocrx_word' id='word_1_216' title='bbox 367 1966 584 2003; x_wconf 87' lang='lat' dir='ltr'><em>Schneider.</em></span> <span class='ocrx_word' id='word_1_217' title='bbox 616 1984 631 1999; x_wconf 90' lang='lat'>»</span> <span class='ocrx_word' id='word_1_218' title='bbox 664 1971 855 2004; x_wconf 70' lang='lat' dir='ltr'><em>Dmnossr.</em></span> <span class='ocrx_word' id='word_1_219' title='bbox 876 1996 917 2002; x_wconf 80' lang='grc'><em>.-</em></span> <span class='ocrx_word' id='word_1_220' title='bbox 949 1968 996 2003; x_wconf 75' lang='grc'>39.</span> <span class='ocrx_word' id='word_1_221' title='bbox 1025 1965 1158 2002; x_wconf 82' lang='grc' dir='ltr'>σκύλλα</span> <span class='ocrx_word' id='word_1_222' title='bbox 1181 1967 1227 2004; x_wconf 90' lang='grc' dir='ltr'><em>Θ.</em></span> <span class='ocrx_word' id='word_1_223' title='bbox 1258 1968 1279 2010; x_wconf 83' lang='grc' dir='ltr'>ἧ</span> 
     </span>
     <span class='ocr_line' id='line_1_32' title="bbox 261 2022 1281 2075; baseline 0.001 -15"><span class='ocrx_word' id='word_1_224' title='bbox 261 2038 338 2060; x_wconf 90' lang='lat' dir='ltr'><em>om.</em></span> <span class='ocrx_word' id='word_1_225' title='bbox 357 2024 436 2060; x_wconf 91' lang='lat' dir='ltr'><em>Ald.</em></span> <span class='ocrx_word' id='word_1_226' title='bbox 460 2042 474 2056; x_wconf 68' lang='grc' dir='ltr'>α</span> <span class='ocrx_word' id='word_1_227' title='bbox 495 2024 751 2062; x_wconf 84' lang='lat' dir='ltr'><em>Scribendum</em></span> <span class='ocrx_word' id='word_1_228' title='bbox 769 2024 921 2061; x_wconf 72' lang='lat' dir='ltr'><em>videtur</em></span> <span class='ocrx_word' id='word_1_229' title='bbox 942 2029 1058 2075; x_wconf 77' lang='grc' dir='ltr'>σχῖνος</span> <span class='ocrx_word' id='word_1_230' title='bbox 1078 2023 1112 2060; x_wconf 80' lang='grc' dir='ltr'><em>δὲ</em></span> <span class='ocrx_word' id='word_1_231' title='bbox 1131 2022 1225 2075; x_wconf 81' lang='grc' dir='ltr'>παρὰ</span> <span class='ocrx_word' id='word_1_232' title='bbox 1242 2023 1281 2061; x_wconf 75' lang='grc' dir='ltr'>τὸ</span> 
     </span>
     <span class='ocr_line' id='line_1_33' title="bbox 260 2082 1281 2131; baseline 0.001 -14"><span class='ocrx_word' id='word_1_233' title='bbox 260 2095 306 2117; x_wconf 81' lang='lat' dir='ltr'><em>ex</em></span> <span class='ocrx_word' id='word_1_234' title='bbox 339 2083 536 2131; x_wconf 82' lang='lat' dir='ltr'><em>superiore</em></span> <span class='ocrx_word' id='word_1_235' title='bbox 577 2082 722 2119; x_wconf 90' lang='lat' dir='ltr'><em>scholio</em></span> <span class='ocrx_word' id='word_1_236' title='bbox 749 2086 908 2119; x_wconf 78' lang='lat' dir='ltr'><em>V‘eneto.</em></span> <span class='ocrx_word' id='word_1_237' title='bbox 928 2099 943 2114; x_wconf 69' lang='lat' dir='ltr'>n</span> <span class='ocrx_word' id='word_1_238' title='bbox 979 2085 1096 2118; x_wconf 71' lang='lat' dir='ltr'><em>stn.</em></span> <span class='ocrx_word' id='word_1_239' title='bbox 1129 2082 1188 2118; x_wconf 82' lang='grc' dir='ltr'><em>καὶ</em></span> <span class='ocrx_word' id='word_1_240' title='bbox 1216 2083 1281 2118; x_wconf 80' lang='grc' dir='ltr'><em>δα-</em></span> 
     </span>
     <span class='ocr_line' id='line_1_34' title="bbox 260 2138 1281 2192; baseline 0.001 -17"><span class='ocrx_word' id='word_1_241' title='bbox 260 2138 373 2191; x_wconf 77' lang='grc' dir='ltr'>κρύειν</span> <span class='ocrx_word' id='word_1_242' title='bbox 396 2140 468 2176; x_wconf 85' lang='lat' dir='ltr'><em>hoc</em></span> <span class='ocrx_word' id='word_1_243' title='bbox 490 2141 575 2176; x_wconf 89' lang='lat' dir='ltr'><em>loeo</em></span> <span class='ocrx_word' id='word_1_244' title='bbox 598 2153 671 2177; x_wconf 92' lang='lat' dir='ltr'><em>om.</em></span> <span class='ocrx_word' id='word_1_245' title='bbox 692 2142 837 2186; x_wconf 76' lang='lat' dir='ltr'><strong>V.-..37</strong></span> <span class='ocrx_word' id='word_1_246' title='bbox 865 2139 1070 2192; x_wconf 63' lang='grc' dir='ltr'>Διαὲρέχων</span> <span class='ocrx_word' id='word_1_247' title='bbox 1094 2138 1153 2176; x_wconf 75' lang='grc' dir='ltr'><em>καὶ</em></span> <span class='ocrx_word' id='word_1_248' title='bbox 1171 2141 1281 2176; x_wconf 87' lang='lat' dir='ltr'><em>addi—</em></span> 
     </span>
     <span class='ocr_line' id='line_1_35' title="bbox 261 2200 1279 2253; baseline 0.002 -17"><span class='ocrx_word' id='word_1_249' title='bbox 261 2209 338 2236; x_wconf 89' lang='lat' dir='ltr'><em>tum</em></span> <span class='ocrx_word' id='word_1_250' title='bbox 372 2214 418 2236; x_wconf 76' lang='lat' dir='ltr'><em>ex</em></span> <span class='ocrx_word' id='word_1_251' title='bbox 445 2204 493 2237; x_wconf 90' lang='lat' dir='ltr'><em>R.</em></span> <span class='ocrx_word' id='word_1_252' title='bbox 519 2200 712 2253; x_wconf 69' lang='grc' dir='ltr'>διαὸρέχων</span> <span class='ocrx_word' id='word_1_253' title='bbox 743 2210 830 2250; x_wconf 88' lang='lat' dir='ltr'><em>post</em></span> <span class='ocrx_word' id='word_1_254' title='bbox 862 2200 1067 2252; x_wconf 83' lang='grc' dir='ltr'>διυγραίνων</span> <span class='ocrx_word' id='word_1_255' title='bbox 1098 2200 1204 2237; x_wconf 86' lang='lat' dir='ltr'><em>addit</em></span> <span class='ocrx_word' id='word_1_256' title='bbox 1234 2205 1279 2238; x_wconf 83' lang='lat' dir='ltr'><strong>V.</strong></span> 
     </span>
     <span class='ocr_line' id='line_1_36' title="bbox 258 2258 1278 2309; baseline 0.001 -14"><span class='ocrx_word' id='word_1_257' title='bbox 258 2258 461 2309; x_wconf 82' lang='grc' dir='ltr'>χυματίζειν</span> <span class='ocrx_word' id='word_1_258' title='bbox 484 2259 588 2304; x_wconf 82' lang='lat' dir='ltr'><em>Ald.,</em></span> <span class='ocrx_word' id='word_1_259' title='bbox 611 2259 658 2296; x_wconf 89' lang='lat' dir='ltr'><em>ad</em></span> <span class='ocrx_word' id='word_1_260' title='bbox 674 2260 776 2309; x_wconf 86' lang='lat' dir='ltr'><em>qnod</em></span> <span class='ocrx_word' id='word_1_261' title='bbox 793 2263 960 2297; x_wconf 82' lang='lat' dir='ltr'><em>Heinst.:</em></span> <span class='ocrx_word' id='word_1_262' title='bbox 980 2278 993 2291; x_wconf 85' lang='lat'>«</span> <span class='ocrx_word' id='word_1_263' title='bbox 1015 2258 1122 2309; x_wconf 80' lang='grc' dir='ltr'>Χύμα</span> <span class='ocrx_word' id='word_1_264' title='bbox 1142 2273 1278 2296; x_wconf 87' lang='lat' dir='ltr'><em>recen—</em></span> 
     </span>
     <span class='ocr_line' id='line_1_37' title="bbox 259 2317 1281 2368; baseline 0.002 -15"><span class='ocrx_word' id='word_1_265' title='bbox 259 2317 423 2353; x_wconf 87' lang='lat' dir='ltr'><em>tioribus</em></span> <span class='ocrx_word' id='word_1_266' title='bbox 443 2325 499 2353; x_wconf 87' lang='lat' dir='ltr'><em>est</em></span> <span class='ocrx_word' id='word_1_267' title='bbox 523 2331 623 2365; x_wconf 83' lang='lat' dir='ltr'><em>aqua</em></span> <span class='ocrx_word' id='word_1_268' title='bbox 643 2332 654 2353; x_wconf 89' lang='lat'><strong>.·</strong></span> <span class='ocrx_word' id='word_1_269' title='bbox 669 2318 758 2355; x_wconf 89' lang='lat' dir='ltr'><em>inde</em></span> <span class='ocrx_word' id='word_1_270' title='bbox 779 2317 998 2368; x_wconf 86' lang='grc' dir='ltr'>χυματίζειν,</span> <span class='ocrx_word' id='word_1_271' title='bbox 1019 2332 1119 2366; x_wconf 81' lang='lat' dir='ltr'><em>aqua</em></span> <span class='ocrx_word' id='word_1_272' title='bbox 1141 2320 1281 2355; x_wconf 81' lang='lat' dir='ltr'><em>diluere</em></span> 
     </span>
     <span class='ocr_line' id='line_1_38' title="bbox 258 2375 1280 2425; baseline 0.001 -14"><span class='ocrx_word' id='word_1_273' title='bbox 258 2385 295 2411; x_wconf 82' lang='lat' dir='ltr'><em>et</em></span> <span class='ocrx_word' id='word_1_274' title='bbox 305 2380 453 2412; x_wconf 77' lang='lat' dir='ltr'><em>miscere</em></span> <span class='ocrx_word' id='word_1_275' title='bbox 463 2390 477 2419; x_wconf 80' lang='lat'><em>,‘</em></span> <span class='ocrx_word' id='word_1_276' title='bbox 499 2375 562 2412; x_wconf 86' lang='lat' dir='ltr'><em>sed</em></span> <span class='ocrx_word' id='word_1_277' title='bbox 576 2385 613 2412; x_wconf 87' lang='lat' dir='ltr'><em>et</em></span> <span class='ocrx_word' id='word_1_278' title='bbox 627 2381 786 2424; x_wconf 75' lang='lat' dir='ltr'><em>quemvis</em></span> <span class='ocrx_word' id='word_1_279' title='bbox 805 2380 919 2412; x_wconf 81' lang='lat' dir='ltr'><em>ulium</em></span> <span class='ocrx_word' id='word_1_280' title='bbox 942 2380 1112 2425; x_wconf 76' lang='lat' dir='ltr'><em>liquorem</em></span> <span class='ocrx_word' id='word_1_281' title='bbox 1139 2377 1280 2424; x_wconf 80' lang='lat' dir='ltr'><em>adfim-</em></span> 
     </span>
     <span class='ocr_line' id='line_1_39' title="bbox 258 2433 1278 2484; baseline 0.003 -16"><span class='ocrx_word' id='word_1_282' title='bbox 258 2435 354 2469; x_wconf 77' lang='lat' dir='ltr'><em>dere.</em></span> <span class='ocrx_word' id='word_1_283' title='bbox 382 2434 499 2469; x_wconf 88' lang='lat' dir='ltr'><em>Paulo</em></span> <span class='ocrx_word' id='word_1_284' title='bbox 520 2433 622 2469; x_wconf 89' lang='lat' dir='ltr'><em>aliud</em></span> <span class='ocrx_word' id='word_1_285' title='bbox 655 2433 896 2484; x_wconf 66' lang='grc' dir='ltr'>ἐγχυματίζειν</span> <span class='ocrx_word' id='word_1_286' title='bbox 919 2435 1096 2483; x_wconf 77' lang='lat' dir='ltr'><em>frequens</em></span> <span class='ocrx_word' id='word_1_287' title='bbox 1124 2436 1161 2471; x_wconf 90' lang='lat' dir='ltr'><em>in</em></span> <span class='ocrx_word' id='word_1_288' title='bbox 1178 2435 1278 2484; x_wconf 91' lang='lat' dir='ltr'><em>Hip—</em></span> 
     </span>
     <span class='ocr_line' id='line_1_40' title="bbox 259 2491 1280 2541; baseline 0.003 -15"><span class='ocrx_word' id='word_1_289' title='bbox 259 2491 440 2540; x_wconf 84' lang='lat' dir='ltr'><em>piatricis.</em></span> <span class='ocrx_word' id='word_1_290' title='bbox 451 2492 520 2527; x_wconf 87' lang='lat' dir='ltr'><em>Hic</em></span> <span class='ocrx_word' id='word_1_291' title='bbox 530 2499 668 2537; x_wconf 85' lang='lat' dir='ltr'><em>antem,</em></span> <span class='ocrx_word' id='word_1_292' title='bbox 679 2492 821 2527; x_wconf 81' lang='lat' dir='ltr'><em>scholia</em></span> <span class='ocrx_word' id='word_1_293' title='bbox 834 2492 1075 2528; x_wconf 74' lang='lat' dir='ltr'><em>diversorum</em></span> <span class='ocrx_word' id='word_1_294' title='bbox 1086 2494 1280 2541; x_wconf 89' lang='lat' dir='ltr'><em>quomodo</em></span> 
     </span>
     <span class='ocr_line' id='line_1_41' title="bbox 259 2547 1275 2600; baseline 0.004 -17"><span class='ocrx_word' id='word_1_295' title='bbox 259 2548 400 2585; x_wconf 84' lang='lat' dir='ltr'><em>suerint</em></span> <span class='ocrx_word' id='word_1_296' title='bbox 419 2547 659 2595; x_wconf 77' lang='lat' dir='ltr'><em>conturbata,</em></span> <span class='ocrx_word' id='word_1_297' title='bbox 681 2551 858 2598; x_wconf 70' lang='lat' dir='ltr'><em>exemplo</em></span> <span class='ocrx_word' id='word_1_298' title='bbox 878 2551 1185 2588; x_wconf 83' lang='lat' dir='ltr'><em>manifestissimo</em></span> <span class='ocrx_word' id='word_1_299' title='bbox 1204 2565 1275 2600; x_wconf 92' lang='lat' dir='ltr'><em>pa-</em></span> 
     </span>
     <span class='ocr_line' id='line_1_42' title="bbox 261 2607 1280 2656; baseline 0.003 -14"><span class='ocrx_word' id='word_1_300' title='bbox 261 2615 329 2642; x_wconf 84' lang='lat' dir='ltr'><em>tet:</em></span> <span class='ocrx_word' id='word_1_301' title='bbox 348 2619 435 2642; x_wconf 89' lang='lat' dir='ltr'><em>nam</em></span> <span class='ocrx_word' id='word_1_302' title='bbox 452 2619 535 2654; x_wconf 85' lang='lat' dir='ltr'><em>quae</em></span> <span class='ocrx_word' id='word_1_303' title='bbox 554 2607 678 2655; x_wconf 91' lang='lat' dir='ltr'><em>prima</em></span> <span class='ocrx_word' id='word_1_304' title='bbox 694 2607 861 2656; x_wconf 88' lang='lat' dir='ltr'><em>ponitur,</em></span> <span class='ocrx_word' id='word_1_305' title='bbox 884 2608 946 2643; x_wconf 79' lang='lat' dir='ltr'><em>illa</em></span> <span class='ocrx_word' id='word_1_306' title='bbox 965 2608 1122 2655; x_wconf 64' lang='lat' dir='ltr'><em>Didymi</em></span> <span class='ocrx_word' id='word_1_307' title='bbox 1144 2618 1200 2644; x_wconf 88' lang='lat' dir='ltr'><em>est</em></span> <span class='ocrx_word' id='word_1_308' title='bbox 1215 2623 1280 2644; x_wconf 83' lang='lat' dir='ltr'><em>ex-</em></span> 
     </span>
     <span class='ocr_line' id='line_1_43' title="bbox 260 2663 1277 2713; baseline 0 -13"><span class='ocrx_word' id='word_1_309' title='bbox 260 2664 414 2713; x_wconf 78' lang='lat' dir='ltr'><em>plicatio</em></span> <span class='ocrx_word' id='word_1_310' title='bbox 433 2696 440 2708; x_wconf 91' lang='lat'><em>,</em></span> <span class='ocrx_word' id='word_1_311' title='bbox 469 2672 510 2699; x_wconf 86' lang='lat' dir='ltr'><em>nt</em></span> <span class='ocrx_word' id='word_1_312' title='bbox 527 2663 605 2712; x_wconf 85' lang='lat' dir='ltr'><em>jam</em></span> <span class='ocrx_word' id='word_1_313' title='bbox 634 2663 680 2699; x_wconf 80' lang='lat' dir='ltr'><em>ab</em></span> <span class='ocrx_word' id='word_1_314' title='bbox 711 2664 867 2700; x_wconf 87' lang='lat' dir='ltr'><em>eruditis</em></span> <span class='ocrx_word' id='word_1_315' title='bbox 896 2664 1203 2700; x_wconf 66' lang='lat' dir='ltr'><em>animadversum</em></span> <span class='ocrx_word' id='word_1_316' title='bbox 1232 2678 1277 2701; x_wconf 79' lang='lat' dir='ltr'><em>ex</em></span> 
     </span>
     <span class='ocr_line' id='line_1_44' title="bbox 259 2721 1278 2771; baseline 0 -12"><span class='ocrx_word' id='word_1_317' title='bbox 259 2722 394 2759; x_wconf 85' lang='lat' dir='ltr'><em>Athen.</em></span> <span class='ocrx_word' id='word_1_318' title='bbox 420 2735 438 2756; x_wconf 81' lang='lat'><strong>2</strong></span> <span class='ocrx_word' id='word_1_319' title='bbox 454 2751 462 2766; x_wconf 88' lang='lat'>‚</span> <span class='ocrx_word' id='word_1_320' title='bbox 484 2735 522 2770; x_wconf 91' lang='lat' dir='ltr'><em>p.</em></span> <span class='ocrx_word' id='word_1_321' title='bbox 548 2723 610 2768; x_wconf 86' lang='lat'><em>67,</em></span> <span class='ocrx_word' id='word_1_322' title='bbox 628 2724 684 2764; x_wconf 89' lang='lat' dir='ltr'><em>D;</em></span> <span class='ocrx_word' id='word_1_323' title='bbox 707 2723 862 2771; x_wconf 86' lang='lat' dir='ltr'><em>reliqnae</em></span> <span class='ocrx_word' id='word_1_324' title='bbox 892 2721 992 2758; x_wconf 81' lang='lat' dir='ltr'><em>biuae</em></span> <span class='ocrx_word' id='word_1_325' title='bbox 1018 2722 1112 2757; x_wconf 85' lang='lat' dir='ltr'><em>alios</em></span> <span class='ocrx_word' id='word_1_326' title='bbox 1137 2722 1278 2759; x_wconf 81' lang='lat' dir='ltr'><em>habeut</em></span> 
     </span>
     <span class='ocr_line' id='line_1_45' title="bbox 258 2778 1279 2826; baseline 0.001 -11"><span class='ocrx_word' id='word_1_327' title='bbox 258 2787 444 2815; x_wconf 79' lang='lat' dir='ltr'><em>auctores.</em></span> <span class='ocrx_word' id='word_1_328' title='bbox 480 2778 652 2815; x_wconf 81' lang='lat' dir='ltr'><em>Indidem</em></span> <span class='ocrx_word' id='word_1_329' title='bbox 695 2780 870 2815; x_wconf 79' lang='lat' dir='ltr'><em>hauserat</em></span> <span class='ocrx_word' id='word_1_330' title='bbox 902 2779 1116 2826; x_wconf 71' lang='lat' dir='ltr'><em>Hesychius</em></span> <span class='ocrx_word' id='word_1_331' title='bbox 1146 2779 1279 2816; x_wconf 88' lang='lat' dir='ltr'><em>leviter</em></span> 
     </span>
     <span class='ocr_line' id='line_1_46' title="bbox 258 2836 1278 2888; baseline 0.001 -14"><span class='ocrx_word' id='word_1_332' title='bbox 258 2838 331 2874; x_wconf 86' lang='lat' dir='ltr'><em>hoc</em></span> <span class='ocrx_word' id='word_1_333' title='bbox 355 2845 467 2887; x_wconf 87' lang='lat' dir='ltr'><em>pacto</em></span> <span class='ocrx_word' id='word_1_334' title='bbox 483 2837 765 2873; x_wconf 74' lang='lat' dir='ltr'><em>emendandus:</em></span> <span class='ocrx_word' id='word_1_335' title='bbox 787 2836 891 2880; x_wconf 84' lang='grc' dir='ltr'>Ὄξος</span> <span class='ocrx_word' id='word_1_336' title='bbox 912 2837 1103 2888; x_wconf 61' lang='grc' dir='ltr'>Σφήττιον·</span> <span class='ocrx_word' id='word_1_337' title='bbox 1125 2836 1206 2879; x_wconf 82' lang='grc' dir='ltr'>ἴσως</span> <span class='ocrx_word' id='word_1_338' title='bbox 1226 2837 1278 2875; x_wconf 82' lang='grc' dir='ltr'><em>ὅτι</em></span> 
     </span>
     <span class='ocr_line' id='line_1_47' title="bbox 258 2889 1276 2947; baseline 0 -15"><span class='ocrx_word' id='word_1_339' title='bbox 258 2895 428 2947; x_wconf 70' lang='grc' dir='ltr'>Σφήττιοι</span> <span class='ocrx_word' id='word_1_340' title='bbox 446 2894 530 2938; x_wconf 81' lang='grc' dir='ltr'>ὀξεῖς</span> <span class='ocrx_word' id='word_1_341' title='bbox 545 2889 655 2942; x_wconf 66' lang='grc' dir='ltr'>ἦσαν,</span> <span class='ocrx_word' id='word_1_342' title='bbox 677 2896 732 2932; x_wconf 74' lang='grc' dir='ltr'><em>διὰ</em></span> <span class='ocrx_word' id='word_1_343' title='bbox 756 2899 856 2932; x_wconf 79' lang='grc' dir='ltr'>τοῦτο</span> <span class='ocrx_word' id='word_1_344' title='bbox 875 2889 969 2932; x_wconf 62' lang='grc' dir='ltr'>εἶπεν</span> <span class='ocrx_word' id='word_1_345' title='bbox 986 2895 1060 2938; x_wconf 72' lang='grc' dir='ltr'>ὄξος</span> <span class='ocrx_word' id='word_1_346' title='bbox 1081 2895 1276 2947; x_wconf 65' lang='grc' dir='ltr'>Σφήττιον,</span> 
     </span>
     <span class='ocr_line' id='line_1_48' title="bbox 256 2952 1275 3004; baseline 0.002 -15"><span class='ocrx_word' id='word_1_347' title='bbox 256 2953 360 3002; x_wconf 79' lang='grc' dir='ltr'>ἤγουν</span> <span class='ocrx_word' id='word_1_348' title='bbox 382 2952 497 3004; x_wconf 75' lang='grc' dir='ltr'>δριμύ.</span> <span class='ocrx_word' id='word_1_349' title='bbox 521 2952 647 2999; x_wconf 82' lang='grc' dir='ltr'>Ὀξεῖς,</span> <span class='ocrx_word' id='word_1_350' title='bbox 666 2955 731 3003; x_wconf 83' lang='lat' dir='ltr'><em>qui</em></span> <span class='ocrx_word' id='word_1_351' title='bbox 747 2963 833 2990; x_wconf 89' lang='lat' dir='ltr'><em>sunt</em></span> <span class='ocrx_word' id='word_1_352' title='bbox 853 2968 956 2989; x_wconf 84' lang='lat' dir='ltr'><em>acres</em></span> <span class='ocrx_word' id='word_1_353' title='bbox 970 2968 1012 2990; x_wconf 85' lang='lat' dir='ltr'><em>ac</em></span> <span class='ocrx_word' id='word_1_354' title='bbox 1027 2955 1275 2998; x_wconf 78' lang='lat' dir='ltr'><em>vehementes,</em></span> 
     </span>
     <span class='ocr_line' id='line_1_49' title="bbox 257 3011 1275 3062; baseline 0.004 -15"><span class='ocrx_word' id='word_1_355' title='bbox 257 3013 335 3056; x_wconf 78' lang='lat' dir='ltr'><em>vel,</em></span> <span class='ocrx_word' id='word_1_356' title='bbox 363 3012 464 3060; x_wconf 83' lang='lat' dir='ltr'><em>quod</em></span> <span class='ocrx_word' id='word_1_357' title='bbox 496 3011 606 3061; x_wconf 86' lang='lat' dir='ltr'><em>hujus</em></span> <span class='ocrx_word' id='word_1_358' title='bbox 634 3013 717 3050; x_wconf 72' lang='lat' dir='ltr'><em>vice</em></span> <span class='ocrx_word' id='word_1_359' title='bbox 752 3014 896 3050; x_wconf 85' lang='lat' dir='ltr'><em>scholia</em></span> <span class='ocrx_word' id='word_1_360' title='bbox 925 3021 1054 3050; x_wconf 83' lang='lat' dir='ltr'><em>nostra</em></span> <span class='ocrx_word' id='word_1_361' title='bbox 1085 3013 1275 3062; x_wconf 72' lang='lat' dir='ltr'><em>praebent,</em></span> 
     </span>
     <span class='ocr_line' id='line_1_50' title="bbox 258 3069 1278 3120; baseline 0.003 -15"><span class='ocrx_word' id='word_1_362' title='bbox 258 3069 393 3120; x_wconf 82' lang='grc' dir='ltr'>πικροὶ,</span> <span class='ocrx_word' id='word_1_363' title='bbox 425 3070 570 3114; x_wconf 78' lang='lat' dir='ltr'><em>acerbi,</em></span> <span class='ocrx_word' id='word_1_364' title='bbox 603 3071 709 3107; x_wconf 89' lang='lat' dir='ltr'><em>reddi</em></span> <span class='ocrx_word' id='word_1_365' title='bbox 738 3086 811 3108; x_wconf 89' lang='lat' dir='ltr'><em>non</em></span> <span class='ocrx_word' id='word_1_366' title='bbox 844 3072 1182 3108; x_wconf 81' lang='lat' dir='ltr'><em>debuerantacuti.</em></span> <span class='ocrx_word' id='word_1_367' title='bbox 1202 3090 1216 3105; x_wconf 81' lang='grc' dir='ltr'><strong>υ</strong></span> <span class='ocrx_word' id='word_1_368' title='bbox 1237 3103 1278 3110; x_wconf 75' lang='grc'><em>.-</em></span> 
     </span>
     <span class='ocr_line' id='line_1_51' title="bbox 259 3127 1276 3180; baseline 0.003 -17"><span class='ocrx_word' id='word_1_369' title='bbox 259 3130 306 3163; x_wconf 74' lang='lat'><em>38</em></span> <span class='ocrx_word' id='word_1_370' title='bbox 336 3129 497 3165; x_wconf 70' lang='grc' dir='ltr'>καλοῦσιν</span> <span class='ocrx_word' id='word_1_371' title='bbox 529 3132 570 3164; x_wconf 91' lang='lat' dir='ltr'><em>V.</em></span> <span class='ocrx_word' id='word_1_372' title='bbox 598 3143 668 3177; x_wconf 88' lang='lat' dir='ltr'><em>pro</em></span> <span class='ocrx_word' id='word_1_373' title='bbox 696 3130 791 3180; x_wconf 72' lang='grc' dir='ltr'>φασί.</span> <span class='ocrx_word' id='word_1_374' title='bbox 816 3131 889 3175; x_wconf 87' lang='lat' dir='ltr'><em>Qui</em></span> <span class='ocrx_word' id='word_1_375' title='bbox 920 3130 1046 3179; x_wconf 81' lang='lat' dir='ltr'><em>pergit</em></span> <span class='ocrx_word' id='word_1_376' title='bbox 1065 3127 1118 3165; x_wconf 80' lang='grc' dir='ltr'><em>ὅτι</em></span> <span class='ocrx_word' id='word_1_377' title='bbox 1143 3128 1178 3166; x_wconf 81' lang='grc' dir='ltr'><em>δὲ</em></span> <span class='ocrx_word' id='word_1_378' title='bbox 1199 3129 1276 3172; x_wconf 75' lang='grc' dir='ltr'>τοὺς</span> 
     </span>
     <span class='ocr_line' id='line_1_52' title="bbox 259 3185 1270 3238; baseline 0.002 -16"><span class='ocrx_word' id='word_1_379' title='bbox 259 3185 453 3237; x_wconf 71' lang='grc' dir='ltr'>Σφηττίους</span> <span class='ocrx_word' id='word_1_380' title='bbox 472 3201 557 3227; x_wconf 80' lang='grc' dir='ltr'>τινες</span> <span class='ocrx_word' id='word_1_381' title='bbox 577 3187 778 3238; x_wconf 78' lang='grc' dir='ltr'>κεντρώδεις</span> <span class='ocrx_word' id='word_1_382' title='bbox 794 3186 967 3224; x_wconf 72' lang='grc' dir='ltr'>ὓπέλαὸον</span> <span class='ocrx_word' id='word_1_383' title='bbox 993 3186 1052 3223; x_wconf 82' lang='grc' dir='ltr'><em>καὶ</em></span> <span class='ocrx_word' id='word_1_384' title='bbox 1069 3187 1164 3230; x_wconf 81' lang='grc' dir='ltr'>ὀξεῖς.</span> <span class='ocrx_word' id='word_1_385' title='bbox 1186 3189 1270 3237; x_wconf 61' lang='grc' dir='ltr'><em>(Υἱ-</em></span> 
     </span>
     <span class='ocr_line' id='line_1_53' title="bbox 258 3243 1273 3296; baseline 0.004 -18"><span class='ocrx_word' id='word_1_386' title='bbox 258 3243 369 3279; x_wconf 81' lang='lat' dir='ltr'><em>‹letur</em></span> <span class='ocrx_word' id='word_1_387' title='bbox 386 3243 531 3293; x_wconf 85' lang='lat' dir='ltr'><em>aliquid</em></span> <span class='ocrx_word' id='word_1_388' title='bbox 553 3245 747 3282; x_wconf 80' lang='lat' dir='ltr'><em>excidisse.</em></span> <span class='ocrx_word' id='word_1_389' title='bbox 765 3244 900 3294; x_wconf 69' lang='lat' dir='ltr'><em>Dixn.)</em></span> <span class='ocrx_word' id='word_1_390' title='bbox 920 3244 1066 3286; x_wconf 80' lang='grc' dir='ltr'>Ἄλλως.</span> <span class='ocrx_word' id='word_1_391' title='bbox 1089 3246 1139 3296; x_wconf 80' lang='grc' dir='ltr'>τῷ</span> <span class='ocrx_word' id='word_1_392' title='bbox 1160 3245 1210 3296; x_wconf 89' lang='grc' dir='ltr'><em>δρ.</em></span> <span class='ocrx_word' id='word_1_393' title='bbox 1232 3250 1273 3282; x_wconf 76' lang='lat' dir='ltr'><strong>R.</strong></span> 
     </span>
     <span class='ocr_line' id='line_1_54' title="bbox 257 3300 1274 3356; baseline 0.005 -19"><span class='ocrx_word' id='word_1_394' title='bbox 257 3300 296 3337; x_wconf 74' lang='grc' dir='ltr'><em>το</em></span> <span class='ocrx_word' id='word_1_395' title='bbox 314 3303 365 3353; x_wconf 66' lang='grc' dir='ltr'><em>ἐρ.</em></span> <span class='ocrx_word' id='word_1_396' title='bbox 390 3301 570 3347; x_wconf 50' lang='lat' dir='ltr'><em>Deinde?</em></span> <span class='ocrx_word' id='word_1_397' title='bbox 591 3313 627 3339; x_wconf 89' lang='lat' dir='ltr'><em>et</em></span> <span class='ocrx_word' id='word_1_398' title='bbox 646 3308 704 3339; x_wconf 67' lang='grc' dir='ltr'><em>τοῦ</em></span> <span class='ocrx_word' id='word_1_399' title='bbox 722 3313 961 3342; x_wconf 79' lang='lat' dir='ltr'><em>accesserunt</em></span> <span class='ocrx_word' id='word_1_400' title='bbox 979 3318 1027 3340; x_wconf 86' lang='lat' dir='ltr'><em>ex</em></span> <span class='ocrx_word' id='word_1_401' title='bbox 1041 3307 1085 3340; x_wconf 85' lang='lat' dir='ltr'><strong>V.</strong></span> <span class='ocrx_word' id='word_1_402' title='bbox 1097 3305 1194 3351; x_wconf 62' lang='lat'><em>„39</em></span> <span class='ocrx_word' id='word_1_403' title='bbox 1209 3304 1274 3356; x_wconf 77' lang='grc' dir='ltr'><em>γὰρ</em></span> 
     </span>
     <span class='ocr_line' id='line_1_55' title="bbox 257 3360 1272 3414; baseline 0.004 -19"><span class='ocrx_word' id='word_1_404' title='bbox 257 3372 333 3396; x_wconf 89' lang='lat' dir='ltr'><em>om.</em></span> <span class='ocrx_word' id='word_1_405' title='bbox 352 3362 396 3398; x_wconf 89' lang='grc' dir='ltr'><em>Θ.</em></span> <span class='ocrx_word' id='word_1_406' title='bbox 413 3390 450 3394; x_wconf 34' lang='grc' dir='ltr'><strong>ἡ</strong></span> <span class='ocrx_word' id='word_1_407' title='bbox 465 3368 512 3405; x_wconf 67' lang='lat'><em>40</em></span> <span class='ocrx_word' id='word_1_408' title='bbox 528 3360 579 3398; x_wconf 77' lang='grc' dir='ltr'><em>ὅτι</em></span> <span class='ocrx_word' id='word_1_409' title='bbox 593 3375 664 3398; x_wconf 83' lang='lat' dir='ltr'><em>om.</em></span> <span class='ocrx_word' id='word_1_410' title='bbox 688 3366 730 3398; x_wconf 81' lang='lat' dir='ltr'><strong>V.</strong></span> <span class='ocrx_word' id='word_1_411' title='bbox 747 3392 787 3398; x_wconf 85' lang='grc'>-.</span> <span class='ocrx_word' id='word_1_412' title='bbox 803 3370 849 3406; x_wconf 59' lang='grc' dir='ltr'><em>ἔγ),</em></span> <span class='ocrx_word' id='word_1_413' title='bbox 871 3364 1025 3414; x_wconf 64' lang='grc' dir='ltr'>Σφηττοῖ</span> <span class='ocrx_word' id='word_1_414' title='bbox 1042 3365 1131 3411; x_wconf 80' lang='lat' dir='ltr'><strong>ch.</strong></span> <span class='ocrx_word' id='word_1_415' title='bbox 1151 3363 1272 3412; x_wconf 55' lang='grc' dir='ltr'>Σφητ-</span> 
     </span>
    </p>
   </div>
   <div class='ocr_carea' id='block_1_3' title="bbox 1005 192 1592 232">
    <p class='ocr_par' dir='ltr' id='par_1_3' title="bbox 1005 192 1592 232">
     <span class='ocr_line' id='line_1_56' title="bbox 1005 192 1592 232; baseline -0.002 -1"><span class='ocrx_word' id='word_1_416' title='bbox 1005 192 1302 232; x_wconf 81' lang='lat' dir='ltr'><strong>ADNOTATIO</strong></span> <span class='ocrx_word' id='word_1_417' title='bbox 1330 192 1386 230; x_wconf 90' lang='lat' dir='ltr'><em>IN</em></span> <span class='ocrx_word' id='word_1_418' title='bbox 1413 193 1592 232; x_wconf 88' lang='lat' dir='ltr'><strong>SCHOL.</strong></span> 
     </span>
    </p>
   </div>
   <div class='ocr_carea' id='block_1_4' title="bbox 1335 277 2366 3412">
    <p class='ocr_par' dir='ltr' id='par_1_4' title="bbox 1345 277 2356 331">
     <span class='ocr_line' id='line_1_57' title="bbox 1345 277 2356 331; baseline 0.006 -17"><span class='ocrx_word' id='word_1_419' title='bbox 1345 277 1396 315; x_wconf 77' lang='grc' dir='ltr'><em>τοὶ</em></span> <span class='ocrx_word' id='word_1_420' title='bbox 1416 279 1531 315; x_wconf 85' lang='lat' dir='ltr'><em>Paris.</em></span> <span class='ocrx_word' id='word_1_421' title='bbox 1552 286 1589 315; x_wconf 83' lang='lat' dir='ltr'><em>et</em></span> <span class='ocrx_word' id='word_1_422' title='bbox 1603 279 1703 315; x_wconf 84' lang='lat' dir='ltr'><em>infra</em></span> <span class='ocrx_word' id='word_1_423' title='bbox 1724 281 1871 331; x_wconf 77' lang='grc' dir='ltr'>Σφητοὶ,</span> <span class='ocrx_word' id='word_1_424' title='bbox 1890 280 1956 318; x_wconf 87' lang='lat' dir='ltr'><em>ubi</em></span> <span class='ocrx_word' id='word_1_425' title='bbox 1976 284 2068 331; x_wconf 81' lang='lat' dir='ltr'><em>Reg.</em></span> <span class='ocrx_word' id='word_1_426' title='bbox 2084 282 2222 319; x_wconf 89' lang='lat' dir='ltr'><em>iterum</em></span> <span class='ocrx_word' id='word_1_427' title='bbox 2241 291 2356 320; x_wconf 81' lang='lat' dir='ltr'><em>recte.</em></span> 
     </span>
    </p>

    <p class='ocr_par' dir='ltr' id='par_1_5' title="bbox 1343 335 2356 503">
     <span class='ocr_line' id='line_1_58' title="bbox 1397 335 2356 391; baseline 0.007 -20"><span class='ocrx_word' id='word_1_428' title='bbox 1397 349 1468 382; x_wconf 81' lang='lat'><em>721</em></span> <span class='ocrx_word' id='word_1_429' title='bbox 1493 340 1587 386; x_wconf 74' lang='lat' dir='ltr'><em>Reg.</em></span> <span class='ocrx_word' id='word_1_430' title='bbox 1605 335 1794 388; x_wconf 71' lang='grc' dir='ltr'>ἐκστρέψας</span> <span class='ocrx_word' id='word_1_431' title='bbox 1807 338 1874 375; x_wconf 85' lang='grc' dir='ltr'>ἀπὸ</span> <span class='ocrx_word' id='word_1_432' title='bbox 1892 345 2086 391; x_wconf 76' lang='grc' dir='ltr'>μεταφορᾶς</span> <span class='ocrx_word' id='word_1_433' title='bbox 2103 341 2172 376; x_wconf 81' lang='grc' dir='ltr'><em>τῶν</em></span> <span class='ocrx_word' id='word_1_434' title='bbox 2189 339 2356 389; x_wconf 82' lang='grc' dir='ltr'>ἱματίων·</span> 
     </span>
     <span class='ocr_line' id='line_1_59' title="bbox 1343 393 2356 453; baseline 0.006 -23"><span class='ocrx_word' id='word_1_435' title='bbox 1343 393 1540 446; x_wconf 61' lang='grc' dir='ltr'>ἓκστρέφειν</span> <span class='ocrx_word' id='word_1_436' title='bbox 1565 394 1631 446; x_wconf 80' lang='grc' dir='ltr'><em>γάρ</em></span> <span class='ocrx_word' id='word_1_437' title='bbox 1661 396 1735 432; x_wconf 83' lang='grc' dir='ltr'>ἐστι</span> <span class='ocrx_word' id='word_1_438' title='bbox 1759 395 1799 433; x_wconf 81' lang='grc' dir='ltr'>τὸ</span> <span class='ocrx_word' id='word_1_439' title='bbox 1823 397 1866 433; x_wconf 77' lang='grc' dir='ltr'>τὰ</span> <span class='ocrx_word' id='word_1_440' title='bbox 1888 397 1980 453; x_wconf 76' lang='grc' dir='ltr'>ἐντὸς</span> <span class='ocrx_word' id='word_1_441' title='bbox 2008 398 2097 450; x_wconf 82' lang='grc' dir='ltr'>μέρη</span> <span class='ocrx_word' id='word_1_442' title='bbox 2126 399 2222 441; x_wconf 82' lang='grc' dir='ltr'>ἐκτὸς</span> <span class='ocrx_word' id='word_1_443' title='bbox 2247 404 2356 436; x_wconf 78' lang='grc' dir='ltr'>ποιεῖν</span> 
     </span>
     <span class='ocr_line' id='line_1_60' title="bbox 1343 451 1533 503; baseline 0.005 -15"><span class='ocrx_word' id='word_1_444' title='bbox 1343 451 1533 503; x_wconf 75' lang='grc' dir='ltr'>φαίνεσθαι.</span> 
     </span>
    </p>

    <p class='ocr_par' dir='ltr' id='par_1_6' title="bbox 1335 510 2366 3117">
     <span class='ocr_line' id='line_1_61' title="bbox 1397 510 2357 556; baseline 0.005 -9"><span class='ocrx_word' id='word_1_445' title='bbox 1397 511 1471 556; x_wconf 84' lang='lat'><em>725</em></span> <span class='ocrx_word' id='word_1_446' title='bbox 1488 515 1530 547; x_wconf 89' lang='lat' dir='ltr'><em>V.</em></span> <span class='ocrx_word' id='word_1_447' title='bbox 1544 511 1618 546; x_wconf 88' lang='lat' dir='ltr'><em>hoc</em></span> <span class='ocrx_word' id='word_1_448' title='bbox 1633 510 1778 556; x_wconf 83' lang='lat' dir='ltr'><em>ordine,</em></span> <span class='ocrx_word' id='word_1_449' title='bbox 1790 511 1836 552; x_wconf 83' lang='grc' dir='ltr'><em>ὡς</em></span> <span class='ocrx_word' id='word_1_450' title='bbox 1849 514 1907 548; x_wconf 79' lang='grc' dir='ltr'><em>τοῦ</em></span> <span class='ocrx_word' id='word_1_451' title='bbox 1921 513 2357 556; x_wconf 52' lang='grc' dir='ltr'>Νεοκλιείδου-ποιοῧντος.</span> 
     </span>
     <span class='ocr_line' id='line_1_62' title="bbox 1343 566 2360 624; baseline 0.005 -20"><span class='ocrx_word' id='word_1_452' title='bbox 1343 568 1529 614; x_wconf 78' lang='grc' dir='ltr'>ἐκκλησίας</span> <span class='ocrx_word' id='word_1_453' title='bbox 1551 566 1586 605; x_wconf 75' lang='grc' dir='ltr'><em>δὲ</em></span> <span class='ocrx_word' id='word_1_454' title='bbox 1603 567 1677 604; x_wconf 75' lang='grc' dir='ltr'>ἀντὶ</span> <span class='ocrx_word' id='word_1_455' title='bbox 1694 570 1755 605; x_wconf 78' lang='grc' dir='ltr'><em>τοῦ</em></span> <span class='ocrx_word' id='word_1_456' title='bbox 1776 569 1810 605; x_wconf 81' lang='grc' dir='ltr'><em>ἐν</em></span> <span class='ocrx_word' id='word_1_457' title='bbox 1829 569 2009 622; x_wconf 73' lang='grc' dir='ltr'>ἐκκλησίᾳ.</span> <span class='ocrx_word' id='word_1_458' title='bbox 2030 569 2172 614; x_wconf 85' lang='grc' dir='ltr'>Ἄλλως.</span> <span class='ocrx_word' id='word_1_459' title='bbox 2194 571 2360 624; x_wconf 70' lang='grc' dir='ltr'>ἐφεδρεύ-</span> 
     </span>
     <span class='ocr_line' id='line_1_63' title="bbox 1343 626 2355 680; baseline 0.006 -17"><span class='ocrx_word' id='word_1_460' title='bbox 1343 642 1425 663; x_wconf 89' lang='grc' dir='ltr'>οντα</span> <span class='ocrx_word' id='word_1_461' title='bbox 1439 657 1478 664; x_wconf 60' lang='grc'><em>.,</em></span> <span class='ocrx_word' id='word_1_462' title='bbox 1491 629 1588 677; x_wconf 56' lang='grc' dir='ltr'>κακῷ</span> <span class='ocrx_word' id='word_1_463' title='bbox 1608 642 1675 663; x_wconf 92' lang='grc' dir='ltr'>τινι</span> <span class='ocrx_word' id='word_1_464' title='bbox 1694 626 1892 676; x_wconf 81' lang='grc' dir='ltr'>ὀμνύουσιν.</span> <span class='ocrx_word' id='word_1_465' title='bbox 1913 628 1986 664; x_wconf 80' lang='grc' dir='ltr'>ἀντὶ</span> <span class='ocrx_word' id='word_1_466' title='bbox 2006 632 2065 666; x_wconf 77' lang='grc' dir='ltr'><em>τοῦ</em></span> <span class='ocrx_word' id='word_1_467' title='bbox 2089 630 2355 680; x_wconf 81' lang='grc' dir='ltr'>ἐκκαλούμενον.</span> 
     </span>
     <span class='ocr_line' id='line_1_64' title="bbox 1342 681 2358 739; baseline 0.006 -18"><span class='ocrx_word' id='word_1_468' title='bbox 1342 681 1487 726; x_wconf 77' lang='grc' dir='ltr'>Ἄλλως.</span> <span class='ocrx_word' id='word_1_469' title='bbox 1512 685 1695 734; x_wconf 85' lang='grc' dir='ltr'>ἐπωμοσία</span> <span class='ocrx_word' id='word_1_470' title='bbox 1710 685 1801 721; x_wconf 81' lang='grc' dir='ltr'>ἐστὶν</span> <span class='ocrx_word' id='word_1_471' title='bbox 1821 685 2196 739; x_wconf 71' lang='grc' dir='ltr'>ἀπόδοσις-Τήλεφος.</span> <span class='ocrx_word' id='word_1_472' title='bbox 2218 690 2358 739; x_wconf 83' lang='grc' dir='ltr'>ἐπωμο-</span> 
     </span>
     <span class='ocr_line' id='line_1_65' title="bbox 1344 742 2358 799; baseline 0.005 -20"><span class='ocrx_word' id='word_1_473' title='bbox 1344 742 1400 780; x_wconf 92' lang='grc' dir='ltr'><em>σία</em></span> <span class='ocrx_word' id='word_1_474' title='bbox 1421 742 1512 779; x_wconf 72' lang='grc' dir='ltr'>ἐστὶν</span> <span class='ocrx_word' id='word_1_475' title='bbox 1529 742 1570 788; x_wconf 67' lang='grc' dir='ltr'><em>ἣν</em></span> <span class='ocrx_word' id='word_1_476' title='bbox 1581 772 1621 779; x_wconf 88' lang='grc'><em>..-</em></span> <span class='ocrx_word' id='word_1_477' title='bbox 1632 743 1811 785; x_wconf 73' lang='grc' dir='ltr'>πολλάκις.</span> <span class='ocrx_word' id='word_1_478' title='bbox 1825 743 1968 786; x_wconf 86' lang='grc' dir='ltr'>Ἄλλως.</span> <span class='ocrx_word' id='word_1_479' title='bbox 1985 745 2167 794; x_wconf 80' lang='grc' dir='ltr'>ἕπωμοσία</span> <span class='ocrx_word' id='word_1_480' title='bbox 2181 749 2202 791; x_wconf 85' lang='grc' dir='ltr'>ἡ</span> <span class='ocrx_word' id='word_1_481' title='bbox 2216 746 2358 799; x_wconf 80' lang='grc' dir='ltr'>δευτέρα</span> 
     </span>
     <span class='ocr_line' id='line_1_66' title="bbox 1342 799 2360 856; baseline 0.004 -19"><span class='ocrx_word' id='word_1_482' title='bbox 1342 831 1383 837; x_wconf 85' lang='grc'><em>-.</em></span> <span class='ocrx_word' id='word_1_483' title='bbox 1396 800 1604 852; x_wconf 72' lang='grc' dir='ltr'>ἀπο-κλήρων</span> <span class='ocrx_word' id='word_1_484' title='bbox 1625 799 1688 846; x_wconf 80' lang='grc' dir='ltr'><em>τὴν</em></span> <span class='ocrx_word' id='word_1_485' title='bbox 1718 800 1899 839; x_wconf 78' lang='grc' dir='ltr'>ἀπουσίαν.</span> <span class='ocrx_word' id='word_1_486' title='bbox 1914 801 2056 844; x_wconf 84' lang='grc' dir='ltr'>Ἄλλως.</span> <span class='ocrx_word' id='word_1_487' title='bbox 2081 801 2133 840; x_wconf 79' lang='grc' dir='ltr'>ὅτ’</span> <span class='ocrx_word' id='word_1_488' title='bbox 2149 801 2190 839; x_wconf 77' lang='grc' dir='ltr'><em>ἂν</em></span> <span class='ocrx_word' id='word_1_489' title='bbox 2208 805 2254 847; x_wconf 83' lang='grc' dir='ltr'>εἷς</span> <span class='ocrx_word' id='word_1_490' title='bbox 2271 820 2360 856; x_wconf 55' lang='grc' dir='ltr'><em>πρερ</em></span> 
     </span>
     <span class='ocr_line' id='line_1_67' title="bbox 1343 857 2362 912; baseline 0.004 -17"><span class='ocrx_word' id='word_1_491' title='bbox 1343 859 1461 896; x_wconf 65' lang='grc' dir='ltr'>σὸείαν</span> <span class='ocrx_word' id='word_1_492' title='bbox 1476 875 1509 896; x_wconf 81' lang='grc' dir='ltr'><em>τι</em></span> <span class='ocrx_word' id='word_1_493' title='bbox 1525 857 1700 908; x_wconf 80' lang='grc' dir='ltr'>πέμποιτο</span> <span class='ocrx_word' id='word_1_494' title='bbox 1715 858 1736 905; x_wconf 80' lang='grc' dir='ltr'>ἢ</span> <span class='ocrx_word' id='word_1_495' title='bbox 1751 859 1803 896; x_wconf 83' lang='grc' dir='ltr'>ἐπ’</span> <span class='ocrx_word' id='word_1_496' title='bbox 1817 859 1924 905; x_wconf 80' lang='grc' dir='ltr'>ἄλλην</span> <span class='ocrx_word' id='word_1_497' title='bbox 1939 859 2016 897; x_wconf 78' lang='grc' dir='ltr'>τινὰ</span> <span class='ocrx_word' id='word_1_498' title='bbox 2028 860 2161 912; x_wconf 87' lang='grc' dir='ltr'>χρείαν,</span> <span class='ocrx_word' id='word_1_499' title='bbox 2180 861 2362 911; x_wconf 81' lang='grc' dir='ltr'>ἐπώμνυτο</span> 
     </span>
     <span class='ocr_line' id='line_1_68' title="bbox 1343 916 2362 972; baseline 0.003 -19"><span class='ocrx_word' id='word_1_500' title='bbox 1343 916 1453 965; x_wconf 78' lang='grc' dir='ltr'>λέγων</span> <span class='ocrx_word' id='word_1_501' title='bbox 1485 917 1532 967; x_wconf 73' lang='grc' dir='ltr'>μὴ</span> <span class='ocrx_word' id='word_1_502' title='bbox 1555 916 1731 954; x_wconf 76' lang='grc' dir='ltr'>δύνασθαι.</span> <span class='ocrx_word' id='word_1_503' title='bbox 1753 920 1854 955; x_wconf 81' lang='grc' dir='ltr'>τοῦτο</span> <span class='ocrx_word' id='word_1_504' title='bbox 1875 918 1911 955; x_wconf 75' lang='grc' dir='ltr'><em>δὲ</em></span> <span class='ocrx_word' id='word_1_505' title='bbox 1940 919 2068 966; x_wconf 82' lang='grc' dir='ltr'>ἐποίει,</span> <span class='ocrx_word' id='word_1_506' title='bbox 2086 918 2142 956; x_wconf 78' lang='grc' dir='ltr'><em>ἵνα</em></span> <span class='ocrx_word' id='word_1_507' title='bbox 2165 918 2244 961; x_wconf 76' lang='grc' dir='ltr'>τοὺς</span> <span class='ocrx_word' id='word_1_508' title='bbox 2263 921 2298 956; x_wconf 84' lang='grc' dir='ltr'><em>ἐν</em></span> <span class='ocrx_word' id='word_1_509' title='bbox 2317 923 2362 972; x_wconf 75' lang='grc' dir='ltr'>τῇ</span> 
     </span>
     <span class='ocr_line' id='line_1_69' title="bbox 1343 975 2358 1027; baseline 0.002 -16"><span class='ocrx_word' id='word_1_510' title='bbox 1343 975 1442 1012; x_wconf 83' lang='grc' dir='ltr'>πόλει</span> <span class='ocrx_word' id='word_1_511' title='bbox 1460 978 1670 1027; x_wconf 64' lang='grc' dir='ltr'>συκοφαντῇ.</span> <span class='ocrx_word' id='word_1_512' title='bbox 1686 1005 1726 1012; x_wconf 81' lang='grc'>-</span> <span class='ocrx_word' id='word_1_513' title='bbox 1748 990 1761 1011; x_wconf 94' lang='lat'>1</span> <span class='ocrx_word' id='word_1_514' title='bbox 1788 975 1996 1013; x_wconf 73' lang='grc' dir='ltr'>ἐπιδίδωσιν.</span> <span class='ocrx_word' id='word_1_515' title='bbox 2020 976 2201 1013; x_wconf 82' lang='lat' dir='ltr'><em>Libellum</em></span> <span class='ocrx_word' id='word_1_516' title='bbox 2228 979 2358 1022; x_wconf 82' lang='lat' dir='ltr'><em>tradit,</em></span> 
     </span>
     <span class='ocr_line' id='line_1_70' title="bbox 1345 1033 2364 1083; baseline 0.002 -14"><span class='ocrx_word' id='word_1_517' title='bbox 1345 1042 1386 1070; x_wconf 88' lang='lat' dir='ltr'><em>ut</em></span> <span class='ocrx_word' id='word_1_518' title='bbox 1404 1033 1599 1079; x_wconf 84' lang='lat' dir='ltr'><em>solebant,</em></span> <span class='ocrx_word' id='word_1_519' title='bbox 1630 1034 1670 1069; x_wconf 88' lang='lat' dir='ltr'><em>in</em></span> <span class='ocrx_word' id='word_1_520' title='bbox 1689 1046 1766 1082; x_wconf 91' lang='lat' dir='ltr'><em>quo</em></span> <span class='ocrx_word' id='word_1_521' title='bbox 1792 1034 1956 1070; x_wconf 83' lang='lat' dir='ltr'><em>formula</em></span> <span class='ocrx_word' id='word_1_522' title='bbox 1977 1036 2038 1079; x_wconf 61' lang='grc' dir='ltr'>τῆς</span> <span class='ocrx_word' id='word_1_523' title='bbox 2064 1035 2264 1083; x_wconf 83' lang='grc' dir='ltr'>ἐπωμοσίας</span> <span class='ocrx_word' id='word_1_524' title='bbox 2282 1043 2364 1071; x_wconf 85' lang='lat' dir='ltr'><em>erat</em></span> 
     </span>
     <span class='ocr_line' id='line_1_71' title="bbox 1345 1091 2365 1142; baseline 0.001 -14"><span class='ocrx_word' id='word_1_525' title='bbox 1345 1092 1556 1142; x_wconf 86' lang='lat' dir='ltr'><em>perscripta</em></span> <span class='ocrx_word' id='word_1_526' title='bbox 1573 1105 1580 1126; x_wconf 93' lang='lat'><strong>:</strong></span> <span class='ocrx_word' id='word_1_527' title='bbox 1600 1092 1653 1128; x_wconf 78' lang='lat' dir='ltr'><em>sic</em></span> <span class='ocrx_word' id='word_1_528' title='bbox 1685 1092 1856 1141; x_wconf 80' lang='lat' dir='ltr'><em>intelligo</em></span> <span class='ocrx_word' id='word_1_529' title='bbox 1873 1106 1883 1137; x_wconf 82' lang='lat'>3</span> <span class='ocrx_word' id='word_1_530' title='bbox 1902 1092 2004 1128; x_wconf 88' lang='lat' dir='ltr'><em>aliud</em></span> <span class='ocrx_word' id='word_1_531' title='bbox 2035 1093 2135 1129; x_wconf 86' lang='lat' dir='ltr'><em>enim</em></span> <span class='ocrx_word' id='word_1_532' title='bbox 2157 1101 2213 1129; x_wconf 87' lang='lat' dir='ltr'><em>cst</em></span> <span class='ocrx_word' id='word_1_533' title='bbox 2233 1091 2365 1129; x_wconf 84' lang='grc' dir='ltr'>διδόναι</span> 
     </span>
     <span class='ocr_line' id='line_1_72' title="bbox 1345 1147 2364 1201; baseline 0.001 -15"><span class='ocrx_word' id='word_1_534' title='bbox 1345 1151 1404 1186; x_wconf 89' lang='lat' dir='ltr'><em>vel</em></span> <span class='ocrx_word' id='word_1_535' title='bbox 1426 1147 1616 1186; x_wconf 72' lang='grc' dir='ltr'>ἐπιδιδόναι</span> <span class='ocrx_word' id='word_1_536' title='bbox 1631 1147 1746 1201; x_wconf 78' lang='grc' dir='ltr'>ὅρκον,</span> <span class='ocrx_word' id='word_1_537' title='bbox 1763 1149 2042 1198; x_wconf 86' lang='lat' dir='ltr'><em>jusjurandum</em></span> <span class='ocrx_word' id='word_1_538' title='bbox 2061 1150 2220 1187; x_wconf 81' lang='lat' dir='ltr'><em>deferre.</em></span> <span class='ocrx_word' id='word_1_539' title='bbox 2240 1154 2364 1197; x_wconf 88' lang='lat' dir='ltr'><em>Quam</em></span> 
     </span>
     <span class='ocr_line' id='line_1_73' title="bbox 1345 1207 2364 1258; baseline 0.003 -14"><span class='ocrx_word' id='word_1_540' title='bbox 1345 1208 1564 1244; x_wconf 83' lang='lat' dir='ltr'><em>scholiastes</em></span> <span class='ocrx_word' id='word_1_541' title='bbox 1602 1207 1804 1256; x_wconf 83' lang='grc' dir='ltr'>ἐπωμοσίαν</span> <span class='ocrx_word' id='word_1_542' title='bbox 1817 1237 1826 1254; x_wconf 92' lang='grc'>,</span> <span class='ocrx_word' id='word_1_543' title='bbox 1871 1221 1954 1244; x_wconf 84' lang='lat' dir='ltr'><em>eam</em></span> <span class='ocrx_word' id='word_1_544' title='bbox 1988 1209 2123 1245; x_wconf 81' lang='lat' dir='ltr'><em>Pollux</em></span> <span class='ocrx_word' id='word_1_545' title='bbox 2159 1209 2364 1258; x_wconf 78' lang='grc' dir='ltr'>ὑπωμοσίαν</span> 
     </span>
     <span class='ocr_line' id='line_1_74' title="bbox 1345 1265 2365 1314; baseline 0.002 -12"><span class='ocrx_word' id='word_1_546' title='bbox 1345 1266 1497 1314; x_wconf 81' lang='lat' dir='ltr'><em>scripsit</em></span> <span class='ocrx_word' id='word_1_547' title='bbox 1520 1267 1562 1312; x_wconf 89' lang='lat'><em>8,</em></span> <span class='ocrx_word' id='word_1_548' title='bbox 1586 1265 1633 1301; x_wconf 86' lang='lat'><em>56</em></span> <span class='ocrx_word' id='word_1_549' title='bbox 1647 1293 1656 1310; x_wconf 93' lang='lat'><em>,</em></span> <span class='ocrx_word' id='word_1_550' title='bbox 1684 1273 1725 1300; x_wconf 88' lang='lat' dir='ltr'><em>ut</em></span> <span class='ocrx_word' id='word_1_551' title='bbox 1743 1273 1915 1301; x_wconf 88' lang='lat' dir='ltr'><em>notatum</em></span> <span class='ocrx_word' id='word_1_552' title='bbox 1938 1265 1986 1302; x_wconf 86' lang='lat' dir='ltr'><em>ab</em></span> <span class='ocrx_word' id='word_1_553' title='bbox 2009 1269 2127 1303; x_wconf 84' lang='lat' dir='ltr'><em>Henr.</em></span> <span class='ocrx_word' id='word_1_554' title='bbox 2147 1267 2297 1304; x_wconf 86' lang='lat' dir='ltr'><em>Valesio</em></span> <span class='ocrx_word' id='word_1_555' title='bbox 2317 1267 2365 1304; x_wconf 83' lang='lat' dir='ltr'><em>ad</em></span> 
     </span>
     <span class='ocr_line' id='line_1_75' title="bbox 1344 1324 2364 1378; baseline 0.002 -17"><span class='ocrx_word' id='word_1_556' title='bbox 1344 1328 1573 1374; x_wconf 88' lang='lat' dir='ltr'><em>Harpocrat.</em></span> <span class='ocrx_word' id='word_1_557' title='bbox 1594 1337 1631 1374; x_wconf 91' lang='lat' dir='ltr'><em>p.</em></span> <span class='ocrx_word' id='word_1_558' title='bbox 1653 1337 1737 1372; x_wconf 85' lang='lat'><strong>192.</strong></span> <span class='ocrx_word' id='word_1_559' title='bbox 1760 1325 1906 1361; x_wconf 67' lang='lat' dir='ltr'><em>Hnmsr.</em></span> <span class='ocrx_word' id='word_1_560' title='bbox 1929 1325 2019 1361; x_wconf 81' lang='grc' dir='ltr'>ἐπιδ.</span> <span class='ocrx_word' id='word_1_561' title='bbox 2039 1324 2176 1378; x_wconf 78' lang='grc' dir='ltr'>γραφὴν</span> <span class='ocrx_word' id='word_1_562' title='bbox 2200 1329 2217 1362; x_wconf 88' lang='grc' dir='ltr'>ὁ</span> <span class='ocrx_word' id='word_1_563' title='bbox 2239 1326 2364 1377; x_wconf 89' lang='grc' dir='ltr'>βουλό-</span> 
     </span>
     <span class='ocr_line' id='line_1_76' title="bbox 1345 1382 2364 1435; baseline 0.004 -16"><span class='ocrx_word' id='word_1_564' title='bbox 1345 1399 1455 1433; x_wconf 77' lang='grc' dir='ltr'>μενος,</span> <span class='ocrx_word' id='word_1_565' title='bbox 1483 1397 1503 1419; x_wconf 83' lang='lat'><strong>2</strong></span> <span class='ocrx_word' id='word_1_566' title='bbox 1522 1382 1686 1435; x_wconf 71' lang='grc' dir='ltr'>ψήφισμά</span> <span class='ocrx_word' id='word_1_567' title='bbox 1705 1398 1743 1420; x_wconf 84' lang='grc' dir='ltr'><em>τε</em></span> <span class='ocrx_word' id='word_1_568' title='bbox 1763 1392 1800 1420; x_wconf 88' lang='lat' dir='ltr'><em>et</em></span> <span class='ocrx_word' id='word_1_569' title='bbox 1821 1385 2063 1421; x_wconf 78' lang='grc' dir='ltr'>εἶσκαλοῧνται</span> <span class='ocrx_word' id='word_1_570' title='bbox 2082 1389 2128 1422; x_wconf 88' lang='lat' dir='ltr'><em>V.</em></span> <span class='ocrx_word' id='word_1_571' title='bbox 2142 1413 2183 1418; x_wconf 90' lang='grc'>-</span> <span class='ocrx_word' id='word_1_572' title='bbox 2207 1387 2227 1422; x_wconf 82' lang='grc'>3</span> <span class='ocrx_word' id='word_1_573' title='bbox 2253 1387 2364 1424; x_wconf 81' lang='lat' dir='ltr'><em>Salu-</em></span> 
     </span>
     <span class='ocr_line' id='line_1_77' title="bbox 1344 1442 2364 1493; baseline 0.003 -15"><span class='ocrx_word' id='word_1_574' title='bbox 1344 1444 1455 1479; x_wconf 85' lang='lat' dir='ltr'><em>stium</em></span> <span class='ocrx_word' id='word_1_575' title='bbox 1470 1456 1546 1478; x_wconf 87' lang='lat' dir='ltr'><em>non</em></span> <span class='ocrx_word' id='word_1_576' title='bbox 1563 1443 1676 1478; x_wconf 91' lang='lat' dir='ltr'><em>alium</em></span> <span class='ocrx_word' id='word_1_577' title='bbox 1695 1442 1857 1479; x_wconf 79' lang='lat' dir='ltr'><em>indicari</em></span> <span class='ocrx_word' id='word_1_578' title='bbox 1869 1443 2074 1480; x_wconf 84' lang='lat' dir='ltr'><em>verisimile</em></span> <span class='ocrx_word' id='word_1_579' title='bbox 2088 1444 2182 1480; x_wconf 89' lang='lat' dir='ltr'><em>mihi</em></span> <span class='ocrx_word' id='word_1_580' title='bbox 2196 1443 2364 1493; x_wconf 76' lang='lat' dir='ltr'><em>videtur,</em></span> 
     </span>
     <span class='ocr_line' id='line_1_78' title="bbox 1344 1500 2364 1551; baseline 0.002 -14"><span class='ocrx_word' id='word_1_581' title='bbox 1344 1514 1455 1550; x_wconf 88' lang='lat' dir='ltr'><em>quam</em></span> <span class='ocrx_word' id='word_1_582' title='bbox 1477 1500 1689 1550; x_wconf 86' lang='lat' dir='ltr'><em>sophistam</em></span> <span class='ocrx_word' id='word_1_583' title='bbox 1709 1500 1830 1546; x_wconf 88' lang='lat' dir='ltr'><em>illum,</em></span> <span class='ocrx_word' id='word_1_584' title='bbox 1847 1502 1912 1550; x_wconf 91' lang='lat' dir='ltr'><em>qui</em></span> <span class='ocrx_word' id='word_1_585' title='bbox 1932 1501 2103 1551; x_wconf 86' lang='lat' dir='ltr'><em>scripsit,</em></span> <span class='ocrx_word' id='word_1_586' title='bbox 2118 1501 2234 1538; x_wconf 87' lang='lat' dir='ltr'><em>Suida</em></span> <span class='ocrx_word' id='word_1_587' title='bbox 2256 1510 2364 1551; x_wconf 87' lang='lat' dir='ltr'><em>teste,</em></span> 
     </span>
     <span class='ocr_line' id='line_1_79' title="bbox 1343 1559 2366 1609; baseline 0.004 -15"><span class='ocrx_word' id='word_1_588' title='bbox 1343 1559 1634 1595; x_wconf 86' lang='lat' dir='ltr'><em>commentarios</em></span> <span class='ocrx_word' id='word_1_589' title='bbox 1659 1559 1706 1595; x_wconf 91' lang='lat' dir='ltr'><em>ad</em></span> <span class='ocrx_word' id='word_1_590' title='bbox 1726 1560 2044 1606; x_wconf 81' lang='lat' dir='ltr'><em>Demosthenem3</em></span> <span class='ocrx_word' id='word_1_591' title='bbox 2064 1573 2109 1596; x_wconf 85' lang='lat' dir='ltr'><em>ex</em></span> <span class='ocrx_word' id='word_1_592' title='bbox 2127 1560 2267 1609; x_wconf 86' lang='lat' dir='ltr'><em>quibus</em></span> <span class='ocrx_word' id='word_1_593' title='bbox 2286 1562 2366 1599; x_wconf 87' lang='lat' dir='ltr'><em>haec</em></span> 
     </span>
     <span class='ocr_line' id='line_1_80' title="bbox 1342 1617 2363 1667; baseline 0.001 -12"><span class='ocrx_word' id='word_1_594' title='bbox 1342 1632 1424 1656; x_wconf 87' lang='lat' dir='ltr'><em>esse</em></span> <span class='ocrx_word' id='word_1_595' title='bbox 1440 1618 1612 1654; x_wconf 87' lang='lat' dir='ltr'><em>desumta</em></span> <span class='ocrx_word' id='word_1_596' title='bbox 1624 1647 1633 1663; x_wconf 88' lang='lat'>‚</span> <span class='ocrx_word' id='word_1_597' title='bbox 1648 1617 1742 1654; x_wconf 88' lang='lat' dir='ltr'><em>nihil</em></span> <span class='ocrx_word' id='word_1_598' title='bbox 1761 1618 1921 1667; x_wconf 80' lang='lat' dir='ltr'><em>impedit</em></span> <span class='ocrx_word' id='word_1_599' title='bbox 1935 1618 2139 1667; x_wconf 86' lang='lat' dir='ltr'><em>quominus</em></span> <span class='ocrx_word' id='word_1_600' title='bbox 2154 1618 2363 1656; x_wconf 86' lang='lat' dir='ltr'><em>credamus.</em></span> 
     </span>
     <span class='ocr_line' id='line_1_81' title="bbox 1342 1676 2365 1727; baseline 0.001 -13"><span class='ocrx_word' id='word_1_601' title='bbox 1342 1677 1518 1727; x_wconf 86' lang='lat' dir='ltr'><em>Ejusdem</em></span> <span class='ocrx_word' id='word_1_602' title='bbox 1543 1677 1697 1713; x_wconf 88' lang='lat' dir='ltr'><em>memini</em></span> <span class='ocrx_word' id='word_1_603' title='bbox 1721 1676 1769 1712; x_wconf 85' lang='lat' dir='ltr'><em>ab</em></span> <span class='ocrx_word' id='word_1_604' title='bbox 1792 1677 1960 1726; x_wconf 86' lang='lat' dir='ltr'><em>Ulpiano</em></span> <span class='ocrx_word' id='word_1_605' title='bbox 1989 1677 2126 1713; x_wconf 84' lang='lat' dir='ltr'><em>factam</em></span> <span class='ocrx_word' id='word_1_606' title='bbox 2143 1690 2225 1714; x_wconf 89' lang='lat' dir='ltr'><em>esse</em></span> <span class='ocrx_word' id='word_1_607' title='bbox 2257 1691 2365 1715; x_wconf 89' lang='lat' dir='ltr'><em>men-</em></span> 
     </span>
     <span class='ocr_line' id='line_1_82' title="bbox 1344 1734 2364 1785; baseline 0 -13"><span class='ocrx_word' id='word_1_608' title='bbox 1344 1737 1495 1772; x_wconf 90' lang='lat' dir='ltr'><em>tionem.</em></span> <span class='ocrx_word' id='word_1_609' title='bbox 1509 1735 1682 1771; x_wconf 70' lang='lat' dir='ltr'><em>Valesins</em></span> <span class='ocrx_word' id='word_1_610' title='bbox 1698 1734 1877 1771; x_wconf 86' lang='lat' dir='ltr'><em>observat</em></span> <span class='ocrx_word' id='word_1_611' title='bbox 1887 1734 2078 1783; x_wconf 59' lang='grc' dir='ltr'>ἐζωμοσίαν</span> <span class='ocrx_word' id='word_1_612' title='bbox 2098 1734 2186 1781; x_wconf 85' lang='lat' dir='ltr'><em>dici,</em></span> <span class='ocrx_word' id='word_1_613' title='bbox 2207 1748 2290 1785; x_wconf 89' lang='lat' dir='ltr'><em>quae</em></span> <span class='ocrx_word' id='word_1_614' title='bbox 2301 1736 2364 1772; x_wconf 88' lang='lat' dir='ltr'><em>hic</em></span> 
     </span>
     <span class='ocr_line' id='line_1_83' title="bbox 1342 1790 2365 1841; baseline 0 -11"><span class='ocrx_word' id='word_1_615' title='bbox 1342 1794 1573 1830; x_wconf 84' lang='lat' dir='ltr'><em>describitur</em></span> <span class='ocrx_word' id='word_1_616' title='bbox 1598 1792 1792 1840; x_wconf 82' lang='grc' dir='ltr'>ἐπωμοσία.</span> <span class='ocrx_word' id='word_1_617' title='bbox 1813 1793 2026 1829; x_wconf 52' lang='lat' dir='ltr'><em>Rumam—5</em></span> <span class='ocrx_word' id='word_1_618' title='bbox 2047 1790 2251 1841; x_wconf 82' lang='grc' dir='ltr'>ἐπώμνυντο</span> <span class='ocrx_word' id='word_1_619' title='bbox 2272 1794 2365 1830; x_wconf 88' lang='lat' dir='ltr'><em>Din-</em></span> 
     </span>
     <span class='ocr_line' id='line_1_84' title="bbox 1341 1849 2365 1899; baseline 0 -11"><span class='ocrx_word' id='word_1_620' title='bbox 1341 1853 1494 1888; x_wconf 83' lang='lat' dir='ltr'><em>dorfius.</em></span> <span class='ocrx_word' id='word_1_621' title='bbox 1517 1850 1699 1898; x_wconf 82' lang='grc' dir='ltr'>ἐπώμνυτο</span> <span class='ocrx_word' id='word_1_622' title='bbox 1709 1851 1825 1886; x_wconf 88' lang='lat' dir='ltr'><em>schol.</em></span> <span class='ocrx_word' id='word_1_623' title='bbox 1835 1853 1928 1886; x_wconf 83' lang='lat' dir='ltr'><em>Ven.</em></span> <span class='ocrx_word' id='word_1_624' title='bbox 1940 1849 2120 1899; x_wconf 82' lang='grc' dir='ltr'>ἐπώμνυον</span> <span class='ocrx_word' id='word_1_625' title='bbox 2131 1849 2171 1886; x_wconf 81' lang='grc' dir='ltr'>τὸ</span> <span class='ocrx_word' id='word_1_626' title='bbox 2184 1850 2270 1887; x_wconf 90' lang='lat' dir='ltr'><em>Ald.</em></span> <span class='ocrx_word' id='word_1_627' title='bbox 2281 1849 2365 1888; x_wconf 82' lang='grc' dir='ltr'>αὐτὸ</span> 
     </span>
     <span class='ocr_line' id='line_1_85' title="bbox 1341 1909 2364 1961; baseline -0.001 -15"><span class='ocrx_word' id='word_1_628' title='bbox 1341 1924 1414 1946; x_wconf 84' lang='lat' dir='ltr'><em>om.</em></span> <span class='ocrx_word' id='word_1_629' title='bbox 1434 1912 1480 1948; x_wconf 90' lang='grc' dir='ltr'><em>Θ,</em></span> <span class='ocrx_word' id='word_1_630' title='bbox 1496 1933 1546 1937; x_wconf 83' lang='grc'><strong>-</strong></span> <span class='ocrx_word' id='word_1_631' title='bbox 1567 1923 1585 1955; x_wconf 93' lang='lat'><strong>7</strong></span> <span class='ocrx_word' id='word_1_632' title='bbox 1604 1911 1752 1960; x_wconf 72' lang='grc' dir='ltr'>ὑπαντᾷ.</span> <span class='ocrx_word' id='word_1_633' title='bbox 1770 1912 1899 1958; x_wconf 86' lang='lat' dir='ltr'><em>Longe</em></span> <span class='ocrx_word' id='word_1_634' title='bbox 1917 1909 2111 1958; x_wconf 86' lang='lat' dir='ltr'><em>vulgarius</em></span> <span class='ocrx_word' id='word_1_635' title='bbox 2131 1916 2187 1945; x_wconf 87' lang='lat' dir='ltr'><em>est</em></span> <span class='ocrx_word' id='word_1_636' title='bbox 2208 1910 2364 1961; x_wconf 77' lang='grc' dir='ltr'>ἀπαντᾷν</span> 
     </span>
     <span class='ocr_line' id='line_1_86' title="bbox 1340 1965 2364 2018; baseline -0.001 -14"><span class='ocrx_word' id='word_1_637' title='bbox 1340 1967 1423 2018; x_wconf 76' lang='grc' dir='ltr'>πρὸς</span> <span class='ocrx_word' id='word_1_638' title='bbox 1450 1967 1512 2012; x_wconf 66' lang='grc' dir='ltr'><em>τὴν</em></span> <span class='ocrx_word' id='word_1_639' title='bbox 1535 1967 1634 2011; x_wconf 76' lang='grc' dir='ltr'>δίκην</span> <span class='ocrx_word' id='word_1_640' title='bbox 1649 1996 1658 2012; x_wconf 98' lang='grc'>,</span> <span class='ocrx_word' id='word_1_641' title='bbox 1681 1965 1743 2012; x_wconf 77' lang='grc' dir='ltr'><em>τὴν</em></span> <span class='ocrx_word' id='word_1_642' title='bbox 1767 1966 1886 2018; x_wconf 82' lang='grc' dir='ltr'>κυρίαν</span> <span class='ocrx_word' id='word_1_643' title='bbox 1901 1981 1908 1988; x_wconf 92' lang='grc'>·</span> <span class='ocrx_word' id='word_1_644' title='bbox 1930 1979 2055 2015; x_wconf 87' lang='lat' dir='ltr'><em>neque</em></span> <span class='ocrx_word' id='word_1_645' title='bbox 2083 1973 2194 2012; x_wconf 82' lang='lat' dir='ltr'><em>veto,</em></span> <span class='ocrx_word' id='word_1_646' title='bbox 2217 1966 2249 2002; x_wconf 90' lang='lat' dir='ltr'><em>si</em></span> <span class='ocrx_word' id='word_1_647' title='bbox 2277 1968 2364 2015; x_wconf 86' lang='lat' dir='ltr'><em>quis</em></span> 
     </span>
     <span class='ocr_line' id='line_1_87' title="bbox 1343 2022 2362 2076; baseline 0 -14"><span class='ocrx_word' id='word_1_648' title='bbox 1343 2027 1477 2076; x_wconf 85' lang='lat' dir='ltr'><em>reponi</em></span> <span class='ocrx_word' id='word_1_649' title='bbox 1498 2026 1613 2062; x_wconf 88' lang='lat' dir='ltr'><em>malit.</em></span> <span class='ocrx_word' id='word_1_650' title='bbox 1627 2024 1712 2063; x_wconf 77' lang='lat' dir='ltr'><em>vid.</em></span> <span class='ocrx_word' id='word_1_651' title='bbox 1731 2022 2198 2069; x_wconf 51' lang='lat' dir='ltr'><em>Ammoxrin‘l&#39;navffiwu.</em></span> <span class='ocrx_word' id='word_1_652' title='bbox 2216 2027 2362 2062; x_wconf 63' lang='lat' dir='ltr'><em>Hmsw.</em></span> 
     </span>
     <span class='ocr_line' id='line_1_88' title="bbox 1340 2081 2362 2131; baseline -0.002 -12"><span class='ocrx_word' id='word_1_653' title='bbox 1340 2098 1373 2119; x_wconf 90' lang='grc' dir='ltr'><em>τι</em></span> <span class='ocrx_word' id='word_1_654' title='bbox 1388 2113 1398 2130; x_wconf 88' lang='grc'>,</span> <span class='ocrx_word' id='word_1_655' title='bbox 1417 2084 1438 2119; x_wconf 91' lang='grc'><strong>8</strong></span> <span class='ocrx_word' id='word_1_656' title='bbox 1461 2082 1523 2131; x_wconf 79' lang='grc' dir='ltr'><em>μὲν</em></span> <span class='ocrx_word' id='word_1_657' title='bbox 1542 2081 1708 2131; x_wconf 69' lang='grc' dir='ltr'>ἐμὸάσεις</span> <span class='ocrx_word' id='word_1_658' title='bbox 1722 2086 1766 2118; x_wconf 90' lang='lat' dir='ltr'><em>V.</em></span> <span class='ocrx_word' id='word_1_659' title='bbox 1782 2110 1823 2117; x_wconf 77' lang='lat'>-</span> <span class='ocrx_word' id='word_1_660' title='bbox 1837 2096 1860 2130; x_wconf 90' lang='lat'>9</span> <span class='ocrx_word' id='word_1_661' title='bbox 1877 2081 2134 2128; x_wconf 79' lang='grc' dir='ltr'>ὓπομοσθείσης</span> <span class='ocrx_word' id='word_1_662' title='bbox 2152 2081 2200 2119; x_wconf 88' lang='grc' dir='ltr'>Θ.</span> <span class='ocrx_word' id='word_1_663' title='bbox 2221 2083 2362 2130; x_wconf 77' lang='grc' dir='ltr'>ὑπομα-</span> 
     </span>
     <span class='ocr_line' id='line_1_89' title="bbox 1341 2139 2364 2190; baseline -0.003 -12"><span class='ocrx_word' id='word_1_664' title='bbox 1341 2142 1454 2187; x_wconf 76' lang='grc' dir='ltr'>θήσεις</span> <span class='ocrx_word' id='word_1_665' title='bbox 1479 2145 1521 2178; x_wconf 92' lang='lat' dir='ltr'><em>V.</em></span> <span class='ocrx_word' id='word_1_666' title='bbox 1542 2139 1808 2189; x_wconf 75' lang='grc' dir='ltr'>ὑπομωσθείσης</span> <span class='ocrx_word' id='word_1_667' title='bbox 1835 2139 1918 2175; x_wconf 82' lang='lat' dir='ltr'><em>Ald.</em></span> <span class='ocrx_word' id='word_1_668' title='bbox 1934 2157 1949 2171; x_wconf 88' lang='lat'>«</span> <span class='ocrx_word' id='word_1_669' title='bbox 1966 2142 2112 2175; x_wconf 86' lang='lat' dir='ltr'><em>Verum</em></span> <span class='ocrx_word' id='word_1_670' title='bbox 2127 2152 2174 2176; x_wconf 79' lang='lat' dir='ltr'><em>ex</em></span> <span class='ocrx_word' id='word_1_671' title='bbox 2190 2139 2262 2175; x_wconf 90' lang='lat' dir='ltr'><em>hoc</em></span> <span class='ocrx_word' id='word_1_672' title='bbox 2277 2140 2364 2190; x_wconf 84' lang='lat' dir='ltr'><em>ipso</em></span> 
     </span>
     <span class='ocr_line' id='line_1_90' title="bbox 1341 2197 2365 2249; baseline -0.001 -13"><span class='ocrx_word' id='word_1_673' title='bbox 1341 2199 1548 2249; x_wconf 76' lang='lat' dir='ltr'><em>Hyperidae</em></span> <span class='ocrx_word' id='word_1_674' title='bbox 1576 2198 1696 2235; x_wconf 69' lang='lat' dir='ltr'><em>verbo</em></span> <span class='ocrx_word' id='word_1_675' title='bbox 1733 2207 1861 2247; x_wconf 85' lang='lat' dir='ltr'><em>patet,</em></span> <span class='ocrx_word' id='word_1_676' title='bbox 1894 2197 2099 2246; x_wconf 78' lang='grc' dir='ltr'>ὑπωμοσίαν</span> <span class='ocrx_word' id='word_1_677' title='bbox 2132 2199 2260 2248; x_wconf 88' lang='lat' dir='ltr'><em>potius</em></span> <span class='ocrx_word' id='word_1_678' title='bbox 2275 2227 2286 2245; x_wconf 92' lang='grc'>,</span> <span class='ocrx_word' id='word_1_679' title='bbox 2324 2199 2365 2235; x_wconf 90' lang='lat' dir='ltr'><em>in</em></span> 
     </span>
     <span class='ocr_line' id='line_1_91' title="bbox 1340 2255 2363 2307; baseline -0.001 -14"><span class='ocrx_word' id='word_1_680' title='bbox 1340 2257 1534 2307; x_wconf 87' lang='lat' dir='ltr'><em>principio</em></span> <span class='ocrx_word' id='word_1_681' title='bbox 1555 2257 1687 2293; x_wconf 75' lang='lat' dir='ltr'><em>saltem</em></span> <span class='ocrx_word' id='word_1_682' title='bbox 1707 2255 1820 2305; x_wconf 87' lang='lat' dir='ltr'><em>hujus</em></span> <span class='ocrx_word' id='word_1_683' title='bbox 1840 2255 2018 2302; x_wconf 89' lang='lat' dir='ltr'><em>membri,</em></span> <span class='ocrx_word' id='word_1_684' title='bbox 2031 2269 2145 2305; x_wconf 75' lang='lat' dir='ltr'><em>quam</em></span> <span class='ocrx_word' id='word_1_685' title='bbox 2161 2255 2363 2305; x_wconf 82' lang='grc' dir='ltr'>ἐπωμοσίαν</span> 
     </span>
     <span class='ocr_line' id='line_1_92' title="bbox 1340 2313 2363 2366; baseline 0 -15"><span class='ocrx_word' id='word_1_686' title='bbox 1340 2315 1456 2351; x_wconf 86' lang='lat' dir='ltr'><em>fuisse</em></span> <span class='ocrx_word' id='word_1_687' title='bbox 1474 2314 1758 2365; x_wconf 80' lang='lat' dir='ltr'><em>appellandam.</em></span> <span class='ocrx_word' id='word_1_688' title='bbox 1777 2332 1792 2346; x_wconf 87' lang='lat'>»</span> <span class='ocrx_word' id='word_1_689' title='bbox 1808 2316 2061 2350; x_wconf 74' lang='lat' dir='ltr'><strong>HEMST...10</strong></span> <span class='ocrx_word' id='word_1_690' title='bbox 2084 2313 2254 2366; x_wconf 82' lang='grc' dir='ltr'>Τήλεφος.</span> <span class='ocrx_word' id='word_1_691' title='bbox 2272 2317 2363 2352; x_wconf 80' lang='lat' dir='ltr'><em>Haec</em></span> 
     </span>
     <span class='ocr_line' id='line_1_93' title="bbox 1339 2372 2363 2423; baseline 0 -14"><span class='ocrx_word' id='word_1_692' title='bbox 1339 2387 1428 2423; x_wconf 86' lang='lat' dir='ltr'><em>pars</em></span> <span class='ocrx_word' id='word_1_693' title='bbox 1449 2386 1496 2410; x_wconf 83' lang='lat' dir='ltr'><em>ex</em></span> <span class='ocrx_word' id='word_1_694' title='bbox 1515 2373 1687 2422; x_wconf 87' lang='lat' dir='ltr'><em>Telepho</em></span> <span class='ocrx_word' id='word_1_695' title='bbox 1715 2372 1830 2408; x_wconf 84' lang='lat' dir='ltr'><em>fuerit</em></span> <span class='ocrx_word' id='word_1_696' title='bbox 1853 2372 2072 2422; x_wconf 81' lang='lat' dir='ltr'><em>depromta,</em></span> <span class='ocrx_word' id='word_1_697' title='bbox 2094 2385 2141 2408; x_wconf 90' lang='lat' dir='ltr'><em>an</em></span> <span class='ocrx_word' id='word_1_698' title='bbox 2158 2385 2245 2421; x_wconf 84' lang='lat' dir='ltr'><em>quae</em></span> <span class='ocrx_word' id='word_1_699' title='bbox 2267 2385 2363 2422; x_wconf 85' lang='lat' dir='ltr'><em>pro-</em></span> 
     </span>
     <span class='ocr_line' id='line_1_94' title="bbox 1340 2430 2364 2480; baseline -0.002 -12"><span class='ocrx_word' id='word_1_700' title='bbox 1340 2433 1442 2468; x_wconf 80' lang='lat' dir='ltr'><em>xime</em></span> <span class='ocrx_word' id='word_1_701' title='bbox 1460 2431 1648 2480; x_wconf 84' lang='lat' dir='ltr'><em>sequitur,</em></span> <span class='ocrx_word' id='word_1_702' title='bbox 1668 2443 1803 2480; x_wconf 87' lang='lat' dir='ltr'><em>parum</em></span> <span class='ocrx_word' id='word_1_703' title='bbox 1830 2430 1975 2479; x_wconf 90' lang='lat' dir='ltr'><em>liquet:</em></span> <span class='ocrx_word' id='word_1_704' title='bbox 1992 2430 2025 2466; x_wconf 90' lang='lat' dir='ltr'><em>is</em></span> <span class='ocrx_word' id='word_1_705' title='bbox 2044 2437 2169 2466; x_wconf 88' lang='lat' dir='ltr'><em>autem</em></span> <span class='ocrx_word' id='word_1_706' title='bbox 2187 2437 2244 2466; x_wconf 90' lang='lat' dir='ltr'><em>est</em></span> <span class='ocrx_word' id='word_1_707' title='bbox 2267 2433 2364 2467; x_wconf 88' lang='lat' dir='ltr'><em>Per-</em></span> 
     </span>
     <span class='ocr_line' id='line_1_95' title="bbox 1340 2487 2363 2539; baseline -0.003 -12"><span class='ocrx_word' id='word_1_708' title='bbox 1340 2503 1521 2539; x_wconf 77' lang='lat' dir='ltr'><em>gamenus</em></span> <span class='ocrx_word' id='word_1_709' title='bbox 1542 2489 1835 2539; x_wconf 84' lang='lat' dir='ltr'><em>grammaticus,</em></span> <span class='ocrx_word' id='word_1_710' title='bbox 1861 2501 1976 2537; x_wconf 89' lang='lat' dir='ltr'><em>quem</em></span> <span class='ocrx_word' id='word_1_711' title='bbox 2005 2487 2141 2525; x_wconf 89' lang='lat' dir='ltr'><em>Suidas</em></span> <span class='ocrx_word' id='word_1_712' title='bbox 2165 2488 2266 2524; x_wconf 81' lang='lat' dir='ltr'><em>inter</em></span> <span class='ocrx_word' id='word_1_713' title='bbox 2290 2488 2363 2524; x_wconf 82' lang='lat' dir='ltr'><em>alia</em></span> 
     </span>
     <span class='ocr_line' id='line_1_96' title="bbox 1341 2545 2362 2597; baseline -0.002 -13"><span class='ocrx_word' id='word_1_714' title='bbox 1341 2550 1481 2586; x_wconf 88' lang='lat' dir='ltr'><em>librum</em></span> <span class='ocrx_word' id='word_1_715' title='bbox 1507 2547 1769 2596; x_wconf 86' lang='lat' dir='ltr'><em>composuisse</em></span> <span class='ocrx_word' id='word_1_716' title='bbox 1801 2554 1961 2583; x_wconf 85' lang='lat' dir='ltr'><em>testatur</em></span> <span class='ocrx_word' id='word_1_717' title='bbox 1988 2545 2067 2597; x_wconf 77' lang='grc' dir='ltr'>περὶ</span> <span class='ocrx_word' id='word_1_718' title='bbox 2098 2547 2168 2583; x_wconf 84' lang='grc' dir='ltr'><em>τῶν</em></span> <span class='ocrx_word' id='word_1_719' title='bbox 2199 2546 2362 2596; x_wconf 81' lang='grc' dir='ltr'>Ἀθήνῃσι</span> 
     </span>
     <span class='ocr_line' id='line_1_97' title="bbox 1340 2600 2361 2657; baseline -0.001 -15"><span class='ocrx_word' id='word_1_720' title='bbox 1340 2605 1591 2657; x_wconf 73' lang='grc' dir='ltr'>δικαστηρίων·</span> <span class='ocrx_word' id='word_1_721' title='bbox 1623 2605 1713 2640; x_wconf 84' lang='lat' dir='ltr'><em>item</em></span> <span class='ocrx_word' id='word_1_722' title='bbox 1728 2632 1739 2650; x_wconf 88' lang='lat'><em>,</em></span> <span class='ocrx_word' id='word_1_723' title='bbox 1766 2600 1856 2654; x_wconf 74' lang='grc' dir='ltr'>περὶ’</span> <span class='ocrx_word' id='word_1_724' title='bbox 1874 2606 1943 2640; x_wconf 79' lang='grc' dir='ltr'><em>τῶν</em></span> <span class='ocrx_word' id='word_1_725' title='bbox 1974 2602 2135 2654; x_wconf 77' lang='grc' dir='ltr'>Ἀθήνῃσι</span> <span class='ocrx_word' id='word_1_726' title='bbox 2162 2602 2277 2652; x_wconf 87' lang='grc' dir='ltr'>νόμων</span> <span class='ocrx_word' id='word_1_727' title='bbox 2302 2604 2361 2641; x_wconf 85' lang='grc' dir='ltr'><em>καὶ</em></span> 
     </span>
     <span class='ocr_line' id='line_1_98' title="bbox 1339 2660 2361 2712; baseline 0.001 -14"><span class='ocrx_word' id='word_1_728' title='bbox 1339 2664 1436 2699; x_wconf 81' lang='grc' dir='ltr'>ἐθῶν.</span> <span class='ocrx_word' id='word_1_729' title='bbox 1448 2666 1598 2699; x_wconf 71' lang='lat' dir='ltr'><em>Hmzsr.</em></span> <span class='ocrx_word' id='word_1_730' title='bbox 1615 2661 2018 2710; x_wconf 66' lang='grc' dir='ltr'>ἐπωμοσία-ποιοῧντος</span> <span class='ocrx_word' id='word_1_731' title='bbox 2029 2660 2068 2709; x_wconf 49' lang='lat' dir='ltr'><em>tl.</em></span> <span class='ocrx_word' id='word_1_732' title='bbox 2091 2675 2105 2696; x_wconf 94' lang='lat'>1</span> <span class='ocrx_word' id='word_1_733' title='bbox 2116 2661 2151 2710; x_wconf 80' lang='lat'><em>7)</em></span> <span class='ocrx_word' id='word_1_734' title='bbox 2163 2661 2263 2698; x_wconf 83' lang='lat' dir='ltr'><em>infra</em></span> <span class='ocrx_word' id='word_1_735' title='bbox 2275 2671 2361 2712; x_wconf 88' lang='lat' dir='ltr'><em>post</em></span> 
     </span>
     <span class='ocr_line' id='line_1_99' title="bbox 1339 2718 2360 2771; baseline 0 -14"><span class='ocrx_word' id='word_1_736' title='bbox 1339 2720 1546 2770; x_wconf 78' lang='grc' dir='ltr'>ἀποκλήρων</span> <span class='ocrx_word' id='word_1_737' title='bbox 1563 2719 1756 2771; x_wconf 83' lang='grc' dir='ltr'>παρουσίαν</span> <span class='ocrx_word' id='word_1_738' title='bbox 1776 2720 1885 2768; x_wconf 90' lang='lat' dir='ltr'><em>ponit</em></span> <span class='ocrx_word' id='word_1_739' title='bbox 1904 2720 1965 2766; x_wconf 83' lang='lat'><strong>(·).,</strong></span> <span class='ocrx_word' id='word_1_740' title='bbox 1991 2719 2148 2768; x_wconf 79' lang='lat' dir='ltr'><em>praefixo</em></span> <span class='ocrx_word' id='word_1_741' title='bbox 2176 2718 2300 2762; x_wconf 80' lang='grc' dir='ltr'>ἄλλως.</span> <span class='ocrx_word' id='word_1_742' title='bbox 2319 2751 2360 2757; x_wconf 85' lang='grc'>-</span> 
     </span>
     <span class='ocr_line' id='line_1_100' title="bbox 1343 2776 2360 2827; baseline -0.001 -12"><span class='ocrx_word' id='word_1_743' title='bbox 1343 2793 1356 2814; x_wconf 87' lang='lat'>1</span> <span class='ocrx_word' id='word_1_744' title='bbox 1369 2781 1388 2815; x_wconf 83' lang='lat'>3</span> <span class='ocrx_word' id='word_1_745' title='bbox 1419 2778 1558 2827; x_wconf 83' lang='grc' dir='ltr'>ὀμόσαι.</span> <span class='ocrx_word' id='word_1_746' title='bbox 1586 2778 1719 2826; x_wconf 80' lang='lat' dir='ltr'><em>Aptius</em></span> <span class='ocrx_word' id='word_1_747' title='bbox 1755 2777 1853 2813; x_wconf 85' lang='lat' dir='ltr'><em>forte</em></span> <span class='ocrx_word' id='word_1_748' title='bbox 1885 2776 2076 2826; x_wconf 86' lang='grc' dir='ltr'>ὀμόσαντα.</span> <span class='ocrx_word' id='word_1_749' title='bbox 2096 2779 2236 2814; x_wconf 90' lang='lat' dir='ltr'><em>Utrum</em></span> <span class='ocrx_word' id='word_1_750' title='bbox 2267 2790 2360 2814; x_wconf 86' lang='lat' dir='ltr'><em>vero</em></span> 
     </span>
     <span class='ocr_line' id='line_1_101' title="bbox 1338 2835 2358 2885; baseline -0.001 -12"><span class='ocrx_word' id='word_1_751' title='bbox 1338 2837 1545 2873; x_wconf 81' lang='grc' dir='ltr'>δικάσασθαι</span> <span class='ocrx_word' id='word_1_752' title='bbox 1568 2836 1703 2885; x_wconf 79' lang='lat' dir='ltr'><em>legeris</em></span> <span class='ocrx_word' id='word_1_753' title='bbox 1719 2864 1729 2881; x_wconf 89' lang='lat'>‚</span> <span class='ocrx_word' id='word_1_754' title='bbox 1760 2848 1807 2871; x_wconf 87' lang='lat' dir='ltr'><em>an</em></span> <span class='ocrx_word' id='word_1_755' title='bbox 1843 2835 2070 2882; x_wconf 82' lang='grc' dir='ltr'>δικάσεσθαι,</span> <span class='ocrx_word' id='word_1_756' title='bbox 2102 2835 2198 2872; x_wconf 89' lang='lat' dir='ltr'><em>nihil</em></span> <span class='ocrx_word' id='word_1_757' title='bbox 2232 2835 2358 2872; x_wconf 86' lang='lat' dir='ltr'><em>refert.</em></span> 
     </span>
     <span class='ocr_line' id='line_1_102' title="bbox 1338 2893 2360 2935; baseline -0.001 -4"><span class='ocrx_word' id='word_1_758' title='bbox 1338 2898 1537 2932; x_wconf 51' lang='lat' dir='ltr'><em>flamm...</em></span> <span class='ocrx_word' id='word_1_759' title='bbox 1556 2908 1568 2930; x_wconf 95' lang='lat'>1</span> <span class='ocrx_word' id='word_1_760' title='bbox 1580 2894 1600 2930; x_wconf 88' lang='lat'><strong>5</strong></span> <span class='ocrx_word' id='word_1_761' title='bbox 1620 2895 1653 2930; x_wconf 81' lang='grc' dir='ltr'><em>ἐν</em></span> <span class='ocrx_word' id='word_1_762' title='bbox 1668 2898 1742 2935; x_wconf 86' lang='grc' dir='ltr'>ταῖς</span> <span class='ocrx_word' id='word_1_763' title='bbox 1760 2895 1804 2930; x_wconf 86' lang='grc' dir='ltr'><em>Θ.</em></span> <span class='ocrx_word' id='word_1_764' title='bbox 1823 2893 1963 2930; x_wconf 84' lang='lat' dir='ltr'><em>Aberat</em></span> <span class='ocrx_word' id='word_1_765' title='bbox 1980 2895 2028 2930; x_wconf 82' lang='grc' dir='ltr'><em>ἐν.</em></span> <span class='ocrx_word' id='word_1_766' title='bbox 2046 2897 2256 2932; x_wconf 88' lang='lat' dir='ltr'><em>Numerum</em></span> <span class='ocrx_word' id='word_1_767' title='bbox 2279 2894 2360 2930; x_wconf 86' lang='lat' dir='ltr'><em>sin—</em></span> 
     </span>
     <span class='ocr_line' id='line_1_103' title="bbox 1337 2945 2357 3003; baseline -0.002 -13"><span class='ocrx_word' id='word_1_768' title='bbox 1337 2954 1503 3002; x_wconf 83' lang='lat' dir='ltr'><em>gularem</em></span> <span class='ocrx_word' id='word_1_769' title='bbox 1527 2951 1713 2998; x_wconf 82' lang='grc' dir='ltr'>ἐκκλησίας</span> <span class='ocrx_word' id='word_1_770' title='bbox 1734 2951 1767 2988; x_wconf 80' lang='grc' dir='ltr'><em>δὲ</em></span> <span class='ocrx_word' id='word_1_771' title='bbox 1783 2952 1858 2989; x_wconf 85' lang='grc' dir='ltr'>ἀντὶ</span> <span class='ocrx_word' id='word_1_772' title='bbox 1877 2955 1936 2989; x_wconf 79' lang='grc' dir='ltr'><em>τοῦ</em></span> <span class='ocrx_word' id='word_1_773' title='bbox 1957 2954 1991 2989; x_wconf 86' lang='grc' dir='ltr'><em>ἐν</em></span> <span class='ocrx_word' id='word_1_774' title='bbox 2008 2951 2178 3003; x_wconf 72' lang='grc' dir='ltr'>ἐκκλησίᾳ</span> <span class='ocrx_word' id='word_1_775' title='bbox 2191 2945 2303 3001; x_wconf 75' lang='lat' dir='ltr'><em>pouit</em></span> <span class='ocrx_word' id='word_1_776' title='bbox 2313 2955 2357 2989; x_wconf 89' lang='lat' dir='ltr'><em>V.</em></span> 
     </span>
     <span class='ocr_line' id='line_1_104' title="bbox 1336 3009 2356 3062; baseline 0.001 -17"><span class='ocrx_word' id='word_1_777' title='bbox 1336 3025 1437 3057; x_wconf 77' lang='lat'><em>—17</em></span> <span class='ocrx_word' id='word_1_778' title='bbox 1457 3015 1567 3048; x_wconf 79' lang='grc' dir='ltr'>ταῦτα</span> <span class='ocrx_word' id='word_1_779' title='bbox 1588 3011 1673 3047; x_wconf 86' lang='lat' dir='ltr'><em>Ald.</em></span> <span class='ocrx_word' id='word_1_780' title='bbox 1688 3040 1727 3046; x_wconf 90' lang='grc'><em>.-.</em></span> <span class='ocrx_word' id='word_1_781' title='bbox 1740 3023 1786 3046; x_wconf 78' lang='lat'><em>22</em></span> <span class='ocrx_word' id='word_1_782' title='bbox 1803 3013 1864 3046; x_wconf 77' lang='grc' dir='ltr'><em>τοῦ</em></span> <span class='ocrx_word' id='word_1_783' title='bbox 1884 3011 1950 3047; x_wconf 83' lang='grc' dir='ltr'>δικ.</span> <span class='ocrx_word' id='word_1_784' title='bbox 1968 3009 2144 3062; x_wconf 82' lang='grc' dir='ltr'>κρότησις,</span> <span class='ocrx_word' id='word_1_785' title='bbox 2167 3010 2214 3046; x_wconf 85' lang='lat'><em>23</em></span> <span class='ocrx_word' id='word_1_786' title='bbox 2230 3009 2356 3046; x_wconf 85' lang='grc' dir='ltr'>ἀποκλ.</span> 
     </span>
     <span class='ocr_line' id='line_1_105' title="bbox 1335 3069 2223 3117; baseline -0.003 -10"><span class='ocrx_word' id='word_1_787' title='bbox 1335 3070 1397 3117; x_wconf 83' lang='grc' dir='ltr'><em>τὴν</em></span> <span class='ocrx_word' id='word_1_788' title='bbox 1416 3070 1584 3107; x_wconf 80' lang='grc' dir='ltr'>ἀπουσίαν</span> <span class='ocrx_word' id='word_1_789' title='bbox 1600 3074 1641 3107; x_wconf 90' lang='lat' dir='ltr'><em>V.</em></span> <span class='ocrx_word' id='word_1_790' title='bbox 1666 3071 1847 3107; x_wconf 90' lang='lat' dir='ltr'><em>Scholion</em></span> <span class='ocrx_word' id='word_1_791' title='bbox 1867 3084 1902 3106; x_wconf 83' lang='lat' dir='ltr'><strong>v.</strong></span> <span class='ocrx_word' id='word_1_792' title='bbox 1920 3071 1995 3116; x_wconf 77' lang='lat'><em>726</em></span> <span class='ocrx_word' id='word_1_793' title='bbox 2016 3083 2091 3106; x_wconf 91' lang='lat' dir='ltr'><em>om.</em></span> <span class='ocrx_word' id='word_1_794' title='bbox 2110 3073 2155 3106; x_wconf 84' lang='lat' dir='ltr'><strong>R.</strong></span> <span class='ocrx_word' id='word_1_795' title='bbox 2176 3069 2223 3107; x_wconf 81' lang='grc' dir='ltr'><em>Θ.</em></span> 
     </span>
    </p>

    <p class='ocr_par' dir='ltr' id='par_1_7' title="bbox 1335 3126 2353 3412">
     <span class='ocr_line' id='line_1_106' title="bbox 1391 3126 2353 3179; baseline -0.002 -14"><span class='ocrx_word' id='word_1_796' title='bbox 1391 3142 1477 3176; x_wconf 81' lang='lat'><em>727,</em></span> <span class='ocrx_word' id='word_1_797' title='bbox 1491 3130 1552 3166; x_wconf 79' lang='lat'><em>32.</em></span> <span class='ocrx_word' id='word_1_798' title='bbox 1570 3131 1612 3165; x_wconf 91' lang='lat' dir='ltr'><em>In</em></span> <span class='ocrx_word' id='word_1_799' title='bbox 1629 3129 1830 3179; x_wconf 86' lang='lat' dir='ltr'><em>Sophoclis</em></span> <span class='ocrx_word' id='word_1_800' title='bbox 1846 3129 1988 3165; x_wconf 87' lang='lat' dir='ltr'><em>Inacho</em></span> <span class='ocrx_word' id='word_1_801' title='bbox 2007 3127 2197 3165; x_wconf 73' lang='grc' dir='ltr'>Πλούτωνα</span> <span class='ocrx_word' id='word_1_802' title='bbox 2210 3126 2353 3173; x_wconf 83' lang='lat' dir='ltr'><em>vocari,</em></span> 
     </span>
     <span class='ocr_line' id='line_1_107' title="bbox 1336 3184 2351 3238; baseline -0.002 -14"><span class='ocrx_word' id='word_1_803' title='bbox 1336 3189 1401 3237; x_wconf 89' lang='lat' dir='ltr'><em>qui</em></span> <span class='ocrx_word' id='word_1_804' title='bbox 1420 3189 1579 3238; x_wconf 87' lang='lat' dir='ltr'><em>proprie</em></span> <span class='ocrx_word' id='word_1_805' title='bbox 1600 3188 1755 3229; x_wconf 81' lang='grc' dir='ltr'>Πλοῦτος</span> <span class='ocrx_word' id='word_1_806' title='bbox 1775 3196 1853 3224; x_wconf 74' lang='lat' dir='ltr'><em>erat</em></span> <span class='ocrx_word' id='word_1_807' title='bbox 1875 3187 2094 3223; x_wconf 79' lang='lat' dir='ltr'><em>divitiarum</em></span> <span class='ocrx_word' id='word_1_808' title='bbox 2113 3185 2225 3231; x_wconf 90' lang='lat' dir='ltr'><em>deus,</em></span> <span class='ocrx_word' id='word_1_809' title='bbox 2238 3184 2351 3222; x_wconf 90' lang='lat' dir='ltr'><em>scho—</em></span> 
     </span>
     <span class='ocr_line' id='line_1_108' title="bbox 1335 3242 2352 3291; baseline -0.004 -9"><span class='ocrx_word' id='word_1_810' title='bbox 1335 3247 1448 3282; x_wconf 80' lang='lat' dir='ltr'><em>liastae</em></span> <span class='ocrx_word' id='word_1_811' title='bbox 1460 3246 1650 3282; x_wconf 83' lang='lat' dir='ltr'><em>credimus</em></span> <span class='ocrx_word' id='word_1_812' title='bbox 1661 3260 1668 3281; x_wconf 89' lang='lat'><strong>:</strong></span> <span class='ocrx_word' id='word_1_813' title='bbox 1680 3245 1748 3281; x_wconf 86' lang='lat' dir='ltr'><em>snit</em></span> <span class='ocrx_word' id='word_1_814' title='bbox 1764 3246 1862 3281; x_wconf 89' lang='lat' dir='ltr'><em>enim</em></span> <span class='ocrx_word' id='word_1_815' title='bbox 1878 3245 1972 3281; x_wconf 89' lang='lat' dir='ltr'><em>illud</em></span> <span class='ocrx_word' id='word_1_816' title='bbox 1987 3244 2119 3281; x_wconf 85' lang='lat' dir='ltr'><em>drama</em></span> <span class='ocrx_word' id='word_1_817' title='bbox 2131 3242 2352 3291; x_wconf 83' lang='lat' dir='ltr'><em>satyricum,</em></span> 
     </span>
     <span class='ocr_line' id='line_1_109' title="bbox 1335 3299 2351 3355; baseline -0.005 -14"><span class='ocrx_word' id='word_1_818' title='bbox 1335 3305 1435 3341; x_wconf 90' lang='lat' dir='ltr'><em>unde</em></span> <span class='ocrx_word' id='word_1_819' title='bbox 1467 3304 1638 3355; x_wconf 83' lang='lat' dir='ltr'><em>quaedam</em></span> <span class='ocrx_word' id='word_1_820' title='bbox 1672 3304 1950 3353; x_wconf 86' lang='lat' dir='ltr'><em>Aristophanes</em></span> <span class='ocrx_word' id='word_1_821' title='bbox 1983 3304 2023 3340; x_wconf 91' lang='lat' dir='ltr'><em>in</em></span> <span class='ocrx_word' id='word_1_822' title='bbox 2059 3302 2156 3338; x_wconf 86' lang='lat' dir='ltr'><em>hanc</em></span> <span class='ocrx_word' id='word_1_823' title='bbox 2187 3299 2351 3338; x_wconf 79' lang='lat' dir='ltr'><em>fabulam</em></span> 
     </span>
     <span class='ocr_line' id='line_1_110' title="bbox 1338 3357 2350 3412; baseline -0.005 -13"><span class='ocrx_word' id='word_1_824' title='bbox 1338 3364 1547 3409; x_wconf 77' lang='lat' dir='ltr'><em>transtulit,</em></span> <span class='ocrx_word' id='word_1_825' title='bbox 1572 3373 1611 3399; x_wconf 85' lang='lat' dir='ltr'><em>ut</em></span> <span class='ocrx_word' id='word_1_826' title='bbox 1638 3363 1744 3400; x_wconf 80' lang='lat' dir='ltr'><em>facile</em></span> <span class='ocrx_word' id='word_1_827' title='bbox 1768 3363 1911 3412; x_wconf 83' lang='lat' dir='ltr'><em>percipi</em></span> <span class='ocrx_word' id='word_1_828' title='bbox 1932 3369 2056 3412; x_wconf 87' lang='lat' dir='ltr'><em>potest</em></span> <span class='ocrx_word' id='word_1_829' title='bbox 2080 3373 2100 3397; x_wconf 91' lang='lat' dir='ltr'><em>e</em></span> <span class='ocrx_word' id='word_1_830' title='bbox 2123 3359 2279 3397; x_wconf 85' lang='lat' dir='ltr'><em>scholiis</em></span> <span class='ocrx_word' id='word_1_831' title='bbox 2304 3357 2350 3395; x_wconf 86' lang='lat' dir='ltr'><em>ad</em></span> 
     </span>
    </p>
   </div>
  </div>
 </body>
</html>
