2517 3792
1091 191 1307 229 NUBIUM.
2167 203 2240 235 423

224 295 292 329 ¹09
323 279 438 316 codex
467 276 899 318 Tau1in.:‹1›0zcmvouq
893 276 1018 318 ι’ππους
1051 291 1170 328 φησιν,

165 339 241 376 ἀλλ’
262 341 321 375 οὐκ
338 336 438 388 ὅρνις.
459 335 616 385 ἐλέγοντο
637 333 671 371 δε
689 336 718 371 οἱ
733 334 833 372 ι’πποι
852 350 1010 387 φασιανοι
1029 334 1096 371 ἀπὸ
1112 349 1170 371 του

163 396 220 433 τὸν
242 397 357 434 Φᾶσιν
378 408 555 441 ποταμον,
578 392 635 444 ἀφ
653 396 690 429 οὑ
708 393 738 429 οἱ
761 391 861 430 ἱπποι
890 392 1171 442 επωνοιωίζοντο,

163 467 368 505 παραρρεειν
391 450 452 496 τὴν
471 450 641 501 Κολχίδα.
662 475 702 480 -
719 451 761 486 51
797 450 1018 502 Ἀρίσταρχον
1038 451 1171 487 [ὶιιΙιιιυ

163 511 292 547 kenius
327 509 470 559 praefat.
498 509 545 546 ad
574 510 734 557 Hesych.
759 510 830 546 vol.
853 523 888 556 2,
914 523 949 559 p.
971 508 1171 560 1-11.Ἀρχί-

162 569 265 618 λοχον
282 568 367 605 Ald.
383 575 419 603 ct
434 567 567 604 Suidas
586 581 613 604 s.
636 567 866 606 «Ι)ασιανοί.-
888 582 901 604 1
928 566 1068 618 Μόρυχε
1089 565 1173 607 τέως

162 626 306 662 Suidas.
338 623 482 676 Μόρυχέ
510 640 546 662 τε
566 629 624 662 νῦν
652 626 788 662 Al‹l.-
818 640 838 662 2
869 628 890 670 ἡ
921 629 1119 662 Knsterus.
1151 623 1171 669 ἢ

160 683 308 720 Suidas.
330 677 353 732 ἦ
377 684 454 720 Ald.
475 708 515 715 -
534 685 552 720 3
576 686 727 735 τερπνῶς
753 684 897 721 Suidas.
925 681 1068 734 τερπνὸν
1088 682 1171 718 Ald.

160 741 325 777 Meinck.
348 744 452 778 Com.
478 744 507 787 Ι,
531 755 564 787 2,
584 755 621 791 p.
655 742 743 777 652.
764 747 835 784 -4
870 741 898 791 β’
923 754 995 776 0111.
1024 740 1170 778 Suidas.

161 799 234 835 —5
260 798 420 851 φασιανοὶ
443 797 476 835 δὲ
498 801 528 835 οἱ
548 798 684 850 ἔχοντες
707 799 815 836 idem.
837 798 1049 848 Legebatur
1077 799 1106 833 οἱ
1137 796 1171 833 δὲ

162 855 318 908 ἔχοντας.
335 883 375 888 -
395 859 417 894 6
441 859 476 894 ἐν
501 859 549 908 (ἐν
578 872 651 894 om.
677 858 753 894 duo
775 857 900 906 codd.)
919 859 968 908 τῷ
989 858 1088 908 μηρῷ
1109 871 1172 907 φα-

161 915 277 953 σιανὸν
296 915 408 953 ἵπποι.
430 919 470 954 Α.
493 917 598 954 Suid.
613 942 653 947 -—
671 931 689 962 7
709 914 984 964 πολιτευομένων
1001 915 1115 950 idem.
1132 939 1172 945 --

167 987 211 1010 10
232 982 319 1025 post
339 974 555 1026 ἱπποτρόφου
579 974 685 1011 addit
705 978 811 1011 Junt.
846 971 1022 1018 Ἀθήναιος
1046 972 1098 1022 (9,
1133 986 1169 1022 p.

163 1033 250 1080 387,
274 1033 320 1081 A)
358 1049 373 1065 α
390 1032 447 1069 καὶ
468 1032 506 1069 τὸ
536 1033 570 1068 ἐν
600 1031 770 1083 Νεφέλαις
796 1029 831 1068 δὲ
861 1030 917 1067 ἐπὶ
941 1032 1009 1066 τῶν
1030 1030 1170 1082 ὀρνίθιον

161 1088 268 1140 ἔγωγε
289 1089 415 1138 ἀκούω,
430 1090 488 1126 καὶ
506 1091 566 1126 οὐκ
588 1089 643 1126 ἐπὶ
663 1088 779 1126 ἵππων
793 1119 802 1137 ,
822 1091 867 1130 ὡς
885 1090 916 1125 οἱ
933 1087 1076 1138 πολλοὶ,

343 1153 410 1187 τοὺς
423 1152 598 1192 φασιανοὺς,
617 1152 668 1187 οὓς
682 1152 779 1193 τρέφει
794 1151 967 1192 Λεωγόρας.

161 1201 303 1239 δύναται
319 1201 384 1254 γὰρ
403 1206 420 1240 ὁ
434 1202 618 1255 Λεωγόρας
632 1202 690 1239 καὶ
705 1202 830 1245 ἵππους
844 1202 976 1254 τρέφειν
992 1201 1050 1239 καὶ
1065 1201 1169 1254 ὄρνεις

160 1259 355 1311 φασιανούς.
377 1260 598 1312 κωμῳδεῖται
617 1259 683 1312 γὰρ
714 1263 731 1298 ὃ
760 1259 943 1311 Λεωγόρας
967 1262 1013 1302 ὡς
1031 1259 1171 1312 γαστρί-

160 1332 291 1369 μαργος
315 1317 382 1354 ὑπὸ
398 1318 586 1360 Πλάτωνος
606 1319 639 1354 ἐν
662 1319 862 1370 Περιαλγεῖ.
885 1321 972 1355 Non
997 1318 1169 1354 animad-

161 1376 275 1412 vertit
296 1376 504 1413 Fraucinus
536 1376 653 1414 verba
674 1377 737 1413 illa
757 1376 938 1413 Athenaeo
963 1375 1010 1412 ab
1030 1376 1171 1413 lectore

161 1434 341 1484 quopiam
368 1447 448 1471 esse
477 1435 580 1471 illata
599 1447 645 1471 ex
670 1434 870 1471 scholiasta
894 1435 1169 1484 Aristophanis.

159 1495 215 1529 Dc
233 1507 309 1542 quo
326 1493 403 1530 dixi
422 1494 461 1530 in
481 1493 724 1530 annotatione
746 1494 791 1530 ad
806 1493 931 1529 locum
948 1493 1170 1543 Aristopha-

159 1554 230 1591 nis.
259 1557 429 1592 DINn.-
458 1568 472 1590 1
487 1568 499 1589 1
534 1554 613 1590 imo
639 1553 998 1606 ἕγκεχαραγμένοι.-
1016 1555 1059 1590 13
1081 1569 1169 1604 προ-

159 1610 459 1662 πολιτευσαμένων
481 1615 526 1648 V.
540 1637 581 1642 —
601 1611 645 1647 18
663 1610 741 1663 περὶ
763 1610 961 1662 Ἀρχίλοχον
985 1611 1116 1647 codex.

216 1683 230 1705 1
243 1683 302 1716 10,
327 1683 373 1705 22
392 1669 586 1721 παρακαλῶ
611 1683 648 1705 σε
667 1673 708 1705 V.

217 1741 255 1762 11
271 1741 300 1774 1,
326 1729 372 1764 23
402 1726 525 1777 ἔμελλε
550 1729 594 1766 Θ.
618 1726 718 1777 ἔμελε
747 1727 830 1764 Ald.
845 1752 884 1758 —
904 1733 952 1771 24
985 1725 1168 1777 θέλημοςῆ

158 1783 289 1836 ὤφελος
305 1785 352 1823 Θ

216 1856 302 1889 112,
334 1855 383 1891 29
399 1841 609 1894 Αὖδηρῆτης
633 1842 767 1879 codex.
787 1867 825 1873 —
843 1844 888 1879 32
912 1845 999 1879 εἰναι
1027 1856 1102 1879 orn.
1123 1847 1168 1880 V

215 1913 300 1946 120,
324 1901 369 1946 37
391 1901 428 1936 οὗ
445 1899 510 1952 γὰρ
528 1898 568 1936 ἂν
596 1903 641 1937 V.
669 1903 737 1937 οἷον
770 1901 835 1951 οὐχ
858 1900 941 1937 Ald.
961 1924 1002 1930 —
1020 1902 1068 1949 39
1100 1901 1168 1952 φι).

157 1956 397 2010 ἀποκείρονται
416 1961 615 1994 Kusterus.
633 1981 671 1989 —
688 1962 737 2001 40
759 1957 1022 2009 ἠμαυρωμένος.
1052 1958 1168 1996 Addit

159 2016 243 2053 Ald.
276 2015 417 2067 αἰσχρὸς
447 2015 506 2053 καὶ
536 2015 782 2068 διεφθαρμένος
817 2015 1010 2066 γενόμενος.
1041 2017 1071 2053 οἱ
1103 2015 1168 2068 γὰρ

157 2075 273 2115 ἱππεῖς
296 2074 330 2110 ἐν
354 2072 560 2123 γυμνασίοις
582 2071 641 2110 καὶ
663 2073 895 2125 παλαίστραις
922 2073 1102 2125 διέτριὸον.
1132 2076 1168 2111 οὐ

157 2146 227 2181 γεν.
254 2134 297 2168 V.
328 2133 403 2182 εἰγ.
415 2137 513 2175 -41
539 2131 642 2183 φησὶν
659 2145 734 2168 om
751 2135 795 2169 V.
811 2137 913 2174 -42
937 2126 1054 2184 εῧχροι
1084 2133 1167 2171 Ald.

157 2197 195 2226 et
216 2189 349 2226 Suidas
369 2202 398 2226 s.
421 2188 679 2239 Διακεκναισμέ
681 2205 735 2236 νη.
752 2214 792 2221 --
809 2190 857 2233 45
878 2192 1049 2241 φθονεῖτε,
1073 2192 1120 2234 48
1140 2193 1169 2228 εἷ

157 2245 337 2283 ἀπολιπὼν
363 2246 403 2283 τὸ
426 2248 529 2295 σῶμα
555 2253 698 2297 κοσμεῖν
718 2248 760 2284 V.
772 2272 812 2278 -
829 2247 876 2284 50
896 2248 1002 2284 uncis
1025 2248 1169 2286 inclusa

159 2304 352 2353 pertinent
371 2304 418 2340 ad
435 2318 472 2340 v.
495 2311 578 2348 124.

216 2376 300 2408 121,
320 2363 340 2398 3
361 2361 468 2412 φάγη,
489 2361 598 2413 θρέψη
617 2365 662 2399 V.
683 2361 798 2415 θρέψει
813 2375 887 2399 0111.
910 2365 956 2400 R.

216 2432 300 2466 122,
322 2420 342 2455 5
367 2418 486 2468 Ζύγιοι
511 2418 546 2456 δὲ
572 2421 758 2457 καλοῦνται
783 2418 884 2457 ἵπποι
904 2422 949 2456 V.
970 2422 992 2457 6
1009 2419 1168 2470 λέγονται

156 2481 215 2524 R,
236 2478 301 2526 qui
324 2478 489 2529 οἱ-ζυγῷ
510 2486 595 2527 post
615 2476 791 2530 ἀριστερός
809 2478 1002 2528 ponit.-7
1023 2480 1041 2516 ὃ
1055 2494 1167 2528 μεσα-

158 2534 308 2588 ριστερὸς
321 2534 379 2572 καὶ
399 2537 417 2572 ὁ
435 2534 626 2584 μεσοδεξιός
645 2540 690 2573 V.

212 2594 297 2639 123,
320 2593 364 2628 13
386 2591 514 2629 πείθειν
530 2594 574 2629 V.

213 2662 298 2696 127,
321 2651 369 2687 28
387 2649 496 2696 δηλοῖ.
529 2650 609 2697 εἴπη
631 2651 714 2700 (sel.
739 2649 863 2695 εἴποις)
889 2649 954 2702 γὰρ
974 2666 1012 2687 αν
1036 2650 1166 2695 διδάξο-

157 2721 221 2755 μαι
237 2705 294 2743 τὸν
312 2710 359 2744 V.
375 2732 415 2738 ——
432 2709 475 2744 31
499 2723 557 2745 νυν
580 2708 640 2759 μὲν
663 2712 750 2745 εἶναι
768 2712 815 2746 V.
826 2733 867 2740 --
883 2710 929 2745 33
949 2722 1031 2759 sqq.
1058 2725 1162 2758 εμαυ-

156 2762 214 2800 τὸν
238 2763 456 2812 διδάξομαιἸ
438 2780 516 2817 εφη,
534 2765 594 2803 ἅτε
609 2765 756 2816 βαδίζων
770 2767 816 2808 εἷς
835 2766 873 2803 τὸ
892 2766 1163 2819 φροντιστήριον.

157 2819 197 2857 τὸ
217 2819 252 2857 δὲ
269 2821 416 2870 ἐμαυτὸν
435 2822 546 2859 λείπει
564 2827 625 2860 τοῦ
649 2840 686 2873 μ.
706 2825 767 2860 οὔκ
790 2825 845 2861 ἐπ.
870 2825 956 2863 Ald.
983 2827 1089 2862 εἰπεῖν
1113 2825 1166 2861 δι-

157 2876 248 2920 δάξω
268 2881 313 2914 G.
341 2877 476 2921 διδάξας
495 2883 539 2916 V.
553 2905 594 2911 —
612 2882 658 2917 36
687 2880 771 2932 πρὸς
801 2880 905 2932 ἄμφω
921 2880 982 2923 τὰς
1001 2880 1166 2924 διαθέσεις

156 2935 281 2973 dicere
301 2934 475 2973 debebat.
495 2939 647 2974 Monuit
663 2939 829 2975 Reizius.
917 2983 919 2985 ¹

215 3006 298 3041 129,
328 2995 376 3041 39
394 3006 474 3063 sqq.
495 2996 552 3030 νῦν
580 2996 641 3032 οὐκ
671 2996 727 3032 ἐπι
751 2998 812 3041 τῆς
838 2999 1040 3046 σωματικῆς
1066 2996 1164 3042 κινή-

156 3065 241 3092 σεως
261 3049 380 3102 εἴληφε
395 3050 434 3087 τὸ
455 3050 591 3100 βραδὺς,
613 3051 701 3089 ἀλλὰ
729 3057 788 3100 V.,
809 3066 856 3090 ex
878 3066 954 3102 quo
970 3058 1026 3091 νῦν
1052 3054 1163 3090 addi-

158 3115 248 3144 tum.
272 3132 313 3139 —
332 3106 492 3157 ἀγχίνους
516 3102 612 3145 εἶναι.
637 3108 763 3146 ἄνωθεν
790 3108 825 3146 δε
852 3108 896 3146 τὰ
921 3112 982 3155 τ’ῆς
1016 3110 1164 3152 διανοίας

156 3163 279 3209 δηλουν
297 3162 386 3200 θέλει
399 3163 483 3201 Ald
497 3167 636 3202 Veram
649 3167 877 3216 scripturam
897 3166 1031 3203 habuit
1050 3167 1162 3204 etiam

156 3223 292 3260 Suidas
312 3235 340 3258 s.
356 3219 499 3272 Βραδύς.

213 3281 286 3316 130
304 3280 466 3329 glossam
485 3279 710 3328 λεπτολογίας
729 3279 846 3316 habet
863 3282 905 3315 V.
920 3303 956 3310 —
971 3281 1017 3325 43
1035 3281 1162 3331 ἰσχνῶν

157 3341 260 3377 Junt.
288 3339 438 3389 ἰσχυρῶν
460 3336 544 3374 Ald.
560 3352 594 3356 -
614 3338 662 3380 46
683 3336 866 3381 ἐξάσκησις
891 3335 1053 3385 conjecit
1081 3342 1162 3375 Ku-

1231 284 1409 312 ste1·us.-
1424 283 1468 323 47
1489 277 1597 327 λόγων
1621 278 1768 314 addidit
1791 281 1976 317 Dukcrus.
1997 306 2034 311 —
2056 283 2103 324 48
2123 281 2165 318 τὰ
2183 283 2241 319 λε-

1231 332 1301 370 πτὰ
1320 339 1359 371 R.
1378 334 1435 370 καὶ
1454 336 1520 371 τῶν
1548 337 1626 372 καλ.
1647 340 1686 372 R.
1708 339 1751 372 V.
1765 362 1804 368 —
1820 344 1867 385 49
1888 336 2094 380 ὀξυτονεῖται
2115 344 2154 377 R.
2172 343 2239 377 τῶν

1232 390 1344 427 ἄλλων
1376 391 1532 441 πλαγίων
1566 393 1647 429 cod.
1673 394 1877 431 Taurin.et
1894 398 1983 445 ch.
2009 399 2170 433 2821.-
2194 400 2240 435 50

1231 448 1522 499 προπαροξύνεται
1540 453 1585 486 V.

1290 508 1375 552 131,
1405 520 1417 542 1
1428 507 1662 576 σταλαγμὸς,
1683 523 1742 544 και
1761 508 1913 546 κλίνεται
1933 525 2042 563 στραγ
2045 513 2111 562 γός.
2130 514 2187 566 ἀφ’
2205 519 2240 552 οἱ,

1232 562 1322 600 κατὰ
1351 562 1507 615 στράγγα
1538 565 1647 615 οὐρεῖν
1680 565 1737 601 καὶ
1767 567 1967 617 στραγγεύω
2001 572 2095 639 ρῆμα
2118 587 2157 608 το
2180 573 2237 608 ε’κ-

1233 620 1466 669 θλίὸω,ἤγουν
1485 620 1523 658 τὸ
1543 623 1664 663 κοινῶς
1682 623 1881 672 στραγγεύω
1899 625 1975 676 (στρ
1980 627 2119 675 αγγίζω.
2132 633 2241 678 Reg.)

1232 680 1385 715 Tauiin.
1395 704 1434 709 —
1453 681 1523 716 132
1547 680 1692 716 scholio
1711 680 1757 716 ad
1778 695 1812 717 v.
1831 684 1899 718 133
1920 687 2120 733 postponit
2141 691 2185 724 V.
2206 697 2242 724 et

1231 736 1316 773 ΛΜ.
1330 761 1370 768 --
1390 752 1432 773 1o
1450 736 1538 784 ἔσω,
1560 737 1635 774 ἀλλ’
1653 737 1772 789 εφόφει
1791 739 1850 775 καί
1872 755 1901 775 τ
1897 755 1921 782 ,ς
1941 756 2002 786 την
2029 743 2131 795 θύραν
2153 748 2235 783 Sui-

1232 793 1311 830 das.
1336 796 1412 831 ἀλλ’
1436 795 1588 847 ἐψόφηκε
1608 794 1670 840 τὴν
1689 795 1791 848 θύραν
1809 812 1859 839 τις
1873 801 2015 836 Kustei
2019 814 2070 837 us

1289 854 1445 899 133,14
1462 856 1601 891 Βοιωτ
1577 869 1623 890 ων
1651 852 1716 905 γὰρ
1736 855 2173 908 ἀναστατων-γενομένων
2202 866 2240 898 V.

1231 911 1390 948 Dativos
1408 912 1518 961 ponit
1534 916 1578 949 V.
1603 913 1642 949 in
1660 913 1807 949 scholio
1832 914 1880 950 ad
1902 915 2003 952 Pluti
2022 930 2058 953 v.
2088 918 2174 961 604.
2201 921 2242 956 ln

1231 969 1350 1017 Regio
1373 982 1474 1015 2712
1496 978 1552 1006 est
1572 971 1734 1011 Βοιωτοῖς
1755 971 2059 1014 ἀναστάτοις-καὶ
2077 974 2162 1027 ὑπὲρ
2181 978 2240 1014 ἀπ.

1232 1027 1609 1076 μαντευομένοις-ἐκεῖ
1623 1029 1928 1074 κατοικῆσαι-τὸν
1941 1032 2242 1081 παγαιτικὸν-πε·

1233 1083 1476 1135 ριιπταμένους
1502 1084 1580 1128 τοὺς
1595 1085 1817 1139 ἱεροὺς-ἀπὸ
1840 1087 2017 1137 μέθης-οἱ
2041 1090 2075 1127 δὲ
2096 1092 2163 1130 ἀπὸ
2180 1097 2240 1129 τοῧ

1231 1139 1317 1183 ζώου
1337 1141 1420 1194 φησὶ
1443 1141 1791 1193 λεγεσθαι-τόποις’
1777 1161 1832 1182 επι
1852 1146 1955 1184 πλεον
1973 1148 2138 1199 διατρίοει
2154 1166 2240 1187 ταυ-

1231 1213 1284 1235 τα.
1293 1223 1332 1229 -
1350 1200 1394 1236 15
1431 1200 1694 1250 μαντευομένων
1728 1206 1773 1240 V.
1790 1228 1829 1234 —
1845 1205 1890 1240 16
1926 1204 2068 1247 λευκούς
2092 1221 2131 1242 κο
2120 1222 2241 1258 ρακας

1230 1256 1309 1293 Ald.
1321 1283 1361 1289 -
1380 1272 1422 1304 17
1448 1258 1696 1309 Παγασητικὸν
1717 1262 1986 1312 WVesselingius
2009 1265 2055 1300 ad
2077 1265 2238 1302 Diod01.

1235 1328 1294 1362 19,
1318 1316 1378 1352 53.
1409 1317 1468 1354 Πα
1474 1315 1650 1365 γασιτικὸν
1672 1322 1715 1355 R.
1737 1322 1778 1356 V.
1800 1321 2039 1370 Πακαιατικὸν
2065 1324 2151 1360 Ald.
2172 1324 2241 1361 ἴδον

1230 1376 1273 1409 R.
1285 1397 1326 1404 —
1346 1375 1390 1410 18
1423 1390 1501 1418 τους
1520 1390 1579 1412 του
1606 1375 1704 1422 ἡλίου
1722 1378 1801 1414 Ald
1811 1393 1906 1416 —22
1931 1381 2034 1417 addit
2057 1382 2141 1418 Ald.
2166 1385 2241 1429 Ζη-

1230 1431 1364 1475 νόδοτος
1383 1433 1514 1483 (scrib.
1535 1433 1756 1485 Ζηνόοιος)
1737 1434 1770 1472 οὲ
1788 1439 1806 1474 ὁ
1822 1436 1882 1479 τὰς
1902 1439 2039 1489 Γαρραί
2041 1455 2078 1476 ου
2101 1440 2159 1477 καὶ
2179 1444 2242 1478 Δι-

1231 1487 1337 1539 δύμου
1369 1491 1556 1543 παροιμίας
1584 1491 1776 1541 ἐπιτεμὼν,
1813 1511 1827 1526 «
1860 1496 2034 1543 Βοιωτοῖς,
2066 1517 2080 1531 n
2116 1499 2241 1550 φησὶν,

1231 1546 1391 1599 «Ἄρνην
1415 1549 1499 1586 ποτὲ
1521 1549 1686 1587 διοικουσι
1706 1551 1890 1604 προείρητο
1914 1554 1980 1591 ὑπὸ
2003 1559 2062 1592 τοῦ
2084 1559 2159 1593 θεου
2180 1558 2241 1593 ἐκ-

1230 1609 1426 1653 πεσεῖσθαι,
1453 1609 1584 1644 λευκῶν
1607 1608 1764 1659 κοράκων
1790 1611 1979 1662 φανέντων.
2007 1615 2179 1653 νεανίσκοι
2205 1615 2242 1652 δέ

1230 1678 1311 1700 ποτε
1332 1665 1571 1714 μεθυσθέντες,
1594 1682 1652 1704 και
1671 1668 1900 1711 συλλαοόντες
1928 1670 2096 1722 κόρακας,
2125 1674 2243 1725 γυψώ-

1230 1736 1351 1765 σαντες
1372 1725 1507 1775 ἀφῆκαν
1532 1724 1707 1762 πέτεσθαι.
1730 1725 1858 1769 ἷοόντες
1880 1728 1914 1765 δε
1933 1744 1963 1765 οι
1987 1731 2132 1768 Βοιωτοι
2160 1734 2242 1769 ἐτα-

1231 1781 1428 1833 ράχθησαν,
1452 1783 1497 1825 ὡς
1520 1799 1580 1829 της
1609 1782 1772 1833 μαντείας
1796 1785 1970 1832 λαὸούσης
1989 1787 2027 1824 τὸ
2045 1788 2156 1835 τέλος,
2183 1791 2240 1827 καὶ

1230 1839 1436 1891 φοὸηθέντες
1450 1842 1480 1877 οἱ
1499 1841 1692 1887 νεανίσκοι,
1710 1839 1767 1877 τὸν
1788 1841 1929 1894 θόρυὸον
1951 1844 2112 1896 φυγόντες
2124 1876 2133 1893 ,
2149 1846 2243 1897 ᾤκη-

1229 1898 1291 1936 σάν
1310 1898 1455 1950 (ᾤκισάν
1478 1903 1527 1936 W
1530 1900 1652 1949 Olfius)
1677 1914 1753 1936 τινα
1781 1900 1900 1950 τόπον,
1920 1901 1955 1939 ὃν
1986 1903 2154 1942 ἐκάλεσαν
2173 1907 2242 1944 Κό-

1230 1971 1346 2009 ρακας.
1371 1956 1458 2006 μετὰ
1482 1956 1517 1993 δε
1539 1973 1649 1995 ταυτα
1678 1955 1883 2002 ε’κὸαλόντες
1908 1975 1986 2003 τους
2012 1962 2182 2006 Βοιωτοὺς
2209 1967 2240 2001 οἱ

1230 2015 1384 2060 Αἰολεῖς,
1416 2029 1517 2065 εσχον
1538 2015 1600 2061 τὴν
1622 2013 1746 2069 Ἄρνην
1774 2017 1901 2056 οἰκείαν
1930 2022 2056 2056 οὖσαν·
2077 2020 2134 2057 καὶ
2163 2037 2240 2065 τους

1229 2072 1491 2124 ἁμαρτάνοντας
1517 2077 1717 2122 μεθιστᾶσιν
1743 2078 1789 2118 εἰς
1816 2075 1895 2118 τους
1920 2076 2082 2128 Κόρακας
2107 2080 2239 2117 καλου-

1229 2129 1361 2180 μένους.
1381 2147 1395 2162 »
1423 2134 1513 2175 Quae
1531 2135 1714 2170 Musurus
1736 2146 1782 2170 ex
1802 2134 1962 2171 Zenobii
1996 2136 2173 2173 Proverb.
2200 2140 2218 2174 3
2231 2166 2241 2183 ,

1229 2190 1275 2236 87
1299 2188 1443 2226 intulit.

1285 2248 1376 2290 134,
1410 2246 1456 2281 23
1486 2247 1640 2293 Κικυνῆς
1667 2251 1711 2285 R.
1740 2248 1934 2285 κικυνισταὶ
1965 2248 2035 2286 Ἀκ.
2063 2253 2105 2286 V.
2127 2276 2166 2282 -
2190 2259 2234 2296 24

1229 2302 1461 2341 Ἀπολλώνεια
1480 2303 1561 2341 Ald.

1285 2363 1354 2398 136
1380 2362 1496 2415 διόπερ
1519 2371 1555 2399 et
1575 2364 1770 2412 sequentia
1791 2368 1922 2400 om.V.

1285 2422 1352 2466 137
1373 2420 1492 2457 codex
1512 2422 1666 2459 Taurin.
1683 2421 1874 2471 εἈμὸλοῢν
1893 2420 2030 2471 λέγεται
2055 2423 2094 2460 τὸ
2121 2423 2160 2461 τὸ
2176 2423 2238 2474 ἔμ-

1227 2477 1328 2530 ὅρυον
1344 2478 1378 2514 ἐν
1397 2481 1439 2529 τῇ
1456 2478 1580 2530 γαστρὶ
1601 2478 1822 2531 φθειρόμενον
1851 2478 1937 2522 ἐξιὸν
1955 2480 2084 2528 (scrib.
2103 2479 2237 2524 ἐξωθεῖν

1226 2535 1473 2573 velt-{finalem
1488 2535 1590 2587 ἐξιὸν)
1606 2540 1666 2582 τῆς
1679 2537 1812 2589 μήτρας
1827 2537 1934 2588 μήπω
1946 2538 2237 2590 τελεσιουργηθέν.

1226 2593 1294 2631 ἀπὸ
1307 2592 1428 2630 τούτου
1438 2593 1575 2644 λέγεται
1589 2595 1647 2632 καὶ
1659 2595 1698 2633 τὸ
1711 2595 1964 2647 ἀμφλωτρίδιον
1977 2596 2085 2646 (Reg.
2097 2596 2236 2646 ἀμὸλω-

1226 2651 1378 2701 θρίδιον).
1395 2653 1544 2689 ἐνταῦθα
1561 2647 1618 2690 οῧν
1641 2651 1695 2690 διὰ
1712 2656 1774 2699 τῆς
1793 2652 1914 2696 λέξεως
1933 2651 2060 2699 ταύτης
2077 2656 2237 2706 κωμῳδεῖ

1225 2709 1418 2762 Σωκράτην
1439 2709 1585 2760 λέγοντα
1600 2711 1729 2763 τέχνην
1759 2710 1830 2761 ἔχω
1853 2709 2077 2760 μαιευτικῆν,
2094 2711 2153 2748 καὶ
2181 2710 2235 2747 διὰ

1224 2767 1352 2814 ταύτης
1366 2770 1455 2805 ποιῶ
1468 2768 1546 2810 τους
1565 2770 1646 2815 νέως
1664 2771 1802 2818 κύματα
1829 2768 2042 2818 (ἀποτίκτειν
2068 2768 2233 2817 κυήματα

1225 2829 1316 2874 Reg.
1321 2826 1407 2875 )τ’ἧς
1433 2827 1546 2876 ψυχης
1573 2827 1704 2873 εὖγενῆ.
1707 2848 1747 2855 -—
1760 2826 1808 2861 35
1825 2823 1860 2861 δὲ
1875 2824 1967 2866 ἰδίως
1980 2825 2080 2869 Ald.,
2103 2825 2235 2861 Suidas

1225 2897 1252 2920 s.
1272 2881 1433 2931 Ἔξήμὸλ
1435 2897 1538 2922 ωκας.
1545 2906 1585 2912 -
1599 2882 1660 2917 38.
1682 2881 1874 2918 Usitatum
1894 2889 1950 2917 est
1967 2881 2232 2932 ἀμὸλωθρίδιον.

1225 2944 1344 2977 Dmn.
1379 2937 1828 2987 ἷδίως-(44)ἐξήμ8λωκας
1852 2951 1926 2974 om.
1957 2940 2001 2974 V.
2018 2937 2076 2974 καὶ
2096 2937 2230 2989 σκέψιν.

1225 2996 1317 3038 ἰδίως
1346 2996 1381 3033 δὲ
1407 2999 1467 3042 R„
1486 2996 1551 3044 qui
1581 2996 1655 3032 hoc
1680 2995 1849 3031 scholion
1872 2996 2068 3044 postponit
2088 2996 2232 3033 scholio

1224 3067 1259 3090 v.
1279 3054 1475 3095 138.-40
1505 3050 1714 3103 προείπομεν
1748 3052 1905 3094 R.—43
1936 3053 2038 3088 τοῦτο
2065 3053 2229 3090 Reizius.

1223 3115 1341 3148 τοῦτον
1360 3110 1442 3147 Ald.

1280 3169 1372 3214 138,
1396 3168 1442 3211 48
1464 3165 1547 3217 πρὸς
1567 3179 1639 3203 om.
1657 3169 1704 3202 R.
1732 3180 1789 3216 σχ.
1815 3163 1868 3201 ὅτι
1898 3165 1936 3201 οὗ
1953 3180 2011 3217 χρ.
2032 3164 2151 3218 πόρρω
2171 3169 2231 3213 τ’ἤς

1223 3224 1368 3270 πόλεως,
1388 3223 1444 3261 ἐπὶ
1460 3225 1527 3260 τῶν
1548 3225 1659 3274 ἀγρῶν
1681 3222 1836 3273 ἄγροικος
1852 3220 1978 3271 εἷμίν.
1990 3229 2086 3272 -749
2104 3224 2229 3270 ἄδηλον

1225 3281 1259 3319 δὲ
1278 3282 1363 3320 Ald.
1393 3282 1474 3318 sine
1505 3279 1762 3322 Ἄλλως-50
1787 3279 1904 3331 πόρρω
1933 3281 2101 3331 ἀγροίκων
2131 3281 2230 3323 αὐτὸς

1224 3341 1309 3379 Ald.
1325 3365 1365 3372 -
1381 3340 1422 3376 51
1457 3344 1599 3389 μακροῖς
1627 3342 1671 3375 V.
1683 3363 1721 3368 -
1738 3338 1785 3375 52
1806 3338 1900 3390 παρὰ
1917 3340 1966 3390 τῷ
1996 3339 2167 3391 Εὐριπίδῃ
2182 3343 2228 3380 V.
