<?xml version="1.0" encoding="UTF-8"?>
<!DOCTYPE html PUBLIC "-//W3C//DTD XHTML 1.0 Transitional//EN"
    "http://www.w3.org/TR/xhtml1/DTD/xhtml1-transitional.dtd">
<html xmlns="http://www.w3.org/1999/xhtml" xml:lang="en" lang="en">
 <head>
  <title>
</title>
<meta http-equiv="Content-Type" content="text/html;charset=utf-8" />
  <meta name='ocr-system' content='tesseract 3.04.00' />
  <meta name='ocr-capabilities' content='ocr_page ocr_carea ocr_par ocr_line ocrx_word'/>
</head>
<body>
  <div class='ocr_page' id='page_1' title='image "./scholiagraecaina00dbuoft_0105.png"; bbox 0 0 2485 3808; ppageno 0'>
   <div class='ocr_carea' id='block_1_1' title="bbox 894 197 2293 255">
    <p class='ocr_par' dir='ltr' id='par_1_1' title="bbox 894 197 2293 255">
     <span class='ocr_line' id='line_1_1' title="bbox 894 197 2293 255; baseline 0.001 -18"><span class='ocrx_word' id='word_1_1' title='bbox 894 197 1150 238; x_wconf 85' lang='lat' dir='ltr'><strong>SCHOLIA</strong></span> <span class='ocrx_word' id='word_1_2' title='bbox 1188 199 1247 237; x_wconf 85' lang='grc' dir='ltr'>ΙΝ</span> <span class='ocrx_word' id='word_1_3' title='bbox 1285 200 1556 248; x_wconf 88' lang='lat' dir='ltr'><strong>EQUITES.</strong></span> <span class='ocrx_word' id='word_1_4' title='bbox 2247 223 2293 255; x_wconf 68' lang='lat'>03</span> 
     </span>
    </p>
   </div>
   <div class='ocr_carea' id='block_1_2' title="bbox 158 285 1199 338">
    <p class='ocr_par' dir='ltr' id='par_1_2' title="bbox 158 285 1199 338">
     <span class='ocr_line' id='line_1_2' title="bbox 158 285 1199 338; baseline -0.004 -11"><span class='ocrx_word' id='word_1_5' title='bbox 158 286 291 328; x_wconf 84' lang='grc' dir='ltr'>Κλέων.</span> <span class='ocrx_word' id='word_1_6' title='bbox 308 285 587 338; x_wconf 80' lang='grc' dir='ltr'>[ἐξεσκέδασας</span> <span class='ocrx_word' id='word_1_7' title='bbox 570 285 605 323; x_wconf 82' lang='grc' dir='ltr'>οὲ</span> <span class='ocrx_word' id='word_1_8' title='bbox 622 285 696 323; x_wconf 80' lang='grc' dir='ltr'>ἀντι</span> <span class='ocrx_word' id='word_1_9' title='bbox 714 289 774 323; x_wconf 80' lang='grc' dir='ltr'>τοῦ</span> <span class='ocrx_word' id='word_1_10' title='bbox 797 285 955 338; x_wconf 80' lang='grc' dir='ltr'>διετάραξ</span> <span class='ocrx_word' id='word_1_11' title='bbox 959 302 1009 330; x_wconf 86' lang='grc' dir='ltr'>ας.</span> <span class='ocrx_word' id='word_1_12' title='bbox 1029 286 1199 325; x_wconf 84' lang='grc' dir='ltr'>δείκνυσιν</span> 
     </span>
    </p>
   </div>
   <div class='ocr_carea' id='block_1_3' title="bbox 71 344 1197 3244">
    <p class='ocr_par' dir='ltr' id='par_1_3' title="bbox 155 344 742 396">
     <span class='ocr_line' id='line_1_3' title="bbox 155 344 742 396; baseline -0.003 -12"><span class='ocrx_word' id='word_1_13' title='bbox 155 362 214 384; x_wconf 90' lang='grc' dir='ltr'>ουν</span> <span class='ocrx_word' id='word_1_14' title='bbox 233 345 284 384; x_wconf 79' lang='grc' dir='ltr'>ὅτι</span> <span class='ocrx_word' id='word_1_15' title='bbox 300 349 396 388; x_wconf 72' lang='grc' dir='ltr'>οὗτος</span> <span class='ocrx_word' id='word_1_16' title='bbox 411 349 452 391; x_wconf 75' lang='grc' dir='ltr'>ἣν</span> <span class='ocrx_word' id='word_1_17' title='bbox 470 344 576 388; x_wconf 86' lang='grc' dir='ltr'>αἴτιος</span> <span class='ocrx_word' id='word_1_18' title='bbox 591 344 724 383; x_wconf 84' lang='grc' dir='ltr'>τούτου.</span> <span class='ocrx_word' id='word_1_19' title='bbox 729 345 742 396; x_wconf 90' lang='grc'>]</span> 
     </span>
    </p>

    <p class='ocr_par' dir='ltr' id='par_1_4' title="bbox 208 408 1195 461">
     <span class='ocr_line' id='line_1_4' title="bbox 208 408 1195 461; baseline -0.003 -12"><span class='ocrx_word' id='word_1_20' title='bbox 208 423 273 449; x_wconf 78' lang='grc'>796.</span> <span class='ocrx_word' id='word_1_21' title='bbox 305 408 546 461; x_wconf 76' lang='grc' dir='ltr'>ῥαθαπυγίζων</span> <span class='ocrx_word' id='word_1_22' title='bbox 567 421 575 446; x_wconf 86' lang='lat'><strong>:</strong></span> <span class='ocrx_word' id='word_1_23' title='bbox 598 411 653 459; x_wconf 73' lang='grc' dir='ltr'>Τῇ</span> <span class='ocrx_word' id='word_1_24' title='bbox 670 411 763 460; x_wconf 71' lang='grc' dir='ltr'>πυγῇ</span> <span class='ocrx_word' id='word_1_25' title='bbox 784 408 880 459; x_wconf 76' lang='grc' dir='ltr'>ῥόθον</span> <span class='ocrx_word' id='word_1_26' title='bbox 898 411 1018 455; x_wconf 80' lang='grc' dir='ltr'>ποιῶν,</span> <span class='ocrx_word' id='word_1_27' title='bbox 1036 408 1195 447; x_wconf 79' lang='grc' dir='ltr'>τουτέστι</span> 
     </span>
    </p>

    <p class='ocr_par' dir='ltr' id='par_1_5' title="bbox 155 465 1194 519">
     <span class='ocr_line' id='line_1_5' title="bbox 155 465 1194 519; baseline 0.002 -15"><span class='ocrx_word' id='word_1_28' title='bbox 155 470 198 519; x_wconf 79' lang='grc' dir='ltr'>τῇ</span> <span class='ocrx_word' id='word_1_29' title='bbox 214 467 305 519; x_wconf 71' lang='grc' dir='ltr'>χειρὶ</span> <span class='ocrx_word' id='word_1_30' title='bbox 320 467 382 513; x_wconf 70' lang='grc' dir='ltr'>τὴν</span> <span class='ocrx_word' id='word_1_31' title='bbox 396 468 510 517; x_wconf 69' lang='grc' dir='ltr'>πυγὴν</span> <span class='ocrx_word' id='word_1_32' title='bbox 523 466 636 504; x_wconf 88' lang='grc' dir='ltr'>παίων</span> <span class='ocrx_word' id='word_1_33' title='bbox 651 465 672 512; x_wconf 75' lang='grc' dir='ltr'>ἢ</span> <span class='ocrx_word' id='word_1_34' title='bbox 689 469 738 519; x_wconf 76' lang='grc' dir='ltr'>τῷ</span> <span class='ocrx_word' id='word_1_35' title='bbox 755 467 833 504; x_wconf 78' lang='grc' dir='ltr'>ποδὶ</span> <span class='ocrx_word' id='word_1_36' title='bbox 847 466 998 506; x_wconf 80' lang='grc' dir='ltr'>τύπτων.</span> <span class='ocrx_word' id='word_1_37' title='bbox 1040 465 1194 510; x_wconf 79' lang='grc' dir='ltr'>”Αλλιι)ς.</span> 
     </span>
    </p>

    <p class='ocr_par' dir='ltr' id='par_1_6' title="bbox 119 524 1197 695">
     <span class='ocr_line' id='line_1_6' title="bbox 119 524 1197 578; baseline 0.001 -16"><span class='ocrx_word' id='word_1_38' title='bbox 119 537 137 562; x_wconf 80' lang='lat'><strong>5</strong></span> <span class='ocrx_word' id='word_1_39' title='bbox 155 525 267 578; x_wconf 89' lang='grc' dir='ltr'>λάθρα</span> <span class='ocrx_word' id='word_1_40' title='bbox 286 525 423 563; x_wconf 80' lang='grc' dir='ltr'>τύπτων</span> <span class='ocrx_word' id='word_1_41' title='bbox 446 524 536 562; x_wconf 80' lang='grc' dir='ltr'>κατὰ</span> <span class='ocrx_word' id='word_1_42' title='bbox 556 528 617 571; x_wconf 74' lang='grc' dir='ltr'>τῆς</span> <span class='ocrx_word' id='word_1_43' title='bbox 645 528 756 576; x_wconf 73' lang='grc' dir='ltr'>πυγῆς</span> <span class='ocrx_word' id='word_1_44' title='bbox 779 526 929 576; x_wconf 69' lang='grc' dir='ltr'>πλατείᾳ</span> <span class='ocrx_word' id='word_1_45' title='bbox 952 529 994 577; x_wconf 71' lang='grc' dir='ltr'>τῇ</span> <span class='ocrx_word' id='word_1_46' title='bbox 1017 527 1108 577; x_wconf 78' lang='grc' dir='ltr'>χειρὶ</span> <span class='ocrx_word' id='word_1_47' title='bbox 1137 527 1197 563; x_wconf 81' lang='grc' dir='ltr'>καὶ</span> 
     </span>
     <span class='ocr_line' id='line_1_7' title="bbox 154 583 1195 636; baseline -0.001 -15"><span class='ocrx_word' id='word_1_48' title='bbox 154 584 282 622; x_wconf 81' lang='grc' dir='ltr'>πλατεῖ</span> <span class='ocrx_word' id='word_1_49' title='bbox 296 586 345 636; x_wconf 81' lang='grc' dir='ltr'>τῷ</span> <span class='ocrx_word' id='word_1_50' title='bbox 361 583 452 622; x_wconf 79' lang='grc' dir='ltr'>ποδί.</span> <span class='ocrx_word' id='word_1_51' title='bbox 470 587 512 635; x_wconf 64' lang='grc' dir='ltr'>τῇ</span> <span class='ocrx_word' id='word_1_52' title='bbox 532 587 626 635; x_wconf 74' lang='grc' dir='ltr'>πυγῇ</span> <span class='ocrx_word' id='word_1_53' title='bbox 646 584 742 636; x_wconf 77' lang='grc' dir='ltr'>ῥόθον</span> <span class='ocrx_word' id='word_1_54' title='bbox 764 587 885 623; x_wconf 79' lang='grc' dir='ltr'>ποιῶν.</span> <span class='ocrx_word' id='word_1_55' title='bbox 907 584 1042 636; x_wconf 81' lang='grc' dir='ltr'>γελοίου</span> <span class='ocrx_word' id='word_1_56' title='bbox 1066 585 1100 621; x_wconf 79' lang='grc' dir='ltr'>δὲ</span> <span class='ocrx_word' id='word_1_57' title='bbox 1124 584 1195 635; x_wconf 80' lang='grc' dir='ltr'>χά-</span> 
     </span>
     <span class='ocr_line' id='line_1_8' title="bbox 156 641 544 695; baseline -0.003 -15"><span class='ocrx_word' id='word_1_58' title='bbox 156 657 207 695; x_wconf 88' lang='grc' dir='ltr'>ριν</span> <span class='ocrx_word' id='word_1_59' title='bbox 224 641 338 695; x_wconf 81' lang='grc' dir='ltr'>τούτῳ</span> <span class='ocrx_word' id='word_1_60' title='bbox 358 641 544 694; x_wconf 83' lang='grc' dir='ltr'>ἐχρήσατο.</span> 
     </span>
    </p>

    <p class='ocr_par' dir='ltr' id='par_1_7' title="bbox 155 705 1194 816">
     <span class='ocr_line' id='line_1_9' title="bbox 207 705 1194 758; baseline -0.001 -15"><span class='ocrx_word' id='word_1_61' title='bbox 207 707 490 758; x_wconf 74' lang='grc' dir='ltr'>προκαλοῦνταιε</span> <span class='ocrx_word' id='word_1_62' title='bbox 519 706 754 758; x_wconf 82' lang='grc' dir='ltr'>Παρέχουσιν,</span> <span class='ocrx_word' id='word_1_63' title='bbox 781 705 1045 758; x_wconf 77' lang='grc' dir='ltr'>εὖτρεπίζουσιν.</span> <span class='ocrx_word' id='word_1_64' title='bbox 1076 705 1194 742; x_wconf 79' lang='grc' dir='ltr'>εὐκαί-</span> 
     </span>
     <span class='ocr_line' id='line_1_10' title="bbox 155 763 1194 816; baseline -0.002 -15"><span class='ocrx_word' id='word_1_65' title='bbox 155 779 221 816; x_wconf 90' lang='grc' dir='ltr'>ρως</span> <span class='ocrx_word' id='word_1_66' title='bbox 243 764 279 802; x_wconf 81' lang='grc' dir='ltr'>δὲ</span> <span class='ocrx_word' id='word_1_67' title='bbox 302 767 351 801; x_wconf 78' lang='grc' dir='ltr'>τῶ</span> <span class='ocrx_word' id='word_1_68' title='bbox 380 766 634 816; x_wconf 74' lang='grc' dir='ltr'>προκαλοῦνται</span> <span class='ocrx_word' id='word_1_69' title='bbox 658 764 851 816; x_wconf 79' lang='grc' dir='ltr'>ἐχρήσατο,</span> <span class='ocrx_word' id='word_1_70' title='bbox 876 763 932 801; x_wconf 76' lang='grc' dir='ltr'>ἵνα</span> <span class='ocrx_word' id='word_1_71' title='bbox 959 765 1091 814; x_wconf 80' lang='grc' dir='ltr'>μᾶλλον</span> <span class='ocrx_word' id='word_1_72' title='bbox 1116 778 1194 805; x_wconf 84' lang='grc' dir='ltr'>τους</span> 
     </span>
    </p>

    <p class='ocr_par' dir='ltr' id='par_1_8' title="bbox 103 821 1191 925">
     <span class='ocr_line' id='line_1_11' title="bbox 103 821 1191 874; baseline -0.005 -11"><span class='ocrx_word' id='word_1_73' title='bbox 103 838 136 864; x_wconf 87' lang='lat'>10</span> <span class='ocrx_word' id='word_1_74' title='bbox 155 822 480 872; x_wconf 81' lang='grc' dir='ltr'>Λακεδαιμονίους</span> <span class='ocrx_word' id='word_1_75' title='bbox 465 823 766 873; x_wconf 82' lang='grc' dir='ltr'>επιδικαζομένους</span> <span class='ocrx_word' id='word_1_76' title='bbox 782 826 842 868; x_wconf 78' lang='grc' dir='ltr'>τῆς</span> <span class='ocrx_word' id='word_1_77' title='bbox 866 821 1002 874; x_wconf 76' lang='grc' dir='ltr'>εἰρήνης</span> <span class='ocrx_word' id='word_1_78' title='bbox 1023 821 1115 872; x_wconf 82' lang='grc' dir='ltr'>δείξῃ</span> <span class='ocrx_word' id='word_1_79' title='bbox 1129 822 1191 858; x_wconf 79' lang='grc' dir='ltr'>καὶ</span> 
     </span>
     <span class='ocr_line' id='line_1_12' title="bbox 152 883 416 931; baseline -0.008 -11"><span class='ocrx_word' id='word_1_80' title='bbox 152 883 416 931; x_wconf 85' lang='grc' dir='ltr'>ἐπιθυμουντας.</span> 
     </span>
    </p>

    <p class='ocr_par' dir='ltr' id='par_1_9' title="bbox 153 943 1188 1112">
     <span class='ocr_line' id='line_1_13' title="bbox 204 943 952 995; baseline -0.006 -10.972"><span class='ocrx_word' id='word_1_81' title='bbox 204 959 269 985; x_wconf 77' lang='grc'><strong>798.</strong></span> <span class='ocrx_word' id='word_1_82' title='bbox 299 947 345 989; x_wconf 83' lang='grc' dir='ltr'>ὡς</span> <span class='ocrx_word' id='word_1_83' title='bbox 366 960 483 983; x_wconf 87' lang='grc' dir='ltr'>τουτον</span> <span class='ocrx_word' id='word_1_84' title='bbox 509 946 560 983; x_wconf 84' lang='grc' dir='ltr'>δεῖ</span> <span class='ocrx_word' id='word_1_85' title='bbox 584 946 660 983; x_wconf 89' lang='grc' dir='ltr'>ποτ’</span> <span class='ocrx_word' id='word_1_86' title='bbox 687 947 722 983; x_wconf 84' lang='grc' dir='ltr'>ἓν</span> <span class='ocrx_word' id='word_1_87' title='bbox 750 943 952 995; x_wconf 67' lang='grc' dir='ltr'>Ἀρκαδίας</span> 
     </span>
     <span class='ocr_line' id='line_1_14' title="bbox 154 1002 1188 1055; baseline -0.004 -12"><span class='ocrx_word' id='word_1_88' title='bbox 154 1003 232 1047; x_wconf 84' lang='grc' dir='ltr'>τους</span> <span class='ocrx_word' id='word_1_89' title='bbox 251 1003 550 1050; x_wconf 84' lang='grc' dir='ltr'>Πελοποννησίους</span> <span class='ocrx_word' id='word_1_90' title='bbox 571 1002 711 1041; x_wconf 86' lang='grc' dir='ltr'>δικάσαι</span> <span class='ocrx_word' id='word_1_91' title='bbox 734 1002 855 1055; x_wconf 85' lang='grc' dir='ltr'>μέχρις</span> <span class='ocrx_word' id='word_1_92' title='bbox 872 1002 1072 1054; x_wconf 81' lang='grc' dir='ltr'>Ἀρκαδίας,</span> <span class='ocrx_word' id='word_1_93' title='bbox 1091 1003 1188 1053; x_wconf 91' lang='grc' dir='ltr'>λαμ-</span> 
     </span>
     <span class='ocr_line' id='line_1_15' title="bbox 153 1059 1069 1112; baseline -0.003 -12"><span class='ocrx_word' id='word_1_94' title='bbox 153 1062 300 1100; x_wconf 76' lang='grc' dir='ltr'>ὅάνοντα</span> <span class='ocrx_word' id='word_1_95' title='bbox 317 1061 438 1111; x_wconf 77' lang='grc' dir='ltr'>μισθὸν</span> <span class='ocrx_word' id='word_1_96' title='bbox 456 1077 540 1098; x_wconf 88' lang='grc' dir='ltr'>πεντ</span> <span class='ocrx_word' id='word_1_97' title='bbox 521 1060 691 1107; x_wconf 70' lang='grc' dir='ltr'>’ώὸολον,</span> <span class='ocrx_word' id='word_1_98' title='bbox 712 1061 788 1098; x_wconf 88' lang='grc' dir='ltr'>ἀλλ’</span> <span class='ocrx_word' id='word_1_99' title='bbox 809 1062 847 1097; x_wconf 85' lang='grc' dir='ltr'>οὐ</span> <span class='ocrx_word' id='word_1_100' title='bbox 868 1059 1069 1112; x_wconf 69' lang='grc' dir='ltr'>τριώὸολον.</span> 
     </span>
    </p>

    <p class='ocr_par' dir='ltr' id='par_1_10' title="bbox 99 1117 1185 1228">
     <span class='ocr_line' id='line_1_16' title="bbox 99 1117 1185 1171; baseline 0 -15"><span class='ocrx_word' id='word_1_101' title='bbox 99 1140 131 1166; x_wconf 86' lang='lat'>15</span> <span class='ocrx_word' id='word_1_102' title='bbox 202 1134 267 1160; x_wconf 77' lang='lat'><em>79⁹.</em></span> <span class='ocrx_word' id='word_1_103' title='bbox 298 1118 392 1170; x_wconf 78' lang='grc' dir='ltr'>[ἦν’</span> <span class='ocrx_word' id='word_1_104' title='bbox 373 1118 574 1171; x_wconf 86' lang='grc' dir='ltr'>αναμείνῃ;</span> <span class='ocrx_word' id='word_1_105' title='bbox 594 1117 712 1158; x_wconf 57' lang='lat' dir='ltr'>’Eam‘</span> <span class='ocrx_word' id='word_1_106' title='bbox 699 1118 855 1170; x_wconf 83' lang='grc' dir='ltr'>υπομένῃ</span> <span class='ocrx_word' id='word_1_107' title='bbox 877 1133 937 1156; x_wconf 91' lang='grc' dir='ltr'>και</span> <span class='ocrx_word' id='word_1_108' title='bbox 951 1119 1114 1169; x_wconf 81' lang='grc' dir='ltr'>πολεμῶν</span> <span class='ocrx_word' id='word_1_109' title='bbox 1136 1117 1185 1168; x_wconf 81' lang='grc' dir='ltr'>μὴ</span> 
     </span>
     <span class='ocr_line' id='line_1_17' title="bbox 147 1177 306 1228; baseline -0.006 -12"><span class='ocrx_word' id='word_1_110' title='bbox 147 1177 306 1228; x_wconf 67' lang='grc' dir='ltr'>ὀκνήσῃ]</span> 
     </span>
    </p>

    <p class='ocr_par' dir='ltr' id='par_1_11' title="bbox 145 1234 1185 1411">
     <span class='ocr_line' id='line_1_18' title="bbox 199 1234 1184 1313; baseline -0.002 -33"><span class='ocrx_word' id='word_1_111' title='bbox 199 1254 265 1281; x_wconf 84' lang='grc'><strong>800.</strong></span> <span class='ocrx_word' id='word_1_112' title='bbox 295 1234 334 1278; x_wconf 67' lang='grc' dir='ltr'>εὖ</span> <span class='ocrx_word' id='word_1_113' title='bbox 351 1239 413 1278; x_wconf 81' lang='grc' dir='ltr'>καὶ</span> <span class='ocrx_word' id='word_1_114' title='bbox 436 1241 596 1293; x_wconf 73' lang='grc' dir='ltr'>μιαρῶςτ</span> <span class='ocrx_word' id='word_1_115' title='bbox 621 1239 818 1301; x_wconf 49' lang='grc' dir='ltr'>Ἀλλήλοιίν</span> <span class='ocrx_word' id='word_1_116' title='bbox 823 1240 972 1278; x_wconf 74' lang='grc' dir='ltr'>ἐναντία.</span> <span class='ocrx_word' id='word_1_117' title='bbox 994 1242 1023 1278; x_wconf 87' lang='grc' dir='ltr'>εἷ</span> <span class='ocrx_word' id='word_1_118' title='bbox 1043 1238 1111 1313; x_wconf 78' lang='grc' dir='ltr'>γὰρ</span> <span class='ocrx_word' id='word_1_119' title='bbox 1129 1244 1184 1287; x_wconf 80' lang='grc' dir='ltr'>εὖ,</span> 
     </span>
     <span class='ocr_line' id='line_1_19' title="bbox 145 1298 1185 1352; baseline 0 -15"><span class='ocrx_word' id='word_1_120' title='bbox 145 1301 219 1343; x_wconf 82' lang='grc' dir='ltr'>πῶς</span> <span class='ocrx_word' id='word_1_121' title='bbox 238 1301 390 1352; x_wconf 82' lang='grc' dir='ltr'>μιαρῶς;</span> <span class='ocrx_word' id='word_1_122' title='bbox 411 1298 493 1336; x_wconf 82' lang='grc' dir='ltr'>εἰδὲ</span> <span class='ocrx_word' id='word_1_123' title='bbox 513 1301 666 1351; x_wconf 82' lang='grc' dir='ltr'>μιαρῶς,</span> <span class='ocrx_word' id='word_1_124' title='bbox 682 1302 756 1342; x_wconf 84' lang='grc' dir='ltr'>πῶς</span> <span class='ocrx_word' id='word_1_125' title='bbox 779 1303 834 1345; x_wconf 74' lang='grc' dir='ltr'>εὖ,</span> <span class='ocrx_word' id='word_1_126' title='bbox 855 1298 948 1345; x_wconf 73' lang='grc' dir='ltr'>πλὴν</span> <span class='ocrx_word' id='word_1_127' title='bbox 971 1299 1063 1349; x_wconf 85' lang='grc' dir='ltr'>εἰμὴ</span> <span class='ocrx_word' id='word_1_128' title='bbox 1084 1303 1185 1338; x_wconf 78' lang='grc' dir='ltr'>τοῦτο</span> 
     </span>
     <span class='ocr_line' id='line_1_20' title="bbox 145 1357 1183 1411; baseline -0.001 -15"><span class='ocrx_word' id='word_1_129' title='bbox 145 1357 257 1410; x_wconf 82' lang='grc' dir='ltr'>λέγει,</span> <span class='ocrx_word' id='word_1_130' title='bbox 279 1357 332 1395; x_wconf 81' lang='grc' dir='ltr'>ὅτι</span> <span class='ocrx_word' id='word_1_131' title='bbox 352 1358 516 1400; x_wconf 83' lang='grc' dir='ltr'>ἀνενδεως</span> <span class='ocrx_word' id='word_1_132' title='bbox 537 1358 578 1395; x_wconf 84' lang='grc' dir='ltr'>τὸ</span> <span class='ocrx_word' id='word_1_133' title='bbox 595 1357 746 1410; x_wconf 70' lang='grc' dir='ltr'>τριώὸο)</span> <span class='ocrx_word' id='word_1_134' title='bbox 749 1374 785 1396; x_wconf 91' lang='grc' dir='ltr'>ον</span> <span class='ocrx_word' id='word_1_135' title='bbox 803 1359 915 1395; x_wconf 75' lang='grc' dir='ltr'>αὐτῶν</span> <span class='ocrx_word' id='word_1_136' title='bbox 936 1357 1104 1411; x_wconf 60' lang='grc' dir='ltr'>φροντίσω</span> <span class='ocrx_word' id='word_1_137' title='bbox 1123 1374 1183 1395; x_wconf 87' lang='grc' dir='ltr'>και</span> 
     </span>
    </p>

    <p class='ocr_par' dir='ltr' id='par_1_12' title="bbox 93 1415 1184 1640">
     <span class='ocr_line' id='line_1_21' title="bbox 93 1415 1184 1468; baseline 0 -14"><span class='ocrx_word' id='word_1_138' title='bbox 93 1436 128 1461; x_wconf 76' lang='lat'>20</span> <span class='ocrx_word' id='word_1_139' title='bbox 145 1416 284 1463; x_wconf 86' lang='grc' dir='ltr'>ποιήσω</span> <span class='ocrx_word' id='word_1_140' title='bbox 305 1415 515 1466; x_wconf 71' lang='grc' dir='ltr'>λαμὸάνειν,</span> <span class='ocrx_word' id='word_1_141' title='bbox 539 1417 577 1453; x_wconf 84' lang='grc' dir='ltr'>οὗ</span> <span class='ocrx_word' id='word_1_142' title='bbox 606 1415 919 1468; x_wconf 78' lang='grc' dir='ltr'>περιεργασάμενος</span> <span class='ocrx_word' id='word_1_143' title='bbox 946 1415 1024 1454; x_wconf 87' lang='grc' dir='ltr'>οὔτε</span> <span class='ocrx_word' id='word_1_144' title='bbox 1054 1418 1084 1454; x_wconf 82' lang='grc' dir='ltr'>εἰ</span> <span class='ocrx_word' id='word_1_145' title='bbox 1115 1416 1184 1454; x_wconf 84' lang='grc' dir='ltr'>ἀπὸ</span> 
     </span>
     <span class='ocr_line' id='line_1_22' title="bbox 145 1473 1182 1527; baseline -0.001 -14"><span class='ocrx_word' id='word_1_146' title='bbox 145 1475 278 1513; x_wconf 81' lang='grc' dir='ltr'>δικαίου</span> <span class='ocrx_word' id='word_1_147' title='bbox 298 1473 375 1512; x_wconf 87' lang='grc' dir='ltr'>οὔτε</span> <span class='ocrx_word' id='word_1_148' title='bbox 391 1476 420 1512; x_wconf 86' lang='grc' dir='ltr'>εἷ</span> <span class='ocrx_word' id='word_1_149' title='bbox 434 1474 504 1511; x_wconf 82' lang='grc' dir='ltr'>ἀπὸ</span> <span class='ocrx_word' id='word_1_150' title='bbox 518 1474 638 1512; x_wconf 80' lang='grc' dir='ltr'>ἀδίκου</span> <span class='ocrx_word' id='word_1_151' title='bbox 658 1474 907 1527; x_wconf 85' lang='grc' dir='ltr'>πορισθήσεται</span> <span class='ocrx_word' id='word_1_152' title='bbox 920 1473 964 1512; x_wconf 82' lang='grc' dir='ltr'>τὰ</span> <span class='ocrx_word' id='word_1_153' title='bbox 978 1474 1182 1527; x_wconf 84' lang='grc' dir='ltr'>πράγματα.</span> 
     </span>
     <span class='ocr_line' id='line_1_23' title="bbox 143 1532 1183 1586; baseline 0.002 -16"><span class='ocrx_word' id='word_1_154' title='bbox 143 1535 294 1576; x_wconf 82' lang='grc' dir='ltr'>πιθανῶς</span> <span class='ocrx_word' id='word_1_155' title='bbox 318 1532 354 1570; x_wconf 80' lang='grc' dir='ltr'>δὲ</span> <span class='ocrx_word' id='word_1_156' title='bbox 381 1532 442 1576; x_wconf 81' lang='grc' dir='ltr'>τὰς</span> <span class='ocrx_word' id='word_1_157' title='bbox 470 1532 676 1584; x_wconf 76' lang='grc' dir='ltr'>ὑποσχέσεις</span> <span class='ocrx_word' id='word_1_158' title='bbox 703 1537 764 1570; x_wconf 80' lang='grc' dir='ltr'>τοῦ</span> <span class='ocrx_word' id='word_1_159' title='bbox 796 1532 973 1581; x_wconf 84' lang='grc' dir='ltr'>Κλέωνος,</span> <span class='ocrx_word' id='word_1_160' title='bbox 1006 1534 1087 1586; x_wconf 81' lang='grc' dir='ltr'>περὶ</span> <span class='ocrx_word' id='word_1_161' title='bbox 1114 1537 1183 1572; x_wconf 77' lang='grc' dir='ltr'>τῶν</span> 
     </span>
     <span class='ocr_line' id='line_1_24' title="bbox 143 1590 685 1640; baseline 0 -11"><span class='ocrx_word' id='word_1_162' title='bbox 143 1590 374 1638; x_wconf 79' lang='grc' dir='ltr'>ἐνεστηκότων</span> <span class='ocrx_word' id='word_1_163' title='bbox 393 1590 454 1628; x_wconf 76' lang='grc' dir='ltr'>καὶ</span> <span class='ocrx_word' id='word_1_164' title='bbox 474 1590 685 1640; x_wconf 87' lang='grc' dir='ltr'>μελλόντων.</span> 
     </span>
    </p>

    <p class='ocr_par' dir='ltr' id='par_1_13' title="bbox 193 1653 974 1706">
     <span class='ocr_line' id='line_1_25' title="bbox 193 1653 974 1706; baseline 0.001 -13"><span class='ocrx_word' id='word_1_165' title='bbox 193 1668 258 1694; x_wconf 84' lang='grc'>803.</span> <span class='ocrx_word' id='word_1_166' title='bbox 289 1654 355 1692; x_wconf 79' lang='grc' dir='ltr'>ὑπὸ</span> <span class='ocrx_word' id='word_1_167' title='bbox 375 1658 435 1693; x_wconf 84' lang='grc' dir='ltr'>τοῦ</span> <span class='ocrx_word' id='word_1_168' title='bbox 455 1653 611 1705; x_wconf 83' lang='grc' dir='ltr'>πολέμου</span> <span class='ocrx_word' id='word_1_169' title='bbox 635 1654 694 1692; x_wconf 86' lang='grc' dir='ltr'>καὶ</span> <span class='ocrx_word' id='word_1_170' title='bbox 712 1657 774 1701; x_wconf 74' lang='grc' dir='ltr'>τῆς</span> <span class='ocrx_word' id='word_1_171' title='bbox 798 1655 948 1706; x_wconf 84' lang='grc' dir='ltr'>ὁμίχλης</span> <span class='ocrx_word' id='word_1_172' title='bbox 965 1668 974 1694; x_wconf 88' lang='lat'>:</span> 
     </span>
    </p>

    <p class='ocr_par' dir='ltr' id='par_1_14' title="bbox 87 1712 1180 1999">
     <span class='ocr_line' id='line_1_26' title="bbox 87 1712 1180 1766; baseline -0.001 -15"><span class='ocrx_word' id='word_1_173' title='bbox 87 1730 122 1757; x_wconf 79' lang='lat'>25</span> <span class='ocrx_word' id='word_1_174' title='bbox 141 1712 378 1766; x_wconf 85' lang='grc' dir='ltr'>περιεστώτων</span> <span class='ocrx_word' id='word_1_175' title='bbox 404 1715 520 1750; x_wconf 79' lang='grc' dir='ltr'>κακῶν</span> <span class='ocrx_word' id='word_1_176' title='bbox 549 1712 609 1750; x_wconf 87' lang='grc' dir='ltr'>καὶ</span> <span class='ocrx_word' id='word_1_177' title='bbox 633 1716 700 1750; x_wconf 85' lang='grc' dir='ltr'>τῶν</span> <span class='ocrx_word' id='word_1_178' title='bbox 728 1717 787 1751; x_wconf 73' lang='grc' dir='ltr'>τοῦ</span> <span class='ocrx_word' id='word_1_179' title='bbox 822 1713 976 1763; x_wconf 82' lang='grc' dir='ltr'>πολέμου</span> <span class='ocrx_word' id='word_1_180' title='bbox 1003 1715 1180 1766; x_wconf 78' lang='grc' dir='ltr'>δυο-χερῶν</span> 
     </span>
     <span class='ocr_line' id='line_1_27' title="bbox 139 1769 1178 1823; baseline 0 -14"><span class='ocrx_word' id='word_1_181' title='bbox 139 1770 366 1823; x_wconf 80' lang='grc' dir='ltr'>συνεχόμενος</span> <span class='ocrx_word' id='word_1_182' title='bbox 387 1769 435 1821; x_wconf 84' lang='grc' dir='ltr'>μὴ</span> <span class='ocrx_word' id='word_1_183' title='bbox 459 1769 586 1822; x_wconf 81' lang='grc' dir='ltr'>ἐλέγχῃ</span> <span class='ocrx_word' id='word_1_184' title='bbox 607 1769 651 1808; x_wconf 85' lang='grc' dir='ltr'>τὰ</span> <span class='ocrx_word' id='word_1_185' title='bbox 677 1770 722 1808; x_wconf 77' lang='grc' dir='ltr'>σὰ</span> <span class='ocrx_word' id='word_1_186' title='bbox 738 1771 1028 1823; x_wconf 85' lang='grc' dir='ltr'>κακουργήματα.</span> <span class='ocrx_word' id='word_1_187' title='bbox 1050 1772 1178 1823; x_wconf 85' lang='grc' dir='ltr'>ὁμίχλη</span> 
     </span>
     <span class='ocr_line' id='line_1_28' title="bbox 159 1828 1178 1881; baseline 0.001 -14"><span class='ocrx_word' id='word_1_188' title='bbox 159 1828 251 1867; x_wconf 81' lang='grc' dir='ltr'>ὲὲπὶ</span> <span class='ocrx_word' id='word_1_189' title='bbox 273 1833 333 1867; x_wconf 81' lang='grc' dir='ltr'>τοῦ</span> <span class='ocrx_word' id='word_1_190' title='bbox 359 1828 595 1878; x_wconf 87' lang='grc' dir='ltr'>τεθολωμένου</span> <span class='ocrx_word' id='word_1_191' title='bbox 621 1828 720 1881; x_wconf 82' lang='grc' dir='ltr'>ἀέρος</span> <span class='ocrx_word' id='word_1_192' title='bbox 744 1830 803 1867; x_wconf 84' lang='grc' dir='ltr'>καὶ</span> <span class='ocrx_word' id='word_1_193' title='bbox 832 1829 880 1880; x_wconf 83' lang='grc' dir='ltr'>μὴ</span> <span class='ocrx_word' id='word_1_194' title='bbox 909 1831 1069 1881; x_wconf 79' lang='grc' dir='ltr'>διαυγοῦς</span> <span class='ocrx_word' id='word_1_195' title='bbox 1090 1830 1178 1881; x_wconf 81' lang='grc' dir='ltr'>μηδὲ</span> 
     </span>
     <span class='ocr_line' id='line_1_29' title="bbox 136 1887 1179 1943; baseline 0.001 -17"><span class='ocrx_word' id='word_1_196' title='bbox 136 1889 300 1940; x_wconf 79' lang='grc' dir='ltr'>λαμπροῦ</span> <span class='ocrx_word' id='word_1_197' title='bbox 326 1887 503 1926; x_wconf 77' lang='grc' dir='ltr'>τάσσεται.</span> <span class='ocrx_word' id='word_1_198' title='bbox 530 1890 548 1925; x_wconf 83' lang='grc' dir='ltr'><em>ὃ</em></span> <span class='ocrx_word' id='word_1_199' title='bbox 576 1888 611 1925; x_wconf 81' lang='grc' dir='ltr'>δὲ</span> <span class='ocrx_word' id='word_1_200' title='bbox 633 1892 709 1930; x_wconf 76' lang='grc' dir='ltr'>νοῦς</span> <span class='ocrx_word' id='word_1_201' title='bbox 737 1887 831 1935; x_wconf 70' lang='grc' dir='ltr'>ὅλος,</span> <span class='ocrx_word' id='word_1_202' title='bbox 860 1888 912 1926; x_wconf 77' lang='grc' dir='ltr'>ὅτι</span> <span class='ocrx_word' id='word_1_203' title='bbox 937 1891 974 1927; x_wconf 83' lang='grc' dir='ltr'>οὐ</span> <span class='ocrx_word' id='word_1_204' title='bbox 1000 1892 1050 1940; x_wconf 79' lang='grc' dir='ltr'>τῷ</span> <span class='ocrx_word' id='word_1_205' title='bbox 1078 1889 1179 1943; x_wconf 81' lang='grc' dir='ltr'>δήμῳ</span> 
     </span>
     <span class='ocr_line' id='line_1_30' title="bbox 138 1945 1179 1999; baseline 0.003 -16"><span class='ocrx_word' id='word_1_206' title='bbox 138 1945 221 1999; x_wconf 70' lang='grc' dir='ltr'>φίλα</span> <span class='ocrx_word' id='word_1_207' title='bbox 245 1948 377 1999; x_wconf 75' lang='grc' dir='ltr'>φρονῶν</span> <span class='ocrx_word' id='word_1_208' title='bbox 398 1946 527 1989; x_wconf 86' lang='grc' dir='ltr'>πείθεις</span> <span class='ocrx_word' id='word_1_209' title='bbox 544 1946 646 1984; x_wconf 83' lang='grc' dir='ltr'>αὐτὸν</span> <span class='ocrx_word' id='word_1_210' title='bbox 664 1946 808 1998; x_wconf 80' lang='grc' dir='ltr'>Ἀρκάσι</span> <span class='ocrx_word' id='word_1_211' title='bbox 828 1949 1005 1998; x_wconf 81' lang='grc' dir='ltr'>πολεμεῖν,</span> <span class='ocrx_word' id='word_1_212' title='bbox 1026 1949 1101 1986; x_wconf 87' lang='grc' dir='ltr'>ἀλλ’</span> <span class='ocrx_word' id='word_1_213' title='bbox 1121 1948 1179 1986; x_wconf 75' lang='grc' dir='ltr'>ἵνα</span> 
     </span>
    </p>

    <p class='ocr_par' dir='ltr' id='par_1_15' title="bbox 81 2004 1178 2174">
     <span class='ocr_line' id='line_1_31' title="bbox 81 2004 1178 2060; baseline 0.003 -18"><span class='ocrx_word' id='word_1_214' title='bbox 81 2033 118 2060; x_wconf 80' lang='lat'>30</span> <span class='ocrx_word' id='word_1_215' title='bbox 136 2005 216 2058; x_wconf 81' lang='grc' dir='ltr'>περὶ</span> <span class='ocrx_word' id='word_1_216' title='bbox 233 2005 293 2043; x_wconf 84' lang='grc' dir='ltr'>τὸν</span> <span class='ocrx_word' id='word_1_217' title='bbox 317 2004 470 2055; x_wconf 88' lang='grc' dir='ltr'>πόλεμον</span> <span class='ocrx_word' id='word_1_218' title='bbox 493 2004 751 2056; x_wconf 78' lang='grc' dir='ltr'>ἀσχολούμενος</span> <span class='ocrx_word' id='word_1_219' title='bbox 771 2006 819 2056; x_wconf 78' lang='grc' dir='ltr'>μὴ</span> <span class='ocrx_word' id='word_1_220' title='bbox 839 2022 957 2059; x_wconf 89' lang='grc' dir='ltr'>περιερ</span> <span class='ocrx_word' id='word_1_221' title='bbox 960 2008 1108 2057; x_wconf 79' lang='grc' dir='ltr'>γάζηται</span> <span class='ocrx_word' id='word_1_222' title='bbox 1134 2007 1178 2046; x_wconf 79' lang='grc' dir='ltr'>τὰ</span> 
     </span>
     <span class='ocr_line' id='line_1_32' title="bbox 136 2062 1174 2119; baseline 0.002 -18"><span class='ocrx_word' id='word_1_223' title='bbox 136 2062 182 2101; x_wconf 77' lang='grc' dir='ltr'>σὰ</span> <span class='ocrx_word' id='word_1_224' title='bbox 208 2063 500 2116; x_wconf 87' lang='grc' dir='ltr'>πανουργήματα.</span> <span class='ocrx_word' id='word_1_225' title='bbox 519 2064 582 2115; x_wconf 89' lang='grc' dir='ltr'>[εἷς</span> <span class='ocrx_word' id='word_1_226' title='bbox 608 2064 647 2102; x_wconf 84' lang='grc' dir='ltr'>σὲ</span> <span class='ocrx_word' id='word_1_227' title='bbox 673 2064 824 2116; x_wconf 85' lang='grc' dir='ltr'>κεχήνῃ,</span> <span class='ocrx_word' id='word_1_228' title='bbox 847 2067 894 2109; x_wconf 88' lang='grc' dir='ltr'>εἷς</span> <span class='ocrx_word' id='word_1_229' title='bbox 921 2081 959 2104; x_wconf 89' lang='grc' dir='ltr'>σε</span> <span class='ocrx_word' id='word_1_230' title='bbox 989 2066 1174 2119; x_wconf 77' lang='grc' dir='ltr'>ἀποολεπη</span> 
     </span>
     <span class='ocr_line' id='line_1_33' title="bbox 133 2121 411 2174; baseline 0 -15"><span class='ocrx_word' id='word_1_231' title='bbox 133 2121 193 2159; x_wconf 83' lang='grc' dir='ltr'>καὶ</span> <span class='ocrx_word' id='word_1_232' title='bbox 207 2122 411 2174; x_wconf 66' lang='grc' dir='ltr'>πειθαρχῇ]</span> 
     </span>
    </p>

    <p class='ocr_par' dir='ltr' id='par_1_16' title="bbox 129 2186 1176 2471">
     <span class='ocr_line' id='line_1_34' title="bbox 187 2186 1176 2242; baseline 0.004 -18"><span class='ocrx_word' id='word_1_233' title='bbox 187 2200 251 2225; x_wconf 85' lang='grc'><strong>806.</strong></span> <span class='ocrx_word' id='word_1_234' title='bbox 280 2187 386 2239; x_wconf 83' lang='grc' dir='ltr'>χίδρα</span> <span class='ocrx_word' id='word_1_235' title='bbox 407 2201 417 2226; x_wconf 92' lang='lat'><strong>:</strong></span> <span class='ocrx_word' id='word_1_236' title='bbox 437 2186 538 2230; x_wconf 82' lang='grc' dir='ltr'>Τινὲς</span> <span class='ocrx_word' id='word_1_237' title='bbox 558 2186 662 2239; x_wconf 85' lang='grc' dir='ltr'>ἄγρια</span> <span class='ocrx_word' id='word_1_238' title='bbox 685 2186 845 2238; x_wconf 86' lang='grc' dir='ltr'>λάχανα,</span> <span class='ocrx_word' id='word_1_239' title='bbox 871 2189 903 2225; x_wconf 83' lang='grc' dir='ltr'>οἱ</span> <span class='ocrx_word' id='word_1_240' title='bbox 928 2187 963 2225; x_wconf 80' lang='grc' dir='ltr'>δὲ</span> <span class='ocrx_word' id='word_1_241' title='bbox 984 2187 1027 2226; x_wconf 77' lang='grc' dir='ltr'>τὰ</span> <span class='ocrx_word' id='word_1_242' title='bbox 1046 2189 1176 2242; x_wconf 81' lang='grc' dir='ltr'>ὄσπρια</span> 
     </span>
     <span class='ocr_line' id='line_1_35' title="bbox 133 2243 1172 2299; baseline 0.005 -18"><span class='ocrx_word' id='word_1_243' title='bbox 133 2243 171 2295; x_wconf 88' lang='grc' dir='ltr'>[ἢ</span> <span class='ocrx_word' id='word_1_244' title='bbox 188 2243 232 2281; x_wconf 80' lang='grc' dir='ltr'>τὰ</span> <span class='ocrx_word' id='word_1_245' title='bbox 245 2243 279 2288; x_wconf 83' lang='grc' dir='ltr'>ἐξ</span> <span class='ocrx_word' id='word_1_246' title='bbox 295 2244 448 2296; x_wconf 86' lang='grc' dir='ltr'>ὀσπρίων</span> <span class='ocrx_word' id='word_1_247' title='bbox 462 2244 592 2296; x_wconf 83' lang='grc' dir='ltr'>ἄλευρα</span> <span class='ocrx_word' id='word_1_248' title='bbox 605 2244 627 2290; x_wconf 82' lang='grc' dir='ltr'>ἢ</span> <span class='ocrx_word' id='word_1_249' title='bbox 641 2244 772 2297; x_wconf 86' lang='grc' dir='ltr'>κρίμνα</span> <span class='ocrx_word' id='word_1_250' title='bbox 783 2244 805 2291; x_wconf 85' lang='grc' dir='ltr'>ἢ</span> <span class='ocrx_word' id='word_1_251' title='bbox 818 2244 966 2297; x_wconf 87' lang='grc' dir='ltr'>στάχυες</span> <span class='ocrx_word' id='word_1_252' title='bbox 979 2249 1172 2299; x_wconf 78' lang='grc' dir='ltr'>νεογενεῗς].</span> 
     </span>
     <span class='ocr_line' id='line_1_36' title="bbox 131 2301 1176 2357; baseline 0.005 -17"><span class='ocrx_word' id='word_1_253' title='bbox 131 2301 256 2352; x_wconf 83' lang='grc' dir='ltr'>κυρίως</span> <span class='ocrx_word' id='word_1_254' title='bbox 280 2301 316 2340; x_wconf 82' lang='grc' dir='ltr'>δὲ</span> <span class='ocrx_word' id='word_1_255' title='bbox 336 2303 381 2340; x_wconf 82' lang='grc' dir='ltr'>τὰ</span> <span class='ocrx_word' id='word_1_256' title='bbox 402 2302 470 2340; x_wconf 81' lang='grc' dir='ltr'>ἀπὸ</span> <span class='ocrx_word' id='word_1_257' title='bbox 493 2304 633 2355; x_wconf 75' lang='grc' dir='ltr'>χλωρᾶς</span> <span class='ocrx_word' id='word_1_258' title='bbox 652 2306 770 2355; x_wconf 65' lang='grc' dir='ltr'>κριθῆς</span> <span class='ocrx_word' id='word_1_259' title='bbox 791 2304 997 2357; x_wconf 83' lang='grc' dir='ltr'>[κρινόμενα</span> <span class='ocrx_word' id='word_1_260' title='bbox 1018 2308 1063 2349; x_wconf 81' lang='grc' dir='ltr'>ὡς</span> <span class='ocrx_word' id='word_1_261' title='bbox 1080 2307 1176 2357; x_wconf 89' lang='grc' dir='ltr'>σεμί-</span> 
     </span>
     <span class='ocr_line' id='line_1_37' title="bbox 131 2358 1171 2414; baseline 0.005 -16"><span class='ocrx_word' id='word_1_262' title='bbox 131 2361 228 2403; x_wconf 85' lang='grc' dir='ltr'>δαλις</span> <span class='ocrx_word' id='word_1_263' title='bbox 260 2358 426 2412; x_wconf 87' lang='grc' dir='ltr'>ε’ρεικτά].</span> <span class='ocrx_word' id='word_1_264' title='bbox 458 2359 570 2412; x_wconf 86' lang='grc' dir='ltr'>χύδρα</span> <span class='ocrx_word' id='word_1_265' title='bbox 596 2358 633 2397; x_wconf 77' lang='grc' dir='ltr'>δὲ</span> <span class='ocrx_word' id='word_1_266' title='bbox 661 2360 796 2413; x_wconf 89' lang='grc' dir='ltr'>εἴρηται</span> <span class='ocrx_word' id='word_1_267' title='bbox 824 2361 922 2414; x_wconf 79' lang='grc' dir='ltr'>παρὰ</span> <span class='ocrx_word' id='word_1_268' title='bbox 952 2361 991 2400; x_wconf 85' lang='grc' dir='ltr'>τὸ</span> <span class='ocrx_word' id='word_1_269' title='bbox 1020 2364 1171 2414; x_wconf 82' lang='grc' dir='ltr'>χεῖσθαι.</span> 
     </span>
     <span class='ocr_line' id='line_1_38' title="bbox 129 2417 935 2471; baseline 0.002 -16"><span class='ocrx_word' id='word_1_270' title='bbox 129 2417 372 2471; x_wconf 82' lang='grc' dir='ltr'>[ἀναθαρρήσῃ</span> <span class='ocrx_word' id='word_1_271' title='bbox 394 2419 448 2465; x_wconf 82' lang='grc' dir='ltr'>δὲ,</span> <span class='ocrx_word' id='word_1_272' title='bbox 469 2418 749 2471; x_wconf 82' lang='grc' dir='ltr'>θαρσαλεώτερος</span> <span class='ocrx_word' id='word_1_273' title='bbox 764 2419 935 2471; x_wconf 85' lang='grc' dir='ltr'>γε’νηται.]</span> 
     </span>
    </p>

    <p class='ocr_par' dir='ltr' id='par_1_17' title="bbox 129 2481 1174 2594">
     <span class='ocr_line' id='line_1_39' title="bbox 183 2481 1174 2536; baseline 0.004 -16"><span class='ocrx_word' id='word_1_274' title='bbox 183 2481 389 2534; x_wconf 72' lang='grc' dir='ltr'>στεμφύλων</span> <span class='ocrx_word' id='word_1_275' title='bbox 411 2483 459 2525; x_wconf 89' lang='grc' dir='ltr'>εἷς</span> <span class='ocrx_word' id='word_1_276' title='bbox 479 2481 580 2532; x_wconf 87' lang='grc' dir='ltr'>λόγον</span> <span class='ocrx_word' id='word_1_277' title='bbox 601 2481 684 2534; x_wconf 82' lang='grc' dir='ltr'>ἔλθῃ</span> <span class='ocrx_word' id='word_1_278' title='bbox 707 2497 715 2521; x_wconf 89' lang='lat'>:</span> <span class='ocrx_word' id='word_1_279' title='bbox 740 2482 812 2521; x_wconf 79' lang='grc' dir='ltr'>Καὶ</span> <span class='ocrx_word' id='word_1_280' title='bbox 828 2484 1082 2536; x_wconf 82' lang='grc' dir='ltr'>προσομιλήσει</span> <span class='ocrx_word' id='word_1_281' title='bbox 1104 2489 1174 2530; x_wconf 84' lang='grc' dir='ltr'>τοῖς</span> 
     </span>
     <span class='ocr_line' id='line_1_40' title="bbox 129 2538 1171 2594; baseline 0.007 -18"><span class='ocrx_word' id='word_1_282' title='bbox 129 2538 356 2592; x_wconf 66' lang='grc' dir='ltr'>στεμφύλοις,</span> <span class='ocrx_word' id='word_1_283' title='bbox 388 2538 412 2586; x_wconf 85' lang='grc' dir='ltr'>ἢ</span> <span class='ocrx_word' id='word_1_284' title='bbox 444 2539 646 2586; x_wconf 84' lang='grc' dir='ltr'>πλησιάσει.</span> <span class='ocrx_word' id='word_1_285' title='bbox 680 2541 862 2594; x_wconf 60' lang='grc' dir='ltr'>στέμφυλα</span> <span class='ocrx_word' id='word_1_286' title='bbox 895 2541 930 2579; x_wconf 81' lang='grc' dir='ltr'>δὲ</span> <span class='ocrx_word' id='word_1_287' title='bbox 958 2543 1104 2582; x_wconf 75' lang='grc' dir='ltr'>ἐκάλουν</span> <span class='ocrx_word' id='word_1_288' title='bbox 1141 2548 1171 2583; x_wconf 81' lang='grc' dir='ltr'>οἱ</span> 
     </span>
    </p>

    <p class='ocr_par' dir='ltr' id='par_1_18' title="bbox 74 2597 1170 2707">
     <span class='ocr_line' id='line_1_41' title="bbox 74 2597 1170 2654; baseline 0.006 -20"><span class='ocrx_word' id='word_1_289' title='bbox 74 2622 109 2649; x_wconf 73' lang='lat'>40</span> <span class='ocrx_word' id='word_1_290' title='bbox 128 2597 272 2636; x_wconf 79' lang='grc' dir='ltr'>παλαιοὶ</span> <span class='ocrx_word' id='word_1_291' title='bbox 293 2598 338 2636; x_wconf 83' lang='grc' dir='ltr'>τὰ</span> <span class='ocrx_word' id='word_1_292' title='bbox 367 2600 435 2636; x_wconf 80' lang='grc' dir='ltr'>τῶν</span> <span class='ocrx_word' id='word_1_293' title='bbox 462 2600 588 2636; x_wconf 80' lang='grc' dir='ltr'>ἐλαιῶν</span> <span class='ocrx_word' id='word_1_294' title='bbox 618 2598 881 2651; x_wconf 83' lang='grc' dir='ltr'>ἀποπιέσματα·</span> <span class='ocrx_word' id='word_1_295' title='bbox 907 2602 1170 2654; x_wconf 84' lang='grc' dir='ltr'>περιπτίσματα</span> 
     </span>
     <span class='ocr_line' id='line_1_42' title="bbox 127 2654 506 2707; baseline 0.005 -14"><span class='ocrx_word' id='word_1_296' title='bbox 127 2655 164 2693; x_wconf 87' lang='grc' dir='ltr'>δὲ</span> <span class='ocrx_word' id='word_1_297' title='bbox 179 2654 224 2694; x_wconf 80' lang='grc' dir='ltr'>τὰ</span> <span class='ocrx_word' id='word_1_298' title='bbox 239 2659 307 2694; x_wconf 85' lang='grc' dir='ltr'>τῶν</span> <span class='ocrx_word' id='word_1_299' title='bbox 327 2656 506 2707; x_wconf 85' lang='grc' dir='ltr'>ἀμπέλων.</span> 
     </span>
    </p>

    <p class='ocr_par' dir='ltr' id='par_1_19' title="bbox 126 2719 1169 2889">
     <span class='ocr_line' id='line_1_43' title="bbox 179 2719 1169 2795; baseline 0.007 -39"><span class='ocrx_word' id='word_1_300' title='bbox 179 2733 244 2760; x_wconf 82' lang='grc'><strong>807.</strong></span> <span class='ocrx_word' id='word_1_301' title='bbox 268 2719 515 2773; x_wconf 84' lang='grc' dir='ltr'>παρεκόπτου;</span> <span class='ocrx_word' id='word_1_302' title='bbox 534 2721 758 2795; x_wconf 66' lang='grc' dir='ltr'>Παρήρου,ς</span> <span class='ocrx_word' id='word_1_303' title='bbox 746 2722 944 2773; x_wconf 79' lang='grc' dir='ltr'>ἐλυμαίνου.</span> <span class='ocrx_word' id='word_1_304' title='bbox 966 2724 1037 2763; x_wconf 85' lang='grc' dir='ltr'>ἀπὸ</span> <span class='ocrx_word' id='word_1_305' title='bbox 1058 2741 1169 2775; x_wconf 90' lang='grc' dir='ltr'>μετα-</span> 
     </span>
     <span class='ocr_line' id='line_1_44' title="bbox 126 2779 1169 2835; baseline 0.006 -19"><span class='ocrx_word' id='word_1_306' title='bbox 126 2783 233 2830; x_wconf 79' lang='grc' dir='ltr'>φορᾶς</span> <span class='ocrx_word' id='word_1_307' title='bbox 258 2780 327 2815; x_wconf 82' lang='grc' dir='ltr'>τῶν</span> <span class='ocrx_word' id='word_1_308' title='bbox 353 2779 676 2831; x_wconf 81' lang='grc' dir='ltr'>παρακοπτομένων</span> <span class='ocrx_word' id='word_1_309' title='bbox 701 2779 746 2818; x_wconf 79' lang='grc' dir='ltr'>τὰ</span> <span class='ocrx_word' id='word_1_310' title='bbox 774 2780 886 2833; x_wconf 69' lang='grc' dir='ltr'>τπερὰ</span> <span class='ocrx_word' id='word_1_311' title='bbox 911 2783 1048 2835; x_wconf 83' lang='grc' dir='ltr'>ὀρνέων.</span> <span class='ocrx_word' id='word_1_312' title='bbox 1075 2785 1169 2828; x_wconf 83' lang='grc' dir='ltr'>ἰδίως</span> 
     </span>
     <span class='ocr_line' id='line_1_45' title="bbox 127 2834 1168 2895; baseline 0.009 -23"><span class='ocrx_word' id='word_1_313' title='bbox 127 2834 164 2873; x_wconf 85' lang='grc' dir='ltr'>δὲ</span> <span class='ocrx_word' id='word_1_314' title='bbox 182 2835 241 2873; x_wconf 79' lang='grc' dir='ltr'>τὸν</span> <span class='ocrx_word' id='word_1_315' title='bbox 262 2835 382 2885; x_wconf 85' lang='grc' dir='ltr'>μισθον</span> <span class='ocrx_word' id='word_1_316' title='bbox 401 2839 470 2874; x_wconf 82' lang='grc' dir='ltr'>τῶν</span> <span class='ocrx_word' id='word_1_317' title='bbox 490 2837 770 2889; x_wconf 80' lang='grc' dir='ltr'>στρατευομένων</span> <span class='ocrx_word' id='word_1_318' title='bbox 788 2842 818 2876; x_wconf 78' lang='grc' dir='ltr'>οἱ</span> <span class='ocrx_word' id='word_1_319' title='bbox 837 2841 982 2878; x_wconf 82' lang='grc' dir='ltr'>παλαιοὶ</span> <span class='ocrx_word' id='word_1_320' title='bbox 998 2845 1168 2895; x_wconf 71' lang='grc' dir='ltr'>μισθοφο-</span> 
     </span>
    </p>

    <p class='ocr_par' dir='ltr' id='par_1_20' title="bbox 72 2891 1168 3181">
     <span class='ocr_line' id='line_1_46' title="bbox 72 2891 1168 2962; baseline 0.009 -34"><span class='ocrx_word' id='word_1_321' title='bbox 72 2925 108 2950; x_wconf 76' lang='lat'>45</span> <span class='ocrx_word' id='word_1_322' title='bbox 128 2891 190 2962; x_wconf 79' lang='grc' dir='ltr'>ρὰν</span> <span class='ocrx_word' id='word_1_323' title='bbox 206 2891 363 2932; x_wconf 84' lang='grc' dir='ltr'>ἐκάλουν.</span> <span class='ocrx_word' id='word_1_324' title='bbox 377 2895 480 2947; x_wconf 76' lang='grc' dir='ltr'>φησὶν</span> <span class='ocrx_word' id='word_1_325' title='bbox 508 2900 566 2934; x_wconf 82' lang='grc' dir='ltr'>οὖν</span> <span class='ocrx_word' id='word_1_326' title='bbox 581 2895 634 2934; x_wconf 77' lang='grc' dir='ltr'>ὅτι</span> <span class='ocrx_word' id='word_1_327' title='bbox 650 2913 710 2935; x_wconf 93' lang='grc' dir='ltr'>του</span> <span class='ocrx_word' id='word_1_328' title='bbox 727 2897 881 2947; x_wconf 83' lang='grc' dir='ltr'>πολέμου</span> <span class='ocrx_word' id='word_1_329' title='bbox 906 2900 1168 2950; x_wconf 81' lang='grc' dir='ltr'>ἀπαλλαγέντες</span> 
     </span>
     <span class='ocr_line' id='line_1_47' title="bbox 125 2948 1166 3011; baseline 0.011 -25"><span class='ocrx_word' id='word_1_330' title='bbox 125 2948 374 3000; x_wconf 82' lang='grc' dir='ltr'>ἐπιγνώσονται</span> <span class='ocrx_word' id='word_1_331' title='bbox 411 2951 475 2999; x_wconf 87' lang='grc' dir='ltr'>τὴν</span> <span class='ocrx_word' id='word_1_332' title='bbox 517 2954 664 3005; x_wconf 69' lang='grc' dir='ltr'>βλάὸην,</span> <span class='ocrx_word' id='word_1_333' title='bbox 705 2955 748 3002; x_wconf 86' lang='grc' dir='ltr'>ἣν</span> <span class='ocrx_word' id='word_1_334' title='bbox 781 2955 836 2993; x_wconf 78' lang='grc' dir='ltr'>διὰ</span> <span class='ocrx_word' id='word_1_335' title='bbox 871 2973 932 3003; x_wconf 77' lang='grc' dir='ltr'>της</span> <span class='ocrx_word' id='word_1_336' title='bbox 958 2961 1166 3011; x_wconf 64' lang='grc' dir='ltr'>μισθοφορας</span> 
     </span>
     <span class='ocr_line' id='line_1_48' title="bbox 126 3005 1165 3068; baseline 0.01 -24"><span class='ocrx_word' id='word_1_337' title='bbox 126 3005 249 3050; x_wconf 81' lang='grc' dir='ltr'>αὐτους</span> <span class='ocrx_word' id='word_1_338' title='bbox 261 3007 449 3057; x_wconf 78' lang='grc' dir='ltr'>ἔὸλαπτες,</span> <span class='ocrx_word' id='word_1_339' title='bbox 469 3011 611 3050; x_wconf 88' lang='grc' dir='ltr'>πλείονα</span> <span class='ocrx_word' id='word_1_340' title='bbox 635 3012 760 3057; x_wconf 82' lang='grc' dir='ltr'>αὐτους</span> <span class='ocrx_word' id='word_1_341' title='bbox 781 3014 894 3064; x_wconf 79' lang='grc' dir='ltr'>ἀγαθὰ</span> <span class='ocrx_word' id='word_1_342' title='bbox 922 3016 1165 3068; x_wconf 81' lang='grc' dir='ltr'>παραιρούμε-</span> 
     </span>
     <span class='ocr_line' id='line_1_49' title="bbox 123 3066 1166 3126; baseline 0.012 -25"><span class='ocrx_word' id='word_1_343' title='bbox 123 3079 198 3112; x_wconf 84' lang='grc' dir='ltr'>νος,</span> <span class='ocrx_word' id='word_1_344' title='bbox 217 3068 264 3102; x_wconf 83' lang='grc' dir='ltr'>ὧν</span> <span class='ocrx_word' id='word_1_345' title='bbox 279 3066 466 3105; x_wconf 80' lang='grc' dir='ltr'>ἀπολαύειν</span> <span class='ocrx_word' id='word_1_346' title='bbox 478 3069 648 3115; x_wconf 79' lang='grc' dir='ltr'>ἠδύναντο</span> <span class='ocrx_word' id='word_1_347' title='bbox 665 3072 804 3124; x_wconf 82' lang='grc' dir='ltr'>εἰρήνην</span> <span class='ocrx_word' id='word_1_348' title='bbox 819 3072 972 3123; x_wconf 82' lang='grc' dir='ltr'>ἄγοντες.</span> <span class='ocrx_word' id='word_1_349' title='bbox 991 3075 1166 3126; x_wconf 79' lang='grc' dir='ltr'>[ἄγροικος</span> 
     </span>
     <span class='ocr_line' id='line_1_50' title="bbox 125 3121 1165 3184; baseline 0.012 -25"><span class='ocrx_word' id='word_1_350' title='bbox 125 3121 182 3170; x_wconf 85' lang='grc' dir='ltr'>δε,</span> <span class='ocrx_word' id='word_1_351' title='bbox 202 3125 306 3175; x_wconf 84' lang='grc' dir='ltr'>ὀργῆς</span> <span class='ocrx_word' id='word_1_352' title='bbox 329 3123 458 3175; x_wconf 87' lang='grc' dir='ltr'>γέμων.</span> <span class='ocrx_word' id='word_1_353' title='bbox 477 3127 607 3179; x_wconf 82' lang='grc' dir='ltr'>τραχὺς</span> <span class='ocrx_word' id='word_1_354' title='bbox 633 3129 688 3177; x_wconf 82' lang='grc' dir='ltr'>δὲ,</span> <span class='ocrx_word' id='word_1_355' title='bbox 717 3133 870 3184; x_wconf 66' lang='grc' dir='ltr'>ψῆφον’</span> <span class='ocrx_word' id='word_1_356' title='bbox 862 3131 1026 3183; x_wconf 80' lang='grc' dir='ltr'>ιχνεύων,</span> <span class='ocrx_word' id='word_1_357' title='bbox 1054 3149 1165 3172; x_wconf 81' lang='grc' dir='ltr'>κατα-</span> 
     </span>
    </p>

    <p class='ocr_par' dir='ltr' id='par_1_21' title="bbox 71 3180 554 3244">
     <span class='ocr_line' id='line_1_51' title="bbox 71 3180 554 3244; baseline 0.006 -26"><span class='ocrx_word' id='word_1_358' title='bbox 71 3218 108 3244; x_wconf 64' lang='grc' dir='ltr'><strong>ω</strong></span> <span class='ocrx_word' id='word_1_359' title='bbox 126 3180 267 3219; x_wconf 84' lang='grc' dir='ltr'>δικάσαι</span> <span class='ocrx_word' id='word_1_360' title='bbox 287 3182 554 3236; x_wconf 87' lang='grc' dir='ltr'>προῃρημενος.]</span> 
     </span>
    </p>
   </div>
   <div class='ocr_carea' id='block_1_4' title="bbox 979 942 1188 989">
    <p class='ocr_par' dir='ltr' id='par_1_22' title="bbox 979 942 1188 989">
     <span class='ocr_line' id='line_1_52' title="bbox 979 942 1188 989; baseline 0 -8"><span class='ocrx_word' id='word_1_361' title='bbox 979 945 1011 982; x_wconf 76' lang='lat' dir='ltr'>N</span> <span class='ocrx_word' id='word_1_362' title='bbox 1016 942 1188 989; x_wconf 85' lang='grc' dir='ltr'>ικήσαντα</span> 
     </span>
    </p>
   </div>
   <div class='ocr_carea' id='block_1_5' title="bbox 1002 1654 1181 1694">
    <p class='ocr_par' dir='ltr' id='par_1_23' title="bbox 1002 1654 1181 1694">
     <span class='ocr_line' id='line_1_53' title="bbox 1002 1654 1181 1694; baseline -0.006 0"><span class='ocrx_word' id='word_1_363' title='bbox 1002 1654 1093 1694; x_wconf 82' lang='grc' dir='ltr'>Ὑπὸ</span> <span class='ocrx_word' id='word_1_364' title='bbox 1113 1657 1181 1694; x_wconf 87' lang='grc' dir='ltr'>τι-’3ν</span> 
     </span>
    </p>
   </div>
   <div class='ocr_carea' id='block_1_6' title="bbox 123 3247 1163 3422">
    <p class='ocr_par' dir='ltr' id='par_1_24' title="bbox 123 3247 1163 3422">
     <span class='ocr_line' id='line_1_54' title="bbox 175 3247 1163 3327; baseline 0.014 -46"><span class='ocrx_word' id='word_1_365' title='bbox 175 3258 240 3284; x_wconf 97' lang='grc'><strong>809.</strong></span> <span class='ocrx_word' id='word_1_366' title='bbox 269 3247 524 3299; x_wconf 85' lang='grc' dir='ltr'>ὀνειροπολεῒς;</span> <span class='ocrx_word' id='word_1_367' title='bbox 546 3251 761 3325; x_wconf 81' lang='grc' dir='ltr'>Παρακρούῃ</span> <span class='ocrx_word' id='word_1_368' title='bbox 779 3254 838 3291; x_wconf 82' lang='grc' dir='ltr'>καὶ</span> <span class='ocrx_word' id='word_1_369' title='bbox 862 3255 1079 3327; x_wconf 81' lang='grc' dir='ltr'>παραλογίζῃ</span> <span class='ocrx_word' id='word_1_370' title='bbox 1104 3273 1163 3295; x_wconf 89' lang='grc' dir='ltr'>και</span> 
     </span>
     <span class='ocr_line' id='line_1_55' title="bbox 123 3305 1161 3379; baseline 0.013 -40"><span class='ocrx_word' id='word_1_371' title='bbox 123 3305 355 3374; x_wconf 70' lang='grc' dir='ltr'>παραπλανᾷς</span> <span class='ocrx_word' id='word_1_372' title='bbox 379 3320 439 3342; x_wconf 88' lang='grc' dir='ltr'>και</span> <span class='ocrx_word' id='word_1_373' title='bbox 465 3308 710 3379; x_wconf 65' lang='grc' dir='ltr'>ὀνειροπολεῖς,</span> <span class='ocrx_word' id='word_1_374' title='bbox 739 3311 887 3364; x_wconf 85' lang='grc' dir='ltr'>ὀνείρους</span> <span class='ocrx_word' id='word_1_375' title='bbox 911 3316 1010 3366; x_wconf 80' lang='grc' dir='ltr'>ὁρῶν.</span> <span class='ocrx_word' id='word_1_376' title='bbox 1038 3314 1145 3365; x_wconf 78' lang='grc' dir='ltr'>[τὸ</span> <span class='ocrx_word' id='word_1_377' title='bbox 1127 3315 1161 3353; x_wconf 80' lang='grc' dir='ltr'>οὲ</span> 
     </span>
     <span class='ocr_line' id='line_1_56' title="bbox 124 3359 1159 3422; baseline 0.014 -24"><span class='ocrx_word' id='word_1_378' title='bbox 124 3361 298 3405; x_wconf 73' lang='grc' dir='ltr'>αώπόλις</span> <span class='ocrx_word' id='word_1_379' title='bbox 315 3359 459 3415; x_wconf 80' lang='grc' dir='ltr'>Αργους</span> <span class='ocrx_word' id='word_1_380' title='bbox 483 3383 498 3398; x_wconf 79' lang='grc' dir='ltr'><strong>υ</strong></span> <span class='ocrx_word' id='word_1_381' title='bbox 528 3364 596 3402; x_wconf 84' lang='grc' dir='ltr'>ἀπὸ</span> <span class='ocrx_word' id='word_1_382' title='bbox 629 3367 727 3414; x_wconf 78' lang='grc' dir='ltr'>Τη)έ</span> <span class='ocrx_word' id='word_1_383' title='bbox 713 3383 791 3406; x_wconf 67' lang='grc' dir='ltr'>τιου</span> <span class='ocrx_word' id='word_1_384' title='bbox 821 3371 1092 3422; x_wconf 84' lang='grc' dir='ltr'>Εὐριπίδου.το</span> <span class='ocrx_word' id='word_1_385' title='bbox 1125 3375 1159 3412; x_wconf 81' lang='grc' dir='ltr'>δὲ</span> 
     </span>
    </p>
   </div>
   <div class='ocr_carea' id='block_1_7' title="bbox 1190 3379 1339 3426">
    <p class='ocr_par' dir='ltr' id='par_1_25' title="bbox 1190 3379 1339 3426">
     <span class='ocr_line' id='line_1_57' title="bbox 1190 3379 1339 3426; baseline 0.014 -15"><span class='ocrx_word' id='word_1_386' title='bbox 1190 3404 1195 3407; x_wconf 50' lang='grc'>.</span> <span class='ocrx_word' id='word_1_387' title='bbox 1223 3379 1339 3426; x_wconf 80' lang='grc' dir='ltr'>ραιῶς.</span> 
     </span>
    </p>
   </div>
   <div class='ocr_carea' id='block_1_8' title="bbox 2106 300 2296 343">
    <p class='ocr_par' dir='ltr' id='par_1_26' title="bbox 2106 300 2296 343">
     <span class='ocr_line' id='line_1_58' title="bbox 2106 300 2296 343; baseline 0.018 -3.373"><span class='ocrx_word' id='word_1_388' title='bbox 2106 300 2141 340; x_wconf 79' lang='grc' dir='ltr'>δὲ</span> <span class='ocrx_word' id='word_1_389' title='bbox 2167 303 2207 341; x_wconf 78' lang='grc' dir='ltr'>σύ</span> <span class='ocrx_word' id='word_1_390' title='bbox 2231 306 2296 343; x_wconf 82' lang='grc' dir='ltr'>δει-</span> 
     </span>
    </p>
   </div>
   <div class='ocr_carea' id='block_1_9' title="bbox 1254 284 2328 697">
    <p class='ocr_par' dir='ltr' id='par_1_27' title="bbox 1259 284 2123 399">
     <span class='ocr_line' id='line_1_59' title="bbox 1261 284 2123 346; baseline 0.017 -21"><span class='ocrx_word' id='word_1_391' title='bbox 1261 305 1276 320; x_wconf 79' lang='lat'>«</span> <span class='ocrx_word' id='word_1_392' title='bbox 1293 288 1406 327; x_wconf 82' lang='grc' dir='ltr'>κλύεθ’</span> <span class='ocrx_word' id='word_1_393' title='bbox 1431 284 1518 328; x_wconf 77' lang='grc' dir='ltr'>οἷα</span> <span class='ocrx_word' id='word_1_394' title='bbox 1507 292 1599 343; x_wconf 81' lang='grc' dir='ltr'>Λέγει</span> <span class='ocrx_word' id='word_1_395' title='bbox 1621 310 1634 326; x_wconf 79' lang='grc' dir='ltr'>ιι</span> <span class='ocrx_word' id='word_1_396' title='bbox 1659 293 1728 332; x_wconf 83' lang='grc' dir='ltr'>ἀπὸ</span> <span class='ocrx_word' id='word_1_397' title='bbox 1748 295 1904 342; x_wconf 84' lang='grc' dir='ltr'>Μηδείας</span> <span class='ocrx_word' id='word_1_398' title='bbox 1930 303 2022 346; x_wconf 82' lang='lat' dir='ltr'><em>[169J.</em></span> <span class='ocrx_word' id='word_1_399' title='bbox 2048 300 2123 340; x_wconf 79' lang='grc' dir='ltr'>τὸο</span> 
     </span>
     <span class='ocr_line' id='line_1_60' title="bbox 1259 348 1412 399; baseline 0.013 -16"><span class='ocrx_word' id='word_1_400' title='bbox 1259 349 1394 390; x_wconf 84' lang='grc' dir='ltr'>κτικῶς.</span> <span class='ocrx_word' id='word_1_401' title='bbox 1400 348 1412 399; x_wconf 92' lang='grc'>]</span> 
     </span>
    </p>

    <p class='ocr_par' dir='ltr' id='par_1_28' title="bbox 1254 408 2328 696">
     <span class='ocr_line' id='line_1_61' title="bbox 1312 408 2297 480; baseline 0.017 -38"><span class='ocrx_word' id='word_1_402' title='bbox 1312 419 1377 444; x_wconf 66' lang='grc' dir='ltr'>8η.</span> <span class='ocrx_word' id='word_1_403' title='bbox 1401 408 1594 480; x_wconf 76' lang='grc' dir='ltr'>ἐπιχειλῆ·</span> <span class='ocrx_word' id='word_1_404' title='bbox 1611 410 1781 448; x_wconf 80' lang='grc' dir='ltr'>Τουτέστι</span> <span class='ocrx_word' id='word_1_405' title='bbox 1806 412 1907 463; x_wconf 88' lang='grc' dir='ltr'>χείλη</span> <span class='ocrx_word' id='word_1_406' title='bbox 1933 430 1982 464; x_wconf 84' lang='grc' dir='ltr'>μτ,</span> <span class='ocrx_word' id='word_1_407' title='bbox 2004 415 2164 468; x_wconf 84' lang='grc' dir='ltr'>ἔχουσαν.</span> <span class='ocrx_word' id='word_1_408' title='bbox 2191 420 2297 458; x_wconf 82' lang='grc' dir='ltr'>αἰνίτ-</span> 
     </span>
     <span class='ocr_line' id='line_1_62' title="bbox 1258 464 2295 525; baseline 0.017 -26"><span class='ocrx_word' id='word_1_409' title='bbox 1258 478 1353 500; x_wconf 89' lang='grc' dir='ltr'>τεται</span> <span class='ocrx_word' id='word_1_410' title='bbox 1377 464 1412 501; x_wconf 81' lang='grc' dir='ltr'>δὲ</span> <span class='ocrx_word' id='word_1_411' title='bbox 1439 465 1495 501; x_wconf 79' lang='grc' dir='ltr'>διὰ</span> <span class='ocrx_word' id='word_1_412' title='bbox 1514 466 1635 504; x_wconf 84' lang='grc' dir='ltr'>τούτου</span> <span class='ocrx_word' id='word_1_413' title='bbox 1660 467 1721 514; x_wconf 78' lang='grc' dir='ltr'>τὴν</span> <span class='ocrx_word' id='word_1_414' title='bbox 1747 471 1900 523; x_wconf 84' lang='grc' dir='ltr'>ἱστορίαν</span> <span class='ocrx_word' id='word_1_415' title='bbox 1925 474 2063 523; x_wconf 85' lang='grc' dir='ltr'>Θεμιστ</span> <span class='ocrx_word' id='word_1_416' title='bbox 2044 476 2218 525; x_wconf 81' lang='grc' dir='ltr'>ὀκλέους,</span> <span class='ocrx_word' id='word_1_417' title='bbox 2244 478 2295 516; x_wconf 75' lang='grc' dir='ltr'>ὅτι</span> 
     </span>
     <span class='ocr_line' id='line_1_63' title="bbox 1257 522 2328 585; baseline 0.018 -28"><span class='ocrx_word' id='word_1_418' title='bbox 1257 537 1319 566; x_wconf 78' lang='grc' dir='ltr'>την</span> <span class='ocrx_word' id='word_1_419' title='bbox 1346 522 1446 560; x_wconf 85' lang='grc' dir='ltr'>πόλιν</span> <span class='ocrx_word' id='word_1_420' title='bbox 1472 525 1652 575; x_wconf 79' lang='grc' dir='ltr'>ἐτείχισεν,</span> <span class='ocrx_word' id='word_1_421' title='bbox 1680 527 1739 564; x_wconf 82' lang='grc' dir='ltr'>καὶ</span> <span class='ocrx_word' id='word_1_422' title='bbox 1777 531 1888 567; x_wconf 68' lang='grc' dir='ltr'>ταῦτα</span> <span class='ocrx_word' id='word_1_423' title='bbox 1926 530 2024 584; x_wconf 81' lang='grc' dir='ltr'>παρὰ</span> <span class='ocrx_word' id='word_1_424' title='bbox 2054 534 2197 585; x_wconf 78' lang='grc' dir='ltr'>γνώμην</span> <span class='ocrx_word' id='word_1_425' title='bbox 2225 539 2292 575; x_wconf 80' lang='grc' dir='ltr'>τῶν</span> <span class='ocrx_word' id='word_1_426' title='bbox 2313 552 2328 576; x_wconf 83' lang='grc'><strong>5</strong></span> 
     </span>
     <span class='ocr_line' id='line_1_64' title="bbox 1258 582 2292 644; baseline 0.017 -28"><span class='ocrx_word' id='word_1_427' title='bbox 1258 582 1548 627; x_wconf 82' lang='grc' dir='ltr'>Πελοποννησίων</span> <span class='ocrx_word' id='word_1_428' title='bbox 1570 599 1666 621; x_wconf 82' lang='grc' dir='ltr'>απατ</span> <span class='ocrx_word' id='word_1_429' title='bbox 1647 584 1755 630; x_wconf 80' lang='grc' dir='ltr'>-ήσας</span> <span class='ocrx_word' id='word_1_430' title='bbox 1778 587 1910 630; x_wconf 80' lang='grc' dir='ltr'>αὐτούς.</span> <span class='ocrx_word' id='word_1_431' title='bbox 1939 591 2022 642; x_wconf 60' lang='grc' dir='ltr'>φασὶ</span> <span class='ocrx_word' id='word_1_432' title='bbox 2043 592 2109 644; x_wconf 77' lang='grc' dir='ltr'>γὰρ</span> <span class='ocrx_word' id='word_1_433' title='bbox 2130 597 2196 632; x_wconf 84' lang='grc' dir='ltr'>τῶν</span> <span class='ocrx_word' id='word_1_434' title='bbox 2218 599 2292 633; x_wconf 54' lang='grc' dir='ltr'>Χα-</span> 
     </span>
     <span class='ocr_line' id='line_1_65' title="bbox 1254 638 2291 697; baseline 0.018 -24"><span class='ocrx_word' id='word_1_435' title='bbox 1254 638 1482 688; x_wconf 80' lang='grc' dir='ltr'>κεδαιμονίων</span> <span class='ocrx_word' id='word_1_436' title='bbox 1501 640 1680 690; x_wconf 81' lang='grc' dir='ltr'>μαθόντων</span> <span class='ocrx_word' id='word_1_437' title='bbox 1707 644 1896 695; x_wconf 82' lang='grc' dir='ltr'>ἐκτειχίζεσ</span> <span class='ocrx_word' id='word_1_438' title='bbox 1899 651 1954 684; x_wconf 88' lang='grc' dir='ltr'>θαι</span> <span class='ocrx_word' id='word_1_439' title='bbox 1983 649 2043 691; x_wconf 76' lang='grc' dir='ltr'>τὰς</span> <span class='ocrx_word' id='word_1_440' title='bbox 2070 650 2210 697; x_wconf 60' lang='lat' dir='ltr'>mim&lt;</span> <span class='ocrx_word' id='word_1_441' title='bbox 2233 669 2291 692; x_wconf 89' lang='grc' dir='ltr'>και</span> 
     </span>
    </p>
   </div>
   <div class='ocr_carea' id='block_1_10' title="bbox 1231 694 2343 2622">
    <p class='ocr_par' dir='ltr' id='par_1_29' title="bbox 1251 694 2289 807">
     <span class='ocr_line' id='line_1_66' title="bbox 1253 694 2289 758; baseline 0.017 -27.017"><span class='ocrx_word' id='word_1_442' title='bbox 1253 694 1301 744; x_wconf 78' lang='grc' dir='ltr'>μὴ</span> <span class='ocrx_word' id='word_1_443' title='bbox 1323 697 1589 749; x_wconf 81' lang='grc' dir='ltr'>ἐπιτρεπόντων,</span> <span class='ocrx_word' id='word_1_444' title='bbox 1615 714 1839 751; x_wconf 86' lang='grc' dir='ltr'>καταστραττ,</span> <span class='ocrx_word' id='word_1_445' title='bbox 1844 719 1949 748; x_wconf 63' lang='lat' dir='ltr'>rto-2¹.</span> <span class='ocrx_word' id='word_1_446' title='bbox 1970 706 2027 743; x_wconf 70' lang='grc' dir='ltr'>τοι</span> <span class='ocrx_word' id='word_1_447' title='bbox 2043 709 2105 746; x_wconf 72' lang='grc' dir='ltr'>Θει</span> <span class='ocrx_word' id='word_1_448' title='bbox 2099 713 2263 758; x_wconf 70' lang='grc' dir='ltr'>μιστοκὶε</span> <span class='ocrx_word' id='word_1_449' title='bbox 2252 712 2289 748; x_wconf 61' lang='grc' dir='ltr'>ἴα</span> 
     </span>
     <span class='ocr_line' id='line_1_67' title="bbox 1251 753 2289 808; baseline 0.017 -19"><span class='ocrx_word' id='word_1_450' title='bbox 1251 754 1295 789; x_wconf 66' lang='lat' dir='ltr'>s}—</span> <span class='ocrx_word' id='word_1_451' title='bbox 1284 753 1308 790; x_wconf 72' lang='grc' dir='ltr'>,ἱ</span> <span class='ocrx_word' id='word_1_452' title='bbox 1328 756 1423 805; x_wconf 63' lang='grc' dir='ltr'>τῷνι</span> <span class='ocrx_word' id='word_1_453' title='bbox 1409 754 1476 799; x_wconf 84' lang='grc' dir='ltr'>δεῖξ</span> <span class='ocrx_word' id='word_1_454' title='bbox 1481 771 1515 792; x_wconf 88' lang='grc' dir='ltr'>αι</span> <span class='ocrx_word' id='word_1_455' title='bbox 1540 757 1609 799; x_wconf 77' lang='grc' dir='ltr'>τοῖς</span> <span class='ocrx_word' id='word_1_456' title='bbox 1629 759 1958 808; x_wconf 68' lang='grc' dir='ltr'>Λακεδαιμονίοις</span> <span class='ocrx_word' id='word_1_457' title='bbox 1937 778 1988 800; x_wconf 84' lang='grc' dir='ltr'>οτι</span> <span class='ocrx_word' id='word_1_458' title='bbox 2019 765 2077 802; x_wconf 77' lang='grc' dir='ltr'>ἐπι</span> <span class='ocrx_word' id='word_1_459' title='bbox 2107 770 2156 804; x_wconf 79' lang='grc' dir='ltr'>τῶ</span> <span class='ocrx_word' id='word_1_460' title='bbox 2186 773 2289 807; x_wconf 79' lang='grc' dir='ltr'>κοινῶ</span> 
     </span>
    </p>

    <p class='ocr_par' dir='ltr' id='par_1_30' title="bbox 1231 811 2343 2621">
     <span class='ocr_line' id='line_1_68' title="bbox 1249 811 2343 899; baseline 0.016 -51.595"><span class='ocrx_word' id='word_1_461' title='bbox 1249 813 1311 857; x_wconf 78' lang='grc' dir='ltr'>τῆς</span> <span class='ocrx_word' id='word_1_462' title='bbox 1325 811 1494 856; x_wconf 70' lang='grc' dir='ltr'>Ἑλλάδος</span> <span class='ocrx_word' id='word_1_463' title='bbox 1521 829 1634 866; x_wconf 67' lang='grc' dir='ltr'>συμφε</span> <span class='ocrx_word' id='word_1_464' title='bbox 1621 814 1717 865; x_wconf 63' lang='grc' dir='ltr'>ζροντ</span> <span class='ocrx_word' id='word_1_465' title='bbox 1705 818 1926 868; x_wconf 85' lang='grc' dir='ltr'>ιτειχίζοιεν</span> <span class='ocrx_word' id='word_1_466' title='bbox 1951 820 2013 866; x_wconf 78' lang='grc' dir='ltr'>τὴν</span> <span class='ocrx_word' id='word_1_467' title='bbox 2034 822 2147 863; x_wconf 62' lang='grc' dir='ltr'>πόλιν.</span> <span class='ocrx_word' id='word_1_468' title='bbox 2178 841 2288 899; x_wconf 80' lang='grc' dir='ltr'>χειρο-</span> <span class='ocrx_word' id='word_1_469' title='bbox 2311 841 2343 866; x_wconf 86' lang='lat'>10</span> 
     </span>
     <span class='ocr_line' id='line_1_69' title="bbox 1249 870 2289 925; baseline 0.017 -20"><span class='ocrx_word' id='word_1_470' title='bbox 1249 870 1435 915; x_wconf 81' lang='grc' dir='ltr'>τονηθεὶς</span> <span class='ocrx_word' id='word_1_471' title='bbox 1417 870 1452 908; x_wconf 83' lang='grc' dir='ltr'>οὲ</span> <span class='ocrx_word' id='word_1_472' title='bbox 1469 872 1686 924; x_wconf 75' lang='grc' dir='ltr'>πρεσοευτῃς</span> <span class='ocrx_word' id='word_1_473' title='bbox 1709 875 1764 912; x_wconf 76' lang='grc' dir='ltr'>τοῗ</span> <span class='ocrx_word' id='word_1_474' title='bbox 1764 892 1779 918; x_wconf 91' lang='grc' dir='ltr'>ς</span> <span class='ocrx_word' id='word_1_475' title='bbox 1799 875 1860 925; x_wconf 82' lang='grc' dir='ltr'>μὲν</span> <span class='ocrx_word' id='word_1_476' title='bbox 1881 877 2110 924; x_wconf 77' lang='grc' dir='ltr'>Ἀθηναίοις</span> <span class='ocrx_word' id='word_1_477' title='bbox 2092 883 2217 921; x_wconf 77' lang='grc' dir='ltr'>εδωκεν</span> <span class='ocrx_word' id='word_1_478' title='bbox 2236 902 2289 922; x_wconf 89' lang='grc' dir='ltr'>εν-</span> 
     </span>
     <span class='ocr_line' id='line_1_70' title="bbox 1248 926 2286 994; baseline 0.017 -31"><span class='ocrx_word' id='word_1_479' title='bbox 1248 926 1352 971; x_wconf 91' lang='grc' dir='ltr'>τολας</span> <span class='ocrx_word' id='word_1_480' title='bbox 1373 929 1531 980; x_wconf 71' lang='grc' dir='ltr'>τειχίζειν</span> <span class='ocrx_word' id='word_1_481' title='bbox 1552 955 1572 967; x_wconf 77' lang='grc' dir='ltr'>ι.</span> <span class='ocrx_word' id='word_1_482' title='bbox 1548 931 1644 983; x_wconf 86' lang='grc' dir='ltr'>-άσῃ</span> <span class='ocrx_word' id='word_1_483' title='bbox 1667 934 1801 985; x_wconf 73' lang='grc' dir='ltr'>σπουδῃ</span> <span class='ocrx_word' id='word_1_484' title='bbox 1818 934 1880 981; x_wconf 78' lang='grc' dir='ltr'>τὴν</span> <span class='ocrx_word' id='word_1_485' title='bbox 1912 960 1931 973; x_wconf 75' lang='grc' dir='ltr'>ι</span> <span class='ocrx_word' id='word_1_486' title='bbox 1907 937 1977 974; x_wconf 83' lang='grc' dir='ltr'>ο)</span> <span class='ocrx_word' id='word_1_487' title='bbox 1981 953 2022 984; x_wconf 91' lang='grc' dir='ltr'>ιν</span> <span class='ocrx_word' id='word_1_488' title='bbox 2047 938 2095 987; x_wconf 80' lang='grc' dir='ltr'>μὴ</span> <span class='ocrx_word' id='word_1_489' title='bbox 2128 943 2286 994; x_wconf 65' lang='grc' dir='ltr'>φειδομέ-</span> 
     </span>
     <span class='ocr_line' id='line_1_71' title="bbox 1247 987 2286 1050; baseline 0.017 -28"><span class='ocrx_word' id='word_1_490' title='bbox 1247 1000 1324 1028; x_wconf 86' lang='grc' dir='ltr'>νους</span> <span class='ocrx_word' id='word_1_491' title='bbox 1352 987 1441 1036; x_wconf 88' lang='grc' dir='ltr'>μήτε</span> <span class='ocrx_word' id='word_1_492' title='bbox 1466 988 1550 1026; x_wconf 86' lang='grc' dir='ltr'>ἰδίου</span> <span class='ocrx_word' id='word_1_493' title='bbox 1579 989 1667 1039; x_wconf 85' lang='grc' dir='ltr'>μήτε</span> <span class='ocrx_word' id='word_1_494' title='bbox 1685 991 1852 1041; x_wconf 77' lang='grc' dir='ltr'>δτμοσίου</span> <span class='ocrx_word' id='word_1_495' title='bbox 1878 1009 1968 1038; x_wconf 89' lang='grc' dir='ltr'>τινος</span> <span class='ocrx_word' id='word_1_496' title='bbox 1993 998 2286 1050; x_wconf 79' lang='grc' dir='ltr'>οἰκοδομήματος,</span> 
     </span>
     <span class='ocr_line' id='line_1_72' title="bbox 1246 1036 2286 1106; baseline 0.016 -26"><span class='ocrx_word' id='word_1_497' title='bbox 1246 1043 1316 1086; x_wconf 83' lang='grc' dir='ltr'>τοῖς</span> <span class='ocrx_word' id='word_1_498' title='bbox 1341 1043 1377 1082; x_wconf 78' lang='grc' dir='ltr'>δὲ</span> <span class='ocrx_word' id='word_1_499' title='bbox 1404 1047 1705 1098; x_wconf 64' lang='grc' dir='ltr'>συμπρεσῧευταῖς</span> <span class='ocrx_word' id='word_1_500' title='bbox 1731 1050 1920 1101; x_wconf 81' lang='grc' dir='ltr'>προσέταξε</span> <span class='ocrx_word' id='word_1_501' title='bbox 1943 1054 2083 1106; x_wconf 79' lang='grc' dir='ltr'>βράδιον</span> <span class='ocrx_word' id='word_1_502' title='bbox 2109 1036 2203 1095; x_wconf 81' lang='grc' dir='ltr'>ελθεῖ</span> <span class='ocrx_word' id='word_1_503' title='bbox 2192 1075 2221 1095; x_wconf 95' lang='grc' dir='ltr'>ν</span> <span class='ocrx_word' id='word_1_504' title='bbox 2241 1062 2286 1104; x_wconf 84' lang='grc' dir='ltr'>εἷς</span> 
     </span>
     <span class='ocr_line' id='line_1_73' title="bbox 1246 1104 2338 1163; baseline 0.018 -25"><span class='ocrx_word' id='word_1_505' title='bbox 1246 1117 1308 1148; x_wconf 75' lang='grc' dir='ltr'>τῃν</span> <span class='ocrx_word' id='word_1_506' title='bbox 1329 1104 1589 1155; x_wconf 85' lang='grc' dir='ltr'>Λακεδαίμονα.</span> <span class='ocrx_word' id='word_1_507' title='bbox 1612 1107 1714 1151; x_wconf 84' lang='grc' dir='ltr'>αυτὸς</span> <span class='ocrx_word' id='word_1_508' title='bbox 1732 1110 1766 1145; x_wconf 79' lang='grc' dir='ltr'>δὲ</span> <span class='ocrx_word' id='word_1_509' title='bbox 1785 1110 1989 1162; x_wconf 66' lang='grc' dir='ltr'>ἀφικόμενος</span> <span class='ocrx_word' id='word_1_510' title='bbox 2007 1116 2118 1153; x_wconf 89' lang='grc' dir='ltr'>εκεῖσε</span> <span class='ocrx_word' id='word_1_511' title='bbox 2136 1132 2195 1155; x_wconf 89' lang='grc' dir='ltr'>και</span> <span class='ocrx_word' id='word_1_512' title='bbox 2216 1121 2284 1156; x_wconf 87' lang='grc' dir='ltr'>τῶν</span> <span class='ocrx_word' id='word_1_513' title='bbox 2307 1138 2338 1163; x_wconf 86' lang='lat'>15</span> 
     </span>
     <span class='ocr_line' id='line_1_74' title="bbox 1245 1163 2285 1228; baseline 0.016 -30"><span class='ocrx_word' id='word_1_514' title='bbox 1245 1163 1532 1213; x_wconf 83' lang='grc' dir='ltr'>Λακεδαιμονίων</span> <span class='ocrx_word' id='word_1_515' title='bbox 1554 1164 1737 1209; x_wconf 82' lang='grc' dir='ltr'>ἀξιούντων</span> <span class='ocrx_word' id='word_1_516' title='bbox 1766 1168 1869 1205; x_wconf 85' lang='grc' dir='ltr'>αὐτὸν</span> <span class='ocrx_word' id='word_1_517' title='bbox 1895 1171 1942 1214; x_wconf 84' lang='grc' dir='ltr'>εἷς</span> <span class='ocrx_word' id='word_1_518' title='bbox 1966 1172 2005 1209; x_wconf 81' lang='grc' dir='ltr'>τὸ</span> <span class='ocrx_word' id='word_1_519' title='bbox 2024 1173 2137 1211; x_wconf 86' lang='grc' dir='ltr'>κοινὸν</span> <span class='ocrx_word' id='word_1_520' title='bbox 2161 1180 2285 1228; x_wconf 79' lang='grc' dir='ltr'>παρεῖ-</span> 
     </span>
     <span class='ocr_line' id='line_1_75' title="bbox 1247 1221 2285 1285; baseline 0.016 -29"><span class='ocrx_word' id='word_1_521' title='bbox 1247 1234 1324 1267; x_wconf 89' lang='grc' dir='ltr'>ναι,</span> <span class='ocrx_word' id='word_1_522' title='bbox 1340 1221 1399 1258; x_wconf 87' lang='grc' dir='ltr'>καὶ</span> <span class='ocrx_word' id='word_1_523' title='bbox 1421 1221 1532 1273; x_wconf 80' lang='grc' dir='ltr'>λέγειν</span> <span class='ocrx_word' id='word_1_524' title='bbox 1548 1227 1596 1261; x_wconf 85' lang='grc' dir='ltr'>ων</span> <span class='ocrx_word' id='word_1_525' title='bbox 1609 1239 1677 1275; x_wconf 50' lang='grc' dir='ltr'>χο</span> <span class='ocrx_word' id='word_1_526' title='bbox 1669 1224 1747 1270; x_wconf 77' lang='grc' dir='ltr'>’,ζων</span> <span class='ocrx_word' id='word_1_527' title='bbox 1764 1227 1826 1279; x_wconf 68' lang='grc' dir='ltr'>ἀρῖ</span> <span class='ocrx_word' id='word_1_528' title='bbox 1826 1243 1925 1274; x_wconf 90' lang='grc' dir='ltr'>κται,</span> <span class='ocrx_word' id='word_1_529' title='bbox 1939 1229 1978 1267; x_wconf 81' lang='grc' dir='ltr'>τὸ</span> <span class='ocrx_word' id='word_1_530' title='bbox 2000 1246 2042 1280; x_wconf 86' lang='grc' dir='ltr'>με</span> <span class='ocrx_word' id='word_1_531' title='bbox 2045 1247 2062 1268; x_wconf 88' lang='grc' dir='ltr'>ν</span> <span class='ocrx_word' id='word_1_532' title='bbox 2082 1236 2218 1285; x_wconf 83' lang='grc' dir='ltr'>πρῶτον</span> <span class='ocrx_word' id='word_1_533' title='bbox 2238 1238 2285 1280; x_wconf 83' lang='grc' dir='ltr'>εἷς</span> 
     </span>
     <span class='ocr_line' id='line_1_76' title="bbox 1244 1276 2283 1347; baseline 0.016 -33"><span class='ocrx_word' id='word_1_534' title='bbox 1244 1276 1306 1322; x_wconf 75' lang='grc' dir='ltr'>τὴν</span> <span class='ocrx_word' id='word_1_535' title='bbox 1335 1280 1530 1331; x_wconf 87' lang='grc' dir='ltr'>παρουσίαν</span> <span class='ocrx_word' id='word_1_536' title='bbox 1569 1284 1784 1334; x_wconf 82' lang='grc' dir='ltr'>ὑπερετίθετο</span> <span class='ocrx_word' id='word_1_537' title='bbox 1814 1287 1881 1322; x_wconf 82' lang='grc' dir='ltr'>τῶν</span> <span class='ocrx_word' id='word_1_538' title='bbox 1910 1302 1974 1338; x_wconf 90' lang='grc' dir='ltr'>πρε</span> <span class='ocrx_word' id='word_1_539' title='bbox 1962 1287 2102 1330; x_wconf 66' lang='grc' dir='ltr'>ἶσὲεων.</span> <span class='ocrx_word' id='word_1_540' title='bbox 2135 1292 2184 1342; x_wconf 81' lang='grc' dir='ltr'>μὴ</span> <span class='ocrx_word' id='word_1_541' title='bbox 2216 1294 2283 1347; x_wconf 83' lang='grc' dir='ltr'>γὰρ</span> 
     </span>
     <span class='ocr_line' id='line_1_77' title="bbox 1245 1335 2282 1402; baseline 0.017 -30"><span class='ocrx_word' id='word_1_542' title='bbox 1245 1335 1429 1388; x_wconf 64' lang='grc' dir='ltr'>ἀσφαλες&lt;</span> <span class='ocrx_word' id='word_1_543' title='bbox 1417 1354 1464 1375; x_wconf 89' lang='grc' dir='ltr'>υπ</span> <span class='ocrx_word' id='word_1_544' title='bbox 1453 1339 1584 1391; x_wconf 83' lang='grc' dir='ltr'>άρχειν</span> <span class='ocrx_word' id='word_1_545' title='bbox 1603 1343 1697 1394; x_wconf 82' lang='grc' dir='ltr'>αὖτῳ</span> <span class='ocrx_word' id='word_1_546' title='bbox 1718 1342 1833 1386; x_wconf 87' lang='grc' dir='ltr'>κοινας</span> <span class='ocrx_word' id='word_1_547' title='bbox 1856 1345 1954 1383; x_wconf 73' lang='grc' dir='ltr'>ἕντο)</span> <span class='ocrx_word' id='word_1_548' title='bbox 1958 1345 1996 1390; x_wconf 80' lang='grc' dir='ltr'>ὰς</span> <span class='ocrx_word' id='word_1_549' title='bbox 2011 1348 2153 1387; x_wconf 80' lang='grc' dir='ltr'>λαοόντι</span> <span class='ocrx_word' id='word_1_550' title='bbox 2180 1352 2282 1402; x_wconf 83' lang='grc' dir='ltr'>μόνον</span> 
     </span>
     <span class='ocr_line' id='line_1_78' title="bbox 1244 1395 2336 1465; baseline 0.018 -36"><span class='ocrx_word' id='word_1_551' title='bbox 1244 1395 1361 1431; x_wconf 81' lang='grc' dir='ltr'>ἀποπλ</span> <span class='ocrx_word' id='word_1_552' title='bbox 1355 1397 1498 1465; x_wconf 72' lang='grc' dir='ltr'>ῃρῶσαι</span> <span class='ocrx_word' id='word_1_553' title='bbox 1522 1413 1584 1443; x_wconf 81' lang='grc' dir='ltr'>ττν</span> <span class='ocrx_word' id='word_1_554' title='bbox 1603 1399 1804 1451; x_wconf 72' lang='grc' dir='ltr'>πρεσίείαν.</span> <span class='ocrx_word' id='word_1_555' title='bbox 1827 1402 1887 1439; x_wconf 84' lang='grc' dir='ltr'>καὶ</span> <span class='ocrx_word' id='word_1_556' title='bbox 1907 1404 2124 1456; x_wconf 66' lang='grc' dir='ltr'>ᾔσ-χαλλεν“</span> <span class='ocrx_word' id='word_1_557' title='bbox 2103 1423 2154 1446; x_wconf 88' lang='grc' dir='ltr'>οτι</span> <span class='ocrx_word' id='word_1_558' title='bbox 2175 1409 2281 1460; x_wconf 88' lang='grc' dir='ltr'>μήπω</span> <span class='ocrx_word' id='word_1_559' title='bbox 2302 1429 2336 1453; x_wconf 85' lang='lat'>20</span> 
     </span>
     <span class='ocr_line' id='line_1_79' title="bbox 1242 1452 2282 1514; baseline 0.019 -26"><span class='ocrx_word' id='word_1_560' title='bbox 1242 1452 1482 1504; x_wconf 85' lang='grc' dir='ltr'>παρεγένοντο.</span> <span class='ocrx_word' id='word_1_561' title='bbox 1514 1472 1560 1499; x_wconf 89' lang='grc' dir='ltr'>ως</span> <span class='ocrx_word' id='word_1_562' title='bbox 1591 1457 1626 1494; x_wconf 75' lang='grc' dir='ltr'>δὲ</span> <span class='ocrx_word' id='word_1_563' title='bbox 1654 1458 1776 1511; x_wconf 87' lang='grc' dir='ltr'>χρόνος</span> <span class='ocrx_word' id='word_1_564' title='bbox 1806 1461 1922 1505; x_wconf 85' lang='grc' dir='ltr'>ἱκανος</span> <span class='ocrx_word' id='word_1_565' title='bbox 1948 1464 2133 1514; x_wconf 86' lang='grc' dir='ltr'>διεγενετο,</span> <span class='ocrx_word' id='word_1_566' title='bbox 2161 1468 2221 1506; x_wconf 73' lang='grc' dir='ltr'>καὶ</span> <span class='ocrx_word' id='word_1_567' title='bbox 2251 1472 2282 1508; x_wconf 87' lang='grc' dir='ltr'>οἱ</span> 
     </span>
     <span class='ocr_line' id='line_1_80' title="bbox 1243 1511 2282 1581; baseline 0.017 -34"><span class='ocrx_word' id='word_1_568' title='bbox 1243 1511 1500 1563; x_wconf 66' lang='grc' dir='ltr'>συμπρέσέεις.</span> <span class='ocrx_word' id='word_1_569' title='bbox 1490 1529 1670 1567; x_wconf 78' lang='grc' dir='ltr'>παρησαν,</span> <span class='ocrx_word' id='word_1_570' title='bbox 1691 1517 1758 1565; x_wconf 79' lang='grc' dir='ltr'>ἤδη</span> <span class='ocrx_word' id='word_1_571' title='bbox 1781 1517 1816 1556; x_wconf 83' lang='grc' dir='ltr'>δε</span> <span class='ocrx_word' id='word_1_572' title='bbox 1835 1536 1895 1558; x_wconf 88' lang='grc' dir='ltr'>του</span> <span class='ocrx_word' id='word_1_573' title='bbox 1909 1522 2044 1574; x_wconf 89' lang='grc' dir='ltr'>τείχους</span> <span class='ocrx_word' id='word_1_574' title='bbox 2060 1526 2166 1562; x_wconf 72' lang='grc' dir='ltr'>ἱκα·’“’</span> <span class='ocrx_word' id='word_1_575' title='bbox 2122 1542 2186 1570; x_wconf 84' lang='grc' dir='ltr'>νως</span> <span class='ocrx_word' id='word_1_576' title='bbox 2201 1543 2282 1581; x_wconf 81' lang='grc' dir='ltr'>προ·</span> 
     </span>
     <span class='ocr_line' id='line_1_81' title="bbox 1242 1570 2281 1640; baseline 0.019 -35"><span class='ocrx_word' id='word_1_577' title='bbox 1242 1570 1483 1640; x_wconf 80' lang='grc' dir='ltr'>κεχωρηκότος</span> <span class='ocrx_word' id='word_1_578' title='bbox 1508 1575 1596 1633; x_wconf 43' lang='grc' dir='ltr'>τοῖςη</span> <span class='ocrx_word' id='word_1_579' title='bbox 1603 1576 1890 1626; x_wconf 80' lang='grc' dir='ltr'>Λακεδαιμονίοις</span> <span class='ocrx_word' id='word_1_580' title='bbox 1914 1580 2110 1631; x_wconf 85' lang='grc' dir='ltr'>ἤγγελτο</span> <span class='ocrx_word' id='word_1_581' title='bbox 2089 1600 2141 1621; x_wconf 90' lang='grc' dir='ltr'>οτι</span> <span class='ocrx_word' id='word_1_582' title='bbox 2169 1601 2281 1624; x_wconf 84' lang='grc' dir='ltr'>τετει-</span> 
     </span>
     <span class='ocr_line' id='line_1_82' title="bbox 1241 1627 2284 1697; baseline 0.019 -35"><span class='ocrx_word' id='word_1_583' title='bbox 1241 1627 1406 1678; x_wconf 82' lang='grc' dir='ltr'>χισμέναι</span> <span class='ocrx_word' id='word_1_584' title='bbox 1425 1630 1543 1668; x_wconf 82' lang='grc' dir='ltr'>λοιπὸν</span> <span class='ocrx_word' id='word_1_585' title='bbox 1565 1635 1610 1669; x_wconf 82' lang='grc' dir='ltr'>εἰε</span> <span class='ocrx_word' id='word_1_586' title='bbox 1614 1648 1630 1668; x_wconf 92' lang='grc' dir='ltr'>ν</span> <span class='ocrx_word' id='word_1_587' title='bbox 1658 1633 1800 1680; x_wconf 59' lang='lat' dir='ltr'><strong>&#39;Aemate</strong></span> <span class='ocrx_word' id='word_1_588' title='bbox 1812 1638 2025 1690; x_wconf 66' lang='grc' dir='ltr'>,παρεὶθὼν</span> <span class='ocrx_word' id='word_1_589' title='bbox 2054 1640 2186 1680; x_wconf 83' lang='grc' dir='ltr'>ἔπειθεν</span> <span class='ocrx_word' id='word_1_590' title='bbox 2215 1647 2284 1697; x_wconf 48' lang='lat'>226-</span> 
     </span>
     <span class='ocr_line' id='line_1_83' title="bbox 1240 1690 2333 1755; baseline 0.018 -33"><span class='ocrx_word' id='word_1_591' title='bbox 1240 1701 1318 1729; x_wconf 89' lang='grc' dir='ltr'>τους</span> <span class='ocrx_word' id='word_1_592' title='bbox 1335 1702 1383 1736; x_wconf 83' lang='grc' dir='ltr'>μη</span> <span class='ocrx_word' id='word_1_593' title='bbox 1400 1703 1535 1739; x_wconf 89' lang='grc' dir='ltr'>ταχεως</span> <span class='ocrx_word' id='word_1_594' title='bbox 1560 1690 1733 1729; x_wconf 85' lang='grc' dir='ltr'>πιστεύειν</span> <span class='ocrx_word' id='word_1_595' title='bbox 1759 1709 1829 1737; x_wconf 92' lang='grc' dir='ltr'>τοις</span> <span class='ocrx_word' id='word_1_596' title='bbox 1850 1697 2070 1747; x_wconf 82' lang='grc' dir='ltr'>βουλομένοις</span> <span class='ocrx_word' id='word_1_597' title='bbox 2087 1702 2132 1743; x_wconf 83' lang='grc' dir='ltr'>εἷς</span> <span class='ocrx_word' id='word_1_598' title='bbox 2152 1701 2280 1755; x_wconf 84' lang='grc' dir='ltr'>ἔχθραν</span> <span class='ocrx_word' id='word_1_599' title='bbox 2299 1719 2333 1743; x_wconf 81' lang='lat'>25</span> 
     </span>
     <span class='ocr_line' id='line_1_84' title="bbox 1240 1746 2279 1804; baseline 0.018 -24"><span class='ocrx_word' id='word_1_600' title='bbox 1240 1759 1460 1791; x_wconf 81' lang='grc' dir='ltr'>καταστησαι</span> <span class='ocrx_word' id='word_1_601' title='bbox 1477 1746 1539 1793; x_wconf 70' lang='grc' dir='ltr'>τὴν</span> <span class='ocrx_word' id='word_1_602' title='bbox 1561 1748 1674 1796; x_wconf 86' lang='grc' dir='ltr'>πόλιν,</span> <span class='ocrx_word' id='word_1_603' title='bbox 1703 1752 1779 1788; x_wconf 83' lang='grc' dir='ltr'>ἀ)λ’</span> <span class='ocrx_word' id='word_1_604' title='bbox 1801 1753 2064 1804; x_wconf 81' lang='grc' dir='ltr'>επιλεςαμένους</span> <span class='ocrx_word' id='word_1_605' title='bbox 2085 1760 2198 1797; x_wconf 82' lang='grc' dir='ltr'>αὐτῶν</span> <span class='ocrx_word' id='word_1_606' title='bbox 2220 1761 2279 1799; x_wconf 82' lang='grc' dir='ltr'>ἅν-</span> 
     </span>
     <span class='ocr_line' id='line_1_85' title="bbox 1240 1803 2281 1866; baseline 0.018 -28"><span class='ocrx_word' id='word_1_607' title='bbox 1240 1803 1322 1854; x_wconf 84' lang='grc' dir='ltr'>δρας</span> <span class='ocrx_word' id='word_1_608' title='bbox 1350 1819 1428 1847; x_wconf 81' lang='grc' dir='ltr'>τους</span> <span class='ocrx_word' id='word_1_609' title='bbox 1470 1806 1583 1843; x_wconf 84' lang='grc' dir='ltr'>εὐνοία</span> <span class='ocrx_word' id='word_1_610' title='bbox 1624 1808 1683 1845; x_wconf 89' lang='grc' dir='ltr'>καὶ</span> <span class='ocrx_word' id='word_1_611' title='bbox 1719 1809 1836 1848; x_wconf 84' lang='grc' dir='ltr'>πίστει</span> <span class='ocrx_word' id='word_1_612' title='bbox 1871 1813 2093 1866; x_wconf 61' lang='grc' dir='ltr'>διαφέροντας</span> <span class='ocrx_word' id='word_1_613' title='bbox 2128 1818 2239 1856; x_wconf 83' lang='grc' dir='ltr'>ἐπόπ-</span> <span class='ocrx_word' id='word_1_614' title='bbox 2227 1836 2281 1863; x_wconf 56' lang='grc' dir='ltr'>,ας</span> 
     </span>
     <span class='ocr_line' id='line_1_86' title="bbox 1239 1860 2279 1930; baseline 0.018 -33"><span class='ocrx_word' id='word_1_615' title='bbox 1239 1860 1432 1914; x_wconf 56' lang='grc' dir='ltr'>ἐκπεμὺαι.</span> <span class='ocrx_word' id='word_1_616' title='bbox 1462 1863 1567 1916; x_wconf 81' lang='grc' dir='ltr'>μέχρι</span> <span class='ocrx_word' id='word_1_617' title='bbox 1599 1864 1634 1903; x_wconf 78' lang='grc' dir='ltr'>δὲ</span> <span class='ocrx_word' id='word_1_618' title='bbox 1663 1870 1725 1913; x_wconf 71' lang='grc' dir='ltr'>τῆς</span> <span class='ocrx_word' id='word_1_619' title='bbox 1762 1869 1899 1907; x_wconf 85' lang='grc' dir='ltr'>εκείνων</span> <span class='ocrx_word' id='word_1_620' title='bbox 1930 1874 2122 1924; x_wconf 88' lang='grc' dir='ltr'>παρουσίας</span> <span class='ocrx_word' id='word_1_621' title='bbox 2150 1876 2279 1930; x_wconf 75' lang='grc' dir='ltr'>ὅμηρον</span> 
     </span>
     <span class='ocr_line' id='line_1_87' title="bbox 1239 1923 2280 1988; baseline 0.017 -32"><span class='ocrx_word' id='word_1_622' title='bbox 1239 1935 1359 1957; x_wconf 88' lang='grc' dir='ltr'>εαυτον</span> <span class='ocrx_word' id='word_1_623' title='bbox 1378 1937 1399 1958; x_wconf 92' lang='grc' dir='ltr'>κ</span> <span class='ocrx_word' id='word_1_624' title='bbox 1425 1923 1700 1974; x_wconf 78' lang='grc' dir='ltr'>τεπηγγέλλετο,</span> <span class='ocrx_word' id='word_1_625' title='bbox 1723 1928 1787 1964; x_wconf 80' lang='grc' dir='ltr'>κάν</span> <span class='ocrx_word' id='word_1_626' title='bbox 1811 1929 1921 1967; x_wconf 87' lang='grc' dir='ltr'>τούτω</span> <span class='ocrx_word' id='word_1_627' title='bbox 1947 1931 2070 1983; x_wconf 71' lang='grc' dir='ltr'>τριὸήν</span> <span class='ocrx_word' id='word_1_628' title='bbox 2097 1949 2172 1972; x_wconf 91' lang='grc' dir='ltr'>τινα</span> <span class='ocrx_word' id='word_1_629' title='bbox 2197 1936 2280 1988; x_wconf 87' lang='grc' dir='ltr'>χρό-</span> 
     </span>
     <span class='ocr_line' id='line_1_88' title="bbox 1238 1981 2332 2040; baseline 0.018 -26"><span class='ocrx_word' id='word_1_630' title='bbox 1238 1993 1294 2015; x_wconf 92' lang='grc' dir='ltr'>νου</span> <span class='ocrx_word' id='word_1_631' title='bbox 1310 1981 1476 2029; x_wconf 80' lang='grc' dir='ltr'>ἐμποιῶν.</span> <span class='ocrx_word' id='word_1_632' title='bbox 1501 2006 1521 2018; x_wconf 68' lang='grc' dir='ltr'>ι</span> <span class='ocrx_word' id='word_1_633' title='bbox 1497 1983 1705 2021; x_wconf 62' lang='grc' dir='ltr'>πεισθέντων</span> <span class='ocrx_word' id='word_1_634' title='bbox 1730 1989 1787 2023; x_wconf 80' lang='grc' dir='ltr'>οὖν</span> <span class='ocrx_word' id='word_1_635' title='bbox 1805 1989 2091 2040; x_wconf 81' lang='grc' dir='ltr'>Λακεδαιμονίων</span> <span class='ocrx_word' id='word_1_636' title='bbox 2119 1994 2177 2031; x_wconf 84' lang='grc' dir='ltr'>καὶ</span> <span class='ocrx_word' id='word_1_637' title='bbox 2203 2011 2280 2038; x_wconf 85' lang='grc' dir='ltr'>τους</span> <span class='ocrx_word' id='word_1_638' title='bbox 2298 2015 2332 2040; x_wconf 86' lang='lat'>30</span> 
     </span>
     <span class='ocr_line' id='line_1_89' title="bbox 1238 2037 2275 2091; baseline 0.015 -18.015"><span class='ocrx_word' id='word_1_639' title='bbox 1238 2037 1431 2086; x_wconf 83' lang='grc' dir='ltr'>μάλιστα</span> <span class='ocrx_word' id='word_1_640' title='bbox 1412 2039 1635 2091; x_wconf 66' lang='grc' dir='ltr'>οιαρέροντας</span> <span class='ocrx_word' id='word_1_641' title='bbox 1659 2043 1773 2081; x_wconf 76' lang='grc' dir='ltr'>εὐνοία</span> <span class='ocrx_word' id='word_1_642' title='bbox 1802 2061 1863 2083; x_wconf 89' lang='grc' dir='ltr'>και</span> <span class='ocrx_word' id='word_1_643' title='bbox 1891 2047 2006 2085; x_wconf 84' lang='grc' dir='ltr'>πίστει</span> <span class='ocrx_word' id='word_1_644' title='bbox 2029 2052 2097 2087; x_wconf 80' lang='grc' dir='ltr'>τῶν</span> <span class='ocrx_word' id='word_1_645' title='bbox 2124 2054 2275 2091; x_wconf 84' lang='grc' dir='ltr'>πολιτῶν</span> 
     </span>
     <span class='ocr_line' id='line_1_90' title="bbox 1235 2096 2277 2162; baseline 0.018 -31"><span class='ocrx_word' id='word_1_646' title='bbox 1235 2111 1315 2132; x_wconf 90' lang='grc' dir='ltr'>πευ·</span> <span class='ocrx_word' id='word_1_647' title='bbox 1311 2096 1462 2148; x_wconf 62' lang='grc' dir='ltr'>Φάντων,</span> <span class='ocrx_word' id='word_1_648' title='bbox 1478 2098 1590 2151; x_wconf 80' lang='grc' dir='ltr'>λάθρα</span> <span class='ocrx_word' id='word_1_649' title='bbox 1615 2106 1686 2143; x_wconf 88' lang='grc' dir='ltr'>τοῖς</span> <span class='ocrx_word' id='word_1_650' title='bbox 1712 2102 1900 2149; x_wconf 79' lang='grc' dir='ltr'>Ἀθηναίοις</span> <span class='ocrx_word' id='word_1_651' title='bbox 1925 2105 2099 2159; x_wconf 62' lang='grc' dir='ltr'>πέμψας</span> <span class='ocrx_word' id='word_1_652' title='bbox 2088 2110 2277 2162; x_wconf 80' lang='grc' dir='ltr'>προσέταξε</span> 
     </span>
     <span class='ocr_line' id='line_1_91' title="bbox 1237 2153 2277 2235; baseline 0.016 -45.016"><span class='ocrx_word' id='word_1_653' title='bbox 1237 2153 1285 2202; x_wconf 80' lang='grc' dir='ltr'>μὴ</span> <span class='ocrx_word' id='word_1_654' title='bbox 1304 2154 1469 2207; x_wconf 75' lang='grc' dir='ltr'>πρότερον</span> <span class='ocrx_word' id='word_1_655' title='bbox 1496 2155 1573 2199; x_wconf 89' lang='grc' dir='ltr'>τους</span> <span class='ocrx_word' id='word_1_656' title='bbox 1590 2160 1916 2210; x_wconf 74' lang='grc' dir='ltr'>Λακεδαιμονίων</span> <span class='ocrx_word' id='word_1_657' title='bbox 1894 2164 2021 2235; x_wconf 79' lang='grc' dir='ltr'>ανδρρις</span> <span class='ocrx_word' id='word_1_658' title='bbox 2040 2166 2153 2205; x_wconf 83' lang='grc' dir='ltr'>ὀπίσω</span> <span class='ocrx_word' id='word_1_659' title='bbox 2173 2168 2277 2206; x_wconf 86' lang='grc' dir='ltr'>πάλιν</span> 
     </span>
     <span class='ocr_line' id='line_1_92' title="bbox 1236 2213 2277 2281; baseline 0.016 -33"><span class='ocrx_word' id='word_1_660' title='bbox 1236 2213 1344 2249; x_wconf 70' lang='grc' dir='ltr'>ἐὶθεῖν</span> <span class='ocrx_word' id='word_1_661' title='bbox 1379 2229 1500 2260; x_wconf 85' lang='grc' dir='ltr'>εασαι,</span> <span class='ocrx_word' id='word_1_662' title='bbox 1529 2215 1609 2266; x_wconf 82' lang='grc' dir='ltr'>πρὶν</span> <span class='ocrx_word' id='word_1_663' title='bbox 1645 2217 1747 2254; x_wconf 86' lang='grc' dir='ltr'>αυτόν</span> <span class='ocrx_word' id='word_1_664' title='bbox 1781 2235 1818 2256; x_wconf 93' lang='grc' dir='ltr'>τε</span> <span class='ocrx_word' id='word_1_665' title='bbox 1846 2221 1926 2281; x_wconf 66' lang='lat' dir='ltr'>md.m</span> <span class='ocrx_word' id='word_1_666' title='bbox 1937 2237 2014 2265; x_wconf 83' lang='grc' dir='ltr'>τους</span> <span class='ocrx_word' id='word_1_667' title='bbox 2043 2225 2277 2278; x_wconf 80' lang='grc' dir='ltr'>συυ.πρε’σοεις</span> 
     </span>
     <span class='ocr_line' id='line_1_93' title="bbox 1235 2270 2328 2339; baseline 0.016 -33"><span class='ocrx_word' id='word_1_668' title='bbox 1235 2270 1437 2309; x_wconf 64' lang='grc' dir='ltr'>ἀπολύσωσι</span> <span class='ocrx_word' id='word_1_669' title='bbox 1455 2274 1742 2321; x_wconf 65' lang='grc' dir='ltr'>Πελοποννήσιοι.</span> <span class='ocrx_word' id='word_1_670' title='bbox 1767 2276 1861 2315; x_wconf 83' lang='grc' dir='ltr'>ἔστιν</span> <span class='ocrx_word' id='word_1_671' title='bbox 1886 2283 1944 2317; x_wconf 79' lang='grc' dir='ltr'>οὖν</span> <span class='ocrx_word' id='word_1_672' title='bbox 1972 2296 2012 2318; x_wconf 89' lang='grc' dir='ltr'>το</span> <span class='ocrx_word' id='word_1_673' title='bbox 2036 2282 2149 2332; x_wconf 81' lang='grc' dir='ltr'>νόημα</span> <span class='ocrx_word' id='word_1_674' title='bbox 2171 2287 2275 2338; x_wconf 81' lang='grc' dir='ltr'>ὑπερ·</span> <span class='ocrx_word' id='word_1_675' title='bbox 2293 2314 2328 2339; x_wconf 81' lang='lat'>³5</span> 
     </span>
     <span class='ocr_line' id='line_1_94' title="bbox 1235 2328 2275 2393; baseline 0.016 -28"><span class='ocrx_word' id='word_1_676' title='bbox 1235 2328 1389 2368; x_wconf 81' lang='grc' dir='ltr'>6ατόν.</span> <span class='ocrx_word' id='word_1_677' title='bbox 1373 2343 1390 2367; x_wconf 87' lang='grc' dir='ltr'>ο</span> <span class='ocrx_word' id='word_1_678' title='bbox 1406 2329 1473 2382; x_wconf 80' lang='grc' dir='ltr'>γὰρ</span> <span class='ocrx_word' id='word_1_679' title='bbox 1493 2330 1604 2381; x_wconf 82' lang='grc' dir='ltr'>λέγει,</span> <span class='ocrx_word' id='word_1_680' title='bbox 1621 2333 1773 2372; x_wconf 73' lang='grc' dir='ltr'>τοιοῦτον</span> <span class='ocrx_word' id='word_1_681' title='bbox 1799 2337 1901 2374; x_wconf 79' lang='grc' dir='ltr'>ἐστιν·</span> <span class='ocrx_word' id='word_1_682' title='bbox 1927 2354 2019 2382; x_wconf 90' lang='grc' dir='ltr'>οστις</span> <span class='ocrx_word' id='word_1_683' title='bbox 2040 2341 2183 2388; x_wconf 82' lang='grc' dir='ltr'>ἐποίησε</span> <span class='ocrx_word' id='word_1_684' title='bbox 2209 2359 2275 2393; x_wconf 88' lang='grc' dir='ltr'>με-</span> 
     </span>
     <span class='ocr_line' id='line_1_95' title="bbox 1233 2385 2273 2452; baseline 0.017 -31"><span class='ocrx_word' id='word_1_685' title='bbox 1233 2385 1318 2432; x_wconf 79' lang='grc' dir='ltr'>στῃν</span> <span class='ocrx_word' id='word_1_686' title='bbox 1333 2389 1433 2436; x_wconf 79' lang='grc' dir='ltr'>ἡμων</span> <span class='ocrx_word' id='word_1_687' title='bbox 1454 2403 1513 2425; x_wconf 91' lang='grc' dir='ltr'>και</span> <span class='ocrx_word' id='word_1_688' title='bbox 1530 2389 1717 2443; x_wconf 77' lang='grc' dir='ltr'>ὁλόκληρον</span> <span class='ocrx_word' id='word_1_689' title='bbox 1743 2393 1849 2444; x_wconf 82' lang='grc' dir='ltr'>εὑρων</span> <span class='ocrx_word' id='word_1_690' title='bbox 1868 2393 1931 2441; x_wconf 57' lang='grc' dir='ltr'>τὶν</span> <span class='ocrx_word' id='word_1_691' title='bbox 1954 2410 2056 2434; x_wconf 87' lang='grc' dir='ltr'>ποΛιν</span> <span class='ocrx_word' id='word_1_692' title='bbox 2079 2399 2273 2452; x_wconf 87' lang='grc' dir='ltr'>ἀτείχιστον</span> 
     </span>
     <span class='ocr_line' id='line_1_96' title="bbox 1232 2444 2274 2511; baseline 0.016 -30"><span class='ocrx_word' id='word_1_693' title='bbox 1232 2448 1350 2482; x_wconf 82' lang='grc' dir='ltr'>οὖσαν.</span> <span class='ocrx_word' id='word_1_694' title='bbox 1394 2444 1539 2490; x_wconf 65' lang='grc' dir='ltr'>Ἄλλως.</span> <span class='ocrx_word' id='word_1_695' title='bbox 1560 2449 1748 2500; x_wconf 80' lang='grc' dir='ltr'>επιχει)ἧ;</span> <span class='ocrx_word' id='word_1_696' title='bbox 1769 2451 1905 2492; x_wconf 83' lang='grc' dir='ltr'>Ἐνδεα.</span> <span class='ocrx_word' id='word_1_697' title='bbox 1925 2455 2078 2506; x_wconf 80' lang='grc' dir='ltr'>ἐπιχειλὲ</span> <span class='ocrx_word' id='word_1_698' title='bbox 2064 2473 2182 2511; x_wconf 88' lang='grc' dir='ltr'>ςγαρ</span> <span class='ocrx_word' id='word_1_699' title='bbox 2212 2459 2274 2510; x_wconf 84' lang='grc' dir='ltr'>μέ-</span> 
     </span>
     <span class='ocr_line' id='line_1_97' title="bbox 1232 2504 2272 2573; baseline 0.015 -34"><span class='ocrx_word' id='word_1_700' title='bbox 1232 2517 1310 2573; x_wconf 84' lang='grc' dir='ltr'>τρον</span> <span class='ocrx_word' id='word_1_701' title='bbox 1327 2504 1464 2553; x_wconf 79' lang='grc' dir='ltr'>λέγεται</span> <span class='ocrx_word' id='word_1_702' title='bbox 1491 2504 1531 2542; x_wconf 86' lang='grc' dir='ltr'>τὸ</span> <span class='ocrx_word' id='word_1_703' title='bbox 1546 2504 1594 2555; x_wconf 84' lang='grc' dir='ltr'>μὴ</span> <span class='ocrx_word' id='word_1_704' title='bbox 1624 2507 1769 2559; x_wconf 73' lang='lat' dir='ltr'><em>77an3;‚</em></span> <span class='ocrx_word' id='word_1_705' title='bbox 1790 2510 1865 2547; x_wconf 67' lang='grc' dir='ltr'>ἀλλ’</span> <span class='ocrx_word' id='word_1_706' title='bbox 1894 2512 2192 2564; x_wconf 85' lang='grc' dir='ltr'>ἀπομεσούμενον.</span> <span class='ocrx_word' id='word_1_707' title='bbox 2214 2518 2272 2554; x_wconf 85' lang='grc' dir='ltr'>αἷ-</span> 
     </span>
     <span class='ocr_line' id='line_1_98' title="bbox 1231 2560 2023 2622; baseline 0.015 -25"><span class='ocrx_word' id='word_1_708' title='bbox 1231 2560 1382 2599; x_wconf 88' lang='grc' dir='ltr'>νίττεται</span> <span class='ocrx_word' id='word_1_709' title='bbox 1399 2561 1456 2613; x_wconf 82' lang='grc' dir='ltr'>δὲ,</span> <span class='ocrx_word' id='word_1_710' title='bbox 1474 2563 1526 2600; x_wconf 79' lang='grc' dir='ltr'>ὅτι</span> <span class='ocrx_word' id='word_1_711' title='bbox 1544 2564 1645 2607; x_wconf 81' lang='grc' dir='ltr'>αὐτος</span> <span class='ocrx_word' id='word_1_712' title='bbox 1661 2581 1723 2612; x_wconf 77' lang='lat' dir='ltr'>7rv</span> <span class='ocrx_word' id='word_1_713' title='bbox 1741 2579 1810 2604; x_wconf 86' lang='lat' dir='ltr'><em>7⁶0J</em></span> <span class='ocrx_word' id='word_1_714' title='bbox 1814 2583 1842 2604; x_wconf 93' lang='grc' dir='ltr'>ιν</span> <span class='ocrx_word' id='word_1_715' title='bbox 1860 2570 2023 2622; x_wconf 81' lang='grc' dir='ltr'>ἐτειχισε</span> 
     </span>
    </p>
   </div>
   <div class='ocr_carea' id='block_1_11' title="bbox 1283 2603 2326 2678">
    <p class='ocr_par' dir='ltr' id='par_1_31' title="bbox 1283 2603 2326 2678">
     <span class='ocr_line' id='line_1_99' title="bbox 1283 2603 2326 2678; baseline 0.012 -21"><span class='ocrx_word' id='word_1_716' title='bbox 1283 2633 1347 2659; x_wconf 84' lang='lat'>815.</span> <span class='ocrx_word' id='word_1_717' title='bbox 1367 2620 1426 2658; x_wconf 71' lang='grc' dir='ltr'>καὶ</span> <span class='ocrx_word' id='word_1_718' title='bbox 1450 2636 1535 2671; x_wconf 73' lang='grc' dir='ltr'>προς</span> <span class='ocrx_word' id='word_1_719' title='bbox 1550 2638 1681 2667; x_wconf 70' lang='grc' dir='ltr'>τῦυτθῑς</span> <span class='ocrx_word' id='word_1_720' title='bbox 1708 2625 1884 2678; x_wconf 68' lang='grc' dir='ltr'>ἀῧῑστωσῃ</span> <span class='ocrx_word' id='word_1_721' title='bbox 1905 2640 1913 2665; x_wconf 73' lang='grc' dir='ltr'>ἶ</span> <span class='ocrx_word' id='word_1_722' title='bbox 2291 2603 2326 2629; x_wconf 64' lang='lat'>40</span> 
     </span>
    </p>
   </div>
   <div class='ocr_carea' id='block_1_12' title="bbox 1223 2629 2320 3255">
    <p class='ocr_par' dir='ltr' id='par_1_32' title="bbox 1230 2629 2272 2791">
     <span class='ocr_line' id='line_1_100' title="bbox 1939 2629 2272 2682; baseline 0.012 -16"><span class='ocrx_word' id='word_1_723' title='bbox 1939 2629 2012 2667; x_wconf 83' lang='grc' dir='ltr'>Και</span> <span class='ocrx_word' id='word_1_724' title='bbox 2037 2630 2122 2682; x_wconf 78' lang='grc' dir='ltr'>πρὸς</span> <span class='ocrx_word' id='word_1_725' title='bbox 2142 2632 2272 2676; x_wconf 78' lang='grc' dir='ltr'>τούτοις</span> 
     </span>
     <span class='ocr_line' id='line_1_101' title="bbox 1230 2677 2268 2743; baseline 0.014 -28"><span class='ocrx_word' id='word_1_726' title='bbox 1230 2677 1355 2730; x_wconf 81' lang='grc' dir='ltr'>ἄριστα</span> <span class='ocrx_word' id='word_1_727' title='bbox 1380 2683 1442 2726; x_wconf 66' lang='grc' dir='ltr'>τῆς</span> <span class='ocrx_word' id='word_1_728' title='bbox 1464 2681 1594 2725; x_wconf 64' lang='grc' dir='ltr'>πόλεως</span> <span class='ocrx_word' id='word_1_729' title='bbox 1619 2682 1780 2734; x_wconf 84' lang='grc' dir='ltr'>ἐχούσης,</span> <span class='ocrx_word' id='word_1_730' title='bbox 1808 2684 1927 2731; x_wconf 83' lang='grc' dir='ltr'>ἔπαιξε</span> <span class='ocrx_word' id='word_1_731' title='bbox 1957 2688 1993 2725; x_wconf 85' lang='grc' dir='ltr'>δὲ</span> <span class='ocrx_word' id='word_1_732' title='bbox 2018 2689 2058 2727; x_wconf 86' lang='grc' dir='ltr'>τὸ</span> <span class='ocrx_word' id='word_1_733' title='bbox 2092 2690 2268 2743; x_wconf 81' lang='grc' dir='ltr'>ἀριστώσῃ</span> 
     </span>
     <span class='ocr_line' id='line_1_102' title="bbox 1229 2736 1632 2791; baseline 0.01 -18.041"><span class='ocrx_word' id='word_1_734' title='bbox 1229 2751 1312 2787; x_wconf 87' lang='grc' dir='ltr'>προς</span> <span class='ocrx_word' id='word_1_735' title='bbox 1327 2736 1371 2775; x_wconf 83' lang='grc' dir='ltr'>τὰ</span> <span class='ocrx_word' id='word_1_736' title='bbox 1390 2738 1632 2791; x_wconf 52' lang='grc' dir='ltr'>ἐπιοερόμενα.</span> 
     </span>
    </p>

    <p class='ocr_par' dir='ltr' id='par_1_33' title="bbox 1223 2795 2320 3254">
     <span class='ocr_line' id='line_1_103' title="bbox 1280 2795 2268 2856; baseline 0.013 -24"><span class='ocrx_word' id='word_1_737' title='bbox 1280 2795 1338 2832; x_wconf 83' lang='grc' dir='ltr'>τὸν</span> <span class='ocrx_word' id='word_1_738' title='bbox 1366 2797 1520 2848; x_wconf 85' lang='grc' dir='ltr'>Πειραια</span> <span class='ocrx_word' id='word_1_739' title='bbox 1542 2812 1551 2836; x_wconf 90' lang='lat'>:</span> <span class='ocrx_word' id='word_1_740' title='bbox 1580 2798 1652 2837; x_wconf 86' lang='grc' dir='ltr'>Καὶ</span> <span class='ocrx_word' id='word_1_741' title='bbox 1673 2798 1730 2837; x_wconf 81' lang='grc' dir='ltr'>τὸν</span> <span class='ocrx_word' id='word_1_742' title='bbox 1760 2802 1912 2853; x_wconf 77' lang='grc' dir='ltr'>Πειραιᾶ</span> <span class='ocrx_word' id='word_1_743' title='bbox 1935 2801 2000 2855; x_wconf 80' lang='grc' dir='ltr'>γὰρ</span> <span class='ocrx_word' id='word_1_744' title='bbox 2026 2804 2205 2856; x_wconf 75' lang='grc' dir='ltr'>ἐτείχισεν</span> <span class='ocrx_word' id='word_1_745' title='bbox 2233 2807 2268 2851; x_wconf 85' lang='grc' dir='ltr'>ὃς</span> 
     </span>
     <span class='ocr_line' id='line_1_104' title="bbox 1228 2853 2320 2924; baseline 0.013 -35"><span class='ocrx_word' id='word_1_746' title='bbox 1228 2853 1354 2904; x_wconf 75' lang='grc' dir='ltr'>ἀπεῖχε</span> <span class='ocrx_word' id='word_1_747' title='bbox 1370 2870 1432 2924; x_wconf 76' lang='grc' dir='ltr'>τῃς</span> <span class='ocrx_word' id='word_1_748' title='bbox 1450 2855 1582 2899; x_wconf 66' lang='grc' dir='ltr'>πόλεως</span> <span class='ocrx_word' id='word_1_749' title='bbox 1605 2872 1690 2894; x_wconf 83' lang='grc' dir='ltr'>σταο</span> <span class='ocrx_word' id='word_1_750' title='bbox 1677 2857 1763 2901; x_wconf 85' lang='grc' dir='ltr'>ίους</span> <span class='ocrx_word' id='word_1_751' title='bbox 1788 2860 1837 2895; x_wconf 84' lang='grc' dir='ltr'>)ε’</span> <span class='ocrx_word' id='word_1_752' title='bbox 1848 2889 1858 2905; x_wconf 94' lang='grc'>,</span> <span class='ocrx_word' id='word_1_753' title='bbox 1888 2876 1986 2911; x_wconf 88' lang='grc' dir='ltr'>παρα</span> <span class='ocrx_word' id='word_1_754' title='bbox 2010 2862 2231 2901; x_wconf 68' lang='grc' dir='ltr'>θάλατταν</span> <span class='ocrx_word' id='word_1_755' title='bbox 2207 2882 2265 2903; x_wconf 86' lang='grc' dir='ltr'>ων.</span> <span class='ocrx_word' id='word_1_756' title='bbox 2286 2891 2320 2916; x_wconf 74' lang='lat'>45</span> 
     </span>
     <span class='ocr_line' id='line_1_105' title="bbox 1226 2910 2266 2976; baseline 0.014 -29"><span class='ocrx_word' id='word_1_757' title='bbox 1226 2910 1344 2955; x_wconf 83' lang='grc' dir='ltr'>ἔπαιξε</span> <span class='ocrx_word' id='word_1_758' title='bbox 1371 2911 1406 2949; x_wconf 79' lang='grc' dir='ltr'>δὲ</span> <span class='ocrx_word' id='word_1_759' title='bbox 1423 2928 1462 2950; x_wconf 90' lang='grc' dir='ltr'>το</span> <span class='ocrx_word' id='word_1_760' title='bbox 1480 2913 1656 2965; x_wconf 84' lang='grc' dir='ltr'>ἀριστώσῃ</span> <span class='ocrx_word' id='word_1_761' title='bbox 1682 2931 1768 2967; x_wconf 88' lang='grc' dir='ltr'>προς</span> <span class='ocrx_word' id='word_1_762' title='bbox 1791 2915 1834 2953; x_wconf 83' lang='grc' dir='ltr'>τὰ</span> <span class='ocrx_word' id='word_1_763' title='bbox 1859 2918 2103 2971; x_wconf 75' lang='grc' dir='ltr'>επιτρερόμενα.</span> <span class='ocrx_word' id='word_1_764' title='bbox 2134 2938 2219 2976; x_wconf 89' lang='grc' dir='ltr'>προς</span> <span class='ocrx_word' id='word_1_765' title='bbox 2248 2924 2266 2962; x_wconf 84' lang='grc' dir='ltr'>ὃ</span> 
     </span>
     <span class='ocr_line' id='line_1_106' title="bbox 1224 2969 1891 3026; baseline 0.012 -21"><span class='ocrx_word' id='word_1_766' title='bbox 1224 2969 1378 3022; x_wconf 64' lang='grc' dir='ltr'>ἐπιφέρει</span> <span class='ocrx_word' id='word_1_767' title='bbox 1394 2986 1454 3007; x_wconf 91' lang='grc' dir='ltr'>και</span> <span class='ocrx_word' id='word_1_768' title='bbox 1470 2987 1508 3009; x_wconf 89' lang='grc' dir='ltr'>το</span> <span class='ocrx_word' id='word_1_769' title='bbox 1521 2974 1647 3024; x_wconf 76' lang='grc' dir='ltr'>,ἰχθῦς</span> <span class='ocrx_word' id='word_1_770' title='bbox 1663 2973 1891 3026; x_wconf 77' lang='grc' dir='ltr'>προσέθηκεν.</span> 
     </span>
     <span class='ocr_line' id='line_1_107' title="bbox 1547 3031 2264 3089; baseline 0.015 -21"><span class='ocrx_word' id='word_1_771' title='bbox 1547 3031 1770 3083; x_wconf 81' lang='grc' dir='ltr'>Προσέθηκε,</span> <span class='ocrx_word' id='word_1_772' title='bbox 1800 3034 2090 3085; x_wconf 78' lang='grc' dir='ltr'>προσεκόλλησεν.</span> <span class='ocrx_word' id='word_1_773' title='bbox 2123 3039 2264 3089; x_wconf 84' lang='grc' dir='ltr'>μάττειν</span> 
     </span>
     <span class='ocr_line' id='line_1_108' title="bbox 1224 3084 2262 3159; baseline 0.014 -38"><span class='ocrx_word' id='word_1_774' title='bbox 1224 3084 1292 3137; x_wconf 86' lang='grc' dir='ltr'>γὰρ</span> <span class='ocrx_word' id='word_1_775' title='bbox 1308 3085 1448 3136; x_wconf 80' lang='grc' dir='ltr'>λέγεται</span> <span class='ocrx_word' id='word_1_776' title='bbox 1465 3087 1503 3125; x_wconf 81' lang='grc' dir='ltr'>τὸ</span> <span class='ocrx_word' id='word_1_777' title='bbox 1512 3089 1750 3159; x_wconf 83' lang='grc' dir='ltr'>ἀναμιγνύναι</span> <span class='ocrx_word' id='word_1_778' title='bbox 1767 3091 1826 3128; x_wconf 86' lang='grc' dir='ltr'>καὶ</span> <span class='ocrx_word' id='word_1_779' title='bbox 1844 3108 1953 3145; x_wconf 70' lang='grc' dir='ltr'>ουραν</span> <span class='ocrx_word' id='word_1_780' title='bbox 1970 3110 2031 3132; x_wconf 85' lang='grc' dir='ltr'>και</span> <span class='ocrx_word' id='word_1_781' title='bbox 2048 3097 2094 3139; x_wconf 86' lang='grc' dir='ltr'>εἷς</span> <span class='ocrx_word' id='word_1_782' title='bbox 2107 3113 2141 3134; x_wconf 92' lang='grc' dir='ltr'>εν</span> <span class='ocrx_word' id='word_1_783' title='bbox 2160 3098 2262 3136; x_wconf 85' lang='grc' dir='ltr'>συνά-</span> 
     </span>
     <span class='ocr_line' id='line_1_109' title="bbox 1223 3143 2315 3208; baseline 0.015 -29"><span class='ocrx_word' id='word_1_784' title='bbox 1223 3158 1306 3193; x_wconf 90' lang='grc' dir='ltr'>γειν.</span> <span class='ocrx_word' id='word_1_785' title='bbox 1325 3143 1400 3190; x_wconf 77' lang='grc' dir='ltr'>ἐξῃς</span> <span class='ocrx_word' id='word_1_786' title='bbox 1414 3148 1472 3182; x_wconf 79' lang='grc' dir='ltr'>οὖν</span> <span class='ocrx_word' id='word_1_787' title='bbox 1488 3145 1528 3183; x_wconf 86' lang='grc' dir='ltr'>τὸ</span> <span class='ocrx_word' id='word_1_788' title='bbox 1548 3146 1690 3196; x_wconf 83' lang='grc' dir='ltr'>μάττειν</span> <span class='ocrx_word' id='word_1_789' title='bbox 1707 3148 1943 3201; x_wconf 86' lang='grc' dir='ltr'>προσήνεγκε,</span> <span class='ocrx_word' id='word_1_790' title='bbox 1965 3152 2021 3190; x_wconf 85' lang='grc' dir='ltr'>διὰ</span> <span class='ocrx_word' id='word_1_791' title='bbox 2036 3153 2075 3191; x_wconf 87' lang='grc' dir='ltr'>τὸ</span> <span class='ocrx_word' id='word_1_792' title='bbox 2097 3171 2263 3208; x_wconf 85' lang='grc' dir='ltr'>προειρη-</span> <span class='ocrx_word' id='word_1_793' title='bbox 2281 3181 2315 3206; x_wconf 74' lang='lat'>50</span> 
     </span>
     <span class='ocr_line' id='line_1_110' title="bbox 1223 3200 1542 3255; baseline 0.013 -17"><span class='ocrx_word' id='word_1_794' title='bbox 1223 3200 1320 3238; x_wconf 86' lang='grc' dir='ltr'>κέναι</span> <span class='ocrx_word' id='word_1_795' title='bbox 1351 3202 1542 3255; x_wconf 83' lang='grc' dir='ltr'>ἀριστώσῃ.</span> 
     </span>
    </p>
   </div>
   <div class='ocr_carea' id='block_1_13' title="bbox 1277 3029 1514 3080">
    <p class='ocr_par' dir='ltr' id='par_1_34' title="bbox 1277 3029 1514 3080">
     <span class='ocr_line' id='line_1_111' title="bbox 1277 3029 1514 3080; baseline 0.017 -16"><span class='ocrx_word' id='word_1_796' title='bbox 1277 3029 1475 3080; x_wconf 84' lang='grc' dir='ltr'>προσεμαςε</span> <span class='ocrx_word' id='word_1_797' title='bbox 1506 3043 1514 3068; x_wconf 90' lang='lat'><strong>:</strong></span> 
     </span>
    </p>
   </div>
   <div class='ocr_carea' id='block_1_14' title="bbox 1570 3205 2261 3265">
    <p class='ocr_par' dir='ltr' id='par_1_35' title="bbox 1570 3205 2261 3265">
     <span class='ocr_line' id='line_1_112' title="bbox 1570 3205 2261 3265; baseline 0.014 -23"><span class='ocrx_word' id='word_1_798' title='bbox 1570 3205 1756 3244; x_wconf 70' lang='grc' dir='ltr'>αἰνίττεται</span> <span class='ocrx_word' id='word_1_799' title='bbox 1781 3207 1816 3245; x_wconf 78' lang='lat'><strong>03</strong></span> <span class='ocrx_word' id='word_1_800' title='bbox 1846 3208 1902 3246; x_wconf 79' lang='grc' dir='ltr'>Οῑὰ</span> <span class='ocrx_word' id='word_1_801' title='bbox 1929 3209 2058 3248; x_wconf 60' lang='grc' dir='ltr'>τούτω]</span> <span class='ocrx_word' id='word_1_802' title='bbox 2081 3212 2124 3250; x_wconf 70' lang='grc' dir='ltr'>τὰ</span> <span class='ocrx_word' id='word_1_803' title='bbox 2141 3214 2261 3265; x_wconf 46' lang='lat' dir='ltr'>tmlx-03(</span> 
     </span>
    </p>
   </div>
   <div class='ocr_carea' id='block_1_15' title="bbox 1222 3250 2260 3379">
    <p class='ocr_par' dir='ltr' id='par_1_36' title="bbox 1222 3250 2260 3378">
     <span class='ocr_line' id='line_1_113' title="bbox 1223 3250 2260 3334; baseline 0.013 -38"><span class='ocrx_word' id='word_1_804' title='bbox 1223 3259 1322 3311; x_wconf 86' lang='grc' dir='ltr'>τείχη</span> <span class='ocrx_word' id='word_1_805' title='bbox 1343 3260 1440 3334; x_wconf 83' lang='grc' dir='ltr'>παρὰ</span> <span class='ocrx_word' id='word_1_806' title='bbox 1454 3268 1523 3305; x_wconf 91' lang='grc' dir='ltr'>τοῖς</span> <span class='ocrx_word' id='word_1_807' title='bbox 1542 3263 1731 3310; x_wconf 81' lang='grc' dir='ltr'>Αθηναίοις</span> <span class='ocrx_word' id='word_1_808' title='bbox 1757 3266 1969 3317; x_wconf 81' lang='grc' dir='ltr'>καλούμενα.</span> <span class='ocrx_word' id='word_1_809' title='bbox 1998 3270 2115 3322; x_wconf 80' lang='grc' dir='ltr'>μακρὰ</span> <span class='ocrx_word' id='word_1_810' title='bbox 2134 3250 2169 3308; x_wconf 79' lang='grc' dir='ltr'>δὲ</span> <span class='ocrx_word' id='word_1_811' title='bbox 2186 3272 2260 3309; x_wconf 65' lang='grc' dir='ltr'>ἕλε’-</span> 
     </span>
     <span class='ocr_line' id='line_1_114' title="bbox 1222 3319 2258 3379; baseline 0.013 -25"><span class='ocrx_word' id='word_1_812' title='bbox 1222 3333 1342 3368; x_wconf 88' lang='grc' dir='ltr'>γοντο,</span> <span class='ocrx_word' id='word_1_813' title='bbox 1363 3319 1419 3357; x_wconf 84' lang='grc' dir='ltr'>δια</span> <span class='ocrx_word' id='word_1_814' title='bbox 1437 3320 1476 3357; x_wconf 86' lang='grc' dir='ltr'>τὸ</span> <span class='ocrx_word' id='word_1_815' title='bbox 1507 3321 1578 3359; x_wconf 84' lang='grc' dir='ltr'>ἀπὸ</span> <span class='ocrx_word' id='word_1_816' title='bbox 1593 3325 1680 3369; x_wconf 69' lang='grc' dir='ltr'>τῆς</span> <span class='ocrx_word' id='word_1_817' title='bbox 1670 3323 1838 3367; x_wconf 85' lang='grc' dir='ltr'>πόλεως</span> <span class='ocrx_word' id='word_1_818' title='bbox 1820 3325 1948 3371; x_wconf 88' lang='grc' dir='ltr'>οιήκειν</span> <span class='ocrx_word' id='word_1_819' title='bbox 1967 3327 2071 3379; x_wconf 82' lang='grc' dir='ltr'>μέχρι</span> <span class='ocrx_word' id='word_1_820' title='bbox 2092 3345 2151 3366; x_wconf 84' lang='grc' dir='ltr'>του</span> <span class='ocrx_word' id='word_1_821' title='bbox 2177 3331 2258 3367; x_wconf 91' lang='grc' dir='ltr'>Πει-</span> 
     </span>
    </p>
   </div>
   <div class='ocr_carea' id='block_1_16' title="bbox 1396 3373 2254 3436">
    <p class='ocr_par' dir='ltr' id='par_1_37' title="bbox 1396 3373 2254 3436">
     <span class='ocr_line' id='line_1_115' title="bbox 1396 3373 2254 3436; baseline 0.012 -22.118"><span class='ocrx_word' id='word_1_822' title='bbox 1396 3373 1540 3423; x_wconf 60' lang='grc' dir='ltr'>’.Αλλως</span> <span class='ocrx_word' id='word_1_823' title='bbox 1568 3395 1639 3430; x_wconf 91' lang='grc' dir='ltr'>εμπ</span> <span class='ocrx_word' id='word_1_824' title='bbox 1628 3380 1731 3434; x_wconf 84' lang='grc' dir='ltr'>όριον</span> <span class='ocrx_word' id='word_1_825' title='bbox 1753 3385 1770 3420; x_wconf 79' lang='grc' dir='ltr'>ὁ</span> <span class='ocrx_word' id='word_1_826' title='bbox 1787 3384 1972 3436; x_wconf 81' lang='grc' dir='ltr'>Πειραιευς</span> <span class='ocrx_word' id='word_1_827' title='bbox 1986 3388 2053 3422; x_wconf 82' lang='grc' dir='ltr'>τῶν</span> <span class='ocrx_word' id='word_1_828' title='bbox 2071 3386 2254 3434; x_wconf 74' lang='grc' dir='ltr'>Ἀθηναίων</span> 
     </span>
    </p>
   </div>
  </div>
 </body>
</html>
