2485 3808
15 2403 28 2574 ··-···-·

19 2746 31 2851 ..φ-φ
17 2591 29 2725 -ο-σμ-

935 273 1180 315 SCHOLIA
1218 278 1278 316 IN
1313 277 1512 319 NUBES.
2220 300 2284 334 131

154 365 172 401 6
196 361 232 401 δὲ
250 361 352 415 χορὸς
370 360 416 398 ὢν
445 359 501 398 ἐπὶ
520 362 581 406 τ’ἧς
600 360 728 406 σκηνῆς
746 361 856 396 ταῦτα
878 359 1014 404 διέξεισι
1034 362 1112 414 περὶ
1132 366 1191 400 τοῦ

154 421 388 474 Στρεψιάδου,
407 420 666 471 προαναφωνῶν
693 417 748 455 διὰ
772 417 900 455 τούτων
920 419 978 456 καὶ
998 421 1191 471 αἰνιττόμε-

152 495 223 526 νος,
238 478 260 515 ἃ
277 477 396 528 μέλλει
415 476 595 514 πείσεσθαι
611 478 628 513 6
646 474 864 527 Στρεψιάδης
881 476 946 514 ὑπὸ
965 480 1024 515 τοῦ
1041 480 1126 517 υἱοῦ.
1145 500 1191 504 -

151 537 313 590 φλαύρων
337 549 346 574 :
366 534 534 581 Φαύλων,
555 536 683 579 κακῶν,
698 536 870 585 πονηρῶν.
894 541 974 573 I'icl.

115 617 132 641 5
207 608 283 633 1308.
313 593 446 646 πρᾶγμ’
462 606 470 632 2
487 592 563 630 ἀντὶ
577 595 635 630 τοῧ
653 591 770 629 κακόν.
785 599 822 629 R.
838 600 876 629 V.

207 666 286 692 1309.
314 652 372 690 τὸν
391 650 556 704 σοφιστὴν
573 664 582 690 :
606 650 677 689 Τὸν
698 649 892 703 φιλόσοφον,
907 651 928 696 ἢ
945 651 1002 688 τὸν
1019 653 1145 698 παῖδα,
1166 651 1187 697 ἢ

149 710 207 749 τὸν
231 710 388 763 γέροντα.
416 709 486 747 ἀπὸ
510 712 568 747 τοῦ
595 708 803 760 σοφίζεσθαι.
832 729 878 733 -
896 709 934 747 τὸ
954 703 1001 746 ὧν
1028 709 1104 747 ἀντὶ
1129 713 1188 747 τοῦ

151 771 224 807 ἀνθ’
239 763 300 808 ῶν.
315 777 352 807 R.
368 776 408 805 V.

206 840 283 866 1311.
315 826 417 864 αὐτὸν
435 826 508 863 ἀντὶ
528 829 587 863 τοῦ
605 822 837 878 Στρεψιάδην.
854 838 891 868 R.

100 904 132 929 ιο
206 898 284 924 1317.
313 878 362 928 οἷς
383 885 572 936 ἀντιταχθῇ
590 884 648 921 καὶ
666 885 845 935 ἀντιλέγει.
863 889 900 920 R.

205 957 285 982 1320.
315 942 396 985 ἴσως
417 942 528 985 ἴσωςτ
556 941 701 985 Εὕξεται
725 943 807 995 παρ’
834 943 937 1000 aare}
964 938 1186 990 ἀδικούμενος

150 1000 210 1039 καὶ
223 1000 317 1039 δεινὰ
328 999 488 1051 πάσχων,
502 999 617 1038 τέλεον
632 1000 766 1052 ἄφωνον
782 999 883 1036 αὐτὸν
901 1002 998 1036 εἰναι.

205 1058 411 1111 βουλήσεται
433 1071 442 1096 :
470 1057 574 1095 Ἐπεὶ
601 1057 707 1107 μείζω
731 1057 822 1095 κακὰ
844 1056 1002 1094 πείσεται
1023 1053 1046 1100 ἢ
1072 1054 1183 1108 φέρειν

149 1110 217 1160 οἶός
234 1131 270 1154 τε
284 1111 381 1154 εἶναι.
402 1123 441 1153 Β.
457 1121 491 1152 C.

67 1180 69 1182 ’
100 1198 131 1222 15
204 1187 283 1212 1321.
314 1173 364 1210 ἰοὺ
385 1172 436 1211 ἷού
460 1172 661 1225 ;[[Κορων“ις
679 1171 779 1225 ἑτέρα
806 1172 978 1211 εἰσιόντων
1002 1166 1097 1215 αὖθις
1116 1173 1184 1209 τῶν

148 1233 351 1284 ὑποκριτῶν.
366 1232 396 1268 οἱ
411 1230 446 1268 δὲ
458 1229 571 1282 στίχοι
584 1230 743 1280 ἷαμὸικοὶ
759 1231 933 1284 τρίμετροι
945 1230 1184 1276 ἀκατάληκτοι

146 1288 216 1340 κγ’.
242 1282 290 1325 ῶν
306 1287 504 1340 προτίθεται
531 1289 642 1326 κῶλον
664 1288 826 1339 ἷαμὸικὸν
855 1287 1076 1340 μονόμετρον.
1102 1290 1120 1325 ὁ
1148 1287 1183 1326 δὲ

146 1348 339 1390 τελευταῖος
353 1345 483 1384 τούτων

287 1440 341 1470 καὶ
358 1439 417 1480 μὴν
433 1438 450 1470 ὅ
471 1450 499 1470 τι
512 1439 565 1470 καὶ
580 1439 669 1475 λέξεις
683 1439 815 1471 ἀκοῦσαι
834 1440 996 1480 βούλομαι.

92 1537 128 1562 20
147 1521 205 1558 ἐπὶ
229 1522 278 1573 τῷ
297 1519 386 1557 τέλει
406 1519 558 1572 κορωνίς.
578 1519 747 1573 κέχρηται
767 1519 803 1558 δὲ
825 1519 1115 1573 προαναφωνήσει
1132 1522 1180 1572 τῷ

145 1576 196 1616 ἰοὺ
223 1577 288 1617 ἷού.
317 1576 403 1621 τινὲς
431 1576 466 1615 δὲ
497 1578 628 1615 ἁπλοῦν
647 1578 685 1615 τὸ
710 1577 760 1616 ἰού
790 1578 927 1631 φασίν.]
954 1578 1179 1630 (σχετλιάζων

144 1633 264 1680 ἔξεισιν
293 1637 311 1674 6
329 1634 542 1688 πρεσὸύτης,
566 1639 611 1679 ὡς
638 1636 705 1674 ὑπὸ
728 1640 786 1674 τοῦ
811 1638 932 1679 παιδὸς
956 1635 1178 1687 τετυμμένος.

143 1694 245 1740 δῆλον
263 1691 298 1730 δὲ
312 1693 364 1730 ὅτι
379 1693 494 1731 πάντα
510 1697 620 1731 ταῦτα
634 1693 894 1732 δια-πέπλασται
912 1696 1006 1747 αὐτῷ
1023 1698 1083 1741 τῆς
1097 1694 1180 1746 πρὸς

142 1751 314 1804 Σωκράτη
336 1751 500 1797 διαὸολῆς
518 1751 633 1804 χάριν,
659 1752 829 1790 δεικνύναι
849 1752 905 1790 διὰ
924 1752 1053 1791 τούτων
1079 1754 1180 1805 φιλο-

90 1824 124 1849 25
141 1810 356 1863 τιμουμένῳ,
382 1809 435 1847 ὅτι
467 1809 576 1860 μηδὲν
601 1810 753 1863 χρηστὸν
782 1811 935 1848 διδάσκει
966 1811 1044 1854 τοὺς
1070 1810 1178 1857 νέους,

141 1867 233 1905 ἀλλὰ
259 1873 328 1905 πᾶν
353 1868 547 1906 τούναντίον
575 1868 763 1922 πονηροὺς,
789 1869 891 1906 ὁπότε
920 1868 979 1906 καὶ
998 1869 1078 1921 περὶ
1102 1867 1179 1912 τοὺς

139 1925 383 1976 γεγεννηκότας
399 1930 547 1977 τοιοῦτοι
570 1926 739 1977 γίνονται,
756 1927 964 1977 καθίστησι.)

194 1997 274 2023 1323.
303 1983 399 2036 πάσῃ
417 1983 522 2036 τέχνῃ
549 1997 558 2022 :
580 1984 670 2022 Ἀντὶ
698 1987 758 2022 τοῦ
783 1984 887 2023 παντὶ
915 1984 1052 2038 τρόπῳ,
1079 1983 1176 2035 πάσῃ

140 2040 296 2092 δυνάμει.
321 2040 361 2079 τὸ
389 2040 424 2079 δὲ
452 2040 593 2091 ἀμύνειν
621 2041 681 2079 καὶ
705 2042 892 2093 ἀμυνάθειν
924 2042 1077 2093 λέγουσι.
1108 2041 1177 2079 ἀπὸ

86 2111 121 2137 30
139 2099 259 2138 τούτου
279 2093 338 2137 οῧν
357 2099 627 2152 ἐσχημάτισται.
651 2128 703 2134 -
720 2100 912 2151 ἀμυνάθετέ
931 2114 939 2140 :
958 2099 1174 2147 Βοηθήσατε.

139 2166 179 2197 Ε.
200 2158 397 2207 ἀμυνάθειν,
414 2156 569 2207 ἀμύνειν,
588 2159 735 2209 βοηθεῖν.
763 2167 844 2196 Vict.

192 2229 272 2254 1327.
302 2216 497 2268 πατραλοῖα
520 2229 528 2254 :
549 2217 603 2254 Οὐ
625 2215 727 2265 μόνον
756 2216 989 2268 πατραλοίας,
1007 2215 1097 2254 ἀλλὰ
1117 2215 1177 2253 καὶ

136 2271 349 2325 πατραλῴας
368 2272 523 2325 εὕρηται.
545 2280 638 2311 Cant.
662 2287 688 2311 1.

190 2331 300 2380 (1328).
320 2329 381 2367 καὶ
414 2329 526 2367 πλείω
557 2344 566 2369 :
601 2330 691 2368 Ἀντὶ
713 2333 772 2368 τοῦ
799 2330 940 2384 χείρονα
968 2332 1044 2382 [καὶ
1066 2331 1175 2369 πλείω

85 2398 118 2424 35
137 2387 282 2438 τούτων]
303 2386 390 2426 εἰπέ.

190 2459 267 2484 1330.
295 2445 544 2496 λακκόπρωκτε
560 2459 568 2483 :
588 2444 831 2498 Εὖρύπρωκτε.
849 2455 910 2485 Br.

190 2516 270 2541 1335.
299 2501 374 2539 ἀντὶ
394 2505 455 2540 τοῦ
474 2501 565 2539 κατὰ
581 2502 682 2541 πολύ.
705 2511 742 2540 R.

190 2574 269 2600 1338.
283 2559 495 2610 ἐδιδαξάμην
513 2573 522 2598 :
539 2560 629 2598 Ἀντὶ
646 2565 706 2598 τοῦ
721 2561 870 2606 ἐδίδαξα.
886 2562 1078 2608 παθητικὸν
1096 2562 1172 2599 ἀντὶ

135 2620 363 2672 ἐνεργητικοῦ.
375 2617 517 2655 δύναται
532 2616 567 2655 δὲ
581 2611 667 2655 εἶναι
682 2618 869 2668 μεσότητος
885 2619 1083 2669 (Ἀττικῶς),
1098 2620 1172 2657 ἀντὶ

43 2695 44 2698 ¹
84 2685 120 2711 40
136 2679 195 2714 τοῦ
211 2675 436 2720 ἐξεπαίδευσα
453 2675 516 2728 [δι’
533 2675 665 2728 ἑτέρου.
682 2676 799 2729 τὸγὰρ
814 2677 954 2722 ἐδίδαξα
972 2678 1014 2716 δι’
1030 2681 1169 2717 ἑαυτοῦ.

135 2733 307 2784 -ἤγουν
335 2735 381 2777 εἷς
404 2734 611 2772 διδάσκαλον
631 2734 783 2788 ἔπεμψα.
807 2735 881 2773 ἔστι
901 2735 936 2773 δὲ
962 2736 1038 2773 κατ’
1067 2738 1169 2788 εἰρω-

137 2789 242 2828 νείαν.
262 2790 343 2842 Bru]

192 2859 271 2885 1340.
286 2847 421 2896 μέλλεις
441 2861 450 2886 :
467 2847 654 2902 Ἔμελλες.
679 2859 717 2887 D.

190 2917 269 2943 1345.
299 2903 378 2955 {obv
392 2903 493 2957 ’ἔργον
511 2919 520 2944 :
545 2906 704 2951 Εἴσθεσις
719 2911 845 2960 χοροῦ,
866 2911 1016 2961 στροφῆς
1034 2909 1097 2960 μὲν
1116 2909 1170 2946 λό-

83 2976 118 3000 ⁴5
138 2976 196 3013 γον
216 2960 344 3013 ἔχουσα
364 2961 421 2999 διὰ
434 2961 474 3000 τὸ
492 2962 583 3015 ἔχειν
599 2964 658 3002 καὶ
675 2965 898 3019 ἀντίστροφον
919 2966 956 3004 τὸ

339 3052 425 3093 οἶμαί
438 3063 473 3093 γε
487 3057 547 3086 τῶν
560 3056 724 3097 νεωτέρων,

137 3128 178 3180 ἧς
195 3133 290 3172 οὐδὲν
316 3133 502 3185 διενήνοχε·
527 3136 703 3188 προῳδικὴ
724 3137 777 3185 δὲ,
804 3138 860 3176 διὰ
885 3139 924 3177 τὸ
943 3139 1166 3192 προτίθεσθαι

137 3191 198 3229 καὶ
225 3191 435 3244 προᾴδεσθαι
459 3194 520 3238 τῆς
541 3193 673 3239 διπλῆς.
696 3193 842 3242 ἢδιπλῆ
865 3196 925 3234 καὶ
953 3196 1097 3241 εἴσθεσις
1119 3200 1166 3241 εἷς

134 3247 306 3300 ἐπῳδικὴν
322 3247 446 3300 τριάδα
463 3247 485 3294 ἢ
505 3248 653 3300 τετράδα
672 3249 791 3288 κώλων
811 3252 844 3296 ἓξ
856 3282 866 3299 ,
881 3248 929 3290 ῶν
951 3253 994 3291 τὰ
1015 3253 1076 3302 μὲν
1097 3270 1164 3291 πε·-

56 3309 59 3339 ἓ
83 3316 119 3340 50
137 3305 234 3358 ριττὰ
251 3305 354 3356 ὅμοια
372 3308 443 3349 τοῖς
459 3305 636 3358 ἀνωτέρω,
654 3305 698 3343 τὰ
723 3307 757 3344 δὲ
773 3308 874 3360 ἄρτια
894 3310 1052 3357 Ἰωνικὰ,
1066 3311 1165 3361 ἡμιό-

57 3357 59 3409 }
138 3363 196 3400 λια
211 3362 268 3400 διὰ
279 3363 317 3401 τὸ
342 3362 432 3414 ἔχειν
449 3363 533 3414 πρὸς
549 3366 598 3415 τῷ
616 3364 686 3416 ὅλῳ
702 3364 760 3401 καὶ
781 3366 820 3403 τὸ
840 3366 949 3415 ἥμισυ
968 3371 1028 3405 τοῦ
1051 3368 1163 3406 Ἰωνι-

34 3440 35 3445 =
59 3434 62 3499 Ι
136 3422 196 3457 κοῦ
212 3420 431 3470 καλούμενα,
453 3421 703 3472 ἀδιαφοροῧντα
725 3420 786 3466 τὴν
807 3422 947 3474 πρώτην
969 3425 1159 3471 συλλαὸήν.
1187 3442 1191 3452 ¹

1249 363 1288 401 τὸ
1309 364 1424 414 μέντοι
1440 368 1647 416 τελευταῖον,
1662 370 1680 408 ὃ
1696 372 1754 409 καὶ
1768 375 1912 427 ἐπῳδὸς,
1925 378 1970 421 ὡς
1984 377 2042 415 ἐπὶ
2061 379 2110 431 τῷ
2126 379 2215 418 τέλει
2229 384 2290 428 τῆς

1250 423 1340 474 ᾠδῆς
1358 424 1546 474 τιθέμενον,
1567 425 1722 477 λέγεται,
1745 432 1816 470 ἀντ’
1840 434 1993 473 Ἰωνικοῦ
2014 436 2184 489 ἐπίτριτον
2201 438 2287 490 ἔχει,

1249 481 1284 517 ἐν
1304 480 1434 518 ἐκθέσει
1451 481 1486 519 δὲ
1507 483 1621 535 στίχοι
1636 486 1694 524 δύο
1709 489 1868 538 ἷαμὸικοὶ
1888 493 2113 546 τετράμετροι
2133 484 2290 544 καταλη-

1249 539 1378 585 κτικοὶ,
1401 540 1514 590 ὅμοιοι
1538 544 1607 585 τοῖς
1624 543 1711 590 ἑξῆς.
1734 546 1805 591 ἔθος
1831 549 1898 601 γάρ
1915 552 1988 589 ἐστι
2015 553 2211 604 προτιθέναι
2228 558 2289 601 τῆς

1249 597 1384 648 διπλῆςζ
1395 598 1564 649 διστιχίαν
1592 601 1681 650 μετὰ
1712 603 1775 649 τὴν
1795 607 1952 658 περίοδον
1979 611 2040 655 τῆς
2064 613 2245 661 κορωνίδος
2264 611 2285 658 ἢ
2305 632 2320 655 ε

1247 656 1308 699 τῆς
1324 656 1426 706 ᾠδῆς.
1447 655 1504 693 ἐπὶ
1520 658 1569 708 τῷ
1589 657 1679 696 τέλει
1698 661 1924 717 παράγραςρος
1944 666 2004 703 καὶ
2023 667 2128 713 διπλῆ
2146 668 2210 712 ἔξω
2228 685 2285 707 νε-

1248 711 1421 764 νευκυῖα]
1834 752 1838 756 .

1301 769 1487 820 φροντίζειν
1507 781 1515 808 z
1538 772 1779 815 Βουλεύεσθαι.
1800 777 1866 826 ὅπη
1895 781 1925 817 δ’
1942 780 1983 818 ἂν
2008 782 2084 819 ἀντὶ
2103 787 2161 821 τοῦ
2180 785 2287 823 ὁποίω

1247 826 1376 879 τρόπῳ.
1396 835 1486 865 R.v.
2270 826 2275 838 Ι

1301 897 1383 924 1347.
1415 884 1590 924 πεποίθειν
1611 902 1621 927 :
1643 888 1819 943 Ἔθάρρει.
1840 905 1900 936 Br,

1300 955 1380 981 1348.
1410 944 1592 994 τολμηρός.
1606 959 1644 989 R.
2309 927 2339 951 ω

1301 1013 1381 1039 1349.
1414 1003 1490 1040 ἀλλ’
1511 1004 1602 1043 ἔστιν
1623 1020 1656 1041 τι
1673 1005 1725 1054 ἐφ’
1746 1001 1774 1059 ᾧ
1792 1011 1921 1061 θαρρεῖ.
1945 1017 1983 1047 R.

1300 1071 1380 1098 1352.
1410 1061 1495 1112 πρὸς
1511 1062 1616 1115 χορόν
1635 1076 1644 1101 :
1666 1064 1781 1117 [Πρὸς
1809 1066 1904 1120 ἐμέ]
1929 1067 2036 1112 οὕτως
2060 1068 2176 1122 ἔλεγον
2202 1073 2293 1125 πρὸς-

1243 1116 1346 1168 χορὸν
1375 1117 1498 1170 λέγειν,
1516 1121 1573 1159 ὅτε
1589 1124 1649 1158 τοῦ
1673 1124 1859 1175 ὑποκριτοῦ
1877 1126 2111 1177 διατιθεμένου
2137 1129 2199 1176 τὴν
2223 1134 2284 1182 ῥῆ-

1245 1189 1310 1221 σιν,
1330 1177 1347 1212 ὃ
1362 1177 1464 1230 χορὸς
1477 1179 1636 1232 ὠρχεῖτο.
1660 1179 1711 1217 διὸ
1731 1181 1789 1218 καὶ
1807 1182 2006 1234 ἐκλέγονται
2021 1187 2067 1229 ὡς
2087 1187 2285 1227 ἐπιτοπλεῖ-
2306 1218 2329 1241 1·

1244 1246 1324 1269 στον
1349 1234 1383 1270 ἐν
1411 1238 1481 1279 τοῖς
1502 1236 1730 1281 τοιούτοιςτὰ
1746 1239 1982 1292 τετράμετρα,
2011 1242 2033 1288 ἢ
2060 1243 2103 1282 τὰ
2131 1247 2283 1284 ἀναπαι-
2321 1227 2335 1242 ὃ

1244 1289 1362 1338 στικὰ,
1388 1291 1408 1338 ἢ
1438 1292 1483 1330 τὰ
1512 1294 1683 1344 ἷαμὸικὰ,
1713 1295 1770 1334 διὰ
1801 1298 1841 1336 τὸ
1875 1299 2000 1352 ῥαδίως
2032 1301 2215 1352 ἐμπίπτειν
2248 1307 2282 1343 ἐν

1242 1346 1373 1392 τούτοις
1392 1350 1448 1388 τὸν
1468 1356 1618 1391 τοιοῦτον
1641 1354 1780 1407 ῥυθμόν.

1297 1419 1377 1446 1353.
1410 1409 1556 1460 καὶμὴν
1578 1411 1652 1450 ὅθεν
1673 1428 1712 1463 γε
1736 1427 1744 1451 :
1768 1413 1943 1467 [Κορωνὶς
1958 1416 2018 1454 καὶ
2037 1417 2150 1470 στίχοι
2171 1419 2283 1470 ὅμοιοι

1242 1466 1290 1516 τῷ
1314 1466 1472 1520 διστιχίῳ
1487 1469 1555 1520 λγ’.
1577 1464 1623 1507 ῶν
1642 1472 1838 1516 τελευταῖος
2299 1506 2335 1529 2⁰

1283 1559 1416 1600 ἐξέφερον
1432 1561 1468 1592 ἂν
1481 1562 1534 1592 καὶ
1548 1563 1749 1604 προύσχόμην
1767 1575 1813 1596 σε·
1830 1566 1868 1596 σὺ
1884 1566 1917 1597 δέ
1930 1577 1967 1606 με
1977 1570 2029 1598 νῦν
2045 1568 2207 1610 ἀπάγχων.

1241 1640 1315 1688 μεθ’
1333 1639 1369 1677 ὃν
1390 1641 1468 1694 τρία
1490 1644 1586 1680 κῶλα
1604 1644 1754 1694 ἰαμὸικὰ
1772 1645 1916 1698 δίμετρα
1943 1647 2171 1695 ἀκατάληκτα
2183 1679 2193 1697 ,
2219 1651 2279 1688 καὶ

1240 1697 1355 1749 στίχος
1375 1698 1489 1748 ὅμοιος
1507 1701 1576 1738 τοῖν
1595 1701 1699 1754 ἅνω]

1294 1768 1372 1793 1354.
1403 1759 1583 1796 ἑστιᾶσθαι
1602 1759 1675 1796 ἐστὶ
1692 1759 1731 1797 τὸ
1746 1762 1963 1812 εὐωχεῖσθαι.
1982 1763 2060 1814 οὐχὶ
2075 1764 2110 1802 δὲ
2126 1765 2165 1802 τὸ
2182 1767 2279 1818 παρά

1238 1827 1304 1849 τινι
1323 1813 1461 1858 πάντως
1477 1815 1607 1866 ἔλεγον.
1629 1825 1665 1855 R.
1683 1826 1722 1856 V.

1294 1883 1374 1911 1355.
1402 1871 1528 1924 [λύραν
1552 1873 1706 1912 λαὸόντα
1729 1888 1737 1914 :
1761 1876 1822 1915 Ἔν
1843 1882 1912 1920 τοῖς
1938 1879 2141 1928 συμποσίοις
2161 1880 2278 1935 κύκλῳ

1238 1928 1306 1971 τοῖς
1323 1931 1544 1980 ἑστιωμένοις
1556 1934 1573 1969 6
1589 1932 1760 1986 ἑστιάτωρ
1776 1934 1888 1978 διδοὺς
1898 1934 2007 1988 λύραν
2021 1937 2176 1977 ἐκέλευεν
2195 1934 2278 1978 ἆσαι

1237 1985 1363 2038 ᾠδήν]
2204 1980 2210 1992 ’

1293 2057 1371 2083 1356.
1402 2039 1485 2098 ᾆσαι
1510 2047 1705 2096 Σιμωνίδου
1730 2063 1739 2087 :
1771 2049 1878 2102 Ἀρχὴ
1905 2050 1996 2103 ᾠδῆς
2015 2053 2061 2095 εἷς
2087 2053 2195 2105 Κριὸν
2219 2054 2276 2092 τὸν

1237 2102 1428 2152 Αἰγινήτην
1459 2122 1474 2136 «
1495 2104 1634 2148 ἐπέξαθ’
1653 2108 1670 2143 6
1693 2106 1798 2158 Κριὸς
1821 2109 1883 2144 οὐκ
1908 2108 2061 2152 ἀεικέως.
2084 2128 2099 2143 υ
2120 2111 2275 2163 φαίνεται
2294 2136 2328 2160 30

1237 2161 1266 2197 δ’
1284 2162 1476 2211 εὐδοκιμεῖν
1494 2162 1553 2199 καὶ
1571 2162 1739 2215 διαφανὴς
1755 2158 1853 2202 εἶναι.
1869 2172 1907 2202 R.
1923 2174 1963 2203 V.
1980 2165 2100 2217 [[τοῧτο
2117 2169 2156 2206 τὸ
2174 2169 2276 2219 μέλος

1238 2218 1434 2268 Σιμωνίδου
1455 2219 1489 2263 ἐξ
1509 2219 1663 2258 ἐπινίκου

2298 1849 2331 1872 25

1359 2311 1477 2347 ἐπέξαθ’
1490 2312 1506 2343 ὁ
1520 2312 1602 2353 κριὸς
1619 2313 1677 2344 οὐκ
1693 2313 1831 2350 ἀεικέως.

1234 2380 1274 2429 ἦν
1300 2385 1335 2424 δὲ
1365 2386 1562 2434 παλαιστὴς
1590 2388 1790 2438 Αἰγινήτης.
1873 2389 2016 2434 Ἄλλως.
2046 2394 2090 2444 τῇ
2115 2392 2199 2445 πρὸς
2225 2393 2264 2431 τὸ

1234 2446 1319 2497 ζῷον
1344 2445 1505 2496 κοινωνία
1536 2447 1597 2491 τῆς
1621 2445 1742 2490 λέξεως
1771 2447 1953 2492 συνέπλεξε
1973 2448 2034 2492 τὰς
2055 2450 2233 2495 κοινωνίας
2253 2454 2270 2488 6
2289 2479 2323 2501 35

1232 2502 1376 2549 ποιητὴς
1397 2503 1505 2553 λέγων
1533 2522 1548 2536 «
1570 2503 1705 2548 ἐπέξαθ’
1727 2507 1745 2542 ὅ
1770 2504 1863 2557 κριὸς
1884 2508 1944 2544 οὐκ
1974 2507 2132 2555 ἀεικέως,
2163 2509 2270 2548 ἐλθὼν

1233 2579 1247 2592 «
1269 2562 1315 2604 εἷς
1335 2560 1468 2613 δένδρον
1486 2561 1615 2612 ἀγλαὸν
1635 2561 1714 2606 Διὸς
1734 2562 1884 2613 τέμενος.
1903 2582 1918 2597 »
1940 2564 2096 2617 φαίνεται
2113 2566 2148 2604 δὲ
2169 2569 2265 2606 εὐδο-

1231 2619 1344 2668 κιμεῖν
1361 2618 1421 2656 καὶ
1440 2618 1607 2671 διαφανὴς
1626 2613 1725 2660 εἶναι.
1747 2621 1786 2659 τὸ
1807 2621 1843 2659 δὲ
1864 2621 1993 2674 ἐπέχθη
2014 2623 2073 2661 καὶ
2098 2622 2154 2662 διὰ
2175 2629 2234 2663 τοῦ
2253 2642 2268 2663 ε

1230 2677 1330 2729 ψιλοῦ
1348 2675 1419 2713 ἀπὸ
1435 2680 1494 2714 τοῦ
1509 2675 1624 2722 πέκω,
1645 2677 1705 2715 καὶ
1723 2679 2082 2733 διφθογγογραφεῖται.
2102 2706 2154 2711 -——
2168 2687 2268 2722 τοῦτο

1229 2734 1268 2772 τὸ
1285 2733 1387 2785 μέλος
1398 2736 1436 2772 ἐκ
1452 2736 1520 2771 τῶν
1539 2737 1599 2771 τοῦ
1614 2735 1808 2784 Σιμωνίδου
1825 2738 1932 2776 ἐστίν.
1954 2741 2078 2782 ἐκεῖνος
2091 2739 2157 2792 γὰρ
2177 2740 2266 2778 οὕτω
2284 2765 2319 2789 40

1229 2792 1331 2845 φησὶν
1351 2811 1365 2827 ιι
1385 2791 1521 2836 ἐπέξαθ’
1544 2795 1562 2828 6
1580 2791 1698 2844 καιρὸς
1717 2795 1778 2830 οὐκ
1798 2795 1962 2847 ἀκαίρως.
1985 2815 1998 2829 υ
2019 2791 2060 2841 ἦν
2083 2797 2118 2834 δὲ
2135 2800 2153 2834 ὃ
2172 2799 2265 2849 κριὸς

1228 2845 1324 2894 οὗτος
1337 2849 1534 2895 παλαιστὴς
1548 2849 1746 2899 Αἰγινήτης.
1766 2858 1841 2896 LB„
1859 2859 1946 2889 Harl.
1968 2853 2080 2905 5.]‹5J;
2099 2854 2227 2905 ἐπέχθη
2249 2871 2256 2894 :

1227 2911 1272 2952 ὡς
1291 2908 1415 2960 ἐκάρη.
1438 2914 1530 2944 R.v.

1282 2980 1361 3005 1357.
1394 2966 1538 3018 ἀρχαῖον
1559 2978 1567 3002 :
1584 2964 1742 3016 [Mmpo'v.
1760 2971 2008 3019 παραιτοῦνται
2025 2968 2060 3006 δὲ
2077 2971 2107 3007 οἱ
2123 2970 2261 3022 φιλόσο-

1226 3040 1281 3076 φοι
1309 3024 1347 3062 τὸ
1378 3022 1560 3075 κιθαρίζειν
1590 3022 1624 3058 ἐν
1645 3025 1694 3073 τῷ
1722 3023 1843 3061 πίνειν.
1873 3026 2004 3076 κάχρυς
2023 3025 2076 3072 δὲ,
2098 3027 2173 3064 ἀντὶ
2201 3032 2260 3066 τοῦ
2279 3052 2313 3077 45

1224 3081 1342 3134 κριθὰς
1361 3078 1613 3134 πεφρυγμένας.
1634 3078 1754 3131 ᾅδουσι
1775 3082 1809 3119 δὲ
1830 3084 1865 3119 αἱ
1886 3083 2076 3128 ἀλήθουσαι
2095 3084 2180 3136 ὑπὲρ
2200 3089 2260 3123 τοῦ

1223 3139 1527 3192 παραπέμψασθαι
1554 3135 1612 3173 τὸν
1639 3138 1829 3192 κάματον]
1857 3140 1990 3184 οὐδενὸς
2021 3141 2122 3192 λόγου
2150 3142 2257 3193 ἄξιον7

1221 3198 1390 3250 ληρῶδες,
1409 3193 1595 3248 (ἀνόητον).
1614 3201 1650 3230 R·
1668 3203 1708 3232 V·

1277 3267 1356 3292 1358.
1387 3254 1537 3305 ὡσπερεὶ
1556 3254 1687 3306 κάχρυς
1704 3268 1713 3293 t
1732 3254 1903 3306 Καθάπερ
1923 3255 1999 3293 τινὰ
2019 3262 2165 3307 γυναῖκα
2183 3272 2258 3307 κρι-

1224 3310 1283 3355 θὰς
1297 3313 1463 3350 ἀλοῦσαν.
1483 3311 1664 3349 διαὸάλλει
1685 3312 1720 3349 δὲ
1736 3312 1927 3358 λεληθότως
1945 3313 1984 3350 τὸ
1999 3316 2066 3350 τῶν
2086 3318 2254 3364 γυναικῶν
2274 3333 2308 3355 50

1220 3369 1334 3419 γένος,
1349 3363 1402 3412 αἷς
1419 3368 1516 3421 ἔργον
1531 3369 1638 3406 πίνειν
1652 3369 1723 3419 (καὶ
1735 3368 1848 3420 ἕτερόν
1862 3386 1895 3406 τι
1913 3370 2236 3422 διαπραττομέναις)

1221 3450 1269 3459 —v
1292 3427 1446 3478 κάγχρυς
1468 3441 1476 3465 z
1497 3427 1748 3479 Πεφρυγμένας
1765 3428 1891 3479 κριθάς.
1914 3436 1972 3464 Br.

2139 3500 2164 3524 9.
