2517 3792
854 201 1010 238 lxbtlx
1041 202 1269 239 Nomlxtjii
1308 203 1369 240 ΕΤ
1399 205 1585 243 RERUM.

206 296 314 319 avium
330 288 418 320 urbis
434 287 607 320 subnatum
621 296 708 320 essct
723 288 912 320 Pisthetaero
925 292 956 320 et
975 290 1033 330 ipsi
1056 299 1182 329 persna-

204 335 345 373 deretur,
359 338 515 372 92-195,
535 344 627 373 avos,
643 344 722 375 quas
740 344 842 375 gra-ce
864 336 1040 376 intelligere
1061 336 1182 368 didice-

205 383 266 418 rat,
280 381 435 412 Lusciniae
449 382 557 413 uxoris
571 382 747 421 lenociniis,
766 383 796 413 in
811 383 997 414 concionem
1012 386 1181 423 convocat,

209 430 381 466 199-262,
397 430 428 459 01
441 428 645 460 advenientes
665 438 737 469 quir
754 429 818 460 sint
838 430 1018 470 hospitibus
1030 432 1180 471 explicat,

204 477 260 506 271
276 483 347 514 sqq.
364 484 375 504 .·
392 474 423 505 111
438 474 555 514 quibus
570 479 618 506 est
638 476 733 507 etiam
752 476 833 507 alins
858 480 960 517 Epops
979 477 1070 508 valde
1096 478 1178 516 vilis,

201 529 266 552 non
282 521 458 560 Sophoclis,
473 524 508 552 ut
522 522 599 562 ipse,
623 523 677 553 sed
703 523 849 554 Philoclis
872 525 1008 563 trayici,
1029 528 1088 556 280
1107 534 1178 564 sqq.

202 568 320 599 Avibus
337 568 495 600 hostiliter
516 569 656 600 advenas
683 570 910 601 invmlentibus
925 571 1092 610 persuadet
1112 580 1180 602 esse

199 614 271 646 illos
292 614 462 654 populares
477 615 548 655 sibi,
565 616 700 655 amicos,
716 617 940 654 dexteri-imos,
955 626 972 648 3
986 617 1105 657 quibus
1119 618 1178 647 nti-

198 660 320 693 lissima
335 660 459 693 discere
476 665 628 702 possent3
652 666 683 694 ct
708 663 904 694 audientium
931 663 1179 694 Atheniensibus

197 715 280 747 aegre
304 710 413 748 parat,
444 712 629 748 311-438;
652 709 768 741 deinde
795 711 972 741 Pinnem-ri
1002 710 1178 740 orationem

196 753 340 793 adjuvat,
368 758 552 795 477-610;
580 759 737 788 monstrat
775 757 938 796 quomodo
971 756 1030 787 alis
1066 756 1178 787 instrui

198 800 323 840 possint
349 801 505 841 advenae,
529 812 610 842 quos
636 803 770 843 prandio
798 798 934 843 excipit,
960 803 1037 833 1111111
1060 806 1178 834 Procne

196 855 277 878 uxor
294 848 336 879 ab
351 849 421 888 ipso
438 853 571 880 evocata
587 849 736 880 cantibus
753 849 888 880 chorum
907 850 1058 887 oblectat,
1078 852 1179 880 638—

196 896 268 926 675.
284 895 381 927 Adest
395 896 549 927 sacrificio
563 906 628 937 quo
642 905 758 927 nomen
780 896 850 927 urbi
874 905 968 927 novae
985 895 1127 936 ponitur,
1147 898 1178 927 et

195 941 343 973 custodia
359 941 427 981 eJus
444 943 666 980 constituitur,
682 945 859 974 809-835.

155 990 275 1028 Epopta
291 998 372 1028 esse,
390 990 582 1028 ἐποπτεύειν,
607 990 821 1029 eontinqebat
849 997 941 1020 anno
964 991 1042 1028 post
1058 990 1177 1020 initia-

196 1036 321 1067 tionem
337 1037 372 1067 in
390 1038 567 1076 mysteria,
583 1038 670 1067 Ran.
687 1038 746 1067 745
767 1037 800 1066 et
816 1037 886 1066 not.
902 1034 996 1066 Adde
1012 1035 1174 1074 Mysleria.

154 1084 323 1121 Equestres
350 1091 464 1113 cursus
493 1084 639 1123 antiquo
660 1084 732 1113 ritu
758 1083 908 1113 instituti
931 1081 1176 1121 posterioribus

192 1127 310 1159 diebus
313 1128 490 1167 festorum
502 1130 745 1167 certaminum,
760 1130 801 1160 ut
813 1130 1076 1168 Apaturiorum.
1091 1130 1174 1159 Pac.

192 1176 264 1213 899,
283 1177 354 1206 901.

152 1219 282 1260 Equites
293 1220 393 1260 mille,
406 1221 529 1253 classis
545 1222 673 1252 civium
687 1221 958 1259 Atheniensium,
976 1221 1064 1252 exosi
1087 1221 1176 1252 Cleo-

190 1275 278 1306 nem,
293 1269 358 1308 Eq.
377 1272 435 1300 225
450 1276 539 1308 sqq.,
553 1268 624 1299 sch.
641 1272 710 1300 226.
728 1270 835 1299 Prius
848 1270 949 1300 erant
967 1270 1039 1306 600,
1054 1270 1176 1308 postea

192 1317 282 1353 1200,
298 1316 363 1355 Eq.
381 1317 453 1347 627.
471 1315 601 1354 Equites
616 1316 765 1347 Cleonem
784 1315 926 1346 reddere
941 1317 1065 1355 coquat
1082 1316 1174 1355 quin-

187 1369 253 1400 que
268 1361 400 1401 talenta,
418 1361 542 1402 quibus
558 1370 593 1393 se
609 1362 652 1393 ab
668 1362 840 1392 insulanis
858 1363 1033 1401 corrumpi
1049 1370 1174 1401 passus

188 1410 279 1447 erat,
301 1408 382 1440 Ach.
401 1413 432 1447 6,
448 1411 478 1440 7.
493 1409 622 1449 Equites
636 1408 731 1440 video
743 1408 796 1448 (de
809 1417 842 1440 re
855 1408 1071 1448 admiranda),
1086 1411 1172 1440 Itan.

188 1458 260 1487 653.

149 1501 287 1542 Equites,
305 1503 544 1543 Aristophanis
549 1502 683 1542 fabula
698 1505 846 1543 eyn-eyia,
862 1504 992 1534 Lenoeis
1005 1503 1174 1534 stratocle

189 1550 356 1582 archonte
371 1551 432 1591 (Ol.
459 1554 511 1590 88,
527 1553 557 1588 4)
574 1553 607 1582 in
623 1560 761 1582 scenam
775 1551 859 1582 data
876 1551 918 1582 ab
944 1551 1173 1590 Aristophane

187 1598 276 1636 ipso,
300 1599 361 1637 qui
382 1599 475 1636 vicit,
505 1601 583 1638 Ara.
605 1600 668 1638 Eq.
698 1600 750 1630 ΙΙ.
779 1600 843 1629 Est
862 1600 1019 1638 primum
1047 1597 1172 1629 drama

186 1645 428 1685 Aristophanis
447 1648 481 1677 in
497 1645 710 1684 didascaliis,
736 1649 827 1686 i'esp.
854 1650 943 1677 1030.
965 1648 1005 1677 111
1025 1655 1064 1677 ea
1082 1646 1172 1686 Equi-

186 1694 245 1729 tes,
262 1699 281 1722 a
306 1693 525 1724 Demosthene
553 1692 715 1732 advocati,
739 1693 899 1733 prodeunt
921 1693 1072 1724 Cleonem
1098 1702 1171 1723 cum

187 1738 300 1770 multis
325 1739 516 1771 criminibus
540 1742 780 1779 persequentes,
799 1743 973 1771 247—277.
998 1744 1088 1771 Nova
1115 1740 1172 1770 cri·

185 1785 274 1816 mina
296 1785 330 1816 in
351 1785 501 1817 Cleonem
522 1789 554 1818 et
571 1787 742 1826 pessimam
768 1788 838 1826 ejus
860 1787 1170 1817 administrationem

186 1832 373 1872 reipublicae
392 1833 529 1872 jaciunt,
557 1836 617 1865 304
639 1843 726 1874 sqq.,
743 1834 948 1874 gaudentque
967 1843 1041 1865 eum
1058 1834 1099 1864 ab
1114 1834 1172 1863 im-

184 1879 313 1919 puriore
337 1879 497 1918 dejectum
520 1880 572 1919 iri,
599 1884 659 1912 328
687 1890 760 1922 sqq.
782 1881 923 1912 Incitant
947 1881 1169 1920 Agoracritum

184 1926 221 1956 ut
242 1934 317 1957 eum
351 1925 540 1965 adoriatur,
570 1930 630 1958 333
655 1936 704 1967 sq.
733 1931 926 1967 Quanquam
958 1927 1170 1966 intelligentes

184 1972 407 2012 Agoracritum
436 1973 622 2013 impudente
659 1973 777 2004 Cleoue
804 1982 872 2005 esse
897 1973 1168 2013 impudentiorem

183 2021 217 2049 et
228 2018 507 2058 confidentiorem,
524 2022 600 2050 vota
615 2028 673 2059 pro
693 2029 731 2051 eo
753 2020 876 2051 faciunt
897 2020 1024 2051 Cleonis
1049 2021 1168 2059 injusta

184 2065 272 2096 lucra
293 2068 515 2106 exsecrantes,
536 2069 713 2099 384—408.
730 2068 870 2098 incitant
905 2070 937 2098 et
972 2067 1169 2098 admirantur

183 2113 420 2152 Agoracritum,
444 2114 500 2153 qui
520 2114 674 2145 Cleonem
698 2114 860 2153 verberat,
878 2116 938 2145 453
962 2122 1033 2154 sqq.
1053 2114 1169 2145 Cleone

184 2158 331 2198 ipsorum
344 2161 600 2200 conjurationem
611 2161 643 2191 in
659 2163 773 2192 senatu
788 2160 943 2193 delatum,
958 2160 1169 2191 exstimulant

182 2206 402 2244 Agoracritum
431 2207 505 2238 allio
524 2210 555 2239 et
577 2207 870 2245 exhortationibus,
909 2209 945 2237 ut
982 2206 1169 2246 insequatur

182 2260 258 2283 eum
282 2254 315 2283 et
336 2253 369 2283 in
390 2257 501 2285 senatu
530 2254 671 2294 graviter
696 2253 844 2292 invadat,
865 2256 1041 2285 482—502.
1066 2258 1167 2284 Deum

182 2306 278 2329 suum
291 2300 478 2338 Neptunum
491 2299 660 2339 splendido
674 2300 793 2338 hymno
808 2299 978 2337 advocant,
991 2302 1164 2330 541—564.

182 2346 306 2377 Laudes
333 2345 458 2377 bellicae
494 2346 695 2377 strenuitatis
725 2350 871 2377 veterum
904 2346 1165 2385 Allieniensiuni;

180 2392 374 2432 vituperatio
387 2401 455 2424 suae
468 2394 572 2425 aetatis
589 2394 724 2430 ducum,
746 2394 883 2424 honores
899 2397 930 2424 et
944 2394 1076 2433 praemia
1093 2397 1167 2426 ante

181 2447 322 2478 pugnam
335 2440 549 2480 poscentium,
566 2443 740 2472 565—580.
765 2440 927 2471 Palladem
944 2440 1039 2471 [rbis
1055 2441 1165 2481 praesi-

182 2485 255 2517 dem
273 2489 306 2518 et
329 2487 504 2519 Victoriam
529 2488 651 2527 hymno
674 2488 845 2527 advocant,
866 2491 1040 2519 581-594.
1066 2492 1164 2528 Equo-

181 2544 252 2566 rum
270 2544 405 2568 suorum
420 2537 574 2568 virtutem
598 2536 744 2567 bellicam
764 2536 796 2566 in
817 2536 897 2566 mari
920 2537 1013 2576 plane
1031 2536 1166 2574 singula—

183 2590 252 2613 rem
293 2583 490 2623 praedicant,
541 2584 718 2614 595-610.
755 2584 918 2613 Laetantur
949 2582 989 2613 de
1031 2583 1164 2613 victoria

180 2631 370 2670 Agoracriti,
399 2634 584 2670 616—623‚
614 2631 702 2671 quod
739 2631 931 2661 sceleratum
964 2632 1164 2670 superaverit

180 2677 376 2718 sceleratior,
388 2681 420 2709 et
433 2678 588 2710 auxilium
603 2687 696 2709 suum
711 2678 739 2709 ei
752 2678 960 2718 promittunt,
973 2678 1164 2709 adveniente

180 2724 316 2764 Cleone,
349 2728 524 2757 683—690.
563 2725 788 2765 Agoracritum
828 2725 861 2755 in
901 2725 1056 2756 concione
1089 2734 1163 2756 cnm

179 2771 297 2802 Cleone
321 2773 444 2803 certare
475 2772 622 2812 jussum,
646 2774 720 2803 uter
746 2771 905 2811 Populum
935 2771 1037 2811 magis
1059 2774 1161 2810 amet,

181 2817 274 2849 enixe
297 2817 524 2856 exhortantur,
542 2821 712 2856 756—762,
740 2820 915 2849 836—842.
940 2817 1088 2848 Cleonem
1111 2819 1164 2850 de-

181 2865 317 2903 vovent3
344 2873 482 2904 puerum
512 2874 610 2895 unam
638 2866 773 2906 Δωριστὶ
804 2873 830 2895 s.
864 2864 1066 2905 δωροδοκιστὶ
1095 2865 1164 2895 har·

180 2910 325 2942 moniam
338 2911 479 2950 potuisse
498 2911 677 2950 addiscere,
696 2914 872 2943 973-996.
889 2912 1084 2943 Praeclarum
1107 2911 1162 2942 im-

181 2957 305 2996 perium
335 2957 538 2997 gratulantur
568 2958 709 2998 Populo,
741 2957 797 2989 sed
832 2958 984 2989 mobilem
1021 2966 1090 2989 esse
1131 2959 1163 2989 et

180 3003 400 3035 adulatoribus
418 3004 594 3035 obnoxium
614 3007 758 3042 monent,
789 3007 1004 3043 1111-1120;
1021 3006 1163 3035 mactan-

179 3050 239 3081 dos
264 3058 335 3081 esse
363 3050 488 3081 furaces
510 3050 682 3090 praesides,
718 3054 755 3081 ut
788 3051 968 3090 piaculares
1003 3050 1162 3089 publicos,

184 3099 397 3128 1131—1140.
421 3096 564 3128 Victores
595 3106 709 3128 canere
740 3097 966 3128 dulcissimum
992 3105 1072 3135 esse,
1103 3105 1163 3127 nec

178 3145 292 3184 sponte
313 3143 470 3174 lacessere
485 3144 696 3182 Lysistratum
715 3153 773 3175 nec
789 3144 985 3174 Thumantin
1001 3144 1097 3174 domo
1113 3152 1163 3174 ca-

180 3192 316 3228 rentem,
334 3193 549 3221 1263-1273-
563 3191 625 3221 Sed
642 3190 818 3222 maledictis
830 3190 989 3220 lacessunt
1003 3189 1161 3220 notissimi

180 3235 322 3274 Arignoii
356 3235 488 3267 fratrem
517 3237 688 3276 ignobilem
720 3235 943 3276 Ariphradem,
969 3234 1161 3274 turpissimis

179 3282 367 3314 libidinibus
404 3284 616 3322 coopertum,
658 3282 882 3319 1274—1289;
910 3280 950 3311 de
987 3280 1162 3319 Cleonymo

178 3329 316 3360 divitum
331 3328 415 3360 bona
431 3329 617 3360 comedente
630 3330 788 3369 iocantur,
806 3331 1022 3365 1290-1299;
1043 3329 1076 3358 et
1100 3328 1160 3358 im-

179 3376 412 3417 probissimum
434 3385 571 3416 vappam
594 3376 816 3416 Hyperbolum
841 3376 968 3413 notant,
988 3383 1083 3413 quem
1106 3374 1160 3404 tri-

179 3432 282 3455 remes
303 3423 343 3454 ad
373 3424 613 3464 expeditionem
648 3423 681 3454 in
716 3421 951 3455 Chalcedonem
987 3421 1158 3461 postulatae

2187 212 2257 250 651

1285 300 1412 323 summa
1431 293 1460 323 11
1480 295 1646 333 respuant,
1677 296 1889 327 1300—1315.
1913 297 2053 328 Maxima
2081 297 2194 329 laetitia
2212 308 2262 330 sa-

1284 337 1388 370 lutant
1418 340 1574 378 Populum
1611 342 1775 372 recoctum
1806 344 1838 373 et
1874 344 2076 375 Marathonio
2101 344 2262 384 splendori

1284 385 1460 423 redditum,
1493 389 1570 417 1319
1593 395 1656 426 sq„
1690 390 1767 419 1329
1789 397 1838 429 sq.
1854 391 1991 429 —Quid
2015 391 2046 421 in
2071 390 2131 422 hac
2155 391 2262 423 sabula

1282 440 1378 462 ausus
1392 433 1489 463 fuerit
1501 434 1534 464 et
1544 442 1608 473 quo
1623 442 1777 466 successu
1793 437 1926 476 exponit
1940 440 2037 478 poeta
2057 439 2149 478 is'esp.
2184 442 2258 470 1021

1280 482 1413 509 -1036.

1240 525 1356 562 Equus.
1377 529 1537 564 Equorum
1552 525 1674 565 species
1690 526 1860 566 varim,sr.
1881 531 1949 568 136,
1968 533 2037 568 136,
2059 534 2126 562 137.
2147 533 2261 571 Equos

1281 570 1376 600 alere
1409 571 1547 601 Athenis
1586 574 1936 613 sumptuosissiinum,
1974 575 2061 606 Ναὶ).
2104 580 2151 614 12,
2189 579 2248 608 243

1282 619 1458 656 Equorum
1484 619 1679 657 (Equitum)
1694 619 1852 658 probatio
1877 630 1984 661 usque
2010 622 2056 652 ad
2084 631 2262 662 vesperam

1279 662 1472 694 ducebatur
1489 664 1639 702 Athenis,
1664 665 1739 695 Aeli.
1763 671 1851 697 1165.
1878 668 1956 707 Equi
1984 671 2159 700 certatores
2183 670 2260 702 dicti

1279 708 1443 749 ἀδηφάγοι,
1468 710 1524 748 fr.
1553 713 1624 741 574.
1652 714 1760 750 Equus
1786 712 1891 751 albus,
1916 723 1978 745 cur
2007 723 2027 745 a
2060 715 2261 747 mulieribus

1280 756 1488 794 immoletur,
1505 757 1721 795 conjecturse,
1748 759 1825 796 Lys.
1849 763 1899 790 191
1924 769 1973 800 sq.
1993 761 2086 791 Adde
2111 761 2151 792 de
2173 765 2261 793 notis

1278 809 1365 841 quas
1384 803 1480 842 equis
1498 802 1694 841 inurebant,
1715 805 1899 844 committas,
1917 808 2118 847 Saniplioras.
2144 810 2261 848 Equus

1278 857 1392 879 teneus
1409 850 1443 879 in
1461 857 1541 879 arce
1554 849 1767 880 Athenarum
1791 850 1987 891 dedicatus,
2005 853 2051 884 ad
2064 854 2259 886 similitudi-

1280 903 1355 925 nem
1372 896 1449 934 equi
1470 895 1623 933 Trojani,
1644 904 1674 926 v.
1694 896 1822 926 Durius.

1236 944 1370 979 Eranus,
1391 941 1508 981 ἔρανος,
1528 941 1653 972 donum
1679 944 1712 972 in
1733 943 1915 983 publicum
1939 944 2075 984 datum,
2095 946 2185 986 quod
2204 949 2261 987 qui

1279 995 1345 1018 non
1369 986 1528 1026 dedisset,
1557 988 1752 1020 habebatur
1784 990 1913 1030 ἄτιμος,
1933 992 2014 1024 Ach.
2043 996 2115 1024 615.
2143 997 2262 1025 Eranus

1277 1034 1387 1065 avitus
1403 1034 1656 1066 Atheniensium
1671 1044 1711 1066 ex
1727 1040 1894 1069 Persarum
1916 1037 2000 1069 bello
2017 1062 2025 1077 ,
2044 1041 2122 1079 Lys.
2141 1044 2212 1070 651.

1236 1081 1417 1112 Erasinides
1434 1080 1529 1112 classi
1555 1082 1727 1122 praefectus
1752 1084 1798 1115 ad
1824 1087 2042 1124 Aryinusani,
2057 1088 2181 1125 capitis
2197 1087 2257 1117 du-

1276 1130 1418 1159 mnatus
1448 1130 1481 1159 et
1519 1131 1647 1160 occisus
1657 1141 1670 1167 ,·
1696 1131 1884 1162 secundum
1917 1134 2131 1163 Demetrium
2155 1135 2258 1164 etiam

1270 1174 1367 1214 furti
1394 1177 1577 1206 accusatus
1593 1178 1826 1215 pecuniarum
1850 1179 1884 1208 in
1912 1178 2144 1218 Hellesponto,
2172 1182 2257 1210 Ran.

1280 1224 1370 1252 1196.

1234 1268 1491 1306 Ε1·(1το.ςΐ1101103,
1509 1268 1717 1300 bibliothecce
1728 1269 1977 1302 Alexandrinae
1999 1273 2112 1303 custos
2125 1274 2260 1311 positus

1275 1323 1298 1346 a
1314 1316 1499 1347 Ptolemoeo
1512 1315 1754 1355 Philadelpho,
1774 1317 1868 1348 Prol.
1886 1319 1951 1356 IX,
1975 1326 2009 1356 a,
2029 1321 2079 1356 27,
2091 1327 2128 1358 p.
2159 1320 2258 1357 XIX;

1275 1363 1320 1401 X,
1337 1371 1369 1401 a,
1387 1367 1436 1394 26.
1459 1362 1700 1394 Eratosthenis
1713 1365 2013 1395 commorationem
2027 1365 2167 1396 Athenis
2181 1373 2260 1396 nar-

1275 1411 1333 1440 rat
1355 1410 1505 1448 Polemo,
1522 1412 1580 1440 Av.
1607 1413 1653 1440 11.

1233 1455 1354 1487 Erebus
1377 1456 1408 1487 in
1433 1456 1593 1496 principio
1618 1459 1698 1495 erat,
1721 1456 1754 1487 in
1777 1457 1871 1496 cujus
1895 1457 2022 1489 infinito
2042 1458 2164 1498 gremio
2189 1463 2259 1490 Nox

1275 1511 1374 1532 ovum
1390 1503 1526 1542 peperit,
1547 1502 1632 1533 uude
1648 1507 1758 1541 Amor,
1773 1506 1829 1534 Αυ.
1848 1507 1907 1535 693
1931 1513 2020 1545 sqq.,
2043 1508 2114 1536 691.
2139 1505 2259 1537 Erebus

1274 1548 1396 1586 peperit
1412 1557 1518 1579 aerem
1535 1548 1698 1587 nubilum,
1713 1551 1771 1580 Aa.
1794 1551 1883 1580 1194.

1233 1595 1439 1633 Erechtheus,
1457 1597 1520 1636 Eq,
1541 1596 1693 1634 1022,fr.
1713 1601 1763 1627 22.
1782 1599 1919 1629 Creusa>
1932 1599 2046 1637 pater,
2060 1598 2148 1629 Nub.
2167 1601 2255 1630 1468.

1274 1642 1458 1673 Erechthei
1486 1642 1643 1673 sacerdos
1662 1643 1849 1674 umbellam
1877 1644 1995 1674 albam
2009 1668 2019 1682 ,
2041 1648 2146 1684 σκῖρον
2161 1669 2171 1682 ,
2179 1645 2259 1683 sert

1272 1691 1374 1720 Sciris
1386 1688 1474 1727 sesto
1486 1714 1496 1727 ,
1518 1690 1612 1720 Eccl.
1633 1693 1678 1721 18.
1694 1708 1736 1715 —
1749 1690 1944 1721 Erechtheus
1959 1691 2036 1730 (non
2067 1694 2116 1722 est
2140 1692 2258 1723 Aristo·

1272 1736 1386 1774 phanis
1406 1736 1541 1775 sabula),
1558 1745 1594 1776 p.
1613 1739 1687 1775 446,
1702 1746 1736 1768 a.

1231 1783 1425 1814 Erechthida
1439 1783 1677 1822 (Atheniensis),
1694 1786 1757 1824 Eq.
1777 1787 1867 1821 1015,
1887 1786 1976 1814 1030.

1231 1831 1384 1868 Eretria,
1403 1830 1492 1861 Ναὶ).
1511 1833 1561 1861 46.
1580 1833 1794 1862 Eretrienses
1813 1833 1847 1861 in
1864 1830 1995 1861 Euboea
2015 1830 2058 1861 ab
2076 1830 2257 1862 Athenien-

1271 1876 1364 1907 sibus
1378 1877 1440 1907 sub
1458 1878 1593 1909 Pericle
1610 1878 1748 1916 obsessi,
1774 1877 1819 1908 ib.
1844 1880 1915 1908 213.
1939 1877 1985 1908 Ob
2004 1877 2185 1909 luxuriam
2202 1887 2258 1910 no-

1273 1925 1408 1962 tantur,
1425 1924 1466 1954 ib.
1486 1926 1537 1954 48.
1559 1926 1769 1955 Eretriensis
1782 1924 1968 1963 dialectus,
1984 1924 2027 1955 ib.
2043 1926 2095 1963 46,
2112 1927 2162 1956 48.

1230 1971 1392 2009 Ergasion,
1412 1979 1532 2001 nomen
1551 1971 1724 2010 (ιφ-κοῖα),
1746 1973 1841 2011 l'esp.
1863 1975 1950 2002 1201.

1229 2019 1393 2056 Eryinus,
1408 2020 1512 2057 pater
1528 2017 1721 2057 Ayamedis‚
1740 2018 1828 2049 Ναί).
1848 2020 1921 2049 508.

1230 2065 1476 2097 Erichthonius
1495 2075 1501 2095 :
1520 2066 1563 2096 ab
1590 2074 1625 2095 eo
1646 2066 1834 2098 deducitur
1860 2075 1929 2097 nios
1962 2074 2028 2106 quo
2057 2066 2181 2102 θαὶλοὺς
2206 2074 2256 2105 ye-

1271 2114 1368 2143 stant
1397 2121 1489 2143 senes
1523 2115 1556 2142 in
1587 2121 1714 2152 pompa
1747 2113 2038 2151 Panathenaico,
2067 2112 2256 2144 secundum

1269 2159 1527 2196 Philocliorum,
1554 2161 1646 2197 I'esp.
1663 2161 1734 2189 544.

1229 2206 1389 2243 Ericusa,
1404 2205 1447 2235 ab
1460 2205 1589 2245 &psi-,em
1610 2205 1718 2243 dicta,
1733 2204 1789 2235 Pl.
1803 2206 1874 2235 586.

1228 2252 1368 2290 Erinyes.
1391 2252 1470 2282 i'ule
1488 2251 1602 2282 Furiae.

1228 2298 1330 2328 Eriole
1345 2298 1447 2335 (lusus
1463 2299 1495 2328 in
1511 2307 1549 2328 eo
1564 2298 1690 2336 verbo),
1710 2299 1804 2337 I'esp.
1823 2297 1913 2329 1148.

1228 2346 1377 2376 Eriunius
1398 2346 1590 2383 Mercurius,
1609 2349 1695 2377 Itan.
1719 2348 1806 2376 1144.

1227 2395 1330 2430 Ersa,
1356 2395 1512 2432 Cecropis
1533 2392 1628 2429 11110,-
1648 2394 1676 2423 ei
1688 2401 1819 2432 pompa
1842 2390 2148 2431 virqinumfiebat,
2174 2392 2250 2429 Lys.

1268 2442 1338 2470 641.
1355 2439 1446 2470 Adde
1464 2444 1573 2470 Hersa.

1226 2488 1256 2517 E
1260 2486 1404 2526 rythrce.
1426 2486 1667 2526 Erythrarum
1687 2487 1797 2517 Ioniae
1809 2487 2099 2526 promontorium,
2124 2486 2160 2515 in
2186 2493 2253 2524 quo

1266 2541 1373 2563 arena
1389 2532 1555 2571 ovantia-q,
1576 2535 1663 2563 Ran.
1683 2535 1754 2563 712.

1225 2579 1417 2618 Erythrcea
1434 2579 1578 2619 Sibylla,
1596 2581 1654 2609 Aa.
1673 2582 1746 2617 962,
1772 2580 1836 2619 Eq.
1859 2581 1910 2609 61.
1929 2577 2132 2617 Erythraeum
2150 2585 2252 2613 mare,

1266 2628 1297 2656 E
1323 2650 1330 2655 .
1353 2627 1441 2656 1088.

1224 2635 1335 2712 Erquis
1354 2672 1519 2703 Philoxeni
1534 2672 1784 2711 perstrinyitur
1798 2673 1839 2702 ut
1854 2669 2021 2709 deformis
2035 2670 2068 2700 et
2082 2677 2249 2707 morosus,

1265 2719 1453 2750 secundum
1469 2720 1581 2750 atium
1603 2718 1707 2750 schol.
1726 2719 1765 2749 ut
1781 2717 1984 2755 κτηνοὸάτης,
2002 2719 2087 2748 Ran-
2106 2718 2179 2747 934.

1224 2770 1355 2805 Euaeon,
1386 2768 1421 2797 in
1444 2766 1691 2797 Ecclesiazusis
1722 2764 1939 2796 dexterrimus
1973 2765 2094 2801 orator,
2129 2761 2248 2799 nudus,

1265 2822 1453 2854 quanquam
1468 2812 1594 2844 dicebat
1609 2821 1643 2842 se
1661 2811 1778 2842 habere
1794 2811 1940 2851 pallium,
1955 2810 2133 2841 orationem
2153 2808 2249 2839 babet.

1264 2860 1406 2891 maxime
1424 2859 1626 2899 popularem,
1645 2860 1822 2889 408-421,

1223 2911 1253 2941 E
1258 2916 1353 2940 uaeus
1380 2907 1528 2945 (Eviusf’
1559 2906 1714 2937 Eusiusf'
1745 2913 1775 2935 v.
1800 2903 1882 2943 not.)
1908 2903 2050 2933 vocatus
2078 2900 2247 2937 Bacchus,

1264 2958 1322 2986 Ac.
1342 2957 1412 2985 875.

1223 3000 1440 3040 Euonymus
1455 2999 1562 3038 pater
1581 2995 1803 3033 Chaeredeini,
1819 2996 1878 3026 Av.
1900 2996 1988 3025 1128.

1222 3048 1384 3086 Euathlus,
1406 3047 1524 3076 orator
1544 3043 1670 3080 uzalim,
1690 3042 1832 3082 loquax,
1859 3040 1995 3078 τοξότης,
2019 3039 2246 3080 εὐρύπρωκτος,

1263 3094 1344 3126 Ach.
1372 3095 1443 3130 710,
1476 3090 1572 3122 Holc.
1590 3088 1646 3127 fr.
1666 3092 1746 3126 362,·
1768 3089 1888 3118 orator
1911 3086 2127 3127 sycophanta
2155 3094 2247 3126 soepe

1263 3150 1284 3172 a
1303 3141 1444 3172 Cornicis
1459 3137 1681 3172 memoratus,
1705 3137 1798 3174 i'esp.
1817 3136 1888 3165 592.

1222 3188 1351 3225 Euboea,
1378 3185 1483 3224 longa,
1511 3190 1616 3223 quare
1636 3183 1765 3212 Macris
1792 3180 1900 3218 dicta,
1930 3179 1970 3211 ab
1995 3177 2246 3210 Atheniensibus

1262 3235 1344 3265 duce
1370 3231 1488 3263 Pericle
1514 3230 1673 3269 prostrata
1697 3229 1730 3258 et
1751 3228 1885 3266 maynis
1914 3226 2054 3257 tributis
2080 3226 2242 3261 onerata,

1262 3281 1374 3320 ejectis
1402 3275 1681 3313 Hestioeensibus,
1701 3282 1847 3314 quorum
1864 3275 2033 3313 reqionem
2055 3273 2121 3312 ipsi
2147 3270 2238 3301 Athe-

1263 3329 1393 3358 nienses
1409 3323 1634 3363 occupabant,
1648 3323 1812 3361 victisque
1825 3320 2023 3357 Abantibas,
2038 3318 2127 3350 n'ub.
2142 3320 2243 3348 211—

1263 3377 1332 3404 213.
1361 3371 1513 3403 Euboeam
1538 3368 1662 3399 civibus
1686 3366 1918 3407 promittebant
1940 3364 2120 3404 demagogi,
2148 3365 2240 3403 Vesp.

1261 3422 1333 3457 715,
1348 3420 1382 3450 in
1400 3425 1503 3458 quam
1518 3424 1609 3447 anno
1639 3416 1720 3446 ante
1745 3415 1866 3453 Vespas
1879 3415 1979 3445 actas
1993 3410 2242 3451 expeditionem
