2517 3792
1181 164 1349 204 PLUTI.
2243 192 2314 227 541

209 241 271 291 μὲν
296 242 416 293 ἔμενον
436 242 514 286 τοὺς
537 243 750 292 κληθέντας,
776 246 806 282 οἱ
834 245 869 283 δὲ
900 248 1058 300 ἀπῄεσαν
1091 250 1147 287 ἐπὶ
1172 250 1233 293 τὰς

209 302 400 349 ἑστιάσεις,
428 301 500 339 οὐδ’
524 302 591 340 ὑπὸ
620 303 802 355 τηρήσεως
826 306 930 353 οὔσης
958 308 1091 357 αἰτίας,
1118 311 1170 363 ἐφ’
1193 307 1233 358 ἧς

207 353 276 397 οἷόν
300 375 335 398 τε
360 355 401 406 ἦν
424 361 667 415 τεκμήρασθαι
689 365 736 406 εἷς
751 364 860 406 πόσας
877 365 968 418 ὥρας
989 369 1150 420 προήκει.
1172 374 1233 408 In-

208 427 305 456 serta
321 432 367 456 ex
388 420 503 458 Suida
524 434 552 459 s,
571 421 751 465 Δεκάπους
766 424 858 463 σκιά.

261 478 336 515 658
355 477 444 516 Ἀντὶ
474 483 535 517 τοῦ
564 481 671 531 κάμοὶ
705 483 798 520 δοκεῖ
843 488 943 523 τοῦτο
976 487 1150 540 συμφέρον
1190 490 1227 527 Γ.

203 536 283 572 Ald.

257 595 333 632 663
351 596 437 634 Ald.
453 600 515 643 τῆς
530 597 664 640 αἷκίας;
685 600 780 637 αἰκία
802 595 888 646 εἶδος
908 604 1005 651 δίκης
1023 605 1116 642 ἐστὶν
1138 607 1228 644 ἰδιω-

202 651 297 690 τικὸν
326 653 382 690 ἐπὶ
404 655 558 705 πληγαῖς
578 657 865 708 λαγχανομένης,
888 656 928 707 ἧς
955 662 994 700 τὸ
1023 662 1162 713 τίμημα
1191 666 1225 702 ἐν

202 716 273 754 τοῖς
289 710 408 761 νόμοις
431 714 493 750 οὐκ
515 713 607 750 ἔστιν
622 717 828 767 ὡρισμένον,
854 720 932 756 ἀλλ’
951 723 969 758 ὁ
986 720 1048 770 μὲν
1070 721 1225 773 κατήγο-

204 785 259 822 ρος
287 770 427 821 τίμημα
456 771 705 824 ἐπιγράφεται,
739 776 868 814 ὁπόσου
897 778 989 815 δοκεῖ
1009 778 1103 823 ἄξιον
1138 774 1225 818 εἶναι

201 827 358 878 ἀδίκημα
374 859 383 877 ,
405 831 435 866 οἱ
453 829 488 867 δὲ
512 831 671 868 δικασταὶ
690 833 878 883 κρίνουσιν.
895 840 1041 874 Inserta
1059 851 1104 874 ex
1125 841 1225 876 Har-

201 889 423 938 pocratione
435 902 462 926 s.
476 890 608 933 Αἰκίας.
624 892 776 929 Scholia
793 907 826 930 v.
843 895 1016 932 665-825
1028 898 1171 934 omittit
1182 899 1223 936 Γ.

252 947 325 983 681
350 946 568 998 κληρωτικὰς
588 950 673 986 Ald.

251 1005 326 1042 685
344 1034 353 1052 ‚
376 1006 418 1043 51
443 1010 502 1044 τοῦ
519 1009 536 1043 θ
555 1011 651 1046 R.-
668 1008 713 1045 52
735 1007 793 1047 ἵνα
823 1010 1055 1061 κάμπτωσιν.·
1076 1014 1144 1053 ἀπὸ
1162 1018 1222 1053 τοῦ

199 1064 289 1100 -ἐκ
308 1066 377 1101 τῶν
400 1065 489 1101 Ald.

254 1129 342 1170 724,
367 1137 411 1159 12
433 1123 638 1171 κατωνάκης
655 1125 812 1172 δουλικὸς
832 1133 873 1168 R.

252 1182 325 1227 737
371 1180 841 1235 Ἔμπλέκτρια-γυναῖκας
876 1188 993 1226 habet
1023 1192 1158 1229 Suidas
1190 1206 1219 1231 s.

198 1238 432 1291 Κομμώτρια.
447 1266 488 1272 -
506 1242 554 1278 30
573 1244 594 1287 ἡ
615 1243 805 1297 ἀλεκτορίς,
825 1247 871 1284 33
892 1248 1082 1302 κιθαρῳδὸς
1103 1252 1187 1290 Ald.
1203 1255 1220 1291 ὁ

197 1309 272 1333 0111.
291 1300 338 1334 R.

251 1355 340 1404 757,
374 1358 422 1400 43
457 1356 498 1394 τὰ
530 1358 761 1411 πρασσόμενα
779 1364 879 1414 ιΑΙά.
893 1391 932 1396 -
948 1373 995 1411 44
1029 1370 1078 1405 τῶ
1103 1369 1138 1408 δὲ
1171 1375 1217 1409 R.

195 1413 340 1463 πομπὴν
362 1415 449 1452 αὐτὰ
467 1417 513 1459 ὡς
532 1418 617 1455 Ald.

248 1478 339 1522 794,
356 1473 404 1510 50
425 1473 559 1524 γένοιτο
595 1478 709 1514 etiam
736 1480 873 1518 Suidas
898 1496 927 1520 s.
951 1484 1132 1535 Σύμὸολα.
1157 1488 1218 1539 γε’-

195 1544 295 1575 νηται
319 1531 401 1570 Ald.
427 1532 609 1571 ἐπετέλουν
633 1536 771 1574 Suidas
792 1539 872 1577 sine
891 1543 964 1579 οὐκ.
1107 1538 1113 1546 “

248 1591 338 1638 809,
355 1590 375 1626 3
397 1592 692 1642 χοροδιδάσκαλος
714 1603 854 1635 temere
873 1604 1021 1639 Portus.
1043 1608 1163 1643 Dim).

247 1649 323 1693 834
347 1650 455 1687 κοινοὶ
477 1653 570 1689 Γ.-
586 1667 628 1699 17
651 1653 718 1706 γάρ
733 1656 801 1693 εἶσι
820 1662 931 1697 ταῦτα
957 1663 1017 1710 Γ.,
1050 1667 1116 1714 qui
1139 1680 1214 1707 om.

193 1705 366 1744 scholion
385 1708 473 1752 840.

245 1765 335 1811 842,
355 1779 402 1802 22
425 1766 612 1806 Ὀπτᾶται.
633 1769 711 1808 τότε
727 1774 793 1826 γὰρ
814 1778 856 1812 R.

245 1823 335 1869 844,
355 1824 402 1859 25
422 1827 619 1877 φασουλίων
641 1830 680 1867 Γ.
694 1856 736 1862 -
750 1845 795 1878 27
819 1833 959 1879 ναύταις
980 1837 1015 1875 δὲ
1032 1843 1077 1876 R.
1098 1842 1216 1880 Scho—

190 1880 240 1918 lia
261 1895 296 1918 v.
319 1883 498 1921 862-880
519 1900 594 1923 om.
613 1889 654 1925 Γ.

243 1941 319 1977 868
340 1946 458 1980 πᾶσαν
479 1942 540 1990 τὴν
562 1950 605 1982 R.
622 1972 664 1978 —
680 1953 728 1991 42
752 1951 821 1987 τῶν
845 1952 1038 2004 ἑψημάτων
1060 1959 1147 1996 Ald.

242 1999 399 2048 883‚·45
418 2003 449 2038 οἳ
471 2005 641 2055 τρυφηλοί
658 2008 697 2044 Γ.

242 2063 332 2106 904,
352 2072 373 2095 2
389 2058 450 2101 τὰς
471 2067 590 2113 χεῖρας
608 2064 647 2101 Γ.
666 2065 757 2103 κατὰ
778 2067 861 2116 μίαν
881 2073 925 2108 R.

241 2118 332 2164 906,
362 2118 384 2154 5
413 2120 561 2170 κοσμίου
593 2123 708 2161 etiam
738 2127 874 2164 Suidas
895 2142 924 2165 s.
954 2129 1211 2188 Ἐπίκλιντρον.

187 2174 337 2223 κλισμοῦ
367 2177 443 2214 dici
487 2179 666 2219 debuisse
701 2184 973 2225 animadvertit
1007 2194 1209 2234 Kusterus.

187 2231 264 2284 ὄφιν
284 2247 360 2273 0111.
377 2239 421 2273 R.
443 2236 520 2289 ὅφιν
538 2236 573 2275 δὲ
594 2238 614 2285 ἢ
635 2239 674 2277 τὸ
691 2242 819 2281 αἰδοῖον
836 2246 937 2293 Ald.‚
963 2250 1112 2289 omissis
1132 2253 1153 2300 ἢ
1173 2255 1211 2292 τὸ

187 2292 290 2342 ζῷον.
312 2293 468 2331 Scholia
492 2297 582 2344 915,
601 2301 677 2346 918
696 2303 828 2339 0111.Γ.

242 2351 333 2399 915,
356 2352 378 2388 8
394 2351 491 2404 ὀρθὸν
518 2355 649 2405 (11111110
667 2356 724 2394 τὸν
743 2360 854 2410 ὀρθὸν)
878 2362 916 2400 τὸ
937 2365 1063 2404 αἰδοῖον
1085 2368 1209 2421 ἔχοντα

185 2410 397 2458 Berglerus.

240 2480 331 2515 920,
365 2482 410 2505 10
443 2470 667 2515 λαικάζουσιν
694 2476 926 2517 Dindorfius.
958 2484 1208 2526 Scribebamu-

184 2525 423 2575 λαιχάζουσιν.
438 2531 576 2567 Portus
594 2532 824 2583 λειχάζουσιν.
846 2539 926 2576 Α1(1.
950 2541 1020 2579 ἀπὸ
1039 2548 1098 2582 τοῦ
1114 2547 1208 2598 πρώ-

184 2596 246 2619 του
262 2599 317 2621 στ.
342 2585 495 2625 Scholia
516 2593 695 2640 922—996
720 2606 793 2631 om.
815 2596 856 2632 Γ.

237 2656 328 2692 929,
350 2658 390 2691 17
410 2646 542 2696 βοτάνη
564 2648 663 2694 δηλοῖ
684 2655 731 2689 R.
763 2655 894 2700 μᾶλλον
919 2658 1062 2709 βοτάνη,
1090 2664 1134 2700 18
1167 2665 1205 2703 τὸ

183 2699 383 2752 πρόσωπον,
400 2705 449 2741 38
465 2704 501 2742 δὲ
514 2707 637 2746 παιτὸν
659 2710 774 2747 παίειν
793 2714 879 2751 Α1(1.

1342 256 1431 303 998,
1462 256 1509 298 45
1541 257 1625 310 πρὸς
1645 260 1790 301 θάνατον
1813 266 1867 313 Γ.,
1891 268 1956 316 qui
1992 270 2139 320 reliqua
2171 273 2317 312 scholia

1289 320 1443 349 Ossnttlt.

1341 384 1419 420 999
1437 375 1538 411 τοῦτο
1558 376 1604 419 ὡς
1623 378 1742 432 ἑταίρα
1759 375 1845 418 οῧσα
1864 386 1908 421 R.
1927 386 2069 424 omisso
2090 403 2188 440 φησι.

1354 443 1447 478 1007
1463 460 1472 475 ,
1505 434 1551 471 52
1592 437 1781 477 κατέὸαλες
1819 446 1965 482 Portus.
2006 447 2224 498 Legebatur
2248 466 2315 489 κα-

1291 485 1446 531 τέλαὸες.

1350 560 1447 585 1020
1465 549 1532 587 ὕπὸ
1552 553 1614 597 τῆς
1635 556 1667 603 β.
1685 556 1772 593 Ald.

1349 619 1462 653 1021,
1483 609 1502 643 3
1523 609 1656 661 εἴρηκεν
1672 615 1717 650 R.
1731 641 1770 646 -
1789 629 1808 662 7
1828 632 1860 653 τι
1880 618 1927 667 μὴ
1950 622 2145 674 Ald.‚quae
2166 638 2241 665 om.
2264 625 2312 676 μὴ

1289 661 1464 705 ἐξεῖναιθῐ
1487 669 1508 704 8
1528 669 1672 713 οὐδενὸς.

1348 725 1456 760 1026.
1486 726 1573 763 Ald.
1604 729 1651 765 ad
1674 730 1775 768 hunc
1804 747 1841 769 v.
1861 734 2033 785 ἐξωμοσία
2052 755 2059 776 :
2082 739 2217 793 ἔνορκος
2237 759 2311 780 πα-

1290 780 1445 831 ραίτησις
1462 784 1506 820 δι’
1523 785 1664 837 εὔλογον
1681 790 1806 828 αἰτίαν.
1825 792 2011 844 ἐξωμοσία,
2027 797 2108 835 ὅταν
2127 816 2177 842 τις
2193 801 2309 854 φάσκῃ

1287 837 1308 883 ἢ
1331 840 1416 893 ὑπὲρ
1436 844 1558 881 ἑαυτοῦ
1586 845 1607 891 ἢ
1641 847 1726 901 ὑπὲρ
1749 850 1866 903 ἑτέρου
1890 855 2145 907 ἐγκαλούμενος
2169 859 2217 909 μὴ
2240 862 2309 898 δεῖν

1287 897 1487 948 εἰσάγεσθαι
1506 902 1604 950 δίκην
1617 934 1627 951 ,
1652 899 1727 944 εἶτα
1746 909 1806 946 καὶ
1821 910 1884 958 τὴν
1907 914 2020 951 αἰτίαν
2042 916 2084 952 δι’
2100 916 2142 962 ἢν
2162 919 2223 955 οὐκ
2241 920 2313 956 εἷσ-

1287 955 1465 1007 αγώγιμος
1479 963 1500 1007 ἡ
1522 961 1599 1008 δίκη
1613 993 1622 1010 ,
1643 965 1671 1000 εἷ
1692 966 1784 1005 δοκεῖ
1801 971 1892 1008 κατὰ
1912 971 2012 1023 λόγον
2030 974 2161 1024 ἀξιοῦν,
2181 977 2310 1015 ἐδίδοτο

1286 1015 1380 1067 αὐτῷ
1412 1015 1588 1072 ἐξωμοσία
1615 1025 1789 1074 χρῆσθαι,
1821 1029 1880 1066 καὶ
1917 1031 2024 1074 οὕτως
2053 1034 2254 1088 διεγράφετο
2286 1040 2307 1083 ἡ

1286 1072 1376 1121 δίκη.
1393 1075 1451 1113 καὶ
1472 1077 1685 1130 ἐξωμόσατο,
1704 1085 1933 1139 ἀπηγόρευσε.
1951 1091 2009 1128 καὶ
2022 1090 2252 1142 ἐξομόσασθαι
2271 1095 2311 1132 τὸ

1285 1133 1360 1181 μεθ’
1387 1132 1490 1186 ὅρκου
1519 1139 1789 1191 ἀπαρνήσασθαι
1816 1146 1937 1198 πρᾶξίν
1967 1165 2044 1187 τινα
2077 1150 2133 1188 διὰ
2166 1153 2306 1199 νόσονῆ

1283 1191 1456 1244 πρόφασιν
1471 1195 1591 1249 ἑτέραν
1606 1199 1696 1237 τινά.
1718 1205 1865 1243 Inserta
1880 1216 1967 1244 sunt
1984 1222 2031 1245 ex
2049 1208 2199 1249 duabus
2214 1213 2309 1262 glos-

1283 1250 1332 1287 sis
1354 1253 1490 1292 Suidae.

1343 1324 1456 1362 1029,
1481 1316 1524 1351 16
1545 1316 1773 1371 ἀνδροφόνους
1786 1322 1875 1360 Ald.

1343 1372 1451 1416 1034,
1474 1387 1523 1411 20
1544 1369 1646 1418 Εἶδος
1665 1380 1839 1427 κοσκίνου,
1863 1382 1910 1419 25
1933 1382 2043 1434 ἔγημε
2063 1387 2148 1423 ΑΙ(1.

1340 1430 1451 1480 1056,
1477 1434 1535 1470 31.
1558 1437 1670 1474 Conf.
1690 1439 1808 1479 schol.
1829 1444 1926 1481 Ran.
1948 1443 2089 1480 225.-
2108 1447 2155 1482 32
2178 1447 2305 1498 δαίμο-

1281 1503 1340 1530 νας
1357 1490 1437 1527 Α1(1.

1339 1549 1435 1585 1058
1465 1551 1648 1600 μαλακίων
1668 1569 1674 1590 :
1697 1556 1854 1604 μαλακὲς
1888 1560 2163 1612 ὑποκοριστικῶς
2190 1564 2306 1602 habet

1279 1606 1366 1642 Ald.

1338 1679 1406 1712 107
1416 1666 1450 1713 3,
1474 1667 1522 1710 45
1549 1668 1645 1721 παρὰ
1663 1672 1732 1709 τῶν
1752 1674 1884 1725 νεκρῶν
1904 1690 1911 1711 ;
1936 1675 2034 1728 παρὰ
2050 1679 2118 1715 τῶν
2136 1679 2303 1718 πλειόνων

1279 1723 1363 1759 Ald.

1338 1784 1448 1830 1086,
1470 1788 1515 1829 47
1540 1785 1572 1821 οἳ
1594 1798 1669 1823 0111.
1695 1791 1740 1825 R.
1763 1793 1928 1842 πορθμεῖς
1946 1795 2021 1830 Ald

1338 1842 1450 1891 1089,
1475 1842 1522 1878 52
1541 1842 1745 1895 κρινόμενον
1775 1850 1887 1887 etiam
1909 1852 2048 1890 Suidas
2069 1868 2098 1891 s,
2124 1856 2301 1907 Εἷσαγγε-

1277 1898 1348 1936 λία.
1370 1901 1643 1953 ἀποκρινόμενον
1665 1905 1745 1943 Α1(1.
1778 1908 1863 1945 Vid.
1892 1910 2113 1952 Schneider.
2146 1915 2193 1952 ad
2216 1920 2299 1954 Xe-

1276 1960 1394 2009 noph.
1427 1961 1526 1998 Hist.
1550 1966 1616 1999 Gr.
1645 1977 1680 2009 1,
1713 1979 1749 2012 7,
1783 1979 1845 2011 20,
1880 1977 1917 2004 et
1942 1971 2230 2011 Hudtwalcker.
2262 1976 2300 2013 in

1275 2018 1376 2056 libro
1401 2020 1458 2057 De
1491 2020 1652 2058 diaetetis
1681 2035 1718 2071 p.
1747 2026 1809 2071 95.
1843 2028 2049 2076 Sequentia
2079 2045 2153 2069 om.
2186 2035 2300 2071 etiam

1276 2078 1423 2116 Suidas.
1454 2081 1630 2117 Fortasse
1663 2082 1842 2135 Κρατερὸς
1863 2083 1909 2122 δὲ.
1940 2090 2060 2126 D1Nn.
2083 2091 2179 2128 Vide
2199 2095 2299 2130 Mei-

1274 2138 1357 2173 nek.
1381 2140 1484 2175 Com.
1505 2142 1536 2187 Ι,
1555 2153 1592 2189 p.
1612 2140 1659 2183 54
1686 2153 1740 2190 sq.

1333 2208 1346 2229 1
1360 2208 1445 2239 101,
1467 2195 1487 2230 5
1506 2195 1655 2241 λήκυθος
1678 2197 1727 2244 δὲ,
1748 2198 1905 2237 τουτέστι
1922 2201 2113 2253 διῳδηκυῖα
2133 2204 2171 2243 τὸ
2186 2206 2297 2259 πρόσ-

1273 2267 1366 2289 ωπον
1383 2254 1517 2291 Suidas
1532 2268 1559 2291 s.
1582 2255 1719 2306 Φρύνη.

1331 2325 1442 2358 1121,
1478 2313 1521 2348 13
1539 2314 1817 2363 :corrigendum
1849 2317 2001 2355 videtur
2023 2318 2181 2369 Ἰδαίοις,
2208 2337 2294 2362 cum

1272 2370 1434 2419 Bergkio
1452 2373 1679 2408 Commentt.
1703 2386 1741 2422 p.
1765 2387 1778 2408 1
1793 2388 1848 2410 11.
1873 2375 2049 2414 Obscura
2066 2388 2122 2425 et,
2159 2390 2201 2418 ut
2230 2383 2293 2419 vi-

1271 2430 1402 2476 detur,
1423 2430 1569 2467 defecta
1597 2440 1684 2468 sunt
1705 2447 1789 2483 quae
1809 2434 1856 2471 de
1886 2437 2042 2475 Cratino
2077 2440 2292 2480 traduntur.

1269 2492 1390 2526 Dm).

1329 2547 1439 2590 1158,
1463 2561 1487 2596 9
1501 2547 1570 2584 τῶν
1586 2547 1810 2597 ἐκλεγόντων,
1838 2564 1883 2588 10
1904 2553 2011 2591 εἰπεῖν
2034 2556 2183 2604 ἐκλήθην
2205 2560 2289 2598 Ald.

1268 2606 1420 2643 Scholia
1441 2619 1454 2640 1
1468 2605 1584 2642 165-1
1597 2606 1666 2652 174
1684 2620 1926 2648 accesserunt
1944 2626 1988 2649 ex
2006 2617 2051 2652 R.

1321 2663 1421 2699 1165
1459 2663 1584 2714 ῥυθμός
1608 2664 1701 2702 ἐστιν
1733 2664 1822 2704 οὕτω
1851 2669 2063 2721 καλούμενος
2088 2675 2225 2713 Suidas
2258 2691 2286 2716 s.

1267 2720 1453 2773 Κρητικός.

1070 2895 1395 2953 PLUTUS.

236 2988 478 3035 Argumentis
501 2991 601 3030 Pluti
624 3004 726 3032 caret
740 3000 785 3034 R.

235 3047 334 3081 Ano.
365 3048 382 3082 I
401 3059 476 3084 om.
490 3052 536 3086 V.
555 3051 710 3090 Thomae
729 3059 914 3106 Mag1stro
936 3062 1071 3100 tribuit
1087 3066 1200 3104 Ald.:

181 3114 270 3138 nam
289 3102 387 3140 Vitae
402 3105 685 3160 Aristophanis,
703 3125 787 3161 quae
805 3118 981 3164 proxime
1002 3125 1198 3171 praecedit,

180 3160 410 3210 inscriptum
438 3171 494 3199 est
518 3165 635 3214 Θωμᾶ
661 3172 721 3206 τοῦ
741 3171 945 3226 Μαγίστροιι
973 3177 1112 3232 σύνοψις
1138 3185 1198 3219 τοῦ

179 3232 217 3255 τε
232 3218 308 3269 βίου
328 3219 591 3273 Ἀριστοφάνους
611 3225 670 3262 καὶ
701 3230 762 3273 τῆς
790 3233 851 3268 τοῦ
879 3233 1052 3285 δράματος
1071 3240 1199 3278 ὑποθέ-

176 3289 276 3319 σεως.
295 3280 362 3314 Est
380 3278 419 3314 in
444 3281 561 3330 Regio
582 3283 714 3321 codice
746 3289 857 3333 2821,
879 3291 915 3326 in
936 3306 1013 3341 quo
1040 3297 1132 3334 nihil
1151 3298 1198 3335 (le

177 3334 390 3375 Thoma.-
410 3351 422 3374 1
442 3338 518 3381 τοὺς
536 3353 609 3376 om.
631 3342 799 3393 {teg—5
816 3360 870 3396 sq.
890 3350 977 3398 μετὰ
991 3356 1050 3390 τοῦ
1071 3356 1196 3393 οἰκείου

1261 3010 1470 3062 θεράποντος
1501 3010 1696 3049 ἀπελθόντα
1728 3013 1775 3055 εἷς
1805 3013 1844 3051 τὸ
1873 3022 2035 3064 μαντεῖον
2070 3018 2282 3067 ’Λπόλλωνος

1260 3069 1318 3106 καὶ
1336 3070 1553 3122 διερωτῶντα
1569 3070 1647 3122 περὶ
1669 3075 1800 3121 Reg.-
1816 3086 1860 3108 12
1882 3074 2032 3127 ἐντύχοι,
2054 3078 2166 3132 τούτῳ
2186 3085 2278 3133 Reg.

1259 3128 1406 3181 ἐντύχῃ,
1427 3133 1528 3167 τοῦτο
1550 3131 1636 3167 Ald.
1654 3156 1695 3162 —
1716 3132 1760 3167 18
1791 3133 1898 3170 αὐτοῦ
1917 3139 1977 3172 τοῦ
1999 3136 2159 3176 Πλούτου
2186 3145 2277 3191 Reg.

1259 3194 1297 3222 et
1326 3187 1402 3224 duo
1431 3189 1737 3225 Brunckii.-20
1769 3189 2020 3231 ἐξουλεύσαντο
2054 3196 2130 3233 (1110
2166 3199 2277 3235 codd.

1258 3245 1449 3282 Brunckii.
1468 3244 1570 3296 ἔσχον
1588 3250 1678 3296 Reg.
1701 3247 1885 3287 Ald.-.25
1907 3250 2006 3301 μόνοι
2027 3256 2116 3304 Reg.

1312 3306 1408 3339 Ano.
1430 3307 1480 3340 ΙΙ.
1506 3318 1555 3353 29
1576 3305 1754 3357 ἐπερωτᾷ,
1780 3307 1826 3343 32
1846 3309 1904 3346 καὶ
1924 3310 2059 3363 γέροντι
2084 3313 2168 3349 Ald.
2191 3339 2231 3348 --
2252 3315 2272 3351 5

1257 3374 1292 3395 τε
1313 3360 1370 3396 καὶ
1394 3361 1506 3397 ἄλλων
1528 3366 1572 3398 V.
1592 3388 1631 3393 —
1649 3377 1666 3409 7
1684 3368 1824 3402 τοιαῖτα
1843 3367 1926 3405 Ald.
