2533 3808
243 243 291 276 30
889 232 1142 269 SCHOLIA
1180 233 1238 270 IN
1278 233 1725 274 ACHARNENSES

239 325 306 360 τῶν
325 323 497 374 χορευτῶν
513 319 666 358 ἐπείνων.
686 318 846 369 ἐχορήγει
864 317 899 355 δὲ
922 320 938 354 ὃ
957 318 1162 368 Ἀντίμαχος
1178 318 1272 364 τότε,

237 382 293 420 ὅτε
311 380 487 430 εἰσήνεγκε
510 377 548 415 τὸ
563 377 742 429 ψήφισμα.
765 379 795 414 οἱ
814 375 850 413 δὲ
876 375 1034 425 λέγουσιν
1052 376 1103 412 ὅτι
1131 376 1275 422 ποιητὴς

237 440 285 478 ὢν
316 439 419 480 καλὸς
449 439 609 489 χορηγῶν
639 450 722 472 ποτε
756 434 969 487 μικρολόγως
998 439 1067 476 τοῖς
1095 440 1276 485 χορευταῖς

237 497 440 550 ἐχρήσατο.)

200 575 215 598 5
289 571 366 594 1155.
397 553 565 591 ἀπέλυσεν
581 552 738 589 ἄδειπνον
757 564 765 589 :
783 551 994 601 (Ἀπέκλεισε
1011 550 1180 600 δείπνων.)
1201 550 1275 588 ἀντὶ

235 620 295 653 τοῦ
313 611 529 663 ἀπεστέρησε
546 609 623 652 τοὺς
643 608 802 659 μισθοὺς,
823 608 918 646 οὐδέν
936 624 994 658 μοι
1015 609 1221 660 ἐχορήγησε.

290 685 368 710 1156.
396 669 546 711 τευθίδος
569 682 577 707 :
606 667 746 713 Τευθὶς,
767 664 900 716 ’πέμμα
934 667 1196 709 πλακουντῶδες
1217 665 1276 703 καὶ

234 726 320 773 εἶδος
339 728 457 780 ἷχθόου
478 726 679 764 θαλασσίου.
708 733 788 762 I'icl.

288 802 367 826 1158.
399 786 539 830 σίζουσα
563 798 571 822 t
595 784 684 822 Ἀντὶ
703 787 763 821 τοῦ
787 782 929 828 ζέουσα,
950 783 1007 830 (ὡς
1027 781 1082 818 ἐπὶ
1099 784 1276 831 τηγανιζο-

183 862 213 885 10
234 847 364 897 μένης),
376 845 472 883 ποιὸν
491 838 575 894 Ξἦχον
592 843 821 880 ἀποτελοῦσα.
835 840 894 877 καὶ
907 839 1068 891 ζΌμηρος
1079 845 1154 886 [od.
1170 848 1196 883 Ι,
1212 848 1274 888 394]

234 924 248 938 «
269 906 313 947 ὣς
327 908 384 942 τοῦ
401 903 464 947 σίζ’
483 900 669 953 ὀφθαλμός.
690 919 705 933 υ
727 899 880 951 πάραλος
898 898 932 935 δὲ
951 898 1027 935 ἀντὶ
1042 902 1100 935 τοῦ
1117 901 1275 950 παραθα-

230 963 372 1000 λασσία.
395 961 416 1007 ἢ
434 965 455 1007 ἦ
473 959 569 1012 παρὰ
586 958 662 1002 τοὺς
678 958 763 1000 ἅλας
784 957 939 1007 κειμένη.
963 956 1054 1006 (ἐπεὶ
1071 955 1107 993 δὲ
1124 956 1183 993 καί
1199 955 1274 1008 ἱερὰ

231 1024 312 1063 ναῦς
339 1023 406 1057 τῶν
425 1017 611 1063 Ἀθηναίων
632 1015 798 1065 Πάραλος
819 1015 1000 1060 καλεῖται,
1029 1014 1198 1064 ἐπήνεγκε
1223 1014 1273 1065 τὸ)

231 1078 382 1124 ὀκέλλοι,
404 1077 424 1115 ὅ
436 1079 507 1114 ἐστι
526 1074 768 1127 προσορμίζοι,
786 1076 831 1116 ὡς
845 1073 902 1110 ἐπὶ
915 1072 1009 1115 νεώς.

179 1150 210 1174 15
287 1149 364 1174 1164.
379 1136 541 1181 ἠπιαλων
556 1133 644 1185 γάρ;
660 1132 750 1170 Am
764 1135 822 1169 τοῦ
840 1132 1022 1184 ριγοπυρέτ
1024 1146 1271 1183 ιιι)περιπεσιιν,

232 1195 390 1244 (ἠπίαλος
407 1192 474 1245 γὰρ
488 1192 612 1244 κυρίως
626 1194 642 1228 ὃ
661 1206 749 1241 μετα
768 1190 879 1242 ρίγους
892 1188 1048 1241 πυρετός.
1063 1190 1258 1234 ἠπιαλων
1241 1190 1276 1226 05

231 1258 305 1291 εἶπε
324 1269 384 1290 και
404 1252 584 1303 βαδίζων
567 1267 641 1287 αντι
659 1253 718 1287 τοῦ
738 1250 849 1294 ηπιαλ
852 1263 964 1290 ουντες
977 1263 1037 1284 και
1053 1248 1273 1298 βαδίζοντες.)

231 1311 307 1348 ἀντὶ
327 1326 385 1348 του
410 1309 591 1361 βαδίζοντα
621 1306 712 1344 κατὰ
736 1306 774 1343 τὸ
799 1308 943 1357 ἀργαῖον
965 1305 1125 1354 σύνηθες,
1148 1308 1193 1348 ὡς
1213 1321 1275 1350 την

230 1368 406 1421 ἐριι)υ.ενην
428 1367 516 1418 ἔχων
543 1366 617 1403 ἀντὶ
641 1369 700 1402 του
727 1364 864 1415 ἔχοντα.
886 1372 922 1400 R
947 1362 1117 1412 ἱππασίας
1143 1363 1179 1399 δε
1201 1363 1275 1400 ἀντὶ

176 1438 211 1463 2ο
229 1444 287 1465 του
304 1429 468 1474 ἱππικης,
485 1428 529 1467 ὡς
545 1424 639 1466 ὄντος
657 1425 760 1460 αὐτου
779 1422 920 1465 ἱππέως.
939 1437 997 1458 και
1015 1437 1081 1472 γαρ
1099 1420 1162 1463 ἕως
1177 1420 1275 1458 ἑσπέ-

214 1501 290 1537 ρας
310 1484 577 1535 διατρίὸουσιν
563 1498 596 1518 εν
613 1485 654 1532 τῇ
673 1480 860 1531 δοκιμασία
879 1495 909 1516 οι
925 1478 1036 1516 ι’πποι

284 1556 361 1580 1167.
383 1558 443 1587 της
462 1541 573 1592 755:sz.
566 1555 614 1584 ης
635 1537 805 1589 ’θρεοτης
829 1538 1018 1580 ςΑττικῶς
1039 1537 1114 1574 ἀντι
1137 1541 1195 1574 τοῦ
1213 1553 1275 1582 την

228 1600 396 1653 κεραλήν.
418 1603 435 1637 ὃ
461 1599 496 1636 δὲ
519 1597 688 1648 Ορέστης
707 1600 803 1639 οὗτος
823 1611 1117 1648 προσποιουμενος
1142 1594 1275 1647 μωρίαν

226 1675 304 1703 τους
317 1657 504 1711 παριόντας
521 1657 680 1693 ἀπέδυεν.
697 1660 736 1702 ἠν
752 1671 818 1707 γαρ
834 1653 1050 1699 λωποδυτης.
1053 1652 1125 1725 (ἢ
1115 1669 1200 1705 προς
1214 1669 1275 1699 την

174 1727 207 1750 25
229 1716 429 1768 ὁμωνυμίαν
449 1715 524 1752 ἀντι
537 1731 596 1752 του
615 1717 632 1751 ὅ
650 1713 867 1764 μαινόμενος.
885 1712 1066 1750 πελεθόν
1049 1713 1082 1749 05
1105 1714 1227 1763 βωλον.
1235 1712 1247 1763 )

282 1790 363 1815 1173.
380 1775 697 1827 βάλοιΚρατῖνονῐ
716 1772 809 1823 ΙΙαρ’
826 1771 987 1808 υπόνοιαν
999 1770 1276 1823 λέγειΚρατῒνον

228 1850 266 1872 ου
283 1850 342 1872 τον
363 1848 523 1879 ποιητην,
548 1830 637 1868 ἀλλά
655 1846 731 1867 τινα
754 1830 866 1881 ἕτερον
889 1828 1040 1872 ἀλαζόνα
1067 1828 1126 1866 καὶ
1148 1828 1275 1881 θρασυν

229 1892 301 1942 (και
319 1891 534 1942 μαινόμενον)
551 1889 610 1927 καὶ
628 1888 784 1938 μέθυσον.
802 1888 915 1939 (βάλοι
933 1891 1003 1933 οὖν,
1018 1902 1122 1937 φησι,
1141 1891 1274 1935 τοῦτον,

229 1966 283 1987 ινα
303 1950 437 1987 πλείοσι
454 1951 571 1991 κακοῖς
588 1946 759 2000 περιπέσῃ
780 1945 990 1996 τυπτόμενος
1011 1946 1068 1982 ὑπ’
1083 1947 1198 1983 αὐτοῦ.
1204 1947 1214 1996 )

174 2021 209 2046 30
281 2022 360 2047 1174.
395 2000 440 2057 (ὦ
459 2008 570 2057 δμῶες
588 2020 595 2044 :
619 2005 784 2058 Κορωνίς.
802 2003 996 2057 εἰσέρχεται
1013 2002 1078 2055 γὰρ
1097 2006 1113 2041 ὃ
1131 2006 1276 2056 ὑποκρι-

225 2067 299 2114 τής.
319 2066 377 2104 καὶ
394 2066 485 2104 ἔστιν
504 2065 647 2115 ἷαμὸεῗα
664 2063 830 2116 τρίμετρα
850 2061 1092 2109 καταληκτικὰ
1111 2063 1180 2112 ις’.)

282 2139 360 2163 1174.
386 2124 516 2176 (ὀθόνια
541 2137 550 2162 :
583 2121 640 2162 Τὰ
667 2121 839 2173 λεγόμενα
864 2120 963 2173 παρὰ
985 2122 1111 2173 ἰατροῖς
1135 2120 1275 2172 λυχνώ-

228 2186 349 2234 ματα.)

281 2255 358 2281 1174.
388 2241 597 2291 (λαμπάδιον
623 2254 631 2279 ἰ

173 2314 206 2340 35
224 2300 411 2351 ἐπιδέσμου
429 2294 531 2346 εἶδος,
547 2302 577 2337 οἳ
595 2299 630 2336 δὲ
644 2298 700 2336 τὸν
714 2297 871 2350 νάρθηκα
888 2298 954 2333 τῶν
975 2298 1103 2347 ἰατρῶν
1121 2295 1178 2333 τὸν
1183 2312 1277 2368 ναρ-

663 2241 708 2278 Οἷ
730 2238 791 2289 μὲν
817 2237 856 2276 τὸ
879 2237 1003 2275 λεπτὸν
1027 2237 1163 2289 ἐρίδιον,
1190 2240 1221 2275 οἱ
1242 2238 1277 2275 δὲ

226 2358 408 2404 θηκίζοντα
426 2374 466 2396 το
489 2357 630 2411 σφυρόν.
650 2359 681 2394 0‘4
707 2354 741 2393 δὲ
767 2372 810 2392 τα
835 2354 985 2404 ἔμμοτα.
1027 2353 1201 2406 οἷσυπηρὰ
1222 2354 1256 2391 δε
1245 2351 1277 2399 )
1301 2399 1304 2404 ,

229 2417 336 2467 ῥύπου
355 2415 624 2510 πεπλαΙζ-,ρωαένα
642 2413 768 2460 οἷσύπη
790 2412 825 2450 δέ
840 2414 913 2449 ἐστι
930 2411 969 2449 τὸ
986 2411 1196 2484 340474·3p·r,4104
1210 2414 1277 2448 τῶν

225 2474 468 2526 προὲάτιιΝᾸὶ
474 2473 744 2524 .(λαμπάδιον
728 2472 762 2509 05
782 2472 911 2509 καταδε
915 2485 1004 2520 σμου
1025 2471 1121 2512 εἶδος.
1140 2485 1219 2521 περι
1239 2470 1278 2507 τὸ

228 2548 354 2585 σουρον
372 2531 406 2570 τὲ
423 2548 502 2584 περι
516 2548 553 2569 το
573 2533 692 2569 ὀστουν
711 2546 750 2568 το
769 2529 923 2567 κάτωθεν
940 2531 999 2565 τοῦ
1017 2527 1145 2578 γόνυος.
1164 2528 1277 2580 χάραξ

175 2604 210 2629 40
228 2589 264 2628 δέ
285 2606 344 2627 εστ
348 2606 357 2626 ι
375 2589 471 2634 ξύλον
494 2592 526 2627 ἐν
543 2606 571 2642 ῳ
588 2589 648 2633 τὰς
669 2587 845 2640 ἀμπέλους
861 2587 1057 2636 δεσιιουσιν,
1072 2584 1162 2623 ὥστε
1181 2602 1277 2623 ιστα-

229 2652 308 2688 σθαι
329 2650 388 2686 καὶ
409 2648 457 2699 μὴ
478 2648 615 2686 πίπτειν
638 2649 683 2691 εἷς
699 2646 762 2693 τὴν
781 2661 858 2696 γην.
863 2647 873 2695 )

284 2721 362 2745 1179.
393 2706 576 2758 παλίνορον
597 2705 810 2750 ἐξεκόκκισεν
831 2716 839 2742 :
866 2701 1075 2754 (Ἔκτραπὲν
1090 2704 1150 2748 τῆς
1167 2702 1277 2755 ἁρμο-

230 2764 301 2807 νίας
318 2765 478 2816 ἤχησεν.)
492 2764 765 2817 παλινόρμητον.
781 2761 1021 2813 (ἐξεκόκκισεν)
1042 2760 1117 2797 ἀντὶ
1130 2765 1189 2798 τοῦ
1207 2760 1279 2804 ἐξέ-

230 2822 347 2869 Εαλεν,
369 2823 561 2867 ἐξέκλασεν.
584 2826 604 2869 ἡ
627 2820 808 2874 μεταφορὰ
829 2818 896 2857 ἀπὸ
920 2821 987 2856 τῶν
1013 2817 1159 2856 κόκκων.
1189 2818 1279 2855 θέλει

175 2896 209 2921 45
228 2879 262 2917 δὲ
284 2882 389 2917 εἰπεῖν
407 2881 552 2919 ἔκλασεν
572 2881 629 2918 τὸν
649 2879 751 2918 πόδα.
769 2887 808 2916 R.

286 2952 364 2977 1131.
395 2940 454 2976 καὶ
475 2939 614 2991 Γοργόν’
641 2938 792 2990 ἐξήγειρε
815 2950 823 2975 :
844 2936 948 2987 (Παρ’
975 2934 1149 2973 ὑπόνοιαν.
1172 2933 1279 2972 θέλων
1304 2970 1305 2977 ,

230 2993 296 3045 γὰρ
314 2997 420 3033 εἰπεῖν
441 2996 492 3034 ὅτι
510 2997 577 3034 ἀπὸ
597 3000 657 3043 τῆς
675 2998 813 3046 πληγῆς
841 2994 1008 3040 κονδύλην
1029 2992 1191 3039 ἐποίησεν
1213 2993 1278 3029 αὐ-
1304 3014 1306 3035 1

231 3051 313 3094 τὸςὸ
330 3054 500 3106 Λάμαχος
515 3085 524 3101 ,
541 3054 604 3108 ἔφη
616 3086 626 3105 ,
643 3054 796 3107 Γοργόνα
815 3053 1020 3105 ἐξήγειρεν.)
1040 3051 1122 3089 ὡσεὶ
1143 3050 1278 3102 ἔλεγεν,

232 3109 359 3161 οἴδημα
380 3112 565 3157 ἀνέστησεν
586 3113 642 3151 ἐπὶ
661 3114 721 3159 τῆς
741 3113 906 3164 κεφαλῆς.

179 3198 213 3223 50
289 3183 369 3223 1182.
399 3170 520 3209 πτίλον
551 3170 586 3208 δὲ
610 3170 649 3207 τὸ
676 3170 765 3220 μέγα
792 3183 800 3208 :

234 3230 374 3283 ὄρνιθος·
410 3228 480 3278 (διὰ
506 3228 545 3266 τὸ
565 3228 745 3297 κομπηρὸν
765 3231 825 3265 τοῦ
846 3226 1035 3298 Λαμάχου.
1053 3226 1223 3278 γράφεται
1245 3224 1280 3261 δὲ

234 3288 351 3331 οὕτως·
371 3287 533 3324 πτίλου
515 3286 550 3324 05
566 3290 625 3323 τοῦ
650 3301 690 3335 4145
679 3285 802 3329 -γάλου
824 3284 988 3327 πεσόντος
1009 3287 1040 3326 ἐς
1065 3283 1126 3326 τὰς
1149 3297 1281 3333 πετρας

237 3346 344 3384 δεινὸν
362 3345 493 3396 μέλος
479 3344 513 3389 εξ
515 3344 604 3391 ηυδα
624 3346 641 3380 ὃ
659 3343 841 3394 Λάμαχος.
860 3342 882 3387 ἢ
900 3341 1039 3379 πεσὼν
1029 3357 1113 3393 προς
1128 3357 1203 3383 ταις
1223 3339 1281 3377 πέ-
1306 3328 1363 3376 'R

240 3419 336 3453 τραις
352 3403 483 3456 ἐθρήνει
497 3402 535 3440 τὸ
547 3401 637 3452 μέγα
647 3400 778 3438 πτίλον.
834 3399 978 3442 Αλλιικς.
994 3399 1114 3436 πτίλον
1126 3397 1215 3447 μέγα
1231 3397 1284 3434 λέ-

825 3168 977 3213 'Eunaia
1007 3168 1145 3210 πλάσας
1171 3166 1279 3217 ὄνομα
1304 3191 1307 3216 3

1331 335 1383 369 γει
1403 320 1466 365 τὴν
1485 322 1758 373 περικεφαλαίαν
1777 338 1898 370 αυτου,
1915 323 1982 361 ἀπο
1998 340 2056 362 του
2077 326 2111 363 ἐν
2133 324 2220 376 αὐτῇ
2236 341 2375 379 πτερου.

1334 379 1370 414 οὐ
1388 376 1453 446 γὰρ
1479 378 1518 414 τὸ
1543 394 1665 430 πτερον
1691 381 1795 418 πεσὸν
1819 383 1865 423 εἷς
1884 381 2013 434 πέτραν
2043 383 2196 434 ἤχησεν,
2220 383 2310 421 ἀλλὰ
2337 383 2377 423 τὸ

1333 434 1456 486 κράνος
1472 436 1510 472 ἐκ
1525 437 1657 486 χαλκου
1675 440 2008 488 κατεσκευασμένον.
2024 440 2210 493 ὑδρορρόαν
2231 440 2266 478 δὲ
2283 440 2377 493 ὕφα-

1333 494 1392 529 λον
1416 508 1558 545 πετραν,
1582 493 1603 539 ἢ
1624 510 1662 531 το
1680 495 1779 547 μέρος
1800 500 1860 542 τῆς
1881 513 1922 534 στ
1910 498 2098 549 551041450303,
2121 500 2163 536 δι’
2182 503 2220 537 οὑ
2247 499 2286 537 τὸ
2306 498 2376 537 ἀπὸ

1336 566 1396 587 του
1417 550 1583 603 506900'
1566 553 1657 603 υδωρ
1686 553 1915 603 συναγόμενον
1941 556 2160 607 κατέρχεται.
2182 556 2203 602 ἢ
2224 559 2242 594 ὃ
2263 557 2376 601 στενὸς
2391 566 2409 592 5

1333 607 1446 651 τόπος.
1467 609 1607 660 λέγεται
1625 608 1659 646 δὲ
1680 610 1738 647 καὶ
1759 610 1961 663 ὓδρόρροια,
1985 615 2031 655 ὡς
2049 613 2088 650 τὸ
2109 632 2122 646 «
2148 616 2178 651 οἱ
2195 613 2231 651 δὲ
2250 616 2296 658 εἷς
2315 615 2377 657 τὰς

1335 684 1348 698 «
1372 666 1556 719 ὑδρορρόας
1573 671 1800 711 συνωθοῦντες
1818 668 1958 716 αὐτοὺς,
1979 669 2034 707 διὰ
2056 670 2186 709 τούτων
2204 671 2375 716 ἐσώζοντο

1334 742 1349 756 «
1370 725 1415 766 εἷς
1431 722 1493 767 τὰς
1512 729 1604 768 ναῦς.
1627 727 1660 775 ιι)

1390 795 1469 819 1188.
1490 782 1745 835 κατασπέρχων
1767 797 1775 822 :
1806 783 1990 836 Σπέρχειν,
2012 785 2183 833 σπεύδειν,
2206 787 2377 838 χαλεπαί-

1332 855 1413 886 νειν,
1435 844 1645 890 θυμοῦσθαι,
1667 842 1835 891 ἀπειλεῖν,
1857 841 2106 894 ταράσσεσθαι.
2136 851 2216 881 Vz'ct.
2398 853 2431 877 1⁹)

1388 913 1465 936 1194).
1489 900 1695 944 ἀτταπαττᾶ
1718 914 1726 938 2
1744 901 1891 952 Θρηνῶν
1907 902 2187 952 παρατραγῳδεῖ.
2208 904 2379 954 κατεγχά-

1333 972 1382 993 νοι
1404 957 1439 994 δὲ
1457 956 1705 1006 καταγελάσοι.
1728 958 2010 1009 (παρατηρητέον
2032 957 2068 996 δὲ
2091 958 2143 996 ὅτι
2168 959 2378 1006 ἀντιτίθησιν

1333 1009 1456 1057 αῧθιςὸ
1470 1014 1532 1064 μὲν
1553 1014 1595 1051 τὰ
1616 1016 1653 1051 ἐκ
1670 1018 1728 1052 τοῦ
1746 1015 1900 1065 πολέμου
1915 1014 2027 1063 δεινὰ,
2043 1016 2131 1069 ἅπερ
2149 1016 2291 1068 ἔπαθεν,
2309 1020 2326 1055 ὃ
2342 1016 2379 1055 δὲ

1334 1072 1422 1124 ἅπερ
1440 1072 1512 1124 5754
1529 1074 1564 1110 ἐν
1587 1072 1704 1124 εἰρήνη
1725 1073 1963 1146 χαρμόσυνα.)

1390 1146 1467 1170 1199.
1696 1145 1705 1171 :
1737 1132 1819 1169 ὡσει
1849 1132 1947 1183 ἔλεγε
1979 1134 2093 1183 μηλα,
2115 1132 2167 1171 ὅτι
2200 1132 2298 1186 παρὰ
2332 1133 2377 1172 τὰ
2399 1147 2430 1173 15

1334 1190 1424 1228 ἄλλα
1445 1189 1693 1248 σκληρότερά’
1679 1205 1783 1227 εστιν.
1805 1199 1842 1228 R.
1861 1197 1986 1227 Victor.

1511 1146 1622 1169 >4410th
1629 1147 1661 1169 404

1389 1261 1466 1285 1200.
1496 1250 1524 1285 ὠ
1544 1247 1709 1300 γρυσίωζ
1735 1248 1830 1300 Προς
1850 1247 1910 1291 τὰς
1930 1248 1988 1286 δύο
2004 1248 2132 1301 πόρνας
2150 1248 2256 1301 λέγει.

1389 1319 1466 1343 1201.
1506 1306 1544 1343 τὸ
1583 1306 1837 1358 περιπεταστὸν
1880 1307 2193 1357 κάπιμανδαλωτόν
2236 1321 2245 1346 :
2289 1306 2378 1355 Εἴδη

1333 1363 1538 1416 φιλημάτων
1555 1365 1742 1415 ἐρωτικῶν,
1758 1366 1792 1401 ἐν
1808 1358 1836 1416 ᾧ
1849 1365 1900 1401 δεῖ
1914 1364 1976 1410 τὴν
1998 1366 2156 1414 γλῶτταν
2177 1368 2245 1403 τῶν
2262 1381 2375 1403 κατα-

1333 1421 1520 1473 φιλούντων
1554 1421 1693 1473 λείχειν.
1750 1421 1893 1466 Ἄλλως.
1932 1423 2172 1471 μανδαλωτὸν,
2202 1419 2289 1466 εἶδος
2312 1439 2371 1476 φι-
2397 1435 2433 1460 2ο

1332 1480 1488 1528 λήματος
1502 1480 1657 1518 ποικίλον
1669 1480 1728 1518 καὶ
1739 1480 1802 1527 ἦδὺ
1814 1510 1823 1528 ,
1841 1482 2068 1533 θηλυδριῶδες
2080 1511 2089 1529 ,
2101 1482 2162 1519 καὶ
2172 1483 2373 1533 κατεγλωτ-

1332 1538 1528 1588 τισμένον.)

1388 1610 1466 1636 1206.
1497 1595 1619 1635 ἱππικὲ
1641 1596 1804 1648 Λάμαχε.
1824 1605 1862 1634 R.

1389 1670 1466 1695 1208.
1855 1654 1970 1694 Ἔνιοι
1997 1655 2031 1693 ἓν
2064 1655 2246 1707 βούλονται
2273 1660 2378 1703 εἶναι,

1335 1730 1387 1751 ινα
1403 1731 1423 1766 ῃ
1442 1718 1459 1752 ὁ
1479 1714 1651 1766 Λάμαχος
1663 1714 1773 1765 λέγων
1793 1714 1876 1766 πρὸς
1892 1714 1949 1752 τὸν
1968 1714 2194 1753 Δικαιόπολιν
2212 1713 2271 1761 τὸ,
2288 1714 2322 1751 τί
2337 1730 2380 1765 με
2397 1730 2432 1755 25

1487 1656 1521 1693 τί
1542 1672 1585 1706 με
1614 1671 1654 1692 συ
1681 1669 1827 1699 κυνεις“

1334 1790 1374 1811 συ
1393 1778 1523 1820 κυνεῖς,
1544 1773 1576 1810 τί
1601 1789 1644 1822 με
1663 1773 1703 1810 σὺ
1733 1772 1918 1816 δάκνεις·
1905 1790 1957 1810 ινα
1976 1777 1997 1824 ᾐ
2029 1773 2068 1810 τὸ
2090 1776 2195 1811 κινεῖν
2219 1772 2296 1810 ἀντι
2317 1777 2379 1811 τοῦ

1333 1833 1474 1870 σαίνειν.
1493 1847 1576 1869 ωσει
1590 1831 1699 1882 ελεγε,
1715 1830 1748 1868 τί
1766 1847 1831 1881 μου
1848 1831 2073 1876 καταπαίζεις
2092 1831 2152 1869 καὶ
2170 1832 2292 1874 λυπεῖς
2308 1847 2378 1882 με,

1333 1884 1361 1928 ῶ
1379 1889 1599 1929 Δικαιόπολι.

1390 1963 1469 1987 1210.
1503 1948 1622 1998 (τάλας
1638 1946 1706 1998 ἐγώ
1719 1961 1727 1986 :
1741 1949 1857 1994 Διπλῆ
1879 1948 2035 2000 περίοδος
2052 1947 2267 1995 δεκάκωλος,
2285 1943 2326 1994 ἧς
2341 1947 2380 1985 τὸ

1332 2010 1469 2061 πρῶτον
1492 2006 1607 2056 ὅμοιον
1628 2009 1677 2058 τῷ
1698 2006 1765 2058 πρὸ
1794 2008 1919 2053 αὐτοῦ,
1941 2006 2100 2058 δίμετρον
2121 2007 2378 2052 ἀκατάληκτον.
2397 2020 2433 2046 30

1334 2066 1372 2103 τὸ
1388 2066 1501 2118 τρίτον
1523 2064 1721 2101 iwffiszv’
1707 2080 1740 2101 εν
1759 2063 1915 2102 εἷσθέσει.
1936 2065 1976 2102 τὸ
1996 2063 2194 2117 τέταρτον..
2179 2066 2214 2101 ἐν
2235 2062 2381 2101 εἷσθέσει

1334 2123 1514 2174 ἷαμίικον
1518 2122 1688 2172 ἡμιόλιον.
1706 2137 1745 2158 το
1765 2121 1926 2171 πέμπτον
1947 2121 2110 2171 ἷαμὸικος
2127 2121 2271 2172 στίχος.)
2308 2129 2312 2133 ⁴

1389 2195 1470 2220 1211.
1503 2183 1572 2223 τοῖς
1593 2180 1705 2219 Χουσὶ
1730 2180 1797 2232 γάρ
1822 2193 1897 2223 τις;
1925 2180 2061 2218 Επειξ
2048 2196 2066 2217 ο
2091 2179 2263 2230 Λάμαγος
2285 2183 2380 2230 εἰπε,

1334 2239 1507 2290 ξυμὲολῆς
1521 2238 1680 2291 βαρείας,
1702 2237 1889 2287 ἐπήνεγκεν
1907 2240 1924 2275 ὁ
1943 2237 2168 2280 Δικαιόπολις
2185 2236 2380 2287 συμὸολας,

1333 2298 1466 2342 παίζων
1487 2297 1571 2349 πρὸς
1587 2295 1649 2342 τὴν
1659 2295 1862 2346 ὁμωνυμίαν
1883 2295 1933 2345 (τὸ
1948 2295 2005 2333 ἐπὶ
2021 2295 2060 2332 τὸ
2080 2296 2216 2333 δεῖπνον
2231 2293 2382 2346 λεγόμε-
2399 2309 2434 2335 35

1334 2373 1402 2395 νον.
1424 2355 1563 2406 λέγεται
1577 2354 1644 2407 γὰρ
1665 2353 1824 2404 συμὸολὴ
1842 2354 1902 2391 καὶ
1927 2353 1984 2391 ἐπὶ
2015 2353 2151 2392 δείπνου
2171 2357 2230 2391 τοῦ
2251 2355 2291 2392 ἐκ
2310 2369 2383 2391 κοι-

1333 2419 1391 2453 νοῦ
1425 2413 1698 2464 ἐπιτελουμένου·
1736 2414 1792 2456 οὒς
1822 2413 1960 2465 ἐράνους
1987 2411 2148 2466 εΌμηρος
2175 2417 2381 2460 [Od.A,226]

1335 2473 1456 2527 φησὶν,

1460 2559 1601 2597 εἰλαπίνη
1617 2559 1652 2596 ἠὲ
1668 2559 1767 2599 γάμος
1777 2582 1786 2598 ,
1803 2558 1869 2589 ἐπεὶ
1886 2558 1943 2589 οὐκ
1954 2558 2060 2599 ἔρανος
2075 2558 2147 2589 τάδε
2157 2559 2186 2598 γ’
2203 2557 2310 2597 ἐστίν.)

2037 2637 2166 2690 Ἑορτὴ
2205 2637 2380 2685 Ἀθήνησι.
2399 2655 2438 2682 40

1335 2699 1414 2737 ἐπεὶ
1436 2699 1562 2741 ἐκεῖνος
1582 2697 1731 2736 Παιωνα
1751 2697 1866 2744 καλεῖ,
1888 2695 2055 2740 ἔπαιξεν
2042 2709 2059 2733 ο
2081 2695 2304 2739 Δικαιόπολις
2323 2694 2385 2734 καὶ

1336 2758 1439 2810 φησὶν
1459 2757 1511 2794 ὅτι
1530 2758 1591 2794 οὐκ
1609 2755 1682 2793 ἔστι
1700 2755 1852 2808 σήμερον
1876 2755 1920 2792 τὰ
1945 2753 2120 2793 Παιώνια.
2154 2762 2191 2792 R.
2207 2755 2284 2807 (οὐκ
2310 2753 2384 2792 ἔστι

1336 2831 1390 2853 <501
1409 2831 1560 2867 GfitLSPO!
1577 2813 1694 2867 ἥμερα
1711 2813 1861 2851 παῖῡἊΙία
1885 2814 1944 2850 καὶ
1965 2815 2106 2885 [sslf-'NT'-
2123 2828 2266 2850 ἕκαστον
2285 2811 2356 2850 δὲ
2337 2829 2384 2851 (ὒν

1336 2874 1544 2924 ὁΛάμαγος
1564 2872 1675 2922 λέγει,
1699 2871 1817 2924 τρέπει
1845 2875 1942 2913 οὗτος
1966 2872 2012 2913 εἷς
2042 2869 2198 2909 παιδιάν.
2194 2873 2384 2920 Παιᾶνα,

1336 2947 1452 2984 φησιν,
1474 2929 1688 2981 ἐπικαλῇ,
1664 2945 1781 2981 ωσπερ
1802 2930 1863 2966 οὐκ
1885 2927 1981 2971 εἰδως
1997 2926 2049 2965 ὅτι
2064 2927 2214 2978 σήμερον
2234 2930 2296 2966 οὐκ
2314 2927 2386 2966 ἔστι
2401 2945 2437 2970 45

1391 2653 1469 2678 1213.
1493 2639 1568 2677 ἀλλ’
1599 2639 1677 2690 οὐχὶ
1707 2638 1779 2676 νυνὶ
1809 2637 1960 2690 τήμερον
1996 2651 2005 2677 :

1337 2988 1510 3028 Παιώνια.
1530 2988 1601 3025 ἔστι
1620 2987 1655 3025 δὲ
1670 2987 1770 3040 ἑορτὴ
1788 2986 1980 3033 Ἀθήνησιν,
2001 2986 2192 3025 Ἀπόλλωνι
2211 2986 2294 3030 ἴσως
2305 2988 2386 3025 ἀνα-

1336 3047 1492 3097 κειμένη.
1508 3046 1568 3084 καὶ
1582 3046 1746 3083 παιώνιον
1765 3046 1910 3096 ἰατρεῖον
1922 3075 1930 3090 ,
1946 3044 2260 3096 θεραπευτήριον,ἢ
2275 3043 2386 3090 σωτή-

1339 3123 1407 3160 ριον
1429 3107 1626 3158 φάρμακον.
1653 3104 1712 3142 καὶ
1736 3103 1913 3146 παιωνίοις
1935 3103 2005 3141 τισὶ
2031 3103 2242 3157 φαρμάκοις,
2267 3118 2385 3150 σωτη-

1339 3165 1437 3218 ρίοις,
1453 3165 1695 3216 ἷατρευτικοῒς,
1711 3165 1968 3214 θεραπευτικοῖς
1981 3162 2040 3200 καὶ
2056 3161 2283 3215 παρακατιὼν
2295 3163 2386 3214 ἐρεῖ,

1340 3224 1435 3274 (12:423)
1448 3252 1457 3267 ‚
1480 3241 1494 3255 ιι
1511 3220 1712 3258 παιωνίαισι
1731 3219 1846 3272 χερσί.
1873 3222 1901 3270 ν)
2405 3233 2441 3259 50

1396 3292 1474 3317 1244.
1504 3277 1653 3316 λάὸεσθέ
1672 3293 1736 3328 μου
1750 3278 1897 3315 λάὸεσθε
1919 3292 1928 3317 ;
1948 3277 2041 3331 Πρὸς
2053 3277 2119 3322 τὰς
2135 3278 2263 3329 πόρνας
2287 3275 2385 3329 φησί.

1371 3368 1377 3373 .
1339 3338 1534 3387 Β(διπλῆ
1570 3336 1629 3373 καὶ
1661 3336 1781 3379 δυάδες
1809 3342 1918 3389 τρεῖς,
1954 3335 2118 3379 δικώλους
2151 3334 2294 3387 ἔχουσαι
2325 3333 2388 3377 τὰς

1306 3394 1517 3448 περιόδους
1530 3425 1539 3441 ,
1556 3394 1589 3438 ἐξ
1608 3394 1737 3445 ἰάμὸου
1755 3394 1940 3448 τριμέτρου
1963 3393 2206 3440 ἀκαταλήκτου
2225 3391 2387 3443 ἐκκειμέ-
