2517 3792
988 221 1489 263 ECCLESIAZUSARUM.

197 304 295 351 οὗτος
315 308 375 346 καί
390 322 477 349 τινες
495 306 593 343 ἄλλοι
615 304 786 357 βάρὸαροι
809 304 902 348 ὄντες
929 306 990 343 καὶ
1013 306 1097 358 πρὸς
1112 306 1215 352 Ἀθή-

2219 238 2293 270 539

1278 308 1464 346 σάσθωσαν
1481 314 1591 347 ταῦτα.
1623 317 1746 359 ποιεῖν,
1763 310 1806 359 ἢ,
1834 314 1863 349 εἷ
1881 314 1929 362 μὴ
1959 314 2154 364 βούλοιντο,
2181 318 2295 354 ἀπελ-

198 383 258 411 νας
294 366 448 407 ἐλθόντες
473 363 861 416 ἕπολῑτογραφῆθησαν,
895 366 953 401 καὶ
991 366 1123 402 ἐκίνουν
1156 365 1216 408 τὰς
1276 366 1390 410 θόντες
1422 370 1468 410 εἷς
1499 369 1542 406 τὰ
1566 370 1719 421 πάτρια,
1747 370 1875 418 ταύτην
1905 371 1966 419 τὴν
1995 373 2138 425 γνώμην
2164 376 2296 426 3751„-

197 426 315 469 πόλεις
334 427 380 467 εἰς
395 424 514 475 μάχας
533 423 591 460 καὶ
609 422 794 473 πολέμους.
819 422 913 474 λέγει
933 418 990 461 οὖν
1011 427 1056 467 ὡς
1074 423 1095 469 ἢ
1120 424 1215 460 παύ-

1279 440 1353 461 σαν.

1154 520 1320 533 —00'—

936 595 1553 653 ECCLESIAZUSAE.

247 714 528 748 ARGUMENTUM
563 714 590 747 1.
635 712 655 748 5
683 710 879 762 περιθέτους
912 712 1048 746 ποιοῦσι
1087 708 1146 745 καὶ
1164 732 1215 737 -

195 769 500 807 ἀναλααὸάνονται
519 769 605 806 Ald.
627 791 679 796 ——
693 769 714 805 6
733 783 880 819 προασκ.
902 768 962 804 καὶ
988 766 1172 819 προνοήσ.,
1194 781 1212 813 7

195 828 258 878 μία
277 827 318 873 δὴ
339 831 386 865 R.

248 892 348 925 Ano.
371 889 422 925 11.
437 899 511 923 0111.
530 890 574 923 R.
587 907 636 915 —
654 900 665 922 1
679 900 697 932 7
710 884 749 922 τὸ
769 884 880 922 κοινὸν
901 885 984 922 Ald.
1002 884 1215 921 Articulum

195 959 272 983 om.
298 947 337 983 Γ.
359 967 411 973 —-
438 946 482 981 18
515 946 666 996 χρῆσθαι
701 945 742 981 Γ.
771 944 882 991 Ald.,
912 957 996 993 quae
1020 945 1216 992 sequentia

196 1005 358 1051 omittit,
376 1003 507 1041 addita
522 1016 567 1040 ex
592 1004 633 1040 Γ.

632 1084 779 1094 —-——

594 1142 827 1181 SCHOLIA.

252 1240 284 1271 1,
308 1238 357 1262 20
376 1222 609 1278 προσέρχεται
628 1228 674 1261 R.
700 1247 751 1253 —
773 1225 899 1261 22-25
927 1223 983 1261 διὰ
1013 1222 1074 1266 τὰς
1093 1244 1139 1252 -
1157 1225 1216 1261 ε’κ-

194 1282 354 1329 κλησίαν.
376 1288 563 1333 Apertum
585 1291 640 1320 est
662 1283 742 1319 haec
757 1282 802 1319 ad
822 1297 860 1319 v.
884 1283 930 1319 23
947 1296 1027 1319 esse
1043 1282 1217 1320 referen-

194 1341 264 1389 da,
301 1341 368 1378 ubi
404 1354 481 1378 non
524 1341 644 1391 liquet
673 1342 813 1394 ἑταίρας
845 1355 891 1378 an
927 1340 1046 1393 ἑτέρας
1084 1341 1217 1391 legerit

195 1401 412 1438 scholiasta.
440 1403 558 1437 Dum.
584 1400 721 1451 ἑταίρας
741 1399 1015 1450 καθαγιζομένοις
1036 1401 1076 1438 Γ.
1101 1400 1218 1453 δπρὸς

194 1460 382 1497 Dobraeus
415 1460 568 1509 (collato
606 1460 725 1497 schol.
765 1463 837 1496 Av.
873 1460 974 1509 168).
1004 1460 1219 1509 Legebatur

195 1517 278 1570 πρὸς
294 1517 323 1555 ὃ.
344 1540 396 1546 ——
412 1519 458 1554 23
482 1519 556 1560 πῶς
576 1518 655 1556 Ald.
670 1523 759 1556 Post
777 1519 848 1555 hoc
868 1532 950 1556 voc.
971 1519 1130 1556 fortasse
1144 1519 1216 1556 ali-

195 1577 287 1626 quid
308 1576 460 1613 excidit.
482 1580 660 1613 DIND.—-
674 1584 719 1621 24
744 1578 923 1627 λάὸωμεν,
944 1591 988 1623 27
1025 1592 1080 1628 sq.
1117 1577 1219 1615 ἐλαύ-

194 1650 290 1672 νεται
307 1637 341 1672 ἐν
362 1637 497 1686 τροχῷ,
519 1634 596 1672 ἀλλ’
614 1636 648 1672 ἐν
669 1635 767 1687 τύπῳ
787 1635 917 1686 γίνεται
938 1637 976 1673 Γ.

251 1708 287 1740 2,
309 1708 330 1730 2
350 1693 478 1744 λύχνου
498 1694 583 1731 Ald.
605 1716 656 1722 —-
676 1697 695 1733 3
720 1694 995 1747 ῥύμης-ὁρμῆς
1012 1709 1086 1732 0111.
1103 1697 1218 1733 etiam

195 1754 251 1801 Γ.,
266 1753 330 1802 qui
352 1753 371 1789 3
395 1752 578 1803 ξύμὸολον.

253 1824 313 1858 10,
337 1811 359 1848 5
385 1810 420 1848 δὲ
440 1813 474 1848 λ.
494 1825 568 1848 om.
587 1813 626 1850 Γ.
646 1834 698 1839 ——
722 1813 744 1848 6
760 1810 812 1848 ὅτι
833 1812 864 1848 οἱ
886 1813 933 1848 R.

252 1882 310 1915 12,
327 1884 346 1914 7
361 1868 454 1920 λέγει
473 1880 510 1908 et
526 1886 549 1920 9
571 1883 647 1907 om.
672 1871 712 1908 Γ.

251 1932 312 1973 14,
342 1941 384 1964 11
408 1926 452 1964 τὰ
478 1933 606 1977 ταμεῖα
622 1956 632 1974 ,
655 1929 688 1965 ἐν
717 1921 766 1970 οἷς
785 1930 802 1965 6
824 1932 915 1970 σῖτος
935 1928 975 1965 Γ.
1009 1928 1105 1975 Ald.‚
1134 1941 1219 1977 quae

193 1984 384 2038 περιμήκη.
667 1998 682 2028 θ

253 2039 312 2085 18,
336 2039 381 2075 13
398 2037 511 2090 Σκίρα
531 2038 634 2090 ἑορτὴ
657 2054 690 2085 α,
709 2040 738 2076 οἳ
761 2037 796 2075 δὲ
814 2037 1007 2091 Δημήτρας
1031 2041 1078 2075 R.
1099 2061 1151 2066 —
1171 2045 1216 2083 14

196 2098 218 2141 ἡ
237 2095 273 2133 δὲ
293 2096 466 2149 Δήμητρα
478 2098 520 2135 Γ.
535 2121 584 2130 —·
606 2098 651 2134 16
680 2097 787 2134 addit
813 2097 899 2134 Ald.
928 2095 1072 2138 Ἄλλως.
1105 2097 1218 2149 Σκίρα

195 2154 297 2202 ἑορτὴ
317 2155 400 2208 παρ’
421 2154 630 2203 Ἀθηναίοις,
654 2155 712 2208 ἀφ’
732 2150 772 2200 ἧς
789 2155 849 2192 καὶ
878 2158 896 2192 6
925 2154 994 2205 μὴν
1022 2157 1219 2209 Σκιρροφο-

197 2211 292 2264 ριών.
313 2212 398 2265 φασὶ
419 2213 455 2249 δὲ
467 2215 498 2249 οἳ
509 2212 704 2264 γράψαντες
722 2212 802 2264 περί
821 2229 857 2250 τε
880 2215 999 2262 μηνῶν
1014 2214 1072 2250 καὶ
1091 2215 1217 2265 ἑορτῶν

194 2273 263 2308 τῶν
281 2270 479 2321 Ἀθήνῃσιν,
503 2273 548 2313 ὡς
574 2270 612 2308 τὸ
631 2270 748 2324 σκίρον
770 2271 924 2308 σκιάδιον
953 2273 1047 2318 ἐστι,
1074 2272 1150 2321 μεθ’
1179 2268 1218 2310 οἷ

195 2328 376 2382 φερόμενοι
394 2328 427 2373 ἐξ
445 2329 665 2381 ἀκροπόλεως
696 2329 742 2372 εἴς
772 2345 850 2366 τινα
869 2329 973 2366 τόπον
1004 2330 1217 2380 καλούμενον

195 2387 323 2440 Σκίρον
344 2387 549 2439 πορεύονται
566 2389 588 2435 ἥ
608 2403 646 2425 τε
664 2391 725 2433 τῆς
746 2388 892 2434 Ἀθηνᾶς
910 2387 1019 2440 ἱέρεια
1043 2389 1101 2426 καὶ
1123 2393 1140 2427 6
1158 2393 1217 2427 τοῦ

195 2445 330 2484 Ἡλίου.
353 2446 533 2495 κομίζουσι
559 2444 594 2483 δὲ
614 2449 716 2483 τοῦτο
736 2445 1020 2484 Ἔτεοὸουτοίδαι.
1042 2447 1216 2496 σύμὸολον

195 2505 231 2544 δὲ
250 2509 351 2544 τοῦτο
370 2507 503 2557 γίνεται
532 2510 593 2544 τοῦ
619 2507 687 2544 δεῖν
711 2507 918 2557 οἰκοδομεῖν,
951 2507 1009 2544 καὶ
1033 2506 1163 2550 σκέπας
1183 2508 1218 2545 δὲ

193 2572 318 2613 ποιεῖν,
336 2567 381 2607 ὡς
402 2568 462 2603 τοῦ
479 2563 606 2616 χρόνου
626 2564 767 2616 ἀρίστου
785 2565 881 2607 ὄντος
897 2564 980 2616 πρὸς
1003 2565 1216 2615 οἰκοδομίαν,

194 2625 253 2663 καὶ
274 2625 420 2671 Ἀθηνᾶν
439 2623 475 2661 δὲ
495 2623 677 2677 Σκιρράδα
698 2626 847 2674 τιμῶσιν
870 2623 1063 2671 Ἀθηναῖοι,
1087 2624 1129 2670 ἣν
1149 2627 1219 2663 Φι-

193 2682 337 2736 λόχορος
367 2682 430 2729 μὲν
464 2683 499 2720 ἐν
532 2682 682 2735 δευτέρῳ
706 2683 855 2724 Ἀτθίδος
885 2682 953 2720 ἀπὸ
975 2683 1104 2735 Σκίρου
1130 2683 1219 2726 τινὸς

196 2741 410 2780 Ἐλευσινίου
432 2740 588 2792 μάντεως
611 2743 814 2788 κεκλῆσθαι,
837 2740 1001 2792 Πραξίων
1028 2741 1062 2779 δὲ
1086 2743 1120 2778 ἐν
1140 2742 1219 2779 δευ-

658 2800 837 2853 Σκίρωνος
868 2804 928 2837 τοῦ
960 2800 1219 2845 συνοικίσαντος

198 2859 397 2908 Σαλαμῖνα.
416 2858 576 2910 Σκιράδα
595 2857 630 2896 δὲ
649 2858 793 2905 Ἀθηνᾶν
809 2858 950 2904 Θησεὺς
964 2859 1142 2906 ἐποίησεν,
1160 2858 1217 2897 ὅτε

197 2915 342 2965 ἐπανῄει
361 2915 566 2959 ἀποκτείνας
585 2917 642 2954 τὸν
671 2915 912 2969 Μινώταυρον.
947 2921 1094 2954 Inserta
1130 2926 1218 2954 sunt

197 2988 246 3011 ex
277 2976 604 3023 Harpocratione,
632 2984 770 3026 praeter
794 2984 991 3025 0051161113.7
1007 2975 1218 3027 Σκιρᾶδα-

198 3030 440 3083 Μινώταυρον,
456 3046 540 3082 quae
556 3047 604 3070 ex
615 3034 731 3071 Suida
745 3043 833 3071 sunt
849 3048 878 3071 s.
897 3048 935 3070 v.
951 3033 1216 3085 Σκίρος.Ι)1Ν1).

253 3103 315 3136 22,
341 3103 387 3139 19
408 3088 508 3141 ἕδρας
521 3095 566 3128 R.
587 3107 621 3128 τι
635 3093 675 3130 Γ.
695 3093 780 3130 Ald.
799 3116 851 3120 —
867 3106 914 3129 20
930 3091 1099 3144 ε’σκώμφη
1121 3094 1214 3131 Γ.-

200 3162 246 3185 21
268 3162 324 3198 sq.
343 3146 433 3185 ὥστε
453 3148 521 3185 δεῖν
540 3147 601 3191 τὰς
618 3157 785 3199 γυναῖκας
797 3151 857 3193 τὰς
877 3149 950 3201 (τὰς
965 3164 1038 3187 om.
1055 3152 1108 3200 Γ.)
1126 3151 1218 3188 ἑταί-

200 3222 261 3258 ρας
287 3205 396 3258 χωρὶς
425 3207 494 3242 τῶν
515 3207 700 3260 ἐλευθέρων
729 3208 942 3252 καθέζεσθαι.
969 3210 1000 3245 οἳ
1020 3207 1055 3245 δὲ
1081 3208 1133 3246 ὅτι
1158 3208 1218 3251 τὰς

198 3270 361 3315 γυναῖκας
388 3263 448 3300 καὶ
482 3263 559 3306 τοὺς
590 3265 714 3319 ἄνδρας
731 3267 839 3319 χωρὶς
874 3265 1077 3310 καθέζεσθαι
1095 3267 1218 3319 (χωρὶς

201 3322 350 3374 βαδίζειν
368 3321 425 3371 Γ.)
447 3323 487 3359 Γ.
511 3322 590 3358 Ald.

255 3382 303 3425 34
323 3379 413 3419 Ἀντὶ
426 3382 486 3417 τοῦ
501 3382 557 3425 ἡσ,
577 3382 615 3417 Γ.
637 3385 778 3419 κινοῦσα
799 3386 845 3419 R.

196 2799 288 2853 τέρῳ
313 2802 524 2851 Μεγαρικῶν
557 2800 627 2838 ἀπὸ

1331 711 1394 756 36,
1416 724 1462 758 27
1479 710 1517 748 τὸ
1531 711 1661 762 κνίσμα
1680 712 1714 750 δὲ
1730 714 1829 762 ΑΙά.,
1849 719 1964 766 κνῦμα
1976 717 2011 755 δὲ
2030 721 2084 766 Γ.,
2104 734 2163 757 σου
2182 721 2298 758 omit-

1279 774 1412 805 tentes.
1433 791 1484 796 —-
1503 771 1551 806 28
1569 770 1737 821 κνησμιόν
1758 774 1797 810 Γ.
1819 774 1976 824 χνασμόν
1996 778 2079 814 Ald.

1333 828 1394 874 38,
1420 829 1466 865 3ο
1481 828 1540 866 καὶ
1554 832 1767 882 κατωφερῶν
1788 833 1923 870 Suidas
1938 848 1971 870 s.
1991 835 2215 886 Σαλαμίνιος.
2230 839 2295 875 Li-

1277 884 1337 922 bri
1351 884 1373 931 ἢ
1393 889 1610 941 καταφερῶν.

1332 945 1395 992 45,
1419 947 1465 983 33
1498 946 1647 985 ἔκαπτον
1682 953 1887 986 Porsonus.
1921 949 2066 989 ἔκοπτον
2091 954 2176 992 Ald.
2214 953 2298 992 ἔκω-

1276 1016 1360 1039 πτον
1382 1007 1427 1041 R.

1335 1066 1382 1108 46
1400 1065 1539 1103 lemma
1554 1067 1774 1119 Μελιστίχην
1801 1078 1856 1107 est
1876 1071 1914 1108 in
1936 1075 1980 1109 R.

1333 1130 1382 1173 49
1410 1125 1543 1175 εἴρηκεν
1564 1128 1649 1165 Ald.

1334 1184 1396 1232 56,
1421 1191 1465 1228 41
1486 1185 1590 1235 Λέγει
1610 1185 1644 1222 δὲ
1666 1190 1712 1223 R.
1731 1209 1783 1214 —
1805 1193 1852 1230 42
1876 1187 1911 1225 δὲ
1934 1202 2009 1226 0111.
2032 1190 2114 1226 Ald.
2144 1223 2148 1228 .

1333 1244 1381 1288 64
1398 1245 1443 1286 ὡς
1462 1243 1500 1281 τὸ
1524 1245 1601 1293 μέλ.
1628 1246 1667 1282 Γ.
1686 1246 1900 1295 μελανθῆναι
1917 1249 1963 1289 ὡς
1983 1251 2000 1285 ὁ
2020 1247 2106 1299 ἀνήρ
2126 1249 2209 1285 Ald.

1334 1303 1397 1350 66,
1426 1317 1439 1339 1
1466 1303 1568 1341 αὐτὸν
1602 1304 1687 1341 Ald.
1713 1327 1759 1333 ———
1779 1319 1798 1342 2
1821 1306 1905 1357 πρὸς
1931 1305 2033 1352 ξυράν
2062 1309 2231 1345 additum
2257 1324 2301 1347 ex

1279 1364 1323 1398 R.
1343 1359 1406 1407 ὅλη
1427 1364 1467 1400 Γ.

1335 1434 1395 1467 71,
1414 1426 1434 1464 4
1453 1415 1763 1472 ἦν-δημαγωγός
1788 1423 1826 1460 111
1855 1424 1928 1461 fine
1952 1424 2086 1462 scholii
2121 1429 2230 1477 ponit
2257 1432 2300 1466 R.

1278 1500 1330 1506 —
1357 1503 1369 1525 7
1392 1480 1493 1516 conf.
1518 1481 1684 1518 Meinek.
1710 1482 1806 1518 Hist.
1833 1487 1938 1520 Com.
1955 1497 1991 1533 p.
2025 1487 2108 1522 183.

1337 1552 1400 1586 77,
1422 1553 1445 1587 9
1466 1555 1516 1581 τις
1540 1540 1675 1576 011111.
1700 1565 1751 1570 —
1772 1556 1816 1577 10
1842 1535 1930 1578 εἶναί
1951 1558 2036 1594 φησι
2056 1545 2095 1581 Γ.
2115 1567 2162 1571 -
2183 1559 2222 1581 11
2246 1545 2302 1583 τὸν

1279 1596 1422 1645 Λαμίαν
1439 1597 1524 1634 Ald.
1556 1597 1613 1635 τὀν
1639 1612 1714 1636 0111.
1749 1601 1788 1638 Γ.
1820 1604 1912 1636 Post
1932 1601 2073 1650 Λαμίαν
2094 1604 2304 1640 Meinekius

1279 1656 1378 1692 Hist.
1400 1659 1507 1693 Com.
1536 1670 1573 1706 p.
1606 1658 1653 1694 65
1688 1659 1793 1695 addit
1813 1658 1952 1708 λέγουσι
1990 1659 2025 1697 δὲ
2061 1660 2119 1697 καί
2147 1662 2302 1707 θηλυκῶς

1279 1715 1433 1764 Λάμιαν.
1448 1738 1500 1743 -
1519 1730 1563 1753 12
1586 1716 1727 1768 Κράτης
1743 1719 1969 1755 Meinekius.
1987 1719 2205 1769 Legebatur
2225 1722 2303 1759 Φε-

1281 1774 1463 1827 ρεκράτης.
1484 1803 1536 1808 --
1563 1777 1607 1814 13
1632 1777 1720 1814 vide
1741 1778 1903 1814 Meinek.
1924 1780 2030 1814 Com.
2052 1782 2083 1826 Ι,
2106 1793 2142 1828 p.
2162 1786 2248 1823 241.

1335 1841 1383 1876 88
1406 1840 1465 1877 καὶ
1496 1840 1648 1894 φέρουσα
1664 1841 1724 1879 καὶ
1746 1841 1909 1885 ξαίνουσα
1928 1841 2015 1879 αὐτὰ
2029 1844 2069 1880 Γ.
2086 1844 2146 1880 καὶ
2166 1843 2303 1887 ξαίνου-

1280 1915 1325 1937 σα
1348 1898 1426 1952 ἔρια
1445 1901 1488 1937 R.
1513 1899 1571 1937 καὶ
1588 1900 1664 1952 ἔρια
1685 1899 1847 1944 ξαίνουσα
1870 1899 1958 1938 αὐτὰ
1971 1900 2056 1937 Ald.
2081 1902 2231 1940 Scholia
2254 1905 2303 1953 89

1279 1967 1316 1995 et
1331 1964 1379 2008 94
1396 1972 1470 1996 om.
1491 1961 1531 1998 Γ.

1514 2022 1533 2042 τ

1334 2067 1398 2102 97,
1421 2067 1469 2102 29
1495 2068 1532 2090 ου
1551 2056 1595 2090 R.
1615 2051 1704 2090 οὕτω
1721 2051 1808 2089 δασὺ
1832 2054 1886 2099 Γ.,
1918 2054 1983 2103 qui
2003 2052 2075 2092 Καὶ
2104 2062 2141 2091 et
2160 2048 2201 2100 ἦν
2226 2069 2302 2092 0111.

1278 2113 1405 2162 Pergit
1421 2116 1467 2149 R.
1493 2111 1586 2162 λέγει
1607 2106 1664 2148 οὖν
1684 2112 1784 2158 τὸ,Γ.
1806 2110 1900 2161 λέγει
1917 2112 1957 2149 τὸ
1978 2113 2048 2149 αἷδ.

1339 2191 1423 2225 102,
1441 2179 1486 2214 32
1507 2171 1620 2218 Οῧτος
1640 2192 1715 2228 στρ.
1735 2177 1777 2214 Γ.
1800 2197 1850 2203 -
1869 2177 1915 2212 33
1934 2175 1993 2212 καὶ
2009 2174 2155 2228 ἅρξας-
2168 2177 2303 2214 συνέτε-

1280 2249 1323 2283 με
1347 2243 1434 2285 post
1454 2233 1538 2284 γυνή
1560 2235 1670 2284 pouit
1688 2237 1734 2270 R.
1749 2232 1876 2285 Λέσέῳ
1898 2235 2088 2270 Meursius
2109 2237 2209 2271 Lect.
2227 2241 2300 2272 At-

1281 2295 1344 2330 tic.
1377 2295 1413 2342 6,
1446 2300 1480 2337 4.
1510 2293 1645 2344 Λήμνῳ
1666 2296 1712 2329 R.
1733 2291 1813 2327 Ald.
1834 2300 1871 2328 et
1897 2292 2033 2329 Suidas
2065 2306 2093 2329 s.
2110 2292 2299 2346 Ἀγύρριος.

1279 2351 1394 2405 Αῆμῳ
1413 2354 1454 2390 Γ.
1472 2353 1581 2390 Conf.
1601 2351 1784 2401 Xenoph.
1805 2353 1851 2388 H.
1868 2354 1932 2389 Gr.
1948 2358 1989 2399 4,
2008 2353 2044 2398 8,
2063 2353 2124 2399 31,
2138 2354 2299 2390 Diodor.

1286 2419 1345 2458 14,
1377 2426 1440 2461 99.
1463 2433 1506 2439 -
1534 2412 1583 2448 35
1604 2410 1661 2448 τὸν
1683 2410 1837 2460 πώγωνα
1864 2412 1903 2448 Γ.
1926 2439 1977 2445 --
2000 2413 2045 2458 37
2073 2412 2234 2450 λανθάνει
2258 2415 2303 2456 ὡς

1277 2488 1287 2497 ··
1304 2500 1311 2508 .
1339 2475 1385 2509 R.

1286 2488 1298 2522 ί
1338 2533 1423 2576 105,
1458 2533 1506 2568 38
1524 2529 1709 2574 Νὺξ-ἔτι
1726 2529 1873 2566 addidit
1893 2533 1938 2567 R.
1955 2533 2048 2566 Tum
2067 2532 2193 2580 pergit
2210 2530 2248 2568 τὸ
2268 2531 2303 2569 δὲ

1279 2590 1355 2638 ἑξῆς
1384 2590 1579 2643 ὃπέρὸατον
1598 2589 1720 2628 τούτου
1745 2597 1816 2626 etc.
1835 2610 1885 2616 —
1906 2591 1953 2637 39
1976 2589 2034 2626 καὶ
2060 2588 2134 2627 ἔστι
2161 2590 2200 2628 τὸ
2228 2590 2303 2637 ἑξῆς

1278 2653 1319 2690 Γ.
1342 2650 1443 2689 ἕνεκα
1458 2655 1504 2688 R.
1524 2649 1638 2687 ἕνεκεν
1662 2651 1701 2687 Γ.
1729 2662 1788 2697 μοι
1808 2649 1894 2698 (pro
1909 2649 1975 2698 τοι)
1998 2648 2122 2686 οὕνεκα
2139 2649 2222 2688 Ald.

1339 2725 1425 2760 109,
1455 2710 1502 2755 43
1522 2708 1573 2746 ἔχ’
1594 2708 1756 2761 ἀργύριον
1777 2708 1982 2744 Bentleius.
2007 2709 2224 2757 Legebatur
2238 2707 2255 2744 ὃ
2270 2709 2302 2746 κ’

1279 2769 1456 2823 ἀργύριον.
1472 2769 1549 2806 ἀλλ’
1564 2767 1645 2805 ὅταν
1667 2766 1826 2819 ἀργύριον
1842 2767 1977 2804 Suidas
1993 2780 2019 2803 s.
2036 2768 2113 2804 Θεῖ.
2132 2771 2302 2815 Sequens

1279 2829 1451 2866 scholion
1474 2842 1550 2866 om.
1574 2830 1614 2866 Γ.

1336 2903 1351 2926 1
1364 2894 1407 2931 14
1424 2886 1521 2940 παρὰ
1541 2887 1580 2924 τὸ
1599 2886 1662 2932 τὴν
1690 2886 1800 2937 τύχην
1818 2886 1837 2932 ἢ
1852 2884 1943 2923 κατὰ
1965 2881 2149 2932 συντυχίαν
2165 2884 2204 2919 Γ.

1336 2953 1408 2989 115
1431 2956 1452 2998 ἡ
1475 2965 1550 2987 om.
1575 2953 1621 2988 R.
1649 2949 1689 2986 τὸ
1721 2952 1850 3001 πλῆρες
1867 2952 1887 2993 ἡ
1910 2946 1976 2997 ἐμὴ
2005 2944 2167 2997 ἐμπειρία
2197 2948 2299 2995 Ald.‚

1278 3025 1362 3061 quae
1384 3023 1470 3054 122,
1490 3024 1503 3045 1
1527 3021 1600 3044 0111.
1622 3007 1693 3044 καὶ.
1712 3007 1895 3045 Scholion
1916 3011 1986 3048 124
2009 3018 2085 3041 om.
2106 3004 2163 3051 Γ.,
2184 3006 2250 3055 qui
2275 3013 2296 3051 4

1277 3069 1354 3112 τοὺς
1377 3068 1560 3118 πό)γ(ὶ)νας.

1335 3137 1420 3182 126,
1444 3134 1463 3169 5
1478 3146 1531 3184 sq.
1552 3129 1864 3177 Σηπία-εἰκασία
1881 3129 1943 3165 hic
1962 3142 2037 3166 om.
2058 3132 2116 3175 R.‚
2135 3129 2199 3165 sed
2211 3137 2297 3179 post

1277 3193 1500 3239 ὂπτηθείσαις
1523 3190 1628 3228 addit
1650 3187 1841 3241 ἀπρόλογος
1863 3185 1898 3223 δὲ
1919 3190 1940 3233 ἠ
1960 3187 2109 3227 εἰκασία.

1335 3274 1348 3295 1
1359 3261 1420 3305 28,
1450 3273 1462 3294 1
1472 3272 1494 3294 0
1510 3259 1544 3294 ἐν
1558 3262 1633 3297 ταῖς
1650 3253 1853 3301 ἐκκλησίαις
1866 3252 2113 3306 περιστίαρχος
2127 3252 2293 3289 ἐκαλεῖτο.

1277 3318 1359 3354 Ald.
1386 3316 1547 3367 περίστια
1563 3314 1598 3351 δὲ
1621 3313 1781 3363 λέγονται
1800 3314 1841 3350 Γ.

1340 3395 1424 3429 129,
1448 3394 1489 3416 12
1516 3380 1619 3416 αὐτοῦ
1635 3380 1675 3416 Γ.
1707 3400 1745 3405 —
1774 3384 1815 3418 13
1840 3378 1906 3431 γὰρ
1922 3377 2006 3431 πρὸς
2022 3380 2067 3415 R.
