2533 3808
303 249 381 285 424

360 336 442 374 140,
464 329 485 363 8
504 328 571 363 τῶν
591 337 662 360 om.
683 326 725 359 V.
740 346 779 353 -·
794 336 816 370 9
839 315 886 363 οἷς
907 324 950 357 G.
969 319 1000 357 οἳ
1014 323 1056 356 V.
1075 320 1203 355 πολλοῦ
1229 332 1303 356 0111.

302 386 434 425 Suidas
457 398 482 420 s.
504 381 593 420 Ἀλλ’
611 384 660 417 οὐ.
675 405 715 412 -
734 393 777 415 10
799 380 826 415 εἷ
845 377 892 428 μὴ
921 382 989 419 τοῖς
1009 379 1178 428 μαθηταῖς
1194 375 1308 413 habet

302 448 343 481 V.
360 457 433 480 om.
451 446 493 477 G.

361 504 444 543 144,
473 511 515 534 12
533 495 674 533 ἐπύθετο
702 509 774 531 om.
792 497 883 530 V.-
902 493 945 529 18
964 494 1066 529 αὐτοῦ
1092 492 1182 528 δοκεῖ
1198 490 1307 533 σώζεσ-

304 562 381 594 σΟαι
395 556 526 594 Suidas
542 569 567 591 s.
583 554 827 605 Χαιρεφῶν.-
845 565 888 599 19
908 550 998 588 πάνυ
1018 549 1138 601 θερμὸς
1156 550 1305 587 Suidas.

302 642 341 649 ..-
360 629 406 652 22
430 617 654 665 συμφρονοῖεν
678 614 719 648 Υ.
740 615 944 662 σωφρονοῖεν
978 608 1061 646 Ald.
1093 611 1305 658 συμφωνοῖεν

300 674 435 711 Suidas
462 685 547 709 cum
579 669 901 749 Χ611ορ110111ικ-
925 669 973 704 23
1006 668 1107 703 τοῦτο
1137 668 1229 702 V.—
1258 665 1306 700 26

301 730 438 782 σοφὸςο
422 730 450 766 δ’
471 728 631 766 ἁπάντων
649 726 839 779 Σωκράτης
857 729 873 763 ὃ
887 724 1041 770 Θηὲαῖος
1056 726 1102 760 V.
1118 737 1308 774 σοφωτερος

302 793 345 826 R.
384 784 786 837 ἁπάντων-σορώτατος
811 788 852 820 P
860 783 981 820 endo-
988 783 1141 819 Lucian.
1175 785 1233 817 An
1239 793 1306 816 101.

317 875 334 882 .
302 847 417 889 cl,8.
430 870 470 876 —-
491 858 536 890 27
559 842 678 880 τούτου
701 846 794 878 Υ611.
809 866 849 872 -
866 842 913 876 28
932 841 987 888 leg
993 840 1126 876 11)1’11111
1143 837 1226 890 φησὶ
1246 836 1308 882 τὴν

302 903 435 941 Πυθίαν
452 917 529 943 τους
548 916 579 950 γ.
591 926 631 932 -
646 914 694 949 29
716 899 773 936 καὶ
796 900 824 935 εἰ
849 897 921 935 ἔστι
941 897 975 935 δε
996 902 1040 934 Υ.
1054 922 1094 928 -
1111 899 1156 933 30
1180 898 1207 933 εἷ
1228 897 1312 933 Sui-

302 962 368 998 das
389 975 416 998 s.
438 958 742 1011 Συγχρωτίζεσθαι
758 966 794 993 et
815 958 926 1005 Diog.
948 960 988 993 L.
1022 971 1056 1001 7,
1083 968 1117 992 2.
1138 956 1186 1004 πῇ
1212 953 1308 999 Α1ι1.,

302 1019 405 1068 quod
434 1031 508 1053 orn.
540 1021 599 1060 V.,
628 1017 667 1052 in
688 1029 766 1065 quo
794 1016 822 1051 εἰ
842 1015 942 1051 inter
970 1013 1028 1050 καὶ
1061 1012 1133 1050 ἔστι
1159 1013 1309 1060 legitur,

301 1077 386 1113 loco
436 1076 560 1112 alieno
602 1074 762 1110 illatum.
800 1073 885 1109 Ald.
919 1076 965 1109 V.
1002 1074 1051 1121 πῇ
1089 1071 1310 1121 συγκεχωρῆ-

302 1136 381 1170 σθαι
400 1131 689 1183 (συγκεχωρίσθαι
712 1131 838 1182 Υ.)τῷ
856 1132 1005 1182 χρησμῷ
1037 1127 1187 1165 δύναται.
1211 1130 1307 1164 Cor-

302 1193 399 1228 rexit
416 1192 589 1240 Toupius
606 1189 804 1227 Emendat.
835 1189 908 1224 vol.
928 1200 965 1233 2,
983 1201 1019 1237 p.
1043 1200 1129 1231 207,
1146 1199 1192 1222 ex
1212 1186 1310 1221 Dio-

304 1264 399 1299 gene
451 1253 572 1286 Laert.
621 1262 640 1293 7
655 1277 664 1293 ,
715 1261 735 1283 2
764 1262 772 1283 2
814 1242 1159 1299 χρηστηριαζομένου
1207 1244 1310 1280 αὐτοῦ

303 1309 507 1359 (Zenonem
534 1307 641 1355 dicit)
662 1305 695 1342 τί
711 1305 871 1357 πράττων
887 1304 1010 1356 ἄριστα
1033 1301 1206 1352 βιώσεται,
1223 1316 1311 1338 απο-

302 1367 484 1419 κρίνασθαι
512 1381 569 1402 τον
601 1364 690 1411 Θεον,
706 1366 734 1401 εἰ
764 1361 1032 1414 συγγρωτίζοιτο
1063 1365 1132 1401 τοῖς
1162 1364 1309 1409 νεκροῖς·

303 1424 377 1461 ὅθεν
409 1423 549 1467 ξυνέντα
575 1438 619 1459 τα
648 1424 716 1459 τῶν
746 1419 900 1484 ἀργαίων
934 1415 1190 1467 ἀναγινώσκειν.
1205 1440 1244 1447 -
1263 1417 1309 1452 32

303 1481 460 1527 δηλονότι
484 1483 527 1518 V.
532 1480 669 1529 ,quod
688 1478 855 1516 conexit
875 1477 1102 1514 Dindoxlius.
1117 1499 1156 1506 —-
1172 1479 1218 1517 40
1237 1475 1312 1513 Να-

301 1540 404 1577 παίου
426 1509 592 1576 Lobelzk.
606 1538 791 1587 Aglaoph.
815 1549 851 1585 p.
870 1536 957 1580 267.
987 1533 1200 1582 Legebatur
1226 1547 1310 1581 γον-

300 1596 459 1634 ναπαίου.
496 1596 706 1645 Apollinem
739 1599 884 1630 ναπαῖον
913 1592 960 1629 ab
992 1592 1136 1629 Lesbiis
1168 1592 1309 1627 cultum

301 1655 417 1692 fuisse
452 1661 601 1690 constat
632 1667 678 1690 ex
709 1651 898 1689 Macrobii
935 1654 1084 1689 Saturn.
1113 1664 1150 1695 1,
1190 1663 1247 1695 17,
1275 1658 1311 1686 et

301 1712 418 1749 suida
440 1726 467 1749 s.
490 1710 677 1757 Ναπάται,
699 1723 810 1760 quam
831 1710 877 1758 gl.
901 1722 974 1745 om.
999 1707 1110 1744 codd.
1136 1708 1252 1744 Paris.
1278 1711 1310 1743 A

302 1778 339 1805 et
359 1770 515 1808 Leid.—
534 1776 578 1814 41
613 1769 766 1814 Suidas‚
799 1766 986 1816 ἀνάθημαε
1007 1771 1074 1802 πᾶν
1103 1764 1141 1801 τὸ
1161 1766 1310 1816 ἀφιερω-

303 1825 403 1877 μένον
434 1829 510 1879 θεῷ.
534 1845 549 1859 «
571 1829 743 1867 αἰτοῦντος
774 1825 878 1874 (libri
905 1824 1111 1861 deteriores
1141 1824 1310 1873 αἰτοῦντι)

302 1887 352 1937 τῷ
383 1884 520 1923 Πέλοπι
554 1885 715 1934 ἀνάθημα
735 1882 797 1928 τὴν
828 1882 913 1934 ἄρνα
940 1881 1001 1927 τὴν
1031 1884 1185 1933 χρυσῆν,
1213 1880 1312 1934 ἕτερα

300 1940 490 1994 παρέχοντι
508 1942 672 1991 κειμήλια
696 1940 861 1992 ἔχρησεν,
889 1938 937 1978 Ὃ
959 1939 1127 1990 βούλομαι
1157 1939 1229 1987 δὸς,
1261 1940 1309 1990 μὴ

301 1999 394 2036 δίδου
412 1999 439 2036 δ’
457 1999 474 2037 ὃ
490 1998 538 2049 μὴ
560 1998 659 2036 Θέλω.
673 2016 687 2031 »
701 2023 741 2029 -
759 2004 805 2041 42
825 1996 1013 2048 παρέχοντι
1029 1997 1176 2035 Suidas.
1198 1997 1310 2049 παρέ-

300 2072 409 2109 χοντα
424 2058 507 2095 Ald.
529 2057 675 2095 Deinde
696 2075 711 2089 «
726 2055 969 2093 scribendum
984 2055 1057 2093 ἔστι
1083 2056 1111 2092 δ’
1131 2051 1227 2098 οὗτος
1254 2058 1311 2094 vel

300 2114 374 2166 ἔχει
396 2116 426 2153 δ’
442 2115 562 2158 οὕτως.
582 2134 597 2148 »
617 2119 733 2152 Dmn.
755 2113 761 2118 ’

359 2175 445 2219 145,
467 2181 513 2221 47
532 2173 592 2211 καὶ
610 2175 667 2210 vel
689 2173 889 2210 delendum
909 2173 967 2210 vel
996 2173 1035 2209 in
1061 2170 1125 2223 γὰρ
1160 2181 1311 2210 mutan-

301 2231 407 2268 dum.
426 2231 608 2268 Praecedit
624 2231 662 2267 in
684 2234 729 2267 R.
755 2229 1047 2279 ἐπινενοημένην,
1067 2230 1170 2279 quod
1200 2231 1312 2267 retuli

299 2290 347 2326 ad
366 2304 401 2327 v.
432 2292 518 2336 137,
538 2298 580 2326 ut
599 2290 740 2325 factum
760 2290 873 2325 estin
902 2292 947 2324 V.
972 2292 1090 2325 D1Nn.
1108 2315 1148 2320 -
1176 2289 1220 2325 51
1252 2293 1310 2326 νῦν

299 2349 446 2388 addidit
469 2350 556 2385 V.-
574 2361 588 2383 1
609 2350 743 2384 τοιοῦτο
760 2349 805 2382 R.
827 2345 910 2382 Ald.
924 2370 963 2376 —
979 2348 998 2382 3
1023 2346 1124 2390 δῆλον
1146 2344 1181 2382 δὲ
1196 2355 1231 2382 61
1248 2360 1309 2383 se—

299 2407 455 2456 quentia
473 2419 547 2442 om.
572 2408 614 2443 V.
635 2403 687 2441 ὅτι
702 2403 812 2441 ταῦτά
835 2418 919 2454 φησι
939 2404 1025 2442 Ald.
1051 2407 1152 2457 σῦραι
1167 2408 1212 2444 R.
1230 2430 1270 2435 —
1288 2410 1307 2448 4

303 2464 447 2515 μηδενὸς
466 2462 629 2514 ἐχόμενα.
657 2461 708 2499 διὸ
725 2462 810 2498 Ald.
825 2486 865 2493 —
884 2463 905 2497 6
925 2460 1007 2498 αὐτὸ
1030 2465 1072 2498 R.

359 2523 450 2564 146,
471 2534 494 2568 9
513 2517 719 2571 παρειλήφει
744 2522 789 2554 V.
808 2521 919 2554 τοῦτο.
952 2516 1007 2553 διὰ
1032 2522 1132 2554 τοῦτο
1158 2517 1233 2555 οὐδὲ
1260 2523 1307 2557 R.

300 2577 426 2615 αὐτικὰ
447 2575 482 2613 δὲ
508 2581 553 2614 G.
568 2600 609 2606 -
627 2589 672 2611 10
690 2573 780 2616 τινὸς
801 2573 874 2619 6ῑῆ
906 2574 1142 2624 τοῦ-γελοίου
1163 2589 1238 2612 0111.
1261 2580 1307 2613 Υ.

298 2635 321 2680 ἢ
339 2634 460 2673 τούτου
480 2636 540 2678 R.,
559 2641 609 2679 et,
629 2632 778 2668 omissis
801 2633 835 2667 ἐν
857 2631 1010 2682 ἑκατέρω
1037 2632 1195 2681 γελοίου,
1226 2647 1310 2682 pm-

299 2695 366 2742 git,
387 2696 404 2730 ὃ
425 2690 486 2741 μὲν
506 2690 572 2742 γὰρ
591 2690 782 2748 Χαιρεφων
807 2687 981 2738 βαθείας”
963 2703 1034 2737 εχει
1067 2687 1129 2731 τὰς
1151 2691 1270 2740 ὂφρυς,
1291 2693 1308 2727 ὁ

300 2750 336 2787 δὲ
357 2747 549 2801 Σωκράτης
569 2747 742 2800 φαλακρὸς
761 2750 814 2792 ἠν.
835 2749 852 2783 ὁ
870 2748 979 2797 Χαιρε
965 2760 1053 2797 :pom
1073 2755 1109 2782 et
1126 2749 1189 2783 <3v
1160 2747 1306 2798 “empci-

298 2824 359 2855 της
376 2823 450 2845 0111.
470 2810 512 2845 V.

357 2868 442 2911 150,
468 2866 512 2902 13
543 2864 680 2910 δυῖκῶς,
712 2868 753 2906 14
773 2863 901 2913 ἱστορεῖ
922 2860 981 2897 καὶ
998 2859 1105 2902 πόδας
1121 2859 1193 2911 ἔχει
1209 2864 1253 2898 V.
1269 2882 1309 2889 -—

304 2938 318 2960 1
330 2925 348 2961 5
365 2922 548 2975 ψυγείσῃ
531 2920 566 2959 οὲ
585 2920 660 2958 ἀντὶ
675 2935 735 2957 του
753 2933 828 2956 om.
845 2923 890 2956 R.

357 2982 440 3017 151.
464 2979 583 3018 ”Εστι.
606 2982 650 3015 111
673 2978 756 3015 Α1ι1.
770 2976 966 3027 plaecedit‚
989 2969 1073 3017 εἰδος
1093 2974 1310 3024 υποδήματος

300 3040 335 3076 αἱ
357 3037 548 3090 Περσικαὶ,
573 3039 618 3078 ὡς
646 3036 704 3073 καὶ
729 3034 921 3087 Ἡρόδοτος.
944 3033 1017 3071 ἐπεὶ
1038 3032 1074 3070 δὲ
1094 3049 1151 3070 και
1173 3032 1310 3084 δένδρου

300 3095 446 3145 ὄνομά
432 3111 505 3133 εστι
525 3094 715 3146 Περσικαὶ,
736 3093 786 3130 διὸ
809 3108 867 3130 και
889 3091 1096 3145 περιέφυσαν
1124 3095 1238 3138 εἶπεν,
1266 3093 1310 3133 ὡς

300 3154 357 3191 ἐπι
387 3154 421 3190 δε
410 3153 540 3204 νῖδρου,
567 3153 734 3189 scholion
762 3152 895 3188 novitii
922 3159 1164 3200 ς1111111111101
1188 3152 1312 3186 Heio-

300 3211 413 3249 dotus
433 3211 623 3247 memoriae
645 3222 775 3246 errore
795 3209 1024 3253 nominatur,
1047 3207 1202 3243 sortasse
1224 3220 1310 3256 pro-

300 3277 385 3320 pter
411 3282 443 3314 1,
471 3268 555 3315 195,
585 3267 650 3303 ubi
676 3266 970 3315 Babyloniorum
998 3263 1203 3313 ὑποδήματα
1229 3277 1307 3300 1116-

302 3333 510 3366 morantur.
525 3327 644 3361 Dum.
660 3347 700 3354 -
723 3337 763 3369 17
786 3321 993 3372 ὑποδήματά
1007 3336 1039 3358 τι
1056 3324 1099 3357 R.

358 3383 426 3421 152
445 3382 497 3419 sic
509 3381 607 3429 Ald„
629 3380 801 3419 ἀδύνατον.
814 3381 890 3418 οὔτε
905 3378 972 3432 γὰρ
988 3377 1153 3426 ὑπόδημα
1169 3376 1309 3414 δύναται

1075 233 1373 272 ADNOTATIO
1402 233 1455 270 IN
1486 232 1659 271 SCHOI..

1367 317 1508 370 φορέσαι
1537 318 1676 370 ψύλλα,
1705 319 1780 357 οὔτε
1813 320 2074 369 ὑπολύσασθαι,
2095 321 2170 359 οὔτε
2203 323 2374 375 μετρῆσαι

1365 391 1414 412 τι)
1446 376 1720 428 προσπλασθέντι
1750 379 1846 429 κηρῶ
1865 384 1935 420 τοῖς
1955 394 2033 416 ποσι
2053 395 2091 416 το
2109 379 2284 429 διάστημα
2315 383 2373 417 τοῦ

1366 433 1595 483 ὑποδήματος,
1609 434 1684 470 ἀλλ’
1695 449 1855 472 α1υνατο)
1866 436 2020 474 onoma-o>
2029 453 2093 482 επη
2097 452 2139 486 γα
2141 453 2209 488 γεν.
2223 437 2374 491 οὔτεγὰρ

1366 489 1408 526 τὰ
1449 490 1586 539 ὑποδήμ
1590 505 1654 526 ατα
1676 492 1713 527 ἐκ
1732 495 1837 542 κηροῦ
1855 508 1955 543 φυναι
1974 509 2071 565 φυξιν
2095 493 2166 545 ἔχει
2179 522 2189 538 ,
2211 495 2268 532 οὔτ
2274 510 2288 532 ε
2306 512 2374 533 των

1366 550 1425 592 τῆς
1445 548 1574 599 ψυλλης
1590 549 1702 584 ποδων
1721 564 1828 586 ταυτα
1850 550 1988 587 δυνατὸν
2011 555 2052 597 ἠν
2075 551 2179 594 εξελέ
2169 567 2197 589 ιν
2220 551 2318 589 καὶ
2299 568 2376 590 οια-

1368 620 1430 655 μετ
1436 620 1535 657 ρησαι
1563 621 1612 657 τῳ
1637 611 1707 648 τοῖς
1733 621 1835 643 ποσιν
1857 608 1959 652 αὐτῆ-ς
1985 609 2259 659 προσπλασθέντι
2278 625 2375 662 κηρῳ

1366 668 1404 706 τὸ
1430 669 1458 705 8.
1480 672 1538 706 τοῦ
1555 669 1784 719 ὑποδήματος.
1802 694 1842 700 -
1865 683 1909 706 21
1933 670 2037 716 αὐτὴν
2054 676 2143 709 Υ.-.
2164 686 2210 709 22
2228 672 2375 717 ἐξέλκειν

1368 730 1410 764 R.
1431 731 1528 764 τοῦτο
1547 731 1589 764 R.
1608 731 1652 764 V.

1425 786 1508 833 157,
1559 800 1603 831 27
1643 784 1871 834 διαλογίζεται
1906 786 1990 822 Ald.
2022 813 2063 818 —
2095 788 2141 824 28
2174 789 2290 826 verba
2320 788 2376 831 οὓς

1368 847 1467 893 ἡμεῖς
1484 842 1652 885 κώνωπας
1670 842 1814 892 λέγομεν
1832 843 1946 880 habet
1967 848 2086 891 R.,V.
2107 855 2230 882 autem
2250 848 2287 883 in
2302 846 2376 887 fine

1369 902 1499 938 scholii
1519 916 1551 938 v.
1578 902 1661 946 158,
1679 901 1817 950 ἐμπίὸες
1831 900 1865 937 δὲ
1885 903 2069 939 καλοῦνται
2088 902 2125 945 ἃς
2141 907 2240 952 ἡμεῖς
2257 903 2377 941 κώνω-

1368 974 1434 1001 πας
1449 959 1606 1011 λέγομενΓ
1628 961 1756 995 Codex
1777 959 1930 997 Taurin.
1947 960 2093 1008 ἐμπίδας
2111 960 2198 1003 τινὲς
2211 960 2287 1003 τοὺς
2305 960 2378 998 κώ-

1661 1017 1724 1067 οὖχ
1743 1015 1847 1058 οὕτως
1871 1017 1906 1053 δὲ
1937 1016 2028 1068 ἔχει,
2050 1018 2126 1055 ἀλλ’
2153 1018 2292 1068 ἔμπίδες
2311 1019 2377 1055 εἰσὶ

1368 1074 1411 1111 τὰ
1437 1077 1556 1116 κοινῶς
1579 1074 1747 1124 λεγόμενα
1776 1072 1934 1126 κανάρια.
1964 1075 2095 1125 γίνεται
2123 1075 2158 1112 δὲ
2181 1075 2284 1126 ἐμπὶς
2311 1075 2378 1112 ἀπὸ

1369 1136 1427 1169 τοῦ
1446 1133 1566 1182 ἐμπεῖν
1582 1134 1737 1182 (ἐμπνεῖν
1758 1140 1859 1169 recte
1878 1132 2000 1169 codex
2015 1134 2154 1183 Regius
2174 1133 2286 1185 1821)
2302 1133 2378 1180 ἤτοι

1371 1190 1475 1242 ᾄδειν.

1427 1249 1520 1294 158,
1547 1249 1593 1284 32
1616 1247 1674 1284 καὶ
1702 1251 1783 1298 βοᾶν
1804 1248 1888 1286 Ald.
1915 1251 1975 1286 τοῦ
2001 1248 2224 1300 οὖρροπυγίου
2247 1248 2378 1301 (οὐροπ.

1370 1306 1428 1355 G.)
1446 1309 1506 1350 V.,
1528 1306 1550 1341 i.
1570 1319 1600 1341 e.
1621 1305 1878 1357 τούρροπυγίου.
1901 1307 2029 1343 Codex
2048 1308 2202 1344 Taurin.
2229 1318 2265 1344 et
2284 1311 2378 1358 Reg.

1376 1365 1486 1408 1821,
1516 1363 1716 1415 ὀρροπύγιον
1741 1363 1864 1415 κυρίως
1894 1363 1932 1401 τὸ
1961 1364 2176 1416 ὀρθοπύγιον,
2195 1365 2234 1402 τὸ
2260 1369 2381 1408 κοινῶς

1369 1421 1551 1471 λεγόμενον
1582 1420 1801 1473 κολουράδης.
1837 1422 1982 1458 ἐνταῦθα
2020 1421 2055 1458 δὲ
2094 1426 2382 1476 καταχρηστικῶς

1371 1479 1444 1517 ἀντὶ
1466 1483 1525 1516 τοῦ
1542 1483 1700 1531 πρωκτοῦ
1727 1478 1873 1531 εἴρηται.
1897 1503 1937 1508 -
1961 1481 2008 1516 33
2038 1479 2098 1529 μὲν
2117 1494 2191 1517 om.
2213 1483 2255 1518 V.
2277 1507 2318 1513 -
2332 1483 2380 1518 35

1370 1538 1451 1574 ἰδεῖν
1478 1537 1499 1573 ἃ
1520 1538 1602 1573 Ald.
1629 1562 1668 1568 -
1692 1537 1740 1573 38
1766 1536 1922 1589 προϊέναι
1944 1540 2002 1584 Υ.,
2024 1539 2123 1587 quod
2152 1553 2225 1575 om.
2252 1543 2296 1576 G.
2325 1538 2381 1576 ἐὰν

1370 1589 1426 1632 οῧν
1443 1599 1487 1632 V.
1513 1596 1542 1631 εἷ
1569 1594 1633 1645 γὰρ
1662 1597 1763 1632 τοῦτο
1788 1594 1912 1631 λοίὸοιο
1939 1594 1997 1631 καὶ
2039 1593 2116 1632 οὔτε
2139 1594 2317 1648 φθέγξεται
2345 1596 2383 1634 τὸ

1370 1652 1551 1703 ἐγκέλαδον
1573 1651 1650 1689 οὔτε
1668 1652 1752 1689 Ald.
1775 1677 1815 1683 —-
1848 1654 1896 1701 39
1915 1652 1974 1689 καὶ
1998 1652 2101 1695 καλὸς
2117 1667 2191 1690 om.
2211 1657 2256 1691 V.
2272 1679 2314 1685 —
2334 1661 2378 1698 41

1370 1725 1446 1761 seq.
1479 1711 1529 1747 διὸ
1549 1710 1607 1747 καὶ
1627 1710 1670 1747 τὰ
1690 1714 1833 1752 τοιαῦτα
1858 1712 1929 1754 ζῶα
1951 1710 2065 1748 πάντα
2085 1713 2240 1749 καλεῖται
2264 1711 2308 1749 τὰ
2327 1711 2383 1749 ἔν-

1369 1784 1458 1818 τομα
1481 1767 1569 1805 κατὰ
1588 1771 1633 1805 V.
1652 1793 1691 1799 —
1713 1775 1760 1813 42
1783 1767 1965 1818 βομὸύκια.
1987 1768 2072 1805 Vid.
2094 1769 2310 1806 Schneider.
2333 1770 2382 1806 ad

1372 1828 1523 1863 Aristot.
1548 1828 1589 1862 H.
1610 1828 1652 1863 A.
1685 1827 1757 1862 vol.
1782 1828 1822 1872 3,
1845 1840 1880 1877 p.
1902 1827 1989 1872 373.
2009 1825 2149 1875 ἓντόμια
2172 1827 2256 1863 Ald.
2272 1851 2311 1857 —
2333 1829 2383 1871 43

1371 1883 1575 1934 ἐντέτμηται
1594 1887 1792 1921 Kusterus.
1823 1883 2052 1933 ἐκτέτμηνται
2075 1883 2158 1920 Ald.
2185 1877 2241 1920 οῧν
2266 1883 2383 1922 διατέ-

1369 1958 1491 1994 τρηται
1512 1946 1556 1979 V.
1574 1967 1614 1974 -
1631 1948 1674 1985 44
1692 1942 1749 1978 καὶ
1766 1941 1918 1978 κελάδων
1934 1945 1979 1978 V.

1428 2002 1497 2037 163
1529 1999 1586 2036 καὶ
1616 2002 1792 2051 προστενῷ
1817 2002 1884 2036 τῶν
1918 1997 2060 2050 ἐντέρων
2085 2001 2131 2036 V.
2157 1999 2381 2050 προκείμενον

1370 2067 1540 2107 uterque.

1429 2117 1499 2153 165
1521 2114 1661 2160 τοιαύτη
1679 2114 1743 2167 γὰρ
1767 2118 1788 2161 ἦ
1810 2113 1979 2163 σάλπιγξ,
2007 2113 2095 2151 κατὰ
2120 2112 2159 2151 τὸ
2185 2113 2255 2152 ἅνω
2280 2113 2381 2161 στενὴ

1371 2174 1429 2212 καὶ
1453 2173 1537 2225 πρὸς
1561 2173 1599 2210 τὸ
1626 2173 1727 2225 ἄκρον
1750 2172 1848 2218 κοίλη
1870 2177 1916 2210 R.
1951 2171 2030 2221 μὲν,
2060 2170 2096 2209 δὲ
2118 2181 2154 2210 ct
2173 2173 2224 2210 διὸ
2243 2172 2300 2210 καὶ
2325 2172 2382 2216 ὀξὺ

1372 2231 1445 2284 ᾄδει
1466 2245 1539 2268 om.
1561 2235 1605 2267 V.

1427 2290 1512 2337 166,
1532 2289 1577 2333 54
1598 2291 1655 2324 τοῦ
1676 2287 1860 2339 εὓρέματος
1880 2301 1956 2324 om.
1971 2291 2016 2324 R.
2036 2303 2078 2324 πε
2100 2287 2171 2324 lG.

1429 2343 1501 2390 169
1518 2371 1526 2386 ‚
1551 2355 1574 2389 9
1597 2340 1716 2378 codex
1736 2344 1826 2389 Reg.
1849 2353 1947 2386 2712
1975 2341 2025 2376 ἑκ.
2050 2341 2205 2388 λεγεται,
2229 2340 2304 2377 ἄσκ.
2324 2340 2383 2378 καὶ

1369 2398 1557 2449 γαλεώτης.
1575 2399 1713 2448 μυγαλῆ
1733 2398 1801 2434 ἀπὸ
1818 2401 1877 2435 τοῦ
1894 2396 2045 2434 ἁλίσκειν
2061 2395 2137 2440 τοὺς
2154 2396 2259 2446 μύας,
2279 2399 2386 2434 ἀσκα-

1369 2456 1528 2502 λαὸώτης
1548 2455 1615 2493 ἀπὸ
1637 2460 1696 2493 τοῦ
1717 2454 1797 2506 δίχα
1813 2455 1943 2497 σκάλας
1960 2455 2099 2505 βαίνειν.
2123 2455 2250 2492 Codex
2270 2459 2384 2492 Taur.

1370 2522 1406 2550 et
1432 2518 1521 2562 Reg.
1549 2514 1643 2550 1531
1674 2512 1926 2557 ἀσκαλαὸώτην
1954 2511 2011 2548 καὶ
2037 2511 2215 2562 γαλεώτην
2239 2514 2384 2548 ἐνταῦθα

1369 1017 1483 1058 νωπάς
1508 1032 1608 1068 φασιν
1624 1032 1632 1039 ·

1369 2571 1425 2609 τὸν
1444 2571 1544 2608 αὐτόν
1572 2585 1686 2622 φησιν,
1714 2569 1820 2619 ἤγουν
1853 2569 1909 2606 τὸν
1932 2573 2010 2618 μ’ὔν.
2038 2568 2135 2605 ἄλλοι
2163 2567 2198 2605 δὲ
2224 2570 2385 2606 ἀσκαλαψ

1370 2628 1484 2673 6ώτην
1512 2634 1580 2664 πᾶν
1610 2627 1693 2670 ζῶόν
1719 2641 1803 2677 φασι
1822 2626 1861 2662 τὸ
1881 2626 1986 2677 χωρὶς
2008 2626 2175 2675 κλίμακος
2199 2626 2382 2663 ἀναὲαἰνον

1370 2684 1424 2722 ἐπὶ
1447 2684 1488 2721 τὰ
1509 2683 1666 2735 μετέωρα
1684 2685 1752 2719 τῶν
1775 2685 1904 2719 οἰκιῶν.
1926 2682 2104 2732 γαλεώτην
2128 2682 2164 2720 δὲ
2184 2684 2214 2719 οἱ
2239 2681 2299 2732 μὲν
2323 2683 2381 2721 τὸν

1370 2747 1434 2793 μῦν
1455 2758 1570 2795 φασιν,
1586 2744 1616 2778 οἱ
1635 2740 1670 2778 δὲ
1686 2739 1747 2785 τὴν
1766 2739 1874 2777 κοίταν
1889 2756 1896 2762 ·
1919 2740 2027 2785 ἄλλην
2048 2739 2083 2777 δὲ
2102 2740 2165 2786 τὴν
2179 2741 2383 2794 νυμφίτζαν,

1369 2800 1408 2845 ἣν
1429 2800 1486 2837 καὶ
1511 2800 1667 2848 μυγαλῆν
1688 2813 1781 2849 φασι.

1426 2872 1439 2893 1
1451 2859 1510 2903 73,
1526 2871 1535 2892 1
1551 2871 1563 2892 1
1577 2854 1748 2907 καὶόροφὴ
1759 2854 1815 2891 καὶ
1828 2857 1983 2900 θηλυκῶς
1997 2854 2055 2891 καὶ
2071 2856 2382 2909 ἅρσενικῶςόροφος

1370 2920 1413 2952 R.
1434 2914 1492 2951 καὶ
1513 2914 1618 2967 ὀροφὴ
1637 2913 1671 2950 δὲ
1694 2914 1849 2958 Οηλυκῶς
1868 2913 1925 2949 καὶ
1940 2915 2126 2964 ἀρσενικῶς
2147 2917 2164 2951 ὁ
2183 2913 2315 2967 ὄροφος.
2333 2920 2381 2953 Υ.

1368 2999 1408 3004 -
1432 2979 1474 3016 14
1496 2972 1552 3010 τὸν
1575 2971 1730 3022 Ιῖέρσικα
1751 2975 1795 3008 Υ.
1817 2972 2066 3009 Scribendum
2087 2969 2135 3009 τὼ
2156 2972 2325 3021 Περσικά.

1426 3032 1516 3078 175,
1539 3044 1586 3067 22
1610 3024 1699 3080 εἶχεν
1719 3031 1766 3068 V.

1426 3090 1510 3135 176,
1533 3090 1578 3125 23
1599 3092 1657 3124 τοῦ
1678 3101 1751 3124 0111.
1772 3091 1831 3130 R..
1853 3088 1916 3137 qui
1937 3086 1976 3124 τὸ
1997 3086 2134 3125 δὲ-ἀντὶ
2149 3091 2208 3125 τοῦ
2227 3090 2379 3127 omittit.

1370 3169 1408 3178 -
1432 3152 1477 3188 24
1502 3148 1623 3196 ἕμηχ.,
1642 3145 1779 3190 ἐνόησεν
1797 3150 1839 3182 Υ.

1426 3217 1511 3250 177,
1533 3204 1579 3238 28
1601 3202 1742 3247 λεπτήν.
1765 3203 1824 3240 καὶ
1842 3201 1908 3254 γὰρ
1930 3201 1992 3249 τὴν
2027 3204 2085 3252 ὅμ.
2106 3206 2146 3240 V.
2169 3203 2262 3254 λέγει
2292 3213 2379 3255 post

1368 3260 1518 3313 ἀλφίτων
1544 3260 1646 3296 addit
1676 3263 1722 3296 G.

1427 3320 1511 3366 178,
1528 3319 1574 3354 33
1594 3317 1710 3369 ὥσπερ
1725 3317 1868 3367 ὅγκίνων
1886 3316 1968 3354 εἴδει
1985 3317 2069 3356 Ald.
2089 3318 2110 3354 i.
2127 3331 2158 3354 e.
2176 3319 2377 3368 ὅγκινοειδῆ.

1370 3380 1484 3414 D1Nn.
1502 3404 1542 3408 —
1560 3376 1606 3414 36
1627 3375 1791 3421 ὤπτησα-ι
1813 3384 1850 3412 et
1870 3377 2000 3426 ε’πῆραν
2023 3373 2179 3427 (ἔπειραν
2199 3375 2260 3427 G.)
2278 3379 2310 3413 V
2341 3408 2379 3414 .-
