2533 3808
300 203 372 236 533
1071 189 1371 230 ADNOTATIO
1401 191 1453 228 IN
1483 192 1656 231 SCHOL.

298 291 485 333 terpretor
513 280 606 317 illud
637 280 677 315 ἐκ
694 277 808 329 τρίτου
829 276 868 313 τὸ
887 275 996 324 αὐτό),
1020 283 1058 312 at
1088 274 1241 313 differre
1261 287 1305 310 ea

295 343 461 386 ratione,
484 339 584 388 quod
610 335 733 386 σισύρα
758 337 805 371 sit
831 335 945 371 vestis
980 348 1023 370 ex
1053 334 1218 383 pellibus
1241 346 1304 369 ca-

294 399 412 449 prinis
430 398 544 445 facta3
561 396 687 445 χλαῖνα
712 407 804 430 vero
822 407 869 430 ex
890 394 985 430 lana.
1011 393 1072 430 Sic
1093 406 1182 441 ergo
1206 392 1301 428 scri-

293 463 418 506 pserat
443 455 542 491 forte
560 452 801 490 scholiastes:
824 450 874 488 ὅτι
890 452 1019 501 χλαῖνα
1035 449 1093 487 καὶ
1113 448 1236 502 σισύρα
1256 449 1303 488 (ἔν

293 529 361 550 τισι
381 512 438 550 καὶ
460 512 602 563 σισύρνα
623 510 803 563 γράφεται)
833 512 871 547 ἐκ
889 509 1005 562 τρίτου
1025 509 1064 546 τὸ
1087 507 1187 545 αὐτό·
1212 505 1303 551 πλὴν

293 570 439 622 ’διαφέρει
454 600 464 617 ,
483 568 534 606 ὅτι
551 572 571 614 ἧ
589 568 648 617 μὲν
670 568 794 621 σισύρα
807 598 816 615 ,
835 577 905 605 etc.
925 567 1034 615 Quod
1053 575 1179 603 autem
1203 563 1304 601 σισύ-

293 643 352 678 ραν
373 641 393 663 a
410 627 638 676 quibusdam
663 626 826 678 σισύρναν
851 625 1078 675 appellatam
1104 624 1217 660 fuisse
1237 622 1302 666 ait,

291 686 505 723 confirmari
543 687 658 723 etiam
696 691 822 735 potest
854 683 1073 721 testimonio
1113 681 1303 719 Ammiani

287 744 500 781 Marcellini
522 746 580 790 16,
604 745 638 790 5,
654 744 720 781 ubi
735 745 786 780 ait
804 745 878 779 :Et
906 740 1046 793 σισύρα,
1071 754 1181 788 quam
1211 742 1298 775 vul-

285 806 386 848 garis
395 805 607 850 simplicitas
620 808 800 838 sisurnam
816 803 994 850 appellat.
1015 803 1033 836 J
1039 811 1179 835 oannes
1194 801 1304 834 Tzet-

286 871 347 895 zes
370 868 493 896 tamen
510 861 549 896 111
563 860 716 897 scholiis
734 859 886 895 ineditis
901 859 940 894 in
953 857 1081 894 Nubes
1096 871 1130 892 v.
1158 869 1202 891 10
1224 854 1302 903 (ubi

286 918 453 954 comicus
478 919 549 964 ait,
573 920 607 955 ἐν
633 917 735 955 πέντε
766 916 922 968 σισύραις
956 913 1301 966 ἐγκεκορδυλημένος]

286 975 357 1011 tria
372 975 469 1021 haec,
492 976 608 1023 σίσυς,
625 975 769 1027 σισύρα,
789 984 827 1012 et
847 973 993 1025 σισύρνα
1007 974 1061 1010 510
1076 973 1275 1022 distinguit
1293 990 1300 1011 :

284 1032 447 1085 Διαφέρει
461 1034 557 1075 σίσυς
573 1064 582 1080 ,
597 1033 742 1085 σισύρνα
755 1064 764 1081 ,
782 1033 840 1071 καὶ
855 1033 992 1084 σισύρα.
1009 1031 1115 1073 Σίσυς
1127 1059 1136 1076 ,
1151 1036 1220 1066 πᾶν
1243 1031 1301 1066 εὔ-

283 1092 378 1135 τελὲς
393 1092 451 1129 καὶ
467 1093 616 1143 ῥακῶδες
638 1092 852 1144 περίὲλημα.
874 1091 1044 1143 Σισύρνα,
1065 1088 1174 1138 δέρμα
1200 1089 1300 1140 ἅτρι»

284 1165 362 1200 χον,
385 1152 524 1192 πολλοῖς
544 1166 636 1197 τισι,
655 1151 787 1199 μᾶλλον
812 1149 848 1187 δὲ
873 1155 1061 1200 μονασταῖς
1079 1147 1301 1200 φορούμενον,

284 1211 329 1251 ὡς
345 1209 497 1258 ἱμάτιον.
523 1209 659 1261 Σισύρα
680 1207 715 1246 δὲ
738 1208 904 1258 μαλλωτὰ
930 1207 1155 1257 ε’πιὲλῆματα
1185 1222 1301 1257 στρω-

286 1273 386 1316 μναῖς
406 1267 676 1320 χρησιμεύοντα.
689 1268 829 1305 Eadem
846 1268 923 1304 fere
943 1267 1056 1303 habet
1080 1266 1179 1302 idem
1207 1268 1303 1301 Tze-

285 1334 361 1363 tzes
383 1327 430 1363 ad
452 1327 744 1376 Lycophronem
762 1340 797 1363 v.
824 1327 912 1371 634,
935 1326 1115 1375 quilocus
1130 1337 1215 1360 cum
1230 1324 1302 1359 hoc

285 1385 449 1421 conferri
480 1394 616 1434 potest.
638 1389 760 1422 Kus‘r.
797 1385 979 1423 Scholion
1011 1383 1186 1420 mutilum
1222 1393 1302 1418 esse

284 1450 385 1479 recte
412 1442 598 1491 judicavit
629 1444 835 1488 Kllstenis,
867 1442 974 1491 cujus
1011 1451 1134 1478 tamen
1167 1453 1300 1490 parum

282 1500 502 1549 probabiles
527 1501 752 1550 conjecturae
774 1510 870 1537 sunt.
892 1501 988 1536 Illud
1009 1501 1048 1537 ἐκ
1067 1497 1182 1550 τρίτου
1199 1499 1302 1548 (cor-

283 1567 436 1607 ruptum
461 1559 619 1597 fortasse
640 1573 687 1596 ex
704 1559 763 1596 καὶ
783 1559 909 1610 τρίτον)
929 1559 1156 1595 documento
1182 1565 1238 1594 est
1256 1557 1301 1593 de

283 1617 393 1653 tertia
431 1617 594 1666 quadam
618 1617 678 1654 hic
715 1618 774 1667 agi
814 1619 936 1654 forma
966 1616 1164 1661 vocabuli,
1186 1629 1300 1665 quam

281 1673 377 1717 σίσυς
401 1688 481 1711 0550
507 1685 653 1713 constat
681 1690 726 1712 ex
750 1676 896 1712 scholio
916 1680 988 1713 Av.
1014 1688 1098 1711 122.
1123 1678 1239 1711 Dum.
1266 1673 1300 1710 δὲ

281 1745 354 1769 0111.
377 1737 422 1770 R.
448 1734 493 1771 Θ.
517 1732 550 1770 ἔν
570 1750 659 1771 τισιν
685 1728 742 1771 οὖν
766 1737 813 1770 R.
839 1730 907 1770 οἷον
939 1732 972 1770 ἔν
995 1748 1066 1770 τισι
1092 1726 1149 1769 οὖν
1174 1733 1219 1770 Θ.
1241 1731 1300 1769 καὶ

281 1798 369 1827 ante
383 1790 528 1843 σισύρνα
553 1792 725 1829 additum
749 1806 796 1828 ex
818 1795 877 1833 R..
900 1792 965 1841 qui
989 1792 1029 1828 ἐκ
1044 1791 1160 1831 τρίτου
1181 1792 1299 1827 omit-

281 1848 338 1886 tit.
364 1849 398 1885 ἐν
433 1849 539 1901 τρίτῳ
570 1854 615 1887 V.
633 1873 678 1879 -—
700 1852 747 1886 26
780 1849 896 1899 βαίτη.
932 1850 1148 1900 Legebatur
1169 1848 1298 1899 βαπτή.

283 1906 388 1943 Idem
413 1909 547 1945 vitium
567 1910 605 1945 in
623 1909 742 1945 schol.
764 1912 879 1958 Vesp.
901 1909 988 1954 737.
1021 1912 1148 1944 Potest
1174 1915 1298 1944 tamen

280 1966 393 2002 etiam
423 1966 537 2018 ραπτή
558 1968 707 2016 corrigi.
721 1967 826 2004 Conf.
846 1967 962 2003 schol.
979 1970 1049 2003 ΑΥ.
1075 1979 1159 2004 122.
1179 1969 1296 2003 Dia-n.

338 2031 450 2077 1462,
477 2031 523 2067 35
548 2031 663 2078 ἀνίησι
680 2035 727 2068 V.
757 2075 763 2080 ·

337 2096 448 2142 1463,
484 2097 532 2143 39
552 2095 683 2138 Ἄλλως
703 2105 739 2133 et
767 2096 965 2146 sequentia
989 2107 1062 2131 om.
1093 2096 1139 2132 Θ.
1171 2116 1222 2122 -
1249 2100 1297 2137 4ο

276 2152 339 2198 τὴν
359 2152 530 2202 πολεμίαν
555 2155 733 2205 περιπλεῖν
752 2157 794 2191 V.
814 2177 862 2181 —
881 2155 927 2197 43
949 2151 1180 2190 εἷσὲαλόντων
1202 2155 1294 2200 Reg.

334 2218 445 2263 1465,
477 2219 524 2261 48
558 2217 712 2255 ἐκέλευεν
740 2221 785 2254 R.
813 2216 992 2255 ἐκέλευσεν
1021 2217 1152 2255 ceteri.
1176 2238 1228 2244 —
1247 2217 1291 2253 51

277 2275 359 2314 εἴσω
377 2277 421 2314 Θ.
442 2275 509 2314 ἔσω
527 2278 654 2314 ceteri.
674 2300 725 2305 ——-
749 2278 795 2313 52
818 2271 889 2324 οἶν,
919 2291 933 2312 1
955 2275 992 2314 τὸ
1013 2276 1048 2312 δὲ
1068 2284 1104 2312 et
1125 2278 1226 2312 τοῦτο
1247 2279 1292 2313 R.

276 2356 326 2362 —
346 2336 365 2371 3
392 2348 446 2384 sq.
470 2334 533 2378 ἔξω
548 2335 668 2373 τούτου
688 2335 827 2386 γίνηται
850 2335 986 2374 Suidas
1007 2348 1035 2372 5.
1054 2335 1230 2385 Περικλῆς
1257 2342 1295 2370 et

276 2391 351 2437 Τὴν
373 2395 449 2442 γῆν.
467 2396 529 2443 γῆς
553 2388 594 2439 ἦν
611 2399 656 2431 V.
681 2399 736 2431 M.
752 2388 774 2445 ᾗ
790 2408 863 2431 om.
882 2396 928 2432 Θ.
950 2416 1002 2422 -
1027 2407 1071 2429 10
1097 2392 1132 2429 δὲ
1153 2406 1226 2430 0111.
1248 2397 1291 2430 R.

278 2471 327 2476 -—
356 2452 474 2486 11-15
497 2451 842 2488 νοεῖται-διδόντων
863 2466 936 2488 0111.
959 2453 1005 2489 Θ.
1028 2452 1200 2489 Glossam
1218 2450 1291 2486 ἀντὶ

276 2510 336 2543 τοῦ
357 2507 418 2556 ἐμὲ
438 2508 525 2545 λοίῧε
545 2510 661 2546 habet
685 2514 749 2556 R.‚
777 2519 813 2546 et
838 2514 882 2547 R.
909 2514 954 2546 V.
981 2509 1069 2551 τινὲς
1100 2509 1292 2547 Πλούτωνα

276 2564 416 2615 λέγουσι
436 2565 562 2617 (λέγειν
585 2569 645 2616 V.)
660 2567 698 2604 τὸ
720 2567 847 2618 κρίνοις
870 2568 921 2605 ἄν.

334 2633 445 2675 1478,
467 2631 514 2666 28
534 2629 665 2672 Ἄλλως
699 2639 734 2667 et
759 2631 952 2679 sequentia
977 2644 1050 2666 om.
1072 2632 1118 2668 Θ.
1141 2631 1292 2668 Glossas

278 2685 312 2730 ἐξ
340 2686 564 2733 Ἱππολύτου,
583 2697 619 2725 et
642 2687 680 2725 τὸ
696 2688 732 2725 δὲ
751 2689 870 2725 λοιπον
892 2688 930 2725 τὸ
951 2692 1131 2725 κατθανεῖν
1166 2688 1200 2725 δὲ
1233 2692 1291 2734 {siv

277 2745 391 2782 habet
413 2749 458 2781 V.
476 2746 566 2794 (non
592 2747 664 2795 G.)‚
695 2754 731 2781 et
757 2745 791 2788 ἐξ
810 2744 1018 2783 Ἱππολύτου
1036 2745 1224 2796 Εὐριπίδου
1246 2750 1289 2782 R.

276 2803 494 2852 Legebatur
522 2802 556 2846 ἐξ
589 2803 805 2840 Ἱππολύτου.
841 2805 1063 2841 Cot-rectum
1096 2818 1140 2840 ex
1174 2805 1290 2840 schol.

277 2861 410 2912 Eurip.
455 2862 613 2911 Hippol.
661 2876 742 2910 191.
773 2890 822 2895 --
852 2863 899 2899 30
932 2864 1290 2898 ὑπνῶν-κατθανεῖν

277 2931 349 2955 0111.
372 2920 489 2956 schol.
506 2920 710 2969 Euripidis.
734 2920 947 2957 Delendum
964 2920 1012 2957 τό.
1032 2947 1081 2952 -
1098 2921 1141 2955 31
1160 2919 1290 2962 παίζων

279 2991 382 3028 φησι,
401 2978 448 3013 35
467 2979 505 3014 ἐκ
522 2980 591 3015 τῶν
617 2993 649 3014 κ.
671 2982 762 3028 Reg.

341 3042 434 3082 1482
460 3054 535 3079 0111.
563 3042 674 3078 etiam
698 3047 742 3079 G.
763 3043 808 3080 Θ.
837 3045 885 3078 Μ.
902 3064 953 3068 -
976 3043 1023 3084 45
1044 3040 1155 3078 λείπει
1175 3040 1230 3077 διὰ
1244 3045 1289 3079 V.

279 3096 388 3133 λείπει
407 3096 442 3134 δὲ
463 3099 549 3134 Α111.
574 3125 625 3131 —-
651 3101 697 3142 46
716 3099 754 3136 τὸ
777 3100 947 3137 additum
975 3113 1021 3138 ex
1046 3103 1090 3136 R.
1116 3100 1285 3137 Λείπει-

278 3155 483 3204 ἀναγκαίους
501 3155 613 3192 habet
638 3161 687 3194 M.
721 3162 762 3194 Ι11
784 3161 830 3194 R.
855 3168 912 3194 est
930 3163 999 3199 τοῖς
1019 3156 1198 3207 συγγενέσι
1233 3155 1291 3193 καὶ

279 3212 489 3261 ἀναγκαίοις.

337 3282 446 3324 1491,
474 3283 521 3324 49
541 3276 602 3322 τὴν
625 3291 697 3313 0111.
720 3279 766 3316 Θ.
786 3279 873 3317 Α111.
902 3307 948 3313 .-
969 3292 990 3314 2
1010 3277 1143 3320 Ἄλλως
1166 3287 1203 3315 ct
1229 3292 1289 3316 se-

280 3335 431 3382 quentia
453 3347 526 3370 0111.
549 3336 594 3371 Θ.
623 3335 768 3373 ἐνταῦθα
798 3336 960 3388 κωμῳδεῖ
980 3340 1073 3386 Reg.
1098 3345 1208 3373 recte.

1422 321 1534 364 1497,
1558 331 1582 365 9
1607 318 1897 369 Συντεταγμένοις
1931 324 1981 358 Μ.
2019 328 2160 374 γυμνοῖς
2185 323 2232 361 Θ.
2253 345 2302 352 -
2333 339 2377 362 10

1365 374 1427 410 οὐκ
1447 374 1486 411 ἂν
1507 375 1631 420 εἰδείης
1653 378 1697 414 Θ.
1719 379 1780 415 οὒκ
1803 377 1842 415 ἂν
1857 380 1904 421 εἷς
1922 378 1995 416 δέον
2010 384 2059 417 Μ.
2081 402 2127 408 -
2149 394 2193 416 12
2209 382 2377 434 σκαριφί-

1364 433 1431 475 ζειν
1451 436 1542 483 Reg.
1557 432 1634 476 τοὺς
1654 448 1729 472 om.
1745 437 1790 474 Θ.
1805 443 1874 480 τοῖς
1889 438 2078 491 ζωγράφοις
2095 440 2140 477 R.
2154 462 2204 467 —
2223 441 2267 489 13
2283 442 2378 492 πρῶ-

1363 504 1421 526 τον
1454 491 1515 533 τὰς
1540 491 1695 539 εἰκόνας,
1723 493 1743 530 ὅ
1763 509 1848 545 φασι
1880 497 2031 540 σκιάζειν
2053 501 2147 547 Reg.
2177 499 2294 544 13-17
2316 498 2374 534 καὶ

1364 550 1646 600 σκαρ.-λεπτο’ν
1677 564 1750 588 0111.
1771 553 1816 590 Θ.
1835 556 1887 589 Μ.
1906 555 2013 591 Conf.
2035 557 2376 605 Harpocrationem

1364 620 1396 642 v.
1420 608 1794 660 Διεσκαριφησοίμεθα,
1830 620 1867 647 et
1905 612 2174 662 Etymologum
2210 614 2290 651 ead.
2331 628 2362 650 v.

1365 664 1429 701 ubi
1454 666 1584 703 eadem
1620 668 1824 716 explicatio
1848 669 1968 705 verbi.
1991 692 2044 699 —-
2070 671 2114 706 18
2136 684 2193 720 sq.
2216 671 2379 720 ἤγουν.-

1362 722 1485 775 γραφίς
1517 738 1593 763 om.
1634 726 1681 763 Θ.
1719 729 1773 762 Μ.
1815 725 1979 778 σκάριφος
1999 725 2157 772 δὲῆτῶν
2189 727 2377 781 ζωγράφων

1363 781 1485 833 γραςρίς
1508 786 1602 833 Reg.

1421 846 1531 888 1499,
1551 855 1595 877 21
1626 840 1801 878 Ἐνλείπει
1828 845 1872 878 R.
1894 864 1942 870 —
1969 856 2016 879 22
2041 843 2145 893 apud
2168 843 2378 881 Homerfim

1363 905 1418 933 est
1439 895 1594 943 τέθνηκε.
1619 901 1787 949 Sequens
1812 900 1985 937 scholion
2010 913 2084 939 orn.
2106 901 2153 938 Θ.
2168 905 2219 939 Μ.

1420 956 1531 1003 1501,
1559 958 1607 994 3ο
1622 958 1758 1001 Ποίντες
1774 960 1820 998 Θ.
1840 963 1933 1010 Reg.
1952 958 2058 1004 αὐτὴν
2076 960 2107 996 οἷ
2121 958 2189 996 θεοὶ
2203 960 2249 998 Θ.
2263 987 2314 993 -
2330 961 2373 996 31

1363 1025 1419 1062 sq.
1441 1015 1508 1075 33.
1533 1019 1631 1052 τοῦτο
1651 1015 1716 1068 ἔφη
1731 1019 1748 1053 ὃ
1772 1018 1841 1055 Πλ.
1864 1020 1909 1053 V.
1936 1010 2011 1054 εἶπε
2035 1016 2100 1054 8ὲὸ
2118 1018 2189 1055 Πλ.
2205 1017 2378 1069 ἡμετέραν

1362 1073 1406 1110 Θ.
1429 1077 1504 1111 εἰπε
1525 1074 1560 1112 ’δὲ
1579 1075 1679 1113 πόλιν
1696 1076 1868 1129 ἡμετέραν
1884 1080 1934 1114 Μ.

1420 1132 1533 1180 1504,
1560 1136 1606 1178 34
1628 1133 1731 1177 Ἴσως
1745 1151 1777 1172 τι
1795 1135 1945 1186 σχοινίον
1965 1134 2102 1172 δίδωσιν
2126 1135 2216 1172 libri
2240 1145 2380 1185 praeter

1361 1193 1420 1235 R„
1445 1192 1511 1239 qui
1536 1192 1582 1228 35
1607 1192 1665 1229 καὶ
1687 1192 1717 1229 εἴ
1735 1209 1769 1230 τι
1786 1198 1953 1239 τοιοῦτον,
1975 1201 2012 1229 et
2038 1201 2125 1243 post
2141 1197 2293 1230 τοιοῦτον
2314 1195 2376 1230 in-

1363 1250 1570 1298 terpungit,
1594 1248 1768 1300 σύμὲολον
1793 1251 1941 1289 θανάτου
1963 1260 2003 1287 ut
2028 1252 2190 1300 glossam
2218 1251 2376 1288 habens.

1363 1309 1488 1352 Quam
1506 1309 1693 1345 rationem
1715 1310 1915 1346 confirmat
1930 1309 2046 1348 schol.
2067 1323 2104 1346 ν.
2134 1323 2146 1345 1
2159 1310 2246 1346 506.
2263 1332 2311 1337 -
2330 1311 2377 1345 36

1361 1366 1407 1406 ὡς
1438 1364 1528 1408 ξένος
1554 1375 1590 1402 et
1611 1368 1809 1416 sequentia
1838 1381 1912 1404 om.
1934 1372 1981 1404 R.
2006 1368 2168 1417 Regius:
2188 1367 2232 1406 Ὁ
2262 1366 2378 1405 Κλεό-

1361 1436 1475 1473 κριτος
1513 1418 1611 1466 οῧτος
1629 1423 1651 1469 ἢ
1669 1425 1715 1466 ὡς
1743 1423 1853 1477 γέρων
1887 1424 2012 1475 ἔμελλε
2043 1423 2262 1470 τεθνήξεσθαι
2301 1425 2379 1474 μετ’

1362 1480 1490 1531 ὀλίγον,
1510 1481 1531 1527 ἢ
1553 1484 1599 1524 ὡς
1624 1482 1775 1534 ἀγχόνης
1809 1483 1887 1527 ἄξια
1921 1482 2111 1536 πράττοντι
2141 1482 2198 1519 τὸν
2232 1482 2378 1520 θάνατον

1361 1539 1506 1576 ἀπειλεῖ.
1537 1540 1587 1577 διὸ
1625 1540 1684 1578 καὶ
1704 1543 1722 1578 ὃ
1742 1540 1911 1579 Πλούτων
1938 1541 2070 1591 πέμπει
2101 1541 2195 1592 αὐτῷ
2226 1541 2378 1591 σχοινίον

1360 1596 1484 1644 τι,ῗνα
1501 1598 1543 1635 δι’
1564 1600 1668 1636 αὐτοῦ
1693 1599 1870 1652 χρήσηται
1887 1598 2031 1650 ἀγχόνῃ.
2058 1598 2160 1641 αὐτός
2186 1614 2223 1636 τε
2253 1599 2312 1637 καὶ
2347 1601 2378 1636 οἱ

1361 1656 1465 1692 αὐτοῦ
1484 1656 1673 1706 σύμέουλοι
1691 1656 1888 1710 φορολόγόι,
1907 1652 1953 1695 ὧν
1968 1657 2027 1695 καὶ
2045 1656 2088 1694 τὰ
2105 1656 2258 1707 ὀνόματα
2274 1657 2377 1708 λέγει.

1419 1719 1530 1768 1506,
1563 1722 1610 1764 48
1645 1720 1856 1771 ξυμποδίσας
1887 1721 1923 1758 δὲ
1963 1735 2039 1758 0111.
2076 1725 2122 1759 R.
2147 1725 2266 1770 Reg.:
2292 1720 2377 1759 Δέον

1361 1778 1550 1821 εἷπεῖν,καὶ
1562 1782 1612 1832 τῷ
1625 1779 1824 1832 Ἀρχενόμῳ
1835 1779 1913 1817 τόδε
1925 1779 1980 1822 δὸς
1992 1810 2002 1827 ,
2014 1783 2031 1817 ὃ
2047 1779 2082 1817 δὲ
2101 1779 2176 1817 ἀντὶ
2191 1783 2252 1816 τοῦ
2269 1778 2377 1824 οὕτως

1361 1837 1483 1884 εἰπεῖν,
1503 1837 1580 1874 τόδε
1599 1838 1626 1875 δ’
1647 1837 1848 1890 Ἀρχενόμῳ
1868 1831 1956 1876 εἶπε.
1977 1838 2036 1874 καὶ
2051 1837 2125 1889 ἔχει
2145 1838 2291 1874 ἐνταῦθα
2308 1841 2326 1875 ὃ
2341 1837 2376 1874 δέ

1359 1894 1546 1945 σύνδεσμος
1561 1895 1710 1948 ἔμφασιν
1731 1896 1801 1933 καί.

1416 1961 1528 2005 1513,
1565 1961 1612 1997 50
1636 1960 1835 2010 legebatur
1874 1958 2120 2010 Λευκολοφίου.
2154 1958 2375 2011 Λευκολόφου

1358 2018 1419 2065 Θ.,
1435 2020 1500 2069 qui
1514 2020 1558 2056 51
1580 2022 1647 2056 τῶν
1670 2033 1745 2056 0111.
1767 2017 1906 2060 τούτους
1926 2018 2038 2054 etiam
2055 2017 2192 2054 Suidas
2214 2031 2240 2054 s.
2263 2016 2376 2054 Ἀδεί-

1359 2091 1499 2124 μαντος.
1522 2076 1653 2114 τούτων
1678 2082 1723 2115 V.
1746 2077 1889 2115 Ald.—
1905 2077 1953 2112 52
1979 2077 2185 2126 στρατηγῶν
2200 2077 2246 2113 Θ.
2262 2098 2312 2103 -
2325 2075 2372 2111 53

1356 2135 1711 2187 παρεγγεγραμμένον
1739 2135 1937 2172 Dobraeus.
1971 2133 2187 2182 Legebatur
2213 2148 2374 2185 παραγε-

1355 2193 1572 2245 γραμμένον.
1595 2216 1645 2221 -
1677 2208 1691 2230 1
1718 2193 1784 2245 γὰρ
1811 2194 1904 2244 αὐτῷ
1928 2193 1976 2230 Θ.
2015 2196 2103 2229 Post
2134 2191 2258 2234 αὐτούς
2288 2194 2373 2231 Ald.

1355 2251 1462 2288 addit
1474 2251 1549 2288 ἀντὶ
1569 2255 1627 2288 τοῦ
1648 2251 1878 2303 στιγματίσας
1892 2250 1951 2288 καὶ
1969 2247 2194 2300 μαστιγώσας
2217 2249 2289 2301 (διὰ
2305 2253 2374 2288 τῶν

1353 2310 1463 2347 νόσων
1485 2311 1570 2347 add.
1596 2310 1718 2361 Reg.).
1745 2313 1796 2347 Ut
1823 2311 1984 2359 glossam
2005 2308 2122 2345 habet
2144 2309 2191 2346 Θ.
2218 2323 2373 2359 στιγμα-

1353 2367 1465 2410 τώσας
1481 2368 1557 2411 τοὺς
1575 2368 1634 2405 καὶ
1650 2367 1908 2419 μαστιγγώσας.
1924 2395 1975 2401 —
1993 2381 2014 2404 2
2031 2365 2209 2416 μέμνηται
2223 2380 2299 2403 om.
2324 2369 2370 2404 R.

1640 2437 1657 2444 ,-

1646 2443 1654 2456 ι

1352 2489 1403 2495 —
1423 2468 1442 2503 3
1459 2465 1592 2505 Πόλεσι
1621 2481 1658 2503 ου
1682 2466 1761 2518 περὶ
1780 2464 1836 2503 τὸν
1853 2464 2074 2514 Ἀδείμαντον
2095 2467 2142 2502 R.
2161 2486 2213 2491 —
2229 2470 2250 2507 4
2267 2465 2374 2515 ἀργα-

1352 2524 1413 2561 λεά
1432 2526 1531 2562 idem
1554 2524 1673 2561 codex
1694 2533 1790 2561 teste
1807 2525 1991 2562 Bekkero.
2007 2544 2056 2549 —
2073 2523 2094 2558 5
2115 2521 2371 2574 Λευκολοφίδου

1352 2583 1571 2619 Meinekins.
1596 2583 1812 2632 Legebatur
1833 2581 2066 2632 Λευκολόφου.
2089 2583 2284 2617 Postrema
2306 2583 2367 2617 τοῦ

1353 2641 1550 2690 Πορθάονος
1576 2654 1623 2677 ex
1645 2644 1691 2678 R.
1719 2647 1971 2676 accesserunt.

1411 2719 1422 2740 1
1435 2706 1521 2749 528,
1546 2705 1663 2742 13-15
1690 2703 1734 2741 Ἣ
1748 2725 1798 2731 --
1813 2704 2082 2754 ἀποπερατοῧσα
2097 2715 2174 2738 0111.
2195 2702 2243 2740 Θ.
2264 2705 2368 2739 M.—

1358 2777 1399 2809 17
1421 2766 1557 2814 πρῶτον
1578 2768 1623 2799 V.
1642 2764 1762 2814 πρῶτα
1778 2761 1906 2798 ceteri.

1411 2828 1507 2863 1532
1532 2831 1576 2864 R.
1597 2827 1712 2863 habet
1742 2826 1903 2874 glossam
1927 2827 2028 2861 τοῦτο
2043 2825 2088 2866 εἷς
2112 2823 2286 2876 βάρὸαρον
2309 2825 2366 2862 τὸν

1355 2887 1578 2936 Κλεοφῶντα.
1605 2906 1654 2912 -
1677 2898 1695 2929 7
1722 2884 1760 2920 ἐκ
1782 2897 1856 2920 0111.
1877 2884 1923 2921 Θ.
1950 2904 2000 2910 -
2016 2883 2037 2918 8
2072 2882 2188 2919 verba
2217 2882 2273 2920 ἐπὶ
2307 2887 2366 2921 τοῦ

1353 2942 1506 2980 Καλλίου
1535 2943 1617 2979 loco
1633 2950 1735 2977 mota
1755 2950 1791 2978 et
1809 2954 1924 2990 supra
1943 2948 2031 2990 post
2049 2940 2247 2992 ναυμαχίαν
2264 2941 2366 2979 inse-

1352 3001 1469 3037 renda
1492 3000 1614 3036 videri
1637 3000 1903 3036 animadvertit
1924 2998 2056 3036 Cobet.
2091 2998 2184 3037 Obs.
2208 2999 2292 3037 crit.
2327 3000 2365 3036 in

1354 3059 1449 3095 plat.
1472 3071 1568 3094 com.
1603 3071 1641 3107 p.
1682 3058 1766 3093 158.
1786 3079 1835 3084 —-
1857 3071 1879 3104 9
1904 3057 2012 3093 ἐλθεῖν
2044 3059 2086 3092 V.
2112 3057 2159 3094 Θ.
2179 3057 2266 3093 Ald.
2306 3059 2364 3094 De

1352 3116 1592 3165 Cleophonte
1627 3114 1712 3151 vide
1734 3114 1952 3151 Schneider.
1986 3114 2033 3151 ad
2061 3113 2239 3164 Xenoph.
2264 3114 2361 3151 Hist.

1351 3178 1415 3210 Gr.
1440 3188 1477 3223 p.
1497 3175 1556 3219 78.
1577 3195 1627 3202 —-
1654 3187 1692 3208 11
1720 3172 1936 3225 ἐπιστρέφειν
1953 3176 1997 3209 V.
2019 3194 2068 3199 —
2084 3185 2128 3208 12
2142 3172 2362 3224 κωμῳδεῖται

1350 3232 1408 3268 καὶ
1429 3231 1602 3284 βάρὸαρος
1620 3232 1706 3268 Α111.
1727 3260 1776 3265 -
1799 3232 1842 3267 15
1876 3229 2043 3281 μαχέσθω
2062 3231 2108 3268 Θ.
2139 3229 2224 3268 Ald.
2250 3228 2361 3280 μαχές

1351 3291 1431 3340 (sit-Ji
1447 3294 1511 3336 R„
1531 3291 1595 3339 qui
1619 3290 1702 3341 φησὶ
1730 3303 1802 3326 0111.
1818 3315 1869 3321 —-
1886 3290 1929 3326 16
1949 3287 2036 3331 ξένοι
2055 3301 2130 3325 0111.
2146 3291 2190 3324 V.
2207 3287 2291 3325 ΑΜ.
2310 3309 2360 3315 -

1356 3349 1398 3384 18
1421 3350 1532 3385 αὐτῶν
1559 3352 1602 3386 R.
1626 3349 1749 3385 Ceteri
1786 3348 1892 3400 αὐτῷ.
1926 3350 2042 3395 Rog:
2073 3348 2106 3384 Ο
2129 3343 2164 3382 δὲ
2191 3345 2357 3397 Κλεοφῶν
