2485 3808
856 438 1519 535 ΝΕΦΕΛΑΙ.

1062 650 1333 668 ⁴06-—

385 770 909 836 (ΥΠΟΘΕΣΕΙΣ.)

631 903 659 939 1.

185 1003 239 1041 Τὸ
255 1003 371 1055 δρᾶμα
396 1000 486 1039 κατὰ
505 999 713 1051 Σωκράτους
734 997 930 1049 γέγραπται
949 998 1007 1033 τοῦ
1025 994 1168 1048 φιλοσό-

135 1081 197 1121 φου
214 1066 369 1112 ἐπίτηδες
386 1068 430 1108 ὡς
447 1064 820 1104 κακοδιδασκαλοῧντος
843 1060 921 1103 τοὺς
947 1059 1040 1102 νέους
1070 1058 1167 1104 Ἀθή-

135 1146 212 1178 νησι
223 1161 233 1177 ,
251 1132 320 1167 τῶν
336 1130 499 1178 κωμικῶν
514 1126 598 1179 πρὸς
616 1126 694 1169 τοὺς
714 1124 915 1178 φιλοσόφους
927 1122 1075 1175 ἐχόντων
1091 1122 1168 1160 τινὰ

135 1193 347 1243 ἀντιλογίαν·
365 1194 446 1243 οὐχ,
463 1191 509 1234 ὥς
529 1206 634 1237 τινες,
657 1190 698 1227 δι’
721 1189 906 1241 Ἀρχέλαον
925 1188 982 1225 τὸν
1004 1186 1168 1226 Μακεδό-

99 1271 116 1296 5
134 1273 201 1296 νων
224 1256 388 1309 βασιλέα,
401 1256 453 1294 ὅτι
465 1255 667 1309 προῦκρινεν
684 1253 820 1305 [αὐτὸν]
837 1252 1110 1306 Ἀριστοφάνους.

625 1348 683 1386 ΙΙ.

189 1441 289 1481 Φασὶ
306 1440 364 1479 τὸν
386 1439 631 1493 Ἀριστοφάνην
651 1438 784 1491 γράψαι
799 1438 861 1482 τὰς
878 1438 1037 1492 Νεφέλας
1062 1440 1173 1489 ἀναγ-

136 1506 307 1545 κασθέντα
333 1504 400 1542 ὑπὸ
420 1503 557 1542 Ἀνύτου
585 1503 644 1541 καὶ
667 1503 849 1550 Μελήτου,
877 1502 935 1541 ἵνα
961 1502 1174 1556 προδιασκέ-

137 1573 260 1624 ψαιντο
273 1568 364 1607 ποῖοί
377 1583 465 1611 τινες
479 1561 544 1605 εἷεν
561 1567 732 1613 Ἀθηναῖοι
746 1567 837 1605 κατὰ
852 1567 1058 1619 Σωκράτους
1073 1567 1175 1605 ἀκού-

139 1649 242 1677 οντες.
264 1631 483 1680 ηὗλαὸοῦντο
500 1631 579 1684 γὰρ,
596 1631 649 1668 ὅτι
669 1630 816 1674 πολλοὺς
832 1625 923 1682 εἶχεν
943 1630 1102 1683 ἐραστὰς,
1116 1631 1175 1668 καὶ

88 1713 120 1739 ιο
145 1697 298 1748 μάλιστα
317 1695 395 1739 τοὺς
412 1696 493 1747 περὶ
520 1694 752 1741 Ἀλκιὸιάδην,
777 1693 808 1732 οἳ
840 1695 900 1732 καὶ
923 1696 980 1733 ἐπὶ
1011 1698 1072 1732 τοῦ
1093 1694 1177 1747 δρά-

142 1777 250 1813 ματος
272 1759 393 1798 τούτου
423 1758 512 1810 μηδὲ
540 1761 680 1805 νικῆσαι
699 1757 866 1803 ἐποίησαν
894 1758 952 1796 τὸν
974 1758 1132 1804 ποιητήν.
1159 1760 1177 1795 ὁ

142 1825 178 1863 δὲ
191 1824 358 1877 πρόλογός
375 1825 448 1862 ἐστι
463 1825 530 1861 τῶν
546 1824 708 1875 Νεφελῶν
729 1821 974 1874 ἁρμοδιώτατα
986 1822 1046 1860 καὶ
1061 1822 1179 1867 δεξιώ-

141 1903 231 1926 τατα
264 1889 496 1938 συγκείμενος.
538 1885 733 1938 πρεσὸύτης
774 1885 842 1939 γάρ
886 1887 978 1923 ἐστιν
1021 1886 1179 1938 ἄγροικος

141 1951 330 2004 ἀχθόμενος
348 1950 446 1989 παιδὶ
463 1952 605 1988 ἀστικοῦ
631 1949 851 2004 φρονήματος
871 1949 1013 2000 γέμοντι
1037 1950 1097 1988 καὶ
1118 1953 1180 1997 τῆς

92 2028 122 2052 15
142 2015 310 2067 εὐγενείας
341 2017 387 2058 εἰς
409 2014 634 2052 πολυτέλειαν
670 2013 940 2053 ἀπολελαυκότι.
967 2017 990 2060 ἡ
1015 2013 1082 2067 γὰρ
1110 2018 1178 2053 τῶν

142 2079 421 2130 Ἀλκμαιωνιδῶν
442 2077 554 2125 οἰκία,
574 2077 648 2115 ὅθεν
665 2072 707 2125 ἦν
728 2078 767 2116 τὸ
787 2078 873 2131 πρὸς
893 2078 1024 2131 μητρὸς
1048 2077 1143 2129 γένος
1163 2082 1180 2117 ὃ

143 2142 383 2195 μειρακίσκος,
413 2141 447 2185 ἐξ
475 2144 604 2194 ἀρχῆς,
636 2141 682 2185 ὥς
708 2158 812 2194 φησιν
834 2141 1019 2194 εΗρόδοτος
1038 2143 1087 2192 [8,
1109 2143 1197 2193 125]‚

142 2205 434 2258 τεθριπποτρόφος
455 2200 497 2251 ἦν
517 2206 577 2242 καὶ
593 2205 724 2248 πολλὰς
745 2206 947 2258 ἀνῃρημένη
977 2207 1094 2253 νίκας,
1121 2206 1184 2250 τὰς

146 2269 207 2320 μὲν
223 2269 462 2319 Ὀλυμπίασι,
479 2269 541 2312 τὰς
568 2269 603 2306 δὲ
628 2271 761 2315 Πυθοῖ,
785 2269 876 2312 ἐνίας
895 2269 930 2307 δὲ
956 2271 1089 2320 Ἰσθμοῖ
1123 2271 1183 2307 καὶ

93 2346 127 2370 20
147 2333 265 2384 Νεμέᾳ
282 2333 342 2370 καὶ
357 2334 391 2370 ἐν
414 2333 528 2376 ἄλλοις
546 2335 685 2376 πολλοῖς
702 2335 843 2384 ἀγῶσιν.
863 2335 1111 2384 εὐδοκιμοῦσαν
1126 2329 1183 2371 οὖν

147 2399 234 2450 ὁρῶν
252 2400 270 2435 ὁ
287 2397 462 2440 νεανίσκος
483 2397 644 2435 ἀπέκλινε
664 2397 747 2451 πρὸς
761 2398 800 2436 τὸ
820 2393 900 2445 ἦθος
924 2401 992 2436 τῶν
1015 2399 1099 2452 πρὸς
1116 2415 1183 2449 μη-

147 2461 225 2514 τρὸς
240 2461 430 2514 προγόνων.

628 2558 701 2595 ΙΙΙ.

200 2647 407 2700 Πρεσὸύτης
424 2664 476 2691 τις
495 2649 712 2701 Στρεψιάδης
728 2649 794 2687 ὑπὸ
812 2649 954 2688 δανείων
975 2651 1186 2691 καταπονού-

150 2726 249 2760 μενος
267 2710 324 2748 διὰ
346 2710 408 2757 τὴν
428 2712 658 2764 ἱπποτροφίαν
679 2716 738 2750 τοῦ
755 2713 894 2760 παιδὸς,
917 2714 1026 2752 δεῖται
1045 2715 1186 2763 τούτου,

97 2788 131 2813 25
150 2774 360 2826 φοιτήσαντα
381 2778 428 2818 ὡς
447 2775 503 2813 τὸν
521 2776 695 2828 Σωκράτη
714 2778 834 2826 μαθεῖν
854 2777 910 2814 τὸν
927 2778 1053 2824 ἥττονα
1074 2779 1186 2829 λόγον,

151 2835 183 2873 εἴ
199 2852 273 2879 πως
296 2836 434 2875 δύναιτο
449 2838 493 2875 τὰ
510 2838 613 2876 ἄδικα
632 2838 741 2890 λέγων
760 2841 794 2876 ἐν
815 2843 862 2891 τῷ
883 2841 1095 2894 δικαστηρίῳ
1111 2842 1189 2885 τοὺς

152 2898 307 2949 χρήστας
325 2907 422 2937 νικᾶν
441 2900 500 2938 καὶ
520 2901 642 2951 μηδενὶ
666 2904 732 2938 τῶν
757 2903 944 2949 δανειστῶν
967 2903 1075 2953 μηδὲν
1097 2906 1188 2942 ἀπο-

155 2961 281 2997 δοῦναι.
309 2962 347 2998 οὗ
375 2963 582 3012 βουλομένου
612 2964 648 3001 δὲ
673 2968 734 3002 τοῦ
761 2964 1008 3016 μειρακίσκου,
1033 2966 1190 3018 διαγνοὺς

155 3023 255 3065 αὐτὸς
274 3022 379 3060 ἐλθὼν
397 3025 590 3073 μανθάνειν,
608 3026 765 3075 μαθητὴν
784 3031 844 3064 τοῦ
863 3028 1070 3081 Σωκράτους
1086 3032 1189 3067 ἐκκα-

102 3100 138 3125 30
154 3085 259 3127 λέσας
274 3083 351 3122 τινὰ
367 3085 572 3136 διαλέγεται.
589 3089 787 3135 ἐκλυθείσης
805 3089 840 3127 δὲ
861 3093 922 3136 τῆς
945 3092 1139 3144 διατριὸἧς,
1159 3092 1193 3130 οἵ

155 3163 192 3186 τε
218 3147 371 3197 μαθηταὶ
390 3147 506 3201 κύκλῳ
531 3151 721 3201 καθήμενοι
741 3154 879 3205 πιναροὶ
902 3158 1111 3206 συνορῶνται
1131 3156 1190 3194 καὶ

158 3210 259 3253 αὐτὸς
274 3213 291 3247 ὃ
310 3210 502 3262 Σωκράτης
520 3213 577 3250 ἐπὶ
595 3217 656 3259 τῆς
675 3215 871 3268 κρεμάθρας
888 3216 1117 3268 αἰωρούμενος
1132 3219 1189 3256 καὶ

157 3274 367 3310 ἀποσκοπῶν
394 3272 437 3309 τὰ
459 3273 614 3325 μετέωρα
640 3279 828 3327 θεωρεῖται.
850 3278 939 3328 μετὰ
955 3284 1062 3317 ταῦτα
1082 3282 1191 3318 τελεῖν

119 3351 123 3356 ·
157 3333 374 3387 παραλαῆὼν
389 3334 445 3371 τὸν
460 3335 670 3387 πρεσὲύτην,
688 3337 747 3374 καὶ
764 3338 841 3382 τοὺς
855 3342 1096 3391 νομιζομένους
1109 3344 1191 3394 παρ’

107 3413 141 3438 35
161 3400 255 3450 αὐτῷ
274 3398 379 3445 θεοὺς,
395 3399 511 3450 Ἀέρα,
530 3400 671 3451 προσέτι
689 3399 723 3438 δὲ
744 3402 802 3439 καὶ
818 3403 946 3455 Αἰθέρα
964 3405 1023 3442 καὶ
1035 3406 1194 3458 Νεφέλας

1224 761 1487 799 κατακαλεῖται.
1508 761 1593 814 πρὸς
1612 762 1647 799 δὲ
1664 761 1727 808 τὴν
1744 762 1847 814 εὐχὴν
1867 764 2081 816 εἰσέρχονται
2103 767 2255 818 Νεφέλαι

1223 826 1257 861 ἐν
1278 823 1436 874 σχήματι
1451 827 1568 876 χοροῦ·
1586 824 1646 862 καὶ
1666 826 1977 877 φυσιολογήσαντος
1997 829 2058 864 οὐκ
2085 829 2258 872 ἀπιθάνως

1223 889 1281 923 τοῦ
1302 885 1509 938 Σωκράτους
1529 889 1822 925 ἀποκαταστᾶσαι
1839 888 1924 940 πρὸς
1943 888 2021 932 τοὺς
2041 890 2163 933 θεατὰς
2181 892 2260 942 περὶ

1224 949 1391 987 πλειόνων
1409 949 1638 1001 διαλέγονται.
1660 951 1748 1000 μετὰ
1768 951 1803 989 δὲ
1822 956 1934 990 ταῦτα
1955 955 1972 990 ὃ
1989 952 2051 1002 μὲν
2067 954 2262 1006 πρεσὸύτης

1225 1011 1469 1062 διδασκόμενος
1492 1014 1526 1049 ἐν
1547 1015 1597 1063 τῷ
1617 1016 1752 1066 φανερῷ
1778 1013 1854 1052 τινὰ
1874 1018 1941 1052 τῶν
1964 1017 2179 1066 μαθημάτων
2201 1033 2263 1067 γε-

1225 1077 1420 1113 λωτοποιεῖ·
1437 1076 1497 1113 καὶ
1515 1076 1633 1123 ἐπειδὴ
1651 1077 1708 1114 διὰ
1727 1077 1790 1124 τὴν
1811 1078 1962 1128 ἀμαθίαν
1985 1081 2022 1117 ἐκ
2045 1084 2103 1117 τοῦ
2127 1095 2262 1132 φροντι-
2283 1095 2298 1119 5

1227 1138 1367 1190 στηρίου
1385 1138 1702 1190 ἕκὸάλλεται,ἀ’γων
1720 1140 1803 1193 πρὸς
1823 1140 1899 1192 βίαν
1920 1141 1977 1179 τὸν
1995 1142 2065 1180 υἱὸν
2086 1142 2265 1189 συνίστησι

1226 1203 1275 1253 τῷ
1312 1201 1505 1253 Σωκράτει.
1560 1201 1681 1240 τούτου
1715 1202 1749 1240 δὲ
1779 1203 2002 1255 ἐξαγαγόντος
2032 1206 2126 1258 αὐτῷ
2158 1208 2192 1244 ἐν
2216 1208 2266 1258 τῷ

1228 1263 1360 1316 θεάτρῳ
1376 1263 1433 1301 τὸν
1454 1264 1571 1301 ἄδικον
1589 1264 1649 1302 καὶ
1669 1265 1726 1302 τὸν
1744 1265 1874 1304 δίκαιον
1897 1267 2013 1317 λόγον,
2035 1268 2267 1318 διαγωνισθεὶς

1228 1330 1245 1365 ὃ
1267 1327 1382 1371 ἄδικος
1397 1328 1480 1380 πρὸς
1496 1328 1553 1366 τὸν
1574 1328 1703 1367 δίκαιον
1722 1329 1835 1380 λόγον,
1853 1330 1912 1368 καὶ
1930 1331 2147 1384 παραλαὲὼν
2165 1332 2266 1369 αὐτὸν

1229 1393 1246 1428 ὃ
1264 1390 1381 1433 ἄδικος
1396 1390 1494 1441 λόγος
1515 1391 1722 1430 ἐκδιδάσκει.
1744 1392 1976 1444 κομισάμενος
1993 1393 2028 1432 δὲ
2045 1395 2145 1432 αὐτὸν
2163 1398 2180 1432 ὃ
2197 1411 2267 1432 πα-
2290 1408 2320 1432 ιο

1229 1453 1295 1506 τὴρ
1321 1455 1600 1504 ἐκπεπονημένον
1627 1455 1813 1508 ἐπηρεάζει
1838 1459 1908 1501 τοῖς
1932 1457 2118 1508 χρήσταις,
2144 1457 2204 1495 καὶ
2225 1459 2270 1500 ὡς

1231 1517 1487 1569 κατωρθωκὼς,
1519 1519 1643 1570 εὐωχεῖ
1665 1519 1896 1572 παραλαὸών.
1921 1521 2108 1571 γενομένης
2131 1520 2165 1558 δὲ
2191 1520 2269 1573 περὶ

1231 1580 1294 1626 τὴν
1315 1580 1462 1631 εὐωχίαν
1482 1581 1693 1631 ἀντιλογίας,
1709 1581 1845 1633 πληγὰς
1859 1582 1977 1620 λαὸὼν
1993 1582 2059 1620 ὑπὸ
2072 1586 2132 1621 τοῦ
2147 1583 2271 1626 παιδὸς

1234 1643 1316 1693 βοὴν
1332 1641 1468 1689 ἵστησι,
1489 1643 1549 1680 καὶ
1568 1644 1963 1695 προσκαταλαλούμενος
1980 1645 2046 1683 ὑπὸ
2065 1648 2124 1682 τοῦ
2147 1646 2272 1689 παιδὸς

1232 1706 1284 1744 ὅτι
1307 1706 1437 1744 δίκαιον
1457 1706 1534 1750 τοὺς
1549 1707 1702 1759 πατέρας
1716 1708 1784 1745 ὑπὸ
1800 1711 1868 1746 τῶν
1887 1711 1968 1746 υἱῶν
1987 1709 2271 1757 ἀντιτύπτεσθαι,
2294 1730 2324 1753 15

1234 1770 1436 1821 ὑπεραλγῶν
1460 1768 1516 1806 διὰ
1533 1768 1595 1815 τὴν
1614 1769 1699 1821 πρὸς
1714 1770 1771 1808 τὸν
1789 1771 1860 1808 υἱὸν
1882 1771 2085 1822 σύγκρουσιν
2107 1776 2124 1811 ὁ
2150 1771 2272 1823 γέρων,

1234 1831 1476 1869 κατασκάπτει
1493 1831 1552 1869 καὶ
1570 1832 1766 1885 ἐμπίπρησι
1782 1833 1822 1871 τὸ
1836 1834 2096 1887 φροντιστήριον
2113 1837 2180 1871 τῶν
2197 1837 2274 1873 Σω-

1234 1897 1423 1947 κρατικῶν.
1442 1894 1482 1932 τὸ
1505 1894 1541 1932 δὲ
1562 1895 1680 1947 δρᾶμα
1701 1898 1768 1933 τῶν
1792 1896 1882 1934 πάνυ
1907 1897 2059 1941 δυνατῶς
2077 1897 2273 1947 πεποιημέ-

1235 1973 1315 1998 νων.

1726 2047 1794 2085 lV.

1446 2160 2074 2212 ΑΡΙΣΤΟΦΑΝΟΥΣ

1568 2294 1955 2333 ΓΡΑΜΜΑΤΙΚΟΥ.

1348 2395 1473 2450 Πατὴρ
1493 2397 1551 2435 τὸν
1573 2398 1645 2435 υἱὸν
1665 2396 1888 2449 σωκρατίζειν
1915 2397 2086 2449 βούλεται·

1346 2461 1406 2499 καὶ
1425 2464 1486 2507 τῆς
1503 2462 1582 2514 περὶ
1599 2461 1700 2499 αὐτὸν
1720 2461 1953 2514 ψυχρολογίας
1973 2462 2133 2514 διατριὸὴ
2302 2470 2336 2493 '2⁰

1347 2523 1468 2571 ἱκανὴ,
1488 2523 1599 2574 λόγων
1619 2524 1648 2562 τ’
1669 2524 1814 2563 ἀπόνοια
1833 2524 1919 2577 πρὸς
1935 2524 2143 2564 τούναντίον.

1346 2586 1449 2640 χορὸς
1469 2586 1504 2624 δὲ
1525 2588 1689 2639 Νεφελῶν
1709 2589 1756 2630 ὡς
1771 2589 1933 2640 ἐπωφελῆ
1957 2587 2079 2637 λέγων,

1349 2649 1409 2686 καὶ
1428 2649 1489 2695 τὴν
1508 2649 1669 2687 Sto-{Cema
1695 2649 1904 2703 Σωκράτους
1923 2649 2065 2694 διεξιών·

1351 2712 1456 2750 ἄλλαι
1476 2713 1503 2750 θ’
1525 2713 1581 2750 ὑπ’
1603 2712 1720 2765 ἀνέρος
1739 2713 1946 2764 κατηγορίαι
1965 2713 2106 2765 πικραὶ,
2302 2732 2335 2755 25

1350 2774 1409 2812 καὶ
1426 2778 1493 2812 τῶν
1513 2778 1676 2825 μαθητῶν
1694 2770 1740 2818 εἷς
1756 2775 1968 2827 πατραλοίας
1988 2775 2152 2818 ἐκτόπως.

1350 2833 1410 2876 εἰτ’
1427 2839 1646 2892 ἐμπυρισμὸς
1662 2842 1723 2886 τῆς
1740 2841 1870 2891 σχολῆς
1885 2843 1943 2878 τοῦ
1963 2839 2183 2891 Σωκράτους.

1299 3035 1344 3071 Αἱ
1360 3035 1496 3084 πρῶται
1513 3033 1667 3086 Νεφέλαι
1680 3033 1911 3085 ἐδιδάχθησαν
1927 3036 1961 3072 ἐν
1978 3034 2074 3073 ἄστει
2092 3034 2149 3072 ἐπὶ
2163 3034 2285 3087 ἄρχον-

1245 3111 1301 3138 τος
1318 3095 1500 3147 Ἰσάρχου,
1525 3095 1580 3132 ὅτε
1602 3098 1770 3148 Κρατῖνος
1793 3097 1855 3147 μὲν
1878 3097 1973 3135 ἐνίκα
1994 3097 2149 3149 Πυτίνῃ,
2168 3098 2284 3148 Ἀμει-

1246 3157 1325 3210 ψίας
1340 3158 1375 3195 δὲ
1391 3157 1524 3210 Κόννῳ.
1540 3158 1658 3211 διόπερ
1675 3159 1922 3212 Ἀριστοφάνης
1937 3161 2155 3212 ἀπορριφθεὶς
2171 3175 2286 3212 παρα-
2304 3183 2338 3209 30

1246 3220 1356 3271 λόγως
1372 3220 1468 3273 ᾠήθη
1487 3222 1556 3263 δεῖν
1570 3221 1774 3265 ἀναδιδάξαι
1788 3221 1849 3261 τὰς
1863 3222 2020 3274 Νεφέλας
2036 3221 2098 3265 τὰς
2112 3222 2285 3273 δευτέρας,

1248 3282 1307 3320 καὶ
1329 3282 1596 3335 ἀπομέμφεσθαι
1611 3284 1652 3321 τὸ
1669 3283 1822 3336 θέατρον.
1844 3284 2028 3336 ἀποτυχὼν
2044 3284 2078 3321 δὲ
2092 3284 2178 3322 πολὺ
2197 3286 2286 3333 μᾶλ-

1247 3347 1307 3382 λον
1322 3345 1382 3382 καὶ
1397 3346 1430 3382 ἒν
1445 3350 1515 3388 τοῖς
1534 3344 1655 3383 ἔπειτα
1672 3346 1787 3384 οὐκέτι
1809 3346 1871 3392 τὴν
1892 3346 2074 3392 διασκευὴν
2093 3345 2284 3395 εἰσήγαγεν.

1275 3406 1416 3422 εκὶκΙ

1251 3423 1286 3444 αι
1305 3416 1340 3445 οε
1361 3421 1516 3459 οευτεραι
1536 3407 1690 3460 Νεφέλαι
1708 3408 1765 3446 ἐπὶ
1786 3408 1955 3458 Ἀμεινίου
1972 3408 2148 3460 ἄρχοντος.
2306 3423 2338 3448 35
