2533 3808
209 198 281 232 382
937 184 1200 234 ⁸SCHOLIA
1233 185 1294 223 IN
1327 185 1576 227 PLUTUM.

206 285 337 329 Θησεῖ,
351 304 402 310 -
418 280 546 331 Χάρισι
564 278 674 330 τρίτη.
690 286 729 316 V.
747 277 839 328 οἴμοι
857 291 865 316 :
886 279 975 316 Φεῦ.
991 279 1204 320 πλακοῦντος
1224 290 1232 316 :
1296 279 1507 339 πληροῦντες
1533 281 1581 318 ἑνὶ
1605 280 1683 319 ποδὶ
1709 285 1829 320 τοῦτον
1854 284 2009 332 ἐπήδων·
2036 286 2096 324 καὶι
2126 289 2144 324 ὃ
2171 287 2333 335 πηδήσας

205 341 348 379 εΈνεχεν
368 342 440 377 τοῦ.
459 346 526 376 LB.
548 336 661 375 ἕνεκα.
743 335 964 385 πεπεμμένου
992 349 1001 375 :
1029 335 1237 385 Ἐζυμωμέ-
1297 338 1397 373 ἆθλον
1415 353 1443 374 ει
1445 353 1485 389 χε
1502 338 1560 375 τὸν
1577 343 1676 379 οἶνον.
1680 341 1698 392 ]]
1714 363 1758 368 —
1773 342 1984 388 ἀσκωλίαζ’.
2001 344 2119 391 Πηδα.
2138 354 2205 384 LB.
2222 346 2330 393 πήδα·

205 412 274 435 νου.
299 405 358 433 Dv.
380 397 414 432 ἐν
432 395 560 445 ἑκάστῃ
586 393 724 446 τετράδι
746 394 958 444 ζυμουμένου
975 393 1034 432 καὶ
1059 392 1237 443 διδομένου
1297 393 1490 431 Ασκόλιαὲ
1477 396 1576 454 εορτὴ
1596 402 1654 436 τοῦ
1674 402 1852 441 Διονύσου.
1870 407 1933 440 Dv.
1955 403 2130 448 ἀσκολίαζ’
2153 407 2329 445 ἓνταῦθα;

206 470 276 503 μοι.
297 461 363 490 LB.
381 454 458 490 τούν
477 451 614 505 τετράδι
633 453 845 502 πεπεμένου·
873 453 950 498 ἦτοι
967 456 1028 490 τοῦ
1053 452 1127 489 καθ’
1153 451 1238 489 έκά-
1297 451 1458 490 Ἀσκολία
1482 456 1524 499 ἠν
1546 455 1644 506 ἑορτὴ
1671 462 1730 495 τοῦ
1755 460 1975 507 Διονύσου,’
1961 477 1995 498 εν
2014 465 2036 509 ᾗ
2062 461 2187 506 ἀσκους
2207 464 2332 501 διαφυ-

171 528 187 551 5
209 527 290 557 στην
311 510 458 562 τετράδα
482 514 541 548 τοῦ
562 510 667 561 μηνὸς
693 511 904 561 πεπεμένου,
927 510 1004 557 ἤτοι
1024 509 1236 560 ζημουμένου

1299 525 1423 552 σωντες
1442 527 1501 548 κα*-
1529 513 1728 562 ογκοῧν-ες,
1746 519 1924 589 ἐρρίπτουν
1951 519 2009 556 καὶ
2036 519 2161 558 ἄνωθεν
2187 521 2333 567 τ’λλοντιο
2352 531 2368 555 5

205 570 264 606 καὶ
281 569 641 619 κατασκευαζομένου·
662 570 808 607 ἑκάστου
826 569 891 621 γὰρ
913 569 1018 620 μηνὸς
1031 572 1052 614 ἡ
1073 566 1238 617 νουμηνία
1299 568 1414 605 ἐπάνω
1432 570 1543 606 αὐτῶν
1563 571 1638 609 ἑνὶ,
1628 574 1724 621 ποδὶ,
1743 576 1873 613 ἐκίνουν
1893 575 1928 614 δὲ
1943 577 2004 627 γέ)
2006 592 2078 614 ωτα
2097 579 2336 617 καταπίπτον-

205 628 263 664 καὶ
277 630 297 672 ἡ
315 626 446 676 ἑὲδόμη
466 627 635 681 ἀφιέρωτο
648 631 697 680 τῷ
714 628 919 666 Ἀπόλλωνι·
936 632 957 673 ἡ
973 627 1007 665 δὲ
1025 626 1172 678 τετάρτη
1190 628 1238 677 τῷ
1298 642 1369 670 τες·
1396 630 1413 664 ὁ
1439 626 1555 677 μέντοι
1581 628 1628 679 μὴ
1655 633 1863 671 καταπεσων
1892 635 1930 671 ἐλ
1933 633 2086 682 άμὸανεν
2113 637 2215 674 αὐτὸν
2243 637 2334 675 οἴνου
2384 652 2386 654 ·

205 684 339 737 Ἑρμῇ·
359 688 380 731 ἡ
398 685 433 722 δὲ
451 685 532 733 ἕκτη
549 690 591 739 τῇ
612 686 801 739 Ἀρτέμιδι,
819 687 878 725 καὶ
899 686 988 732 ἄλλη
1009 685 1116 737 ἄλλῳ.
1134 692 1195 722 LB.
1299 683 1429 736 πλήρη.
1449 692 1510 723 LB.
1528 689 1700 729 ἐνταυθαε
1717 693 1844 730 Αὐτοῦ.
1917 691 2000 742 πρὸς
2016 690 2078 737 τὴν
2094 693 2253 745 αἷθρίαν;
2271 695 2335 735 Ἐν

259 758 338 784 1127.
370 744 500 797 [ποθεῖς
519 745 575 783 τὸν
598 747 635 784 οὐ
667 746 822 798 παρόντα
851 746 909 783 καὶ
937 745 1051 817 μάτην
1081 744 1196 786 καλεῖς
1228 755 1236 780 :

1299 758 1341 794 τη
1360 743 1467 782 εὐδία.
1497 753 1563 783 LB.
1591 747 1638 790 εἷς
1661 763 1718 786 τον
1743 750 1878 796 ἀσκεπῆ
1909 748 2028 787 τόπον.
2049 752 2089 782 P·
2159 752 2293 804 αἰθρίαν
2323 766 2333 792 :

153 813 186 838 10
206 803 384 855 Ηρακλῆς
413 803 526 841 πλέων
554 804 642 854 μετὰ
666 821 726 851 της
755 805 891 856 Αρ(οῦς
919 805 964 847 εἷς
995 803 1151 853 Κόλχους
1180 817 1239 838 συν

1301 802 1442 841 Εὗδίαν.
1461 811 1522 842 Βυ.
2300 836 2310 843 J
2358 818 2392 844 10

205 861 365 900 Ἰάσονι
351 878 384 899 εν
400 862 476 914 Κίῳ
491 866 534 914 τῇ
555 863 649 916 νήσι)
664 863 820 909 ἐξελθὼν,
842 863 901 900 καὶ
918 862 1059 915 πέμψας
1079 861 1135 898 τὸν
1156 858 1241 912 ἐρώ-
1355 875 1432 899 1130.
1465 862 1674 915 σπλάγχνων
1697 878 1706 903 :
1719 866 1872 916 Οἴμοι’
1854 865 1922 903 απὸ
1945 869 2070 904 κοινοῦ.
2094 882 2162 904 των
2185 867 2338 918 ἐγκάτων

1301 921 1368 956 τῶν
1385 919 1491 964 ζώων.
1508 922 1608 967 ἡνίκα
1626 921 1692 975 (ὰρ
1709 924 1742 962 ἐέ
1734 928 1782 975 ἧ
1768 940 1827 962 ιον
1844 928 1953 961 ταῦτα
1970 928 2029 962 τοῦ
2045 924 2188 976 ἱερείου,
2204 941 2340 978 παραυ-

1301 976 1381 1014 τίκα
1403 980 1506 1017 αυτοῦ
1526 976 1633 1018 ἔθυον.
1658 982 1704 1020 Θ.
1726 983 1786 1018 καὶ
1809 982 1900 1031 οἴμοι
1919 982 2044 1020 ε’νεκεν.
2067 991 2134 1022 LB.
2155 983 2247 1034 οἴμοι
2270 983 2339 1022 ἀπὸ

1302 1040 1425 1074 κοινοῦ.
1443 1051 1506 1079 Dv.
1524 1041 1684 1091 θερμῶν
1676 1070 1683 1077 .
1704 1042 1783 1078 Τῶν
1801 1040 1948 1085 ζώντων.
1968 1050 2034 1080 LB.

1357 1108 1433 1133 1131.
1463 1096 1565 1142 ὄδυνη
1592 1113 1630 1135 σε
1657 1097 1739 1150 πρὸς
1764 1098 1808 1135 τὰ
1833 1099 2021 1151 σπ)ιά(χνα
2046 1113 2055 1138 t
2078 1099 2339 1153 Ἀντιστρόφως·
2362 1112 2394 1138 15

1304 1151 1390 1189 ἐπὰν
1406 1153 1472 1206 γὰρ
1490 1159 1626 1205 πνεῦμα
1647 1156 1688 1193 δι’
1707 1156 1850 1208 ἐντέρων
1872 1158 2022 1208 ὑποδύη,
2041 1157 2094 1209 [το
2115 1162 2266 1196 τοιοῦτον
2285 1159 2343 1210 γί-

1303 1211 1425 1261 νεται].
1445 1213 1479 1249 8:
1472 1211 1517 1250 ὀν
1539 1217 1596 1250 οὐν
1617 1215 1724 1251 εἰπεῖν
1741 1219 1896 1266 πνεῦμα,
1921 1217 2022 1263 ὀδυνη
2049 1221 2154 1254 εἶπεν.
2178 1216 2281 1269 [πρὸς
2299 1216 2344 1254 τὰ

1304 1269 1409 1306 σπλά
1400 1285 1488 1321 (svm
1505 1271 1541 1308 δὲ
1561 1271 1635 1309 ἀντὶ
1651 1276 1729 1319 τοῦ,
1747 1273 1802 1311 ἐπὶ
1819 1275 1915 1311 κωλ·Μ
1885 1291 1915 1325 ιη
1932 1275 1991 1312 καὶ
2010 1280 2078 1318 τοῖς
2096 1275 2320 1326 σπλάγχνοις.
2324 1274 2342 1327 ]]

1303 1352 1349 1356 ——
1376 1328 1478 1375 ὀδύνη
1509 1342 1518 1368 :
1546 1330 1676 1377 Πόνος,
1705 1330 1761 1368 διὰ
1786 1331 1825 1369 τὸ
1850 1331 1965 1376 κενοὺς
1992 1327 2080 1370 εἶναι
2110 1333 2177 1370 ὑπὸ
2202 1337 2262 1371 τοῦ
2294 1333 2343 1383 μὴ

1305 1386 1438 1425 ἐσθίειν.
1464 1389 1510 1426 Θ.
1535 1389 1639 1440 ἤγουν
1659 1389 1774 1433 πόνος.
1803 1399 1866 1428 Dv.
1887 1391 1972 1443 πρὸς
2000 1405 2008 1430 :
2039 1391 2153 1429 Κατά.
2175 1399 2241 1429 LB.
2269 1393 2343 1429 ἐπι·
2363 1401 2398 1426 20

1305 1444 1462 1498 στρέφειν
1489 1460 1498 1486 :
1520 1446 1657 1499 Ἔχειν.
1679 1451 1740 1486 DI).
1771 1448 1875 1501 ἔχειν,
1900 1455 2018 1488 κινεῖν.
2045 1457 2115 1488 LB.
2135 1452 2253 1497 κινεῖν,
2273 1451 2348 1488 ἐνο-

1304 1505 1411 1555 χλεῖν.
1427 1506 1473 1545 Θ.

1313 1567 1343 1580 ’“
1358 1577 1438 1603 1132.
1469 1563 1541 1602 ἴσον
1560 1564 1626 1617 ἴσῳ
1647 1565 1867 1617 ’κεκραμένης
1885 1580 1893 1605 :
1915 1565 2033 1616 (Οἴνου
2050 1566 2110 1604 καὶ
2127 1565 2266 1609 ὕδατος·
2283 1569 2349 1611 ζω-

1308 1621 1442 1674 ρότερον
1461 1622 1527 1675 γὰρ
1543 1624 1582 1661 τὸ
1598 1628 1731 1662 τοιοῦτο
1746 1631 1882 1677 κρᾶμα.
1902 1624 2018 1669 παίζει
2035 1624 2070 1662 δὲ
2086 1624 2170 1676 πρὸς
2183 1624 2261 1668 τοὺς
2279 1641 2348 1663 κα-

1305 1680 1461 1731 πήλους.)
1483 1684 1636 1728 ζητεῖται
1657 1682 1713 1720 διὰ
1737 1682 1771 1720 τί
1795 1686 1865 1726 τοῖς
1891 1683 1951 1734 μὲν
1973 1682 2090 1726 ἄλλοις
2114 1685 2200 1726 Θεοῖς
2219 1682 2348 1721 δίδοται
2367 1696 2401 1722 25

1308 1739 1457 1792 ἄκρατος
1474 1740 1623 1787 σπονδὴ,
1644 1742 1695 1793 τῷ
1711 1740 1746 1778 δὲ
1765 1741 1882 1794 εΕρμῇ
1900 1740 2107 1794 κεκραμένη·
2126 1741 2201 1792 [καὶ
2218 1739 2347 1794 φαμὲν]

1307 1798 1358 1835 ὅτι
1375 1798 1432 1836 καὶ
1453 1801 1520 1836 τῶν
1541 1798 1676 1843 ζώντων
1696 1800 1754 1837 καὶ
1773 1803 1842 1838 τῶν
1858 1799 2153 1845 τετελευτηκότων
2172 1799 2272 1851 ἄρχει
2288 1799 2348 1837 καὶ

1307 1857 1389 1908 παρ’
1411 1856 1613 1909 ἀμφοτέρων
1641 1857 1744 1908 τιμὰς
1771 1857 1922 1909 δέχεται.
1948 1880 1998 1887 -
2017 1854 2089 1898 ἴσον
2113 1856 2178 1910 ἴσῳ
2199 1870 2208 1896 :
2228 1857 2348 1909 ς’Υδωρ

1308 1913 1400 1966 οἴνῳ.
1415 1916 1460 1953 Θ.
1476 1924 1540 1955 Dv.

1363 1987 1440 2012 1133.
1471 1973 1618 2026 [ταύτην
1635 1973 1793 2021 ἐπιπιὼν,
1811 1973 2015 2026 ἀποτρέχων
2036 1974 2098 2011 οὐκ
2118 1971 2159 2010 ἂν
2184 1973 2320 2025 φθάνοις
2338 1986 2346 2011 1
2368 1988 2402 2013 30

1309 2033 1384 2070 Οὐκ
1404 2031 1445 2068 ἂν
1463 2031 1568 2084 πέρας
1588 2031 1710 2083 σχοίης
1727 2035 1794 2070 τῶν
1818 2035 1953 2070 κακῶν·
1977 2033 2038 2069 οὐκ
2059 2030 2099 2068 ἂν
2125 2029 2347 2082 ἀναὸάλοιοι]

1310 2110 1354 2116 --
1369 2089 1499 2136 ταύτην
1519 2104 1527 2129 :
1549 2090 1690 2134 Παίζει·
1713 2091 1838 2128 αὐτίκα
1851 2090 1918 2142 γὰρ
1933 2093 1983 2143 τῷ
1999 2089 2133 2141 θΕρμοῦ
2150 2089 2242 2142 λόγῳ
2261 2089 2347 2127 ἀπέ-

1309 2149 1430 2201 παρδε.
1453 2150 1501 2188 Θ.
1524 2149 1566 2196 ἣν
1590 2148 1752 2202 ἔπαρδον.
1774 2153 1841 2188 LB.
1864 2148 2010 2187 ἐπιπιὼν
2037 2162 2046 2187 t
2072 2150 2126 2186 Δι’
2145 2147 2225 2186 ὅλου
2244 2147 2347 2186 πιών.

1311 2209 1426 2238 Paris.

1365 2268 1443 2293 1134.
1475 2253 1550 2306 [τὸν
1571 2258 1698 2292 σαυτοῦ
1719 2254 1843 2306 φίλον;
1868 2255 1984 2292 Τοῦτο
2003 2252 2114 2302 )έγει,
2134 2251 2156 2297 ἢ
2187 2251 2272 2289 διότι
2290 2268 2349 2290 και
2369 2262 2403 2286 35

1311 2311 1409 2354 αὐτος
1433 2311 1595 2355 διάκονος
1604 2312 1664 2350 καὶ
1685 2311 1860 2364 ὑπηρέτης
1880 2328 1921 2358 ·Γ,ν
1941 2314 2010 2349 τῶν
2031 2313 2128 2359 θεῶν,
2153 2308 2272 2362 ὥσπερ
2289 2305 2351 2347 0⁰5—

1310 2385 1366 2413 τος
1393 2370 1590 2421 Χρευυλου·
1618 2370 1639 2417 ἢ
1667 2370 1724 2408 διὰ
1752 2370 1814 2414 τὰς
1839 2369 1955 2421 βοηθε’
1947 2386 2017 2416 ιας,
2047 2368 2087 2412 ἃς
2119 2367 2249 2420 προϊὼν
2267 2370 2349 2420 ἐρεῖ.

1311 2427 1480 2478 εἰώθαμεν
1513 2427 1579 2479 γὰρ
1600 2430 1630 2465 οι
1657 2428 1851 2480 ἄνθρωποι,
1879 2443 1961 2465 οταν
1988 2429 2035 2469 εἷς
2061 2426 2214 2477 ἀνάγκην
2241 2425 2350 2475 ἐμπέ-

1312 2501 1439 2535 σωμεν,
1461 2485 1593 2522 εὔνοιαν
1620 2486 1706 2538 πρὸς
1738 2490 1858 2523 τοῦτον
1892 2484 2129 2533 πλάττεσθαι,
2161 2483 2217 2535 ἀφ’
2250 2487 2288 2521 οὑ
2309 2499 2349 2520 αν

1311 2547 1394 2592 ἡμῖν
1418 2543 1514 2580 ἔσται
1545 2542 1707 2594 ὠφέλεια.
1729 2566 1780 2573 —-
1808 2544 1866 2581 τὸν
1898 2546 2026 2580 σαυτοῦ
2047 2541 2185 2594 φίλοντ
2214 2542 2350 2580 Πολλαὶ
2369 2551 2404 2575 40

1310 2602 1430 2652 τέχναι
1451 2601 1647 2638 ἀνάκεινται
1667 2604 1716 2654 τῷ
1737 2602 1876 2654 (Ερμῇ,
1897 2595 1944 2638 ῶν
1964 2599 2038 2637 ἐστὶ
2055 2581 2118 2636 Ικαὶ
2137 2602 2158 2644 ἡ
2185 2602 2252 2637 τῶν
2271 2601 2352 2637 κλε-

1311 2663 1417 2697 πτῶν·
1436 2659 1510 2696 ἐπεὶ
1530 2658 1565 2696 δὲ
1584 2659 1643 2696 καὶ
1660 2663 1690 2697 οἱ
1708 2660 1912 2712 θεράποντες
1928 2658 2094 2702 κλέπται,
2109 2657 2229 2696 τούτου
2250 2657 2350 2696 ἕνεκα

1312 2719 1407 2770 φίλον
1433 2716 1552 2754 ἑαυτὸν
1573 2717 1728 2770 Καρίωνι
1747 2717 1853 2767 λέγει.
1876 2725 1937 2755 LB.
1957 2732 1990 2755 τ.
2008 2731 2042 2755 σ.
2064 2731 2102 2768 φ.
2129 2730 2137 2754 ;
2161 2715 2349 2754 Τουτέστιν

1312 2776 1385 2826 ἐμέ.
1405 2775 1467 2826 P]

1366 2852 1442 2877 1135.
1467 2838 1498 2875 εἴ
1516 2854 1576 2876 του
1599 2852 1607 2877 :
1612 2838 1731 2881 Τιιός
1753 2840 1826 2907 (Θ).
1876 2838 1972 2876 δέειε
1994 2835 2155 2889 Χρίζεις.
2175 2829 2223 2874 ὧν
2246 2850 2254 2876 :
2278 2836 2349 2891 Ἀφ’
2368 2839 2402 2865 45

1311 2903 1370 2936 ὡν.
1391 2906 1454 2936 Dzv.
1478 2895 1566 2942 δέηῖ
1590 2896 1692 2938 Τινὸς
1708 2896 1828 2948 χρείαν
1845 2895 1945 2948 ἔχεις.
1963 2903 2032 2933 LB.

1367 2968 1447 2993 1136.
1474 2952 1648 3004 πορίσας;
1678 2954 1776 2998 Δούς.
1805 2963 1842 2993 Θ.
1872 2959 1908 2992 εὐ
1928 2951 2151 3003 πεπεμμένον
2179 2965 2188 2990 :
2222 2954 2350 2996 Καλῶς

1311 3026 1644 3061 κατεσκευασμενμιν
1665 3020 1732 3051 LB.
1753 3012 2004 3064 πεπεμμένονε
2027 2989 2283 3061 Ἐζυμωμένον.
2309 3019 2347 3051 Θ.

1312 3071 1528 3124 ζημωμένον.
1550 3079 1613 3109 Dv.

1367 3145 1444 3170 1137.
1474 3131 1688 3184 καταφαγεῖν
1720 3129 1874 3168 νεανικὸν
1897 3143 1905 3168 :
1928 3128 2028 3169 Νέον.
2051 3137 2113 3170 Βυ,
2135 3127 2252 3180 νεανία
2270 3127 2349 3181 πρέ·
2366 3134 2401 3160 50

1311 3206 1388 3228 πον.
1412 3199 1450 3228 Ρ.
1479 3190 1552 3228 ἀντὶ
1583 3193 1642 3226 τοῦ
1675 3189 1862 3267 δυνάμενον
1899 3188 2071 3240 χορτάσαι
2103 3186 2278 3238 νεώτερον.
2307 3188 2345 3226 R.

217 3249 332 3302 [οὕτω
349 3249 408 3287 καὶ
434 3249 592 3300 Δίδυμος.
647 3247 791 3293 Ἄλλως.
821 3248 1046 3293 ἀσκωλιάζειν
1073 3247 1188 3298 ἔλεγον
1213 3248 1252 3285 τὸ
1311 3247 1417 3293 πολυ,
1440 3248 1625 3285 δυνάμενον
1645 3246 1826 3298 χορτάζειν
1846 3246 1994 3284 νεανίαν.
2015 3249 2054 3283 V.
2071 3245 2188 3284 ἱκανὸν
2209 3242 2346 3281 νεανίαν

164 3323 200 3348 δι)
220 3308 421 3346 ἐνάλλεσθαι
447 3314 515 3351 τοῖς
541 3307 694 3354 ἀσκοῖς-ἢ
714 3309 751 3346 τὸ
775 3308 831 3347 ἐπὶ
856 3308 928 3351 ἑνὸς
946 3307 1049 3350 ποδὸς
1069 3306 1247 3346 ἅλλεσθαι.
1312 3322 1390 3358 κορε
1376 3321 1463 3344 σαι.
1484 3309 1532 3345 Θ.
1555 3305 1709 3343 νεανικὸν
1738 3304 1839 3356 κρέας
1857 3305 1948 3355 λέγει
1982 3306 2129 3343 ἐνταῦθα
2155 3302 2194 3341 τὸ
2218 3302 2345 3354 ἀρκοῦν

217 3365 361 3409 Ἄλλως.
390 3366 561 3405 Ἀσκώλια
591 3366 690 3419 ἑορτὴ
718 3366 900 3406 Διονύσου·
932 3366 1036 3404 ἀσκὸν
1064 3365 1130 3418 γὰρ
1161 3365 1251 3405 οἴνου
1275 3341 1287 3410 l
1311 3366 1428 3415 νεανία
1451 3367 1498 3409 εἷς
1517 3365 1555 3403 τὸ
1571 3365 1741 3417 χορτάσαι
1759 3365 1870 3402 αὐτόν.
1897 3373 1934 3403 Ρ.

207 936 307 970 μενον
322 922 424 958 αὐτοῦ
439 920 608 960 “’Υλι“’)αν
591 923 681 973 υδι)ρ
699 923 805 959 ἀντλ
776 937 884 969 ιησαι,
906 947 924 958 ι
901 921 1080 974 περιέυενε
1083 936 1099 956 ν
1118 918 1240 956 αυτόν·

204 983 264 1015 τοῦ
294 978 328 1016 δὲ
356 995 423 1017 υπο
452 982 607 1033 Νυμφῶν
641 980 891 1032 ἁρπασθέντος,
927 979 1104 1031 Ἡρακλῆς
1133 976 1241 1014 ποὶυν

204 1036 326 1089 χρόνον
357 1037 485 1084 ἐζήτει·
512 1038 653 1091 ὕστερον
676 1038 711 1076 δὲ
741 1037 806 1076 ὑπό
828 1053 918 1081 τινος
945 1036 1094 1090 αἰθερίας
1130 1050 1242 1088 φωνης

154 1107 187 1132 15
206 1095 332 1141 ’ἤκουσε

293 1192 394 1226 ποθεῖς
412 1191 464 1222 τὸν
479 1188 515 1219 οὐ
532 1190 671 1231 παρόντα
683 1191 735 1221 καὶ
751 1189 849 1231 μάτην
863 1190 976 1225 καλεῖς.

207 1281 336 1334 ἐλήφθη
364 1284 422 1317 οὖν
439 1282 538 1318 τοῦτο
561 1280 606 1322 εἷς
624 1277 813 1330 παροιμίαν
837 1277 893 1314 ἐπι
912 1278 980 1314 τῶν
1001 1274 1157 1326 μάτηπ)
1162 1288 1243 1325 ροσ-

207 1339 408 1378 δοκούντων
424 1361 476 1366 -
492 1340 510 1375 ὃ
535 1337 712 1390 Ἡρακλης
729 1341 819 1388 εἶχεν
841 1335 1013 1388 ἐρώμενον
1036 1349 1093 1370 τον
1109 1332 1242 1370 Ὕλαν·

207 1414 262 1435 οτε
281 1396 345 1450 (ὰρ
365 1396 460 1448 παρὰ
480 1400 539 1433 τοῦ
558 1400 662 1442 θησου
685 1399 702 1433 ὁ
721 1395 884 1466 Ηρακλῗ
854 1410 903 1439 ιης
930 1392 1087 1442 ἐπέμφθη
1112 1390 1168 1428 ἐπι
1194 1406 1243 1427 τω

153 1467 189 1493 20
207 1456 326 1494 λαὲεῒν
352 1470 392 1492 το
416 1453 660 1506 χρυσόμαλλον
693 1453 808 1502 δέρας,
835 1456 906 1522 εἶχε
937 1467 997 1488 και
1023 1453 1139 1487 τοῦτον
1168 1447 1240 1499 μεθ’

209 1518 343 1553 ἑαυτοῦ.
359 1512 499 1565 πέμψας
515 1528 571 1550 ουν
588 1516 706 1550 τοῦτον
720 1511 866 1549 λαοεῖν
858 1511 967 1562 ὕδωρ,
984 1508 1082 1561 παρὰ
1098 1509 1165 1544 τῶν
1181 1522 1245 1553 πη-

206 1589 275 1625 γων
304 1572 487 1624 ἡρπάσθη,
514 1574 559 1614 ὡς
586 1573 717 1624 ιστορεῖ
734 1570 935 1622 Θεόκριτος·
955 1584 1014 1606 και
1042 1570 1100 1604 τοῦ
1125 1565 1244 1639 ΣΗρα-

207 1631 326 1674 κλέους
341 1634 459 1668 τοῦτον
474 1632 654 1676 ζητοῦντος
667 1646 764 1682 παρα
779 1644 845 1666 των
857 1643 991 1678 πηγων,
1006 1629 1105 1664 τοῦτο
1119 1624 1244 1671 ἤκουσε

210 1710 223 1723 κ
241 1693 355 1733 ποθεῖς
373 1705 431 1727 τον
451 1690 489 1727 οὗ
510 1689 666 1742 παρόντα
686 1705 746 1727 και
765 1688 877 1738 μάτην
894 1687 995 1724 καλω
965 1702 1024 1728 εις.
1045 1703 1059 1719 »
1074 1693 1160 1723 Dorv
1165 1684 1192 1736 .]]

155 1763 190 1789 25
265 1764 341 1789 1128.
371 1750 463 1800 οἴμοι
486 1749 521 1787 δὲ
549 1751 690 1795 κωλῆςε
722 1748 815 1800 [Τοῦ
834 1746 992 1792 κώληκος
1016 1742 1245 1795 λεγομένου]

208 1810 320 1846 κωλαῖ
341 1808 384 1846 τὰ
410 1808 601 1859 ἐμπρόσθια
623 1806 710 1859 μέρη
737 1809 802 1844 τῶν
829 1805 973 1858 ιερείων.
996 1802 1067 1841 ἔστι
1094 1801 1129 1839 δὲ
1159 1801 1247 1854 ἱερὸς

209 1866 271 1904 ‘h‘
242 1871 343 1918 ρμοῦ
361 1868 378 1903 ὃ
399 1865 553 1917 βραχίων
570 1881 637 1902 των
656 1863 730 1902 ἀλό
721 1880 789 1914 (ων
808 1863 916 1908 ζώιι.)ν
1003 1860 1170 1911 (Ἄλλως.)
1187 1859 1248 1903 τὰς

211 1923 362 1974 ἇ(κ3λας
392 1939 506 1976 φησιν,
542 1923 579 1961 αἳ
606 1923 765 1966 ὀστώδεις
793 1922 872 1961 εἶσί.
903 1920 1083 1958 διαὸάλλει
1112 1923 1169 1957 οὐν
1202 1921 1248 1962 ὡς

210 1983 314 2020 ὀστέα
331 1989 400 2026 τοῖς
417 1986 532 2026 θεοῖς
522 1982 789 2035 προσφέροντας.
807 2004 858 2010 -—-
878 1982 974 2019 κιι)λ“
953 1994 1019 2026 aa:
1041 1981 1114 2019 Τοῦ
1137 1982 1247 2030 μηροῦ

157 2050 192 2075 30
213 2043 302 2091 (Θ.),
317 2045 376 2079 τοῦ
391 2040 539 2093 ἐντέρου.
563 2048 624 2078 LB.
640 2039 867 2092 κωληναρίου·
878 2040 975 2077 κῶλα
993 2038 1037 2075 τὰ
1055 2036 1248 2088 ἐμπρόσθια

213 2100 298 2152 μέρη
319 2102 386 2137 τῶν
406 2099 548 2152 ἱερείων.
567 2098 627 2142 τὰς
647 2094 821 2150 ἀγγύλας,
845 2097 881 2135 αἳ
898 2096 1058 2140 ὀστώὲεις
1075 2095 1153 2134 εἶσί.
1173 2097 1248 2132 δια-

212 2158 333 2196 ὅάλλει
350 2153 408 2196 οὖν
432 2160 478 2201 ὡς
492 2158 595 2196 ὀστέα
612 2163 682 2201 τοῖς
699 2160 786 2201 θεοῖς
807 2154 1060 2210 προσφέροντα.
1079 2163 1115 2192 P.
1135 2153 1246 2200 κατή-

212 2220 302 2254 σθιον
322 2230 330 2255 :
349 2213 543 2269 Ἔτρωγον.
562 2224 629 2255 LB.
655 2224 717 2255 Dv.

266 2289 343 2314 1129.
375 2274 561 2319 ἀσκωλίαζ’
577 2276 722 2312 ἐνταῦθα
736 2288 744 2313 2
761 2272 908 2326 Ἑορτὴν
931 2274 962 2312 οἱ
979 2273 1152 2319 Ἀθηναῖοι
1166 2267 1249 2322 ἦγον

158 2346 193 2371 35
212 2350 254 2371 τα
276 2333 466 2381 Ἀσκωλια,
489 2336 523 2371 ἐν
539 2338 560 2384 ἡ
580 2333 760 2380 ἐνηλλοντο
775 2339 844 2376 τοῖς
867 2334 983 2375 ἀσκοῖς
1000 2334 1046 2375 εἷς
1065 2347 1170 2380 τιμην
1190 2334 1248 2368 τοῦ

213 2391 389 2431 Διονυσου.
415 2393 508 2430 δοκεῖ
532 2392 601 2429 δὲε
588 2392 709 2444 ἐγθρον
738 2396 824 2429 εἰναι
851 2396 893 2444 τῇ
917 2391 1064 2442 ἀμπέλῳ
1088 2390 1127 2426 τὸ
1150 2391 1248 2433 ζῶον.

213 2449 335 2498 ἀμέλει
353 2465 410 2486 ουν
432 2465 491 2486 και
511 2449 717 2519 ἐπίγραμμα
736 2456 795 2496 [Ev
798 2464 849 2486 em
860 2465 892 2486 111
907 2455 1002 2486 Anth.
1017 2456 1121 2487 Palat.
1147 2464 1180 2494 9,
1202 2455 1248 2496 75]

213 2506 353 2560 φέρεται
371 2523 431 2553 της
448 2507 605 2557 ἀμπέλου
621 2523 706 2558 προς
720 2523 783 2553 την
801 2511 883 2558 αἶγα
905 2508 1011 2552 οὕτως
1028 2508 1118 2560 ἔχον,

295 2606 351 2643 κῆν
366 2617 402 2646 με
412 2605 508 2646 φάγῃς
522 2606 570 2637 ἐπὶ
585 2606 678 2646 ῥίζαν,
691 2606 774 2646 ὅμως
787 2607 856 2637 δέτι
867 2607 1094 2647 καρποφορήσω
1103 2629 1112 2645 ,

161 2653 196 2678 40
336 2653 431 2684 ὅσσον
443 2653 596 2693 ἐπιλεῖψαι
607 2653 674 2691 σοὶ,
684 2652 775 2693 τράγε
785 2676 793 2692 ,
805 2653 953 2693 θυομένῳ.

217 2739 423 2788 (ἀσκωλίαζε
445 2738 480 2776 δὲ
505 2738 581 2776 ἀντὶ
601 2743 660 2777 τοῦ
685 2739 807 2777 ἅλλου·
826 2738 950 2790 κυρίως
969 2737 1004 2776 δὲ
1025 2738 1252 2783 ἀσκωλιάζειν

215 2798 330 2849 ἔλεγον
351 2798 388 2836 τὸ
410 2798 551 2837 ἐπὶτῶν
573 2800 687 2836 ἀσκῶν
710 2799 875 2836 ἅλλεσθαι
898 2797 998 2835 ἕνεκα
1018 2801 1077 2835 τοῦ
1100 2799 1251 2848 γελωτο-

214 2860 335 2895 ποιεῖν.
357 2858 390 2895 ἐν
411 2856 508 2909 μέσῳ
531 2855 565 2894 δὲ
584 2860 642 2894 τοῦ
666 2857 808 2910 θεάτρου
828 2856 974 2894 ἐτίθεντο
997 2855 1122 2900 ἀσκοὺς
1139 2872 1252 2908 πεφυ-

217 2915 383 2965 σημένους
402 2915 462 2953 καὶ
488 2915 759 2965 ἀληλιμμένους,
787 2917 834 2958 εἷς
850 2915 904 2958 οὒς
927 2915 1147 2964 ἐναλλόμενοι
1167 2914 1252 2952 ὠλί-

163 2983 197 3009 45
217 2977 350 3020 σθανον,
366 2973 524 3026 καθάπερ
539 2972 715 3014 Εὔῧουλος
731 2974 765 3010 ἐν
783 2972 966 3025 Δαμαλείᾳ
982 2973 1084 3025 φησὶν
1101 2972 1225 3020 οὕτως,

1281 3044 1285 3074 ἡ
1267 431 1276 1255 ——.———--————›—--—-

318 3071 370 3101 καὶ
381 3070 455 3111 πρός
468 3081 503 3110 γε
517 3070 636 3107 τοότοις
649 3071 745 3102 ἀσκὸν
757 3071 798 3107 εἰς
811 3071 904 3110 μέσον

318 3118 430 3148 καταθέ
418 3128 494 3153 Ενςτε
509 3127 534 3147 ει
524 3117 626 3148 Medus
630 3118 682 3148 σθε
692 3118 744 3147 καὶ
754 3117 904 3157 καχάζετε

318 3163 367 3194 ἐπὶ
376 3166 438 3200 τοῖς
448 3164 665 3204 καταρρέουσιν
676 3164 737 3195 ἀπὸ
748 3164 981 3204 κελεύσματος.)
