2517 3792
1125 217 1283 256 PLUTl.

2161 244 2233 276 605

163 299 355 336 stomacho
378 301 542 350 erumpit
558 315 565 335 :
581 302 773 348 Equidem,
792 311 830 337 ut
849 308 926 338 siue
941 307 1021 339 dolo
1033 307 1166 348 dicam,
1230 305 1309 348 θέως
1324 308 1456 359 λέγειν,
1479 314 1679 362 perspicue
1695 317 1877 366 scriptum
1895 328 1950 356 est
1977 321 2014 357 in
2045 322 2128 361 cod.
2147 326 2234 370 LB.;

161 369 235 392 rem
255 360 378 393 nullus
399 358 586 394 habuerim
608 372 686 394 cum
704 373 747 394 ea
765 389 773 403 ,
803 375 913 407 quam
945 363 1166 409 conlabefa—

160 423 255 450 ctam
279 425 390 463 atque
408 421 636 451 exinanitam
657 419 819 464 infinitus
839 433 1016 456 annorum
1037 435 1167 457 mime-

158 484 220 506 rus
230 475 359 507 tm'sere
377 472 525 521 subegit.
542 477 663 517 Quam
684 474 761 510 brec.
783 476 890 524 longe
909 479 1063 526 quresita
1080 479 1166 522 siut,

159 530 279 565 cuivis
298 529 402 566 facile
417 539 531 579 patet.
550 548 563 562 υ
581 535 726 568 Hmzsr.
754 533 998 586 11>.ε’ττιτρέψει
1023 540 1164 573 lic-inst.

157 586 333 638 ἐπιτρέπει
351 591 395 625 R.
417 588 585 640 ἐπιτρέπῃ
613 591 657 627 Θ.
681 590 846 642 ἐπιτρέψῃ
871 593 952 630 Ald.
972 613 1016 618 --
1044 602 1091 642 49
1105 610 1165 643 γε-

155 643 328 696 γηρακυία
342 644 434 697 ἐξηρ.
450 648 495 684 Θ.
513 672 553 677 -
573 648 618 683 53
640 649 836 696 legcbatur
856 650 1083 701 διαλελυμένη
1107 667 1166 688 κυ-

156 699 248 752 ρίως,
264 703 310 743 ὡς
326 702 383 738 ἐπὶ
397 718 454 753 07.-
472 703 526 740 lb.
542 706 587 746 ὡς
605 707 821 749 0111.V.—5!.
843 709 1162 757 ὑπεσπληνισμένη,

154 756 378 810 ἐξηραμμένη
404 761 450 798 Θ.
471 762 540 798 Cui
563 776 638 798 non
657 762 780 799 obstat
801 763 1022 816 ἐξηραμμένῃ
1051 780 1164 816 supra

153 815 315 853 lectum:
341 832 425 854 nam
448 828 534 855 sunt
555 820 634 856 haec
653 835 699 857 ex
718 822 790 857 alio
810 823 954 858 scholio
976 833 1162 874 excerpta.

152 875 271 910 Dum.
288 889 358 911 —1
378 875 660 926 διεσπεκλωμένη
682 879 742 924 Θ.,
764 893 810 914 cx
831 893 907 928 quo
922 875 979 917 οὖν
995 884 1161 919 accessit.

153 932 529 985 καταδιεσπεκλωμένῃ
548 937 676 972 ceteri.
703 936 873 986 ἄχρηστος
896 940 939 976 Θ.
956 962 995 967 -
1021 953 1041 974 2
1060 941 1162 989 lege-

151 987 266 1026 batur
281 990 454 1042 γινομένῃ.
477 991 645 1041 γενομένη
665 993 710 1030 Θ.
725 1017 766 1023 -
785 994 804 1028 3
825 994 864 1031 τὸ
881 996 1051 1032 σπεκλοῧν
1070 998 1162 1034 inci-

151 1047 320 1096 pitaliud
341 1049 526 1095 scholion,
549 1050 650 1099 quod
669 1053 858 1101 excerpsit
880 1054 1012 1090 Suidas
1027 1068 1054 1091 s.
1076 1057 1160 1093 Διε-

152 1104 397 1157 σπλεκωμένῃ.
416 1107 629 1156 Legebatur
649 1108 687 1144 τὸ
707 1108 742 1145 δὲ
762 1111 945 1150 σπλεκοῦν.
968 1112 1006 1149 τὸ
1020 1112 1159 1151 πλέκειν

151 1163 301 1200 Suidas.
323 1184 373 1190 ——
395 1170 416 1207 4
438 1167 537 1200 τοῦτο
556 1164 735 1214 σημαίνειν
758 1168 803 1204 Θ.
826 1172 885 1204 τοῦ
903 1171 1159 1220 σημαινομένου

147 1220 293 1266 Suidas,
308 1221 411 1270 quod
425 1230 481 1258 est
496 1221 617 1259 τούτου
637 1235 787 1273 σημ.,11[
803 1227 940 1276 legitur
954 1243 979 1265 s.
1001 1231 1157 1268 Πλεκοῧν

147 1277 185 1314 in
214 1278 477 1316 additamento
506 1281 564 1318 ed.
591 1282 758 1329 Mediol„
787 1298 863 1333 quo
890 1297 1019 1324 carent
1049 1289 1158 1327 codd.

146 1337 261 1373 Paris.
282 1342 361 1373 Aet
392 1337 496 1374 Leid.
516 1342 633 1375 D1xo.
656 1368 689 1372 -
722 1341 742 1377 5
763 1342 888 1391 ὁμοίως
917 1345 1060 1383 Suidas.
1078 1372 1118 1381 -
1136 1351 1157 1384 6

147 1393 200 1444 ἐφ’
213 1386 260 1430 ὧν
279 1407 353 1431 om.
370 1395 415 1432 Θ.
434 1394 609 1432 ἐνίσταται
628 1397 771 1435 Suidas.
787 1398 907 1438 ἵστατο
922 1402 1019 1440 libri.
1036 1404 1158 1442 «Ἐνί-

148 1465 272 1488 σταται
293 1452 358 1501 qui
378 1454 509 1489 Latine
523 1463 742 1503 verterunt,
763 1461 909 1505 quando
931 1472 1056 1509 aperte
1082 1467 1155 1499 ali—

140 1511 237 1556 quid
252 1512 372 1557 eloqui
383 1514 509 1558 pudor
526 1522 650 1560 vetat,
671 1517 897 1553 sententiam
911 1547 920 1564 ,
942 1532 1055 1567 quarn
1078 1522 1159 1571 ipsa

146 1580 206 1604 res
221 1576 357 1617 sponte
371 1569 608 1618 subjiciebat,
624 1574 742 1622 magis
761 1585 847 1612 sunt
864 1577 1031 1615 adsecuti
1044 1593 1157 1628 quam

143 1625 224 1662 vim
245 1626 447 1664 locutionis
464 1630 622 1665 Graecae:
647 1644 753 1677 nam,
771 1633 801 1669 si
824 1634 937 1671 modo
958 1649 1089 1673 sanum
1111 1639 1157 1675 sit

145 1683 237 1720 illud
258 1683 435 1721 ἐνίσταται
451 1714 460 1730 ,
480 1700 554 1722 non
578 1688 692 1724 video
713 1689 778 1738 qui
798 1693 915 1740 possit
933 1694 1042 1731 aliter
1058 1697 1155 1745 capi,

145 1749 259 1791 atque
275 1746 493 1791 reprimitur,
515 1744 710 1790 cohibetur,
742 1761 812 1783 non
833 1754 1045 1788 conceditur.
1081 1754 1156 1790 Εὐ-

144 1799 328 1851 θυρρήμων
350 1814 441 1838 vero
462 1803 558 1839 solet
577 1805 640 1840 ille
657 1806 809 1853 quidem
833 1809 1015 1858 appellari
1036 1819 1073 1847 et
1092 1813 1157 1861 qui

141 1870 232 1895 vera
256 1859 426 1908 loquitur
444 1861 634 1907 animose,
654 1872 690 1900 et
713 1866 778 1913 qui
800 1879 878 1903 rem
906 1869 1026 1916 ipsam
1050 1871 1155 1907 nullo

141 1916 307 1954 fucatam
322 1918 450 1955 colore
463 1918 632 1957 breviter
653 1931 689 1958 et
708 1924 787 1959 sine
802 1925 1024 1975 ambagibus
1039 1941 1156 1965 enun-

138 1974 239 2020 ciat;
260 1976 382 2024 qualis
401 1977 775 2017 Lacedaemoniorum
801 1983 928 2034 ἀφελὴς
947 1985 1005 2021 καὶ
1035 1986 1155 2024 σύντο-

141 2045 205 2080 μος
221 2033 483 2085 εὖθυρημοσύνη
514 2038 741 2074 contrariam
764 2039 876 2077 habet
892 2071 901 2087 ,
923 2044 1025 2092 apud
1047 2046 1152 2082 Sext.

142 2090 285 2139 Empir.
306 2090 451 2144 Ἀντιρρ.
472 2107 507 2138 2,
530 2095 550 2142 §
572 2108 631 2141 22,
654 2095 714 2141 τὴν
737 2099 910 2149 τερθρείαν
928 2100 989 2145 τὴν
1009 2104 1152 2154 ῥητορι-

139 2145 203 2191 κήν
219 2161 227 2169 ·
246 2155 283 2184 et
301 2149 508 2198 Sophocles
529 2153 630 2189 nulla
651 2155 873 2192 circuitione
899 2171 988 2195 usus
1005 2161 1151 2212 εὐθυρη-
1180 2155 1182 2158 V

138 2203 252 2252 μόνως
270 2204 412 2258 γράφει,
436 2216 528 2244 teste
542 2211 658 2246 Clem.
677 2213 786 2251 AleX.
803 2217 942 2254 strom.
959 2219 995 2263 5,
1011 2231 1047 2266 p.
1065 2220 1151 2265 716,

141 2266 177 2308 4,
194 2264 318 2309 matri,
337 2277 584 2315 quaecumque
603 2268 679 2316 illa,
693 2283 807 2318 quam
823 2271 1008 2323 designat,
1027 2276 1139 2314 fuerit

138 2333 217 2356 non
236 2324 369 2358 Jovem
386 2323 558 2360 intulisse
575 2334 761 2377 stuprum,
780 2337 817 2365 at
832 2331 942 2380 plane
959 2333 1150 2373 hominem

136 2377 366 2416 adulterum.
379 2381 453 2417 Sed
463 2383 711 2434 εὐθυρρημονες
722 2395 905 2435 praeterea
918 2393 1150 2431 restrictiore

138 2444 337 2484 potestate,
359 2439 424 2487 qui
441 2453 521 2475 rem
541 2448 702 2491 turpem,
720 2458 878 2494 quaeque
898 2458 1017 2485 castas
1041 2464 1150 2489 aures

137 2493 321 2543 offendat,
335 2496 448 2533 nullis
465 2499 644 2536 orationis
659 2501 865 2539 involucris
880 2505 1068 2555 obvelant,
1084 2523 1147 2545 ve-

136 2564 219 2588 rum
240 2552 540 2602 improbioribus
553 2557 681 2594 verbis
700 2572 910 2610 parumque
927 2568 1149 2604 verecundis

137 2609 312 2657 proferre
327 2623 403 2647 non
424 2613 619 2662 refugiunt
633 2643 642 2658 ‚
659 2624 701 2651 ut
720 2619 849 2665 Cynici
864 2633 1033 2671 semper,
1051 2638 1148 2675 saepe

135 2667 265 2705 Stoici.
289 2668 406 2706 Clem.
427 2672 528 2708 Alex.
557 2676 698 2710 strom.
725 2688 744 2710 2
761 2704 770 2721 ,
791 2690 826 2726 p.
849 2680 946 2727 439,
964 2682 1091 2720 Crates
1112 2685 1146 2720 ἐν

138 2723 253 2768 ἄλλοις
282 2726 521 2779 εὖθυρημόνως
553 2730 699 2783 γράφει,
735 2737 795 2778 τῆς
825 2736 871 2777 εἰς
897 2736 940 2773 τὰ
966 2740 1146 2791 ἀφροδίσια

135 2782 377 2834 ἀκατασχέτου
411 2789 521 2838 ὁρμῆς
565 2791 802 2841 κατάπλασμα
848 2787 933 2832 εἶναι
961 2797 1062 2846 λιμόν
1079 2815 1086 2822 ·

136 2838 172 2876 δὲ
188 2839 261 2890 μὴ,
281 2842 419 2894 βρόχον.
438 2849 492 2882 Ea
508 2855 565 2882 est
587 2862 716 2896 causa,
739 2853 986 2900 quamobrem
1014 2871 1035 2894 a
1056 2861 1144 2896 Pol-

134 2898 218 2935 luce
230 2899 439 2949 jungantur
451 2903 775 2957 οιῖσχρορρημοσύνη
791 2910 848 2947 καὶ
865 2914 1143 2964 εὐθυρρημοσύνη

136 2969 173 3002 2,
194 2969 266 3005 129
281 2971 288 2993 :
304 2970 426 3007 neque
437 2959 514 3008 jam
532 2961 733 3001 obscurum
749 2975 816 3013 est,
832 2970 921 3016 quid
936 2973 1144 3010 scholiastae

134 3016 182 3049 sit
201 3014 477 3066 εὖθυρρημονεῖν.
496 3018 674 3057 Similiter
688 3025 790 3072 apud
809 3026 913 3064 Suid.
942 3029 980 3064 in
1006 3031 1143 3082 Εὐθυρ-

135 3069 254 3122 ρήμων
275 3072 393 3120 (quod
412 3073 450 3109 in
468 3076 655 3123 Hesychio
673 3093 873 3131 perperam
896 3085 1011 3122 scribi
1034 3089 1140 3125 arbi-

134 3136 238 3176 tror,
258 3129 483 3181 Εὐθυρρῆμος
496 3160 506 3176 ,
528 3134 746 3186 ἐτυμολόγος)
778 3141 859 3177 talis
879 3144 1015 3180 vetusti
1046 3148 1141 3183 scri-

133 3187 255 3236 ptoris
281 3186 387 3224 locus
418 3190 629 3236 promitur:
650 3192 704 3230 ὅτε
732 3194 824 3246 λέγει
843 3197 1086 3251 Ἀριστοφάνης
1103 3203 1141 3241 τὸ

134 3245 228 3282 δεῖνα
241 3274 252 3294 ,
273 3245 313 3284 τὸ
328 3246 562 3297 ῥηθησόμενον
581 3251 681 3296 ἀηδὲς
695 3255 870 3306 ἐκφεύγειν
891 3257 1012 3300 εὐθέως
1027 3260 1140 3311 λέγει,

132 3300 190 3339 ἵνα
219 3302 268 3353 μὴ
300 3305 582 3357 εὖθυρρημονῆσῃ
599 3323 606 3330 ·
639 3310 703 3347 ubi
730 3314 892 3360 primum
908 3342 916 3358 ‚
937 3318 1040 3364 quod
1060 3319 1140 3368 jam

133 3369 220 3398 ante
245 3361 491 3411 conjectando
516 3369 876 3418 pervestigaveram,
903 3373 1057 3423 ἐκφεύγει
1075 3380 1134 3413 εὖ-

1143 2308 1151 2321 -ι

1136 2802 1145 2815 a

1118 2816 1146 2837 Ε’-

1229 364 1388 411 deindo,
1417 370 1445 405 si
1479 372 1561 419 quis
1594 375 1790 411 Comicum
1823 376 1931 414 adeat
1959 379 1993 415 in
2016 380 2232 419 Acharn.v.

1235 427 1342 469 1148,
1371 440 1445 463 non
1471 431 1631 478 iunplius
1650 431 1863 477 dubitabit,
1883 437 1971 484 quin
1994 453 2039 475 cx
2067 441 2234 489 antiquis

1228 480 1273 515 ad
1293 496 1375 518 cum
1391 485 1512 521 locum
1534 487 1698 534 scholiis,
1721 504 1804 538 quae
1833 493 2132 548 interciderunt,
2155 500 2235 536 haec

1227 539 1300 574 sint
1332 540 1561 590 depromta:
1589 559 1688 582 nunc
1720 549 1810 585 nihil
1848 553 1948 589 aliud
1986 555 2233 604 adnotatum,

1227 610 1337 644 quam
1352 627 1360 642 ‚
1381 600 1418 636 τὸ
1452 601 1543 637 δεῖνα
1558 631 1568 648 ,
1592 603 1747 642 τουτέστι
1774 606 1812 643 τὸ
1842 610 1966 647 αἰδοῖον
1986 613 2063 651 κατ’
2090 618 2236 668 εὐφημι-

1226 653 1323 701 σμον.
1337 659 1512 706 Denique
1534 662 1635 707 quod
1658 665 1894 712 explicanda?
1913 672 1995 706 voci
2011 672 2233 724 εὐθυρρῆμων

1225 711 1377 749 additur
1397 715 1444 751 ab
1466 717 1574 753 initio
1600 720 1796 770 εὐθυλόγος,
1830 737 1984 772 prorsus
2013 732 2136 767 omisit
2159 736 2231 770 LB.

1227 772 1342 806 Porro
1357 774 1432 808 vim
1450 776 1560 822 paulo
1579 776 1759 816 laxiorem
1777 784 1903 829 posuit
1919 785 1953 819 in
1970 786 2232 839 εὐθυρρημονεῖν

1225 830 1323 865 Sext.
1344 832 1489 880 Empir.
1510 846 1546 882 p.
1567 836 1651 880 300,
1676 837 1738 873 ubi
1760 838 1817 878 τὰς
1845 842 2054 894 μεταλήψεις
2084 849 2152 882 τῶν
2171 847 2232 884 λέ-

1224 885 1305 926 ξεων
1330 888 1409 924 fieri
1436 899 1563 927 monet
1589 892 1665 937 ἤτοι
1685 893 1769 945 ὑπὲρ
1798 900 1857 933 τοῦ
1892 898 1938 947 μὴ
1970 902 2231 953 εὐθυρημονεῖν,

1222 944 1422 992 προσ-κοπτὴν
1445 946 1603 999 φέροντος
1618 955 1677 987 τοῦ
1699 952 1810 994 εὐθέος
1832 956 1999 1005 ῥήματος,
2024 958 2044 1004 ἢ
2071 962 2153 1012 ὑπὲρ
2171 967 2230 1000 τοῦ

1222 1015 1253 1036 τι
1271 1005 1479 1054 σαφηνίζειν.
1494 1008 1712 1045 Notandum
1727 1020 1793 1056 est,
1807 1015 1908 1061 quod
1926 1018 2045 1053 rarius
2060 1018 2230 1067 obvium,

1221 1059 1298 1096 εὐθὺ
1317 1064 1431 1112 ῥῆμα,
1463 1067 1661 1114 proprium
1690 1070 1917 1109 vocabulum
1949 1083 1984 1111 et
2016 1077 2230 1127 sincerum,

1221 1119 1398 1169 nullaque
1423 1122 1541 1171 figura
1568 1125 1760 1172 indutum,
1783 1130 1908 1177 quod,
1940 1133 1970 1168 si
1989 1134 2081 1182 qnid
2103 1136 2229 1173 offen-—

1220 1176 1336 1214 sionis
1375 1182 1518 1229 pariat,
1553 1184 1731 1221 translato
1764 1189 1976 1226 verecunde
2015 1201 2194 1238 mutatur.
2216 1213 2231 1227 ι

1220 1237 1361 1273 HEMST.

1277 1296 1372 1331 1082
1393 1325 1402 1342 ,
1440 1311 1483 1333 12
1512 1297 1716 1349 σπέκλωμα.
1739 1305 1782 1338 111
1812 1304 1856 1341 Θ.
1877 1314 1962 1353 post
1993 1307 2163 1344 scholion
2192 1323 2227 1347 V.

1224 1356 1319 1402 1093
1338 1355 1569 1406 adscriptum
1591 1358 1672 1396 ἔνιοι
1693 1359 1727 1396 δὲ
1749 1361 1849 1397 πνιὰν
1864 1362 1952 1405 λέξιν
1970 1365 2107 1414 λέγουσι
2130 1371 2230 1405 τοῦτο

1218 1411 1401 1460 γινομένην
1419 1415 1457 1451 ἐκ
1471 1417 1530 1460 τῆς
1545 1415 1651 1454 τύπου
1669 1433 1675 1439 ·
1696 1432 1778 1467 quae
1794 1419 1839 1455 ad
1857 1421 1957 1457 hunc
1979 1436 2012 1458 v.
2035 1425 2229 1463 referenda

1218 1470 1416 1516 videntur,
1433 1475 1613 1510 correctis
1631 1478 1830 1524 postremis
1857 1479 1983 1516 verbis
2002 1481 2039 1518 ἐκ
2066 1486 2124 1519 τοῦ
2143 1483 2228 1521 κτύ-

1218 1542 1293 1564 που.
1317 1532 1434 1567 ΒιΝο.
1451 1531 1558 1568 Adde
1581 1541 1658 1569 not.
1679 1535 1723 1570 ad
1743 1549 1773 1571 v,
1802 1537 1910 1584 1093,
1932 1544 1964 1580 4.

1278 1589 1371 1623 1083
1391 1617 1400 1633 ,
1437 1602 1483 1624 2ο
1504 1603 1558 1639 sq.
1590 1590 1662 1627 δέον
1696 1593 1802 1629 εἰπεῖν
1829 1595 1984 1645 ἀνδρῶν,
2017 1597 2102 1633 ἐτῶν
2135 1593 2228 1646 εἷπε,

1218 1645 1387 1681 σκώπτων
1407 1647 1488 1684 Ald.
1512 1673 1552 1678 —
1571 1662 1618 1684 22
1639 1651 1787 1686 πολιτῶν
1809 1654 1971 1701 pertinet
1994 1655 2039 1690 ad
2062 1656 2164 1701 ἐτῶν,
2195 1659 2227 1695 si

1218 1702 1427 1739 deducatur
1447 1705 1494 1741 ab
1517 1704 1615 1751 ἔτης,
1639 1706 1729 1752 ἔται,
1747 1722 1842 1757 quos
1862 1720 2009 1748 veteres
2029 1714 2130 1762 apud
2147 1716 2227 1751 Ho-

1217 1773 1360 1797 merum
1384 1762 1481 1799 inter
1499 1764 1570 1799 alia
1588 1778 1739 1814 quoque
1754 1766 1895 1809 πολίτας
1913 1780 2109 1818 exponunt
2127 1786 2135 1807 :
2151 1775 2227 1810 He-

1217 1819 1318 1866 sycll.
1336 1819 1371 1854 in
1389 1832 1424 1855 v.
1441 1828 1477 1856 et
1492 1819 1655 1868 Ξυνέται,
1677 1824 1900 1870 συμπολῖται.
1917 1819 1969 1863 ὟΩ
1988 1825 2060 1873 ἔτα,
2081 1829 2224 1866 πολῖτα·

1215 1890 1298 1925 quae
1314 1877 1424 1925 paulo
1437 1877 1604 1914 deterius
1616 1879 1653 1914 in
1665 1893 1709 1916 eo
1725 1882 1866 1930 scripta
1877 1883 2059 1923 offendes.
2075 1889 2222 1926 mes'r.

1273 1935 1385 1970 1085.
1409 1937 1491 1971 Hoc
1509 1936 1679 1973 scholion
1695 1941 1883 1989 excerpsit
1897 1943 2028 1979 Suidas
2044 1957 2071 1979 s.
2092 1945 2225 1981 Συνεκ-

1214 1991 1309 2029 ποτέ’
1327 1992 1411 2029 ε’στί·
1431 2009 1444 2024 n
1462 1997 1556 2039 Quae
1575 2003 1683 2031 vetus
1706 2007 1901 2034 enarrator
1915 1999 1961 2035 de
1990 2000 2132 2050 duplici
2154 2017 2223 2039 usu

1213 2052 1273 2094 τῆς
1292 2049 1413 2101 τρυγὸς
1427 2058 1532 2086 notat
1546 2060 1583 2087 et
1601 2062 1763 2090 mustum
1785 2064 1821 2091 et
1842 2057 1950 2094 faeces
1965 2060 2222 2109 significantis,

1212 2120 1233 2143 a
1250 2109 1382 2144 ceteris
1409 2108 1538 2144 itidem
1567 2113 1820 2158 grammaticis
1847 2114 2120 2153 observantur:
2142 2120 2222 2156 He-

1212 2166 1312 2213 sych.
1335 2167 1372 2202 in
1405 2164 1526 2216 Τρύγοι
1554 2176 1591 2202 et
1619 2168 1731 2218 Τρύξ,
1757 2172 1874 2208 schol.
1902 2173 2062 2209 Theocr.
2088 2190 2122 2220 7,
2154 2191 2220 2222 70,

1214 2223 1316 2260 Suid.
1340 2224 1377 2259 in
1398 2224 1531 2275 Τρυγὸς
1556 2225 1736 2274 γλυκείας,
1761 2229 1863 2276 quod
1889 2229 1936 2265 ab
1965 2231 2220 2282 Aristophane

1212 2290 1377 2317 sumtum
1402 2282 1439 2316 in
1461 2284 1542 2318 Pac.
1571 2296 1605 2319 v.
1636 2284 1708 2328 575
1731 2298 1739 2319 :
1760 2285 1867 2336 τρύγα
1891 2286 1956 2337 γὰρ
1977 2288 2035 2324 καὶ
2065 2289 2121 2326 τὸν
2146 2289 2219 2327 νέον

1211 2333 1298 2376 οἶνον
1332 2338 1474 2375 ἐκάλουν
1504 2339 1562 2376 καὶ
1592 2339 1653 2385 τὴν
1685 2343 1921 2391 ὑποστάθμην.
1946 2348 2069 2382 Faeces
2094 2356 2219 2384 autem

1211 2398 1338 2434 Attico
1356 2410 1460 2433 more
1488 2396 1597 2448 τρύγα
1627 2398 1719 2445 dici,
1744 2401 1802 2436 vel
1830 2401 2075 2451 ὑποστάθμην,
2106 2419 2219 2454 quam

1210 2468 1289 2492 esse
1337 2457 1402 2505 qui
1447 2457 1570 2492 minus
1606 2465 1709 2493 recte
1745 2456 1815 2494 ἰλὺν
1849 2461 2057 2509 appellent,
2089 2473 2219 2501 monet

1209 2514 1407 2561 Phrynich.
1426 2528 1464 2564 p.
1490 2527 1532 2549 12
1548 2544 1558 2563 ,
1579 2515 1642 2563 qui
1675 2524 1797 2552 tamen
1819 2530 1954 2554 vereor
1982 2527 2023 2555 ut
2045 2520 2218 2558 admittat

1208 2585 1229 2608 a
1245 2573 1387 2608 Thoma
1413 2573 1611 2621 Magistro,
1646 2587 1764 2622 quum
1790 2585 2023 2625 praeceptum
2045 2578 2124 2627 ejus
2146 2580 2215 2615 de-

1208 2630 1402 2676 scriberet,
1423 2631 1589 2667 additam
1608 2629 1808 2669 ὑπόστασιν·
1828 2635 2005 2684 parijure
2017 2636 2216 2675 damnetur

1207 2689 1352 2734 rarius,
1375 2697 1411 2724 et
1427 2688 1647 2725 adnotatum
1677 2689 1724 2726 ab
1744 2692 1932 2739 Hesychio
1962 2693 2189 2731 vocabulum
2203 2724 2213 2741 ‚

1206 2745 1498 2798 Ὑποὸὀρὸόριον,
1519 2750 1540 2792 ἡ
1570 2746 1662 2797 τρύξ.
1684 2749 1921 2798 Moschopul.
1950 2750 2037 2802 Περὶ
2058 2753 2153 2801 σχεδ,
2178 2767 2211 2802 ρ,

1206 2818 1255 2853 92
1272 2820 1279 2840 :
1299 2803 1411 2855 Τρὺξ,
1428 2803 1466 2841 τὸ
1483 2805 1610 2846 ὑλῶδες
1626 2809 1684 2841 τοῦ
1701 2804 1813 2851 οἴνου,
1837 2805 1911 2850 ἥτις
1928 2806 1986 2843 καὶ
2006 2809 2210 2858 ὑποστάθμη

1204 2862 1360 2912 λέγεται,
1375 2861 1434 2898 καὶ
1452 2862 1601 2913 τρυγίας.
1621 2879 1636 2894 »
1658 2866 1802 2900 Hmm.

1263 2921 1358 2965 1087
1381 2932 1456 2955 orn.
1477 2922 1522 2955 G.
1540 2947 1580 2951 -
1601 2920 1647 2961 34
1669 2918 1982 2970 ἤγουν-χρήματα
2001 2934 2074 2956 om.
2098 2926 2210 2961 DorV.

1262 2990 1378 3025 1092,
1411 2983 1456 3021 47
1485 2975 1551 3012 ὕπὸ
1568 2978 1628 3019 τῆς
1653 2977 1698 3013 Θ.
1726 2975 1829 3026 φησὶν
1853 2976 1905 3013 ὅτι
1928 2978 1990 3013 οὐκ
2017 2978 2151 3016 ἰάσεταί
2173 2995 2209 3017 σε

1202 3039 1248 3072 R.
1264 3060 1304 3066 —
1326 3040 1374 3082 49
1395 3046 1575 3083 perversa
1595 3033 1679 3069 cod.
1706 3037 1776 3070 LB.
1805 3034 2066 3083 interpretatio
2089 3049 2135 3073 ex
2163 3051 2208 3073 eo

1203 3093 1388 3136 manavit,
1405 3091 1505 3141 quod
1524 3092 1564 3128 in
1582 3091 1654 3127 hoc
1672 3090 1771 3127 libro
1787 3104 1854 3140 per
1873 3105 2041 3129 errorem
2054 3107 2089 3130 v.
2111 3107 2207 3142 1090

1197 3151 1328 3201 juveni
1351 3150 1399 3186 sit
1419 3148 1696 3197 tributus,'pars
1714 3150 1904 3197 sequentis
1917 3151 2053 3188 vetulae
2070 3167 2078 3188 :
2099 3165 2204 3188 ema-

1201 3209 1322 3246 culata
1344 3206 1582 3257 postmodum
1600 3207 1669 3242 hac
1692 3205 1776 3243 labe
1795 3207 1982 3244 scholium
2006 3217 2128 3245 tamen
2148 3211 2202 3246 in-

1202 3271 1340 3301 tactum
1364 3264 1553 3301 remansit.
1570 3267 1714 3300 Hmisr.

1258 3323 1367 3370 1093,
1390 3322 1437 3357 52
1462 3320 1536 3357 ἀντὶ
1563 3325 1621 3356 τοῦ
1642 3335 1715 3357 om.
1743 3323 1788 3360 Θ.
1820 3316 1888 3359 οἷον
1912 3325 1968 3367 ἠσ.
1988 3323 2076 3377 Α1ἀ.1
2096 3323 2204 3368 ἠσέλ-

1198 3393 1314 3427 γαινον
1326 3383 1369 3415 V.
1385 3397 1398 3409 ιι
1417 3382 1562 3415 Partem
1579 3380 1713 3416 Suida‘s
1730 3380 1833 3417 dedit
1847 3381 1885 3417 in
1905 3381 2053 3417 Πιττοῧν
2071 3396 2077 3402 ·
2096 3380 2203 3418 scho-
