2533 3808
317 162 388 192 578

1089 147 1380 185 ADNOTATlO
1410 146 1462 182 IN
1493 146 1663 184 SCHOL.

318 242 389 286 ἤτοι
414 245 451 276 V.
473 240 493 285 ἢ
516 244 555 276 R.
579 238 748 275 τουτέστιν
766 236 787 280 ἢ
808 236 889 272 Ald.
909 259 949 265 -
968 235 1013 280 37
1032 233 1161 274 Ἄλλως
1189 241 1225 269 et
1245 245 1310 268 se—
1339 238 1346 261 t
1373 232 1615 281 comparabat
1642 233 1801 281 Hesych.
1825 246 1832 268 ε
1851 230 2045 279 Θυήματα,
2075 229 2118 266 τὰ
2146 228 2372 282 ἐπιφερόμενα

314 300 465 347 quentia
487 310 558 332 om.
582 297 691 331 etiam
716 296 759 331 Θ.
776 317 817 324 -
838 294 884 340 39
920 293 963 333 ὡς
986 292 1042 328 τὸν
1071 299 1108 327 et
1137 289 1312 341 ἐρρίπτουν

313 358 401 403 Reg.

365 411 435 446 663
454 439 462 454 ‚
480 410 523 444 51
543 421 596 457 sq.
622 405 911 457 Χαμαιστρώσιον
937 405 1004 442 ἀπὸ
1023 406 1167 441 εὐτελῶν
1201 417 1311 453 παρε-

312 465 491 508 σκευάζετο
511 465 568 501 καὶ
588 467 719 515 μικρῶν
740 463 967 512 καττυμάτων
991 466 1033 498 V.
1056 462 1145 499 Ἀντὶ
1166 463 1224 498 τοῦ
1255 461 1312 496 εὖ-

310 522 483 574 τρεπίζετο
502 525 545 558 R.
564 523 706 573 ηὐτρεπ.
733 523 777 558 Θ.
797 520 996 572 ηὖτρέπιζεν
1014 523 1105 569 Reg.
1125 527 1161 555 et
1180 518 1313 555 Suidas

308 593 334 615 s.
357 577 633 629 Παρεκαττύετο.
651 604 690 610 -
707 579 752 614 53
775 577 831 614 καὶ
849 579 992 619 εὐτελεῖς
1013 576 1151 625 ἱμάντες
1171 576 1201 612 οἱ
1222 576 1313 610 ἀπο-

309 636 507 687 ριπτόμενοι
527 638 572 678 εἰς
586 635 647 678 τὰς
666 635 810 687 κοπρίας
823 638 864 671 V.
877 637 937 680 τῆς
957 634 1085 685 κόπρου
1103 634 1213 670 etiam
1228 635 1314 669 Sui-

308 695 383 730 daS.
399 696 459 730 τοῦ
474 692 602 743 κόπρου
617 693 702 730 Ald.
726 693 901 741 InRegio
923 707 1019 728 καττ.
1039 690 1074 727 ’δὲ
1093 689 1251 739 λέγονται
1270 688 1313 725 τὰ

308 750 413 803 μικρὰ
432 750 600 799 τμήματα
620 752 688 787 τῶν
705 752 838 787 σκυτῶν
853 749 874 794 ἢ
890 751 956 786 τῶν
972 747 1195 799 ὑφασμάτων,
1214 747 1235 783 ἃ
1258 745 1312 782 διὰ

307 809 344 845 τὸ
364 808 494 850 εὐτελὲς
511 808 569 845 καὶ
591 807 764 859 ἄχρηστον
786 811 962 860 ῥιπτοῧσιν
990 805 1024 844 οἷ’
1045 822 1082 843 τε
1106 804 1312 853 σκυτοτόμοι

306 866 363 902 καὶ
379 867 409 902 οἱ
425 866 661 917 ῥάπται.-54
680 866 919 917 εὐτρεπίζομεν
934 864 1054 902 V.—5
1067 877 1314 907 καταπεπατη-

307 923 392 972 μένη
411 924 587 974 στρωμνή,
607 939 626 972 7
648 925 808 976 βροῧλλα,
826 922 847 969 ἢ
862 922 904 959 τὰ
922 921 1168 975 παρατυχόντα
1189 922 1311 968 συνῆγε

306 982 360 1019 καὶ
389 982 554 1018 συνετίθει
572 982 657 1019 ἄλλο
671 982 724 1018 ἐπ’
743 982 838 1031 ἄλλῳ
859 984 952 1029 Reg.

358 1039 447 1083 665,
472 1053 516 1075 10
538 1039 609 1077 Καὶ
628 1048 666 1075 et
689 1053 730 1075 11
749 1033 844 1080 οὗτος
865 1038 989 1074 addita
1004 1051 1050 1074 ex
1065 1039 1126 1078 V.‚
1144 1037 1205 1085 qui
1223 1048 1313 1084 per-

306 1098 357 1145 git
380 1096 411 1138 ἔς
429 1111 466 1132 τε
485 1095 611 1148 ῥήτορα
634 1095 848 1148 συκοφάντην
867 1096 924 1132 καὶ
945 1094 988 1132 τὰ
1008 1096 1036 1131 3.
1051 1119 1092 1125 —
1118 1096 1174 1130 13.
1193 1094 1312 1129 Intel—

308 1155 371 1202 ligi
393 1162 540 1203 potest,
563 1155 619 1190 vel
638 1155 763 1204 ipsum
784 1153 1080 1202 Aristophanem
1103 1152 1141 1187 in
1171 1151 1312 1200 Πελαρ-

306 1217 377 1260 γοῖς
402 1212 588 1248 Neoclidae
611 1211 848 1253 meminisse,
876 1219 1053 1259 tanquam
1083 1207 1246 1244 rhetoris
1275 1215 1312 1243 et

307 1271 569 1320 sy‹·ophantae;
588 1270 642 1306 vel
673 1270 719 1305 de
739 1269 803 1304 illo
833 1268 1003 1311 homine,
1032 1266 1228 1302 notissimo
1247 1277 1311 1300 ca—

309 1329 534 1364 lumniatore
549 1356 558 1372 ‚
580 1328 689 1376 plura
706 1327 819 1362 fuisse
836 1326 874 1361 in
900 1324 1053 1360 scholiis
1077 1323 1124 1359 ad
1153 1335 1232 1358 earn
1255 1321 1311 1357 fa-

309 1386 434 1421 bulam
469 1386 579 1421 dicta.
614 1384 706 1421 Inde
741 1384 900 1433 petitum
935 1382 1029 1418 s01te
1066 1394 1160 1430 piox
1164 1380 1311 1416 erbium

310 1443 504 1478 adnotavit
523 1442 656 1478 Suidas
679 1455 687 1476 :
710 1442 757 1478 N:
762 1439 916 1476 οκλείδου
933 1438 1099 1475 κλεπτίστ
1102 1452 1196 1486 ερος·
1217 1440 1312 1478 οὗτος

308 1515 358 1535 κε)
346 1497 574 1550 ιωμώδηται,
598 1501 642 1539 ὣς
664 1497 777 1550 ῥητωρ
792 1500 853 1543 ἠν,
876 1512 933 1533 και
965 1495 1087 1547 τιν-[ἧος
1098 1510 1185 1541 ,και
1207 1509 1312 1531 συκο-

308 1558 457 1608 φάντης,
496 1573 553 1594 και
583 1556 644 1594 κλὲ
628 1572 755 1602 επτης·
790 1556 855 1592 ubi
890 1564 1012 1592 tamen
1051 1556 1150 1591 hunc
1187 1555 1310 1604 ipsum

307 1617 447 1653 Comici
468 1616 584 1652 nostri
603 1616 726 1652 locum
745 1613 918 1663 subjecit.
937 1616 1082 1650 HEMST.
1100 1612 1157 1650 καὶ
1172 1625 1247 1649 om.
1267 1615 1311 1648 V.

308 1702 344 1706 Μ
370 1676 414 1709 18
438 1673 475 1709 ἐκ
498 1687 572 1721 μετ.
594 1675 640 1711 Θ.

360 1730 435 1778 669
451 1758 460 1775 ,
486 1743 533 1765 2ο
559 1727 767 1779 παραγγέλω
797 1728 842 1765 Θ.
865 1744 904 1748 -
930 1741 976 1763 22
1009 1726 1164 1778 νεοκόρος
1191 1729 1309 1763 Dorv.

309 1789 427 1829 δοῦλος
450 1801 522 1824 om.
551 1789 651 1825 Θ.-
670 1788 716 1823 23
746 1800 799 1835 sq.
831 1785 1074 1823 scribendum
1108 1785 1230 1821 fuerat
1265 1785 1312 1827 εἷς

309 1844 465 1890 αἴσθησιν
487 1844 580 1895 ἔλθῃ.
603 1847 751 1882 Hmis'r.

362 1905 451 1949 671,
473 1903 520 1938 26
544 1903 737 1942 εὒκτάκτως
759 1905 876 1937 Dorv.
903 1901 963 1937 hie
985 1909 1021 1937 et
1045 1902 1179 1937 iterum
1207 1899 1253 1936 ad
1276 1912 1312 1937 v.

311 1974 397 2008 709.

363 2019 451 2063 673,
475 2031 522 2065 29
545 2015 698 2054 Ἀττικὸν
721 2015 757 2053 δὲ
775 2017 821 2053 Θ.
842 2017 872 2052 οἳ
897 2014 958 2064 μὲν
981 2013 1125 2052 Ἀττικοὶ
1143 2022 1180 2050 et
1202 2013 1312 2065 ἀθάρη

310 2078 350 2110 V.
379 2076 512 2117 Αἰολεῖς
533 2074 660 2126 ἀθέρας
693 2087 767 2110 om.
786 2075 916 2110 ·etiam
946 2073 1077 2110 Suidas
1105 2086 1132 2108 s.
1168 2071 1309 2123 Ἀθάρα.

309 2159 359 2165 -
380 2134 429 2168 30
442 2133 481 2169 τὸ
501 2133 534 2168 ’δὲ
554 2131 664 2170 κοινὸν
682 2140 719 2167 et
738 2131 848 2183 ἀθάρα
865 2135 924 2177 V.‚
943 2143 989 2167 ex
1022 2144 1097 2179 quo
1131 2138 1167 2165 et
1198 2129 1313 2166 Suida

309 2189 477 2226 additum
508 2187 811 2240 ἔστι-ἡψημένον
847 2188 1029 2238 (ἐψημένον
1059 2189 1118 2236 V.)
1137 2211 1177 2217 -
1195 2192 1239 2230 41
1263 2202 1313 2224 σι-

310 2247 479 2296 μιδάὶεως
503 2248 618 2284 Paris.

362 2306 451 2351 675,
474 2306 520 2347 46
552 2302 709 2355 Περισσὴ
726 2306 747 2349 ἡ
769 2304 831 2352 μία
846 2302 903 2338 ἐπί
921 2316 995 2339 om.
1014 2304 1073 2348 Θ.,
1096 2303 1161 2351 qui
1185 2301 1312 2355 ἱερείων

310 2361 440 2408 δηλαδὴ
458 2362 579 2414 ὅρεων.
598 2385 648 2390 --
666 2368 711 2409 47
734 2360 922 2413 ἐφερπύσαι
943 2359 978 2397 δὲ
997 2374 1070 2397 om.
1086 2364 1145 2407 V.‚
1159 2362 1223 2409 qui
1240 2361 1313 2398 ἀντὶ

310 2423 367 2456 τοῦ
393 2420 468 2469 βαδι
464 2434 543 2455 σαι.

364 2478 452 2522 677,
486 2477 527 2511 51
560 2476 710 2512 Ἀττικον
744 2475 805 2524 μὲν
836 2466 1089 2524 μονοσύλλαὸον
1131 2477 1175 2513 Θ.
1193 2498 1238 2504 -
1267 2478 1313 2513 52

314 2537 428 2586 ρθοῖας
463 2537 649 2570 Kusterus
683 2532 835 2583 εφθοίας
867 2534 1014 2581 priores
1049 2533 1132 2569 edd.
1162 2535 1314 2570 Foesius

314 2594 457 2629 Olicon.
482 2591 597 2639 Hipp.
630 2591 664 2625 in
685 2590 809 2632 Φθόεις
827 2590 885 2626 hic
919 2586 1036 2641 φθοίας
1053 2590 1187 2626 vitiose
1208 2599 1315 2639 putat

314 2649 426 2685 scribi
450 2662 518 2696 pro
536 2647 672 2698 φθοΐδας
689 2662 695 2669 ·
712 2647 914 2696 quodlicet
934 2648 1059 2683 itidem
1081 2656 1223 2683 rectum
1247 2649 1314 2693 sit,

313 2709 350 2742 in
370 2706 569 2741 scholiaste
591 2714 713 2740 tamen
730 2705 825 2740 nihil
845 2717 925 2740 esse
944 2705 1088 2741 mendae.
1114 2705 1202 2740 satis
1221 2718 1312 2740 con-

314 2772 397 2799 stat.
425 2762 639 2799 Callimachi
670 2763 898 2798 mentionem
932 2762 1063 2798 Suidas
1101 2763 1311 2812 praetermi-

313 2824 384 2866 sit,
432 2820 511 2856 aliis
542 2819 703 2863 additis,
736 2833 819 2867 quae
851 2819 911 2855 hic
953 2832 1026 2854 non
1062 2820 1314 2868 reperiuntur.

314 2882 456 2915 Hmis‘r.
474 2905 513 2909 —
534 2878 579 2920 54
599 2875 715 2927 φθοίας
733 2876 862 2912 codex.
882 2877 1152 2925 Corrigenduui
1181 2878 1316 2915 Καλλί-

316 2950 424 2985 μαχος
445 2934 479 2970 δὲ
497 2951 512 2965 «
529 2928 613 2970 Αῧθι
629 2933 723 2985 παρὰ
740 2934 869 2985 φθόϊας.
887 2952 902 2966 n
920 2938 1012 2980 Quae
1028 2935 1144 2971 verba
1175 2937 1213 2972 in
1245 2937 1316 2972 fine

315 2992 536 3042 pentametri
560 2992 683 3040 posita
707 2992 868 3030 fuerunt.
898 2995 1014 3028 Dum.
1034 2993 1145 3038 Quod
1169 2994 1316 3043 egregie

317 3051 562 3086 coniiimatui
595 3050 665 3085 hoc
695 3051 838 3086 scholio
871 3051 978 3100 Regii
1009 3051 1156 3087 nosni:
1177 3053 1220 3088 Οἱ
1254 3050 1314 3101 μὲν

317 3108 373 3144 'Ar
376 3121 427 3143 τιγ
422 3120 462 3142 οι
492 3107 755 3153 μονοσυλλάὲως
779 3107 868 3145 οὕτω
895 3106 1124 3157 λέγουσιτους
1154 3111 1268 3160 φθοῖς·
1298 3113 1315 3147 ὁ

315 3163 351 3201 δὲ
388 3162 612 3212 Καλλίμαχος
642 3162 730 3200 κατὰ
762 3165 913 3201 διάλυσιν
949 3164 1026 3207 τους
1061 3164 1188 3217 φθόϊας.
1215 3188 1264 3194 —
1296 3180 1309 3203 1

316 3222 468 3267 πλακοῦς
487 3223 531 3255 G.

371 3278 458 3320 678,
476 3278 496 3313 5
514 3277 740 3329 ἐπιφερόμενα
765 3281 810 3318 Θ.
840 3280 940 3324 Ald.‚
976 3293 1139 3329 quocum
1172 3282 1313 3321 Hemst.

1373 288 1498 340 ἄλφιτα
1519 290 1564 331 εἷς
1581 289 1710 326 Θυσίαν.

1425 347 1512 390 681,
1538 360 1603 382 10-
1613 346 1655 381 16
1674 347 1726 382 sic
1745 346 1783 382 in
1803 350 1849 382 V.
1858 347 2075 398 ,ἀρσενικῶς
2096 348 2113 382 ὁ
2132 345 2262 388 σάκτας
2279 344 2374 395 λέγε-

1372 417 1450 448 ται,
1473 405 1517 444 ὡς
1536 405 1571 440 αἵ
1591 403 1766 454 χρήσεις
1750 404 1958 441 διδάσκουσι.
1976 404 2142 456 γράφεται
2161 401 2195 439 δὲ
2214 402 2272 439 καὶ
2287 402 2373 438 σάκ-

1373 474 1452 505 κον,
1481 464 1549 497 οἷον
1576 463 1622 502 εἷς
1640 460 1784 497 Θύλακον
1801 489 1810 506 ,
1839 461 1907 498 ἀπὸ
1934 465 1991 498 τοῦ
2018 462 2211 498 σάττεσθαι.
2230 459 2373 502 ’.Αλλως

1373 516 1495 553 ἔὸαὶὶε
1484 533 1515 554 εν
1550 520 1596 560 εἷς
1626 517 1826 570 δερμάτινον
1859 519 2017 566 σακκίον,
2047 519 2064 556 ὃ
2097 519 2189 568 λέγει
2216 517 2373 554 θυλ.ακον

1373 572 1488 616 ἔπαιξε
1508 573 1543 611 δὲ
1563 575 1688 612 εἰπών·
1707 575 1780 612 ἀντὶ
1801 575 1865 646 γὰρ
1880 579 1938 612 τοῦ
1953 575 2092 626 ἤγγισεν
2111 578 2157 617 εἷς
2169 575 2225 613 τὸν
2245 572 2374 625 βωμὸν,

1373 633 1464 667 εἶπεν
1489 631 1660 669 ἔκλεπτεν.
1675 656 1715 664 -
1739 646 1781 668 10
1807 632 1864 669 καὶ
1889 645 1934 669 ex
1954 634 1999 670 Θ.
2028 634 2205 670 additum.
2223 633 2375 676 σάκκον,

1372 685 1392 723 ὅ
1407 689 1497 725 ἐστιν
1515 690 1598 726 Ald.
1620 715 1660 721 --
1684 692 1726 727 13
1749 689 1901 742 δέρματα
1920 691 1966 727 Θ.
1983 690 2148 741 δέρματος
2169 691 2251 727 Ald.
2271 713 2310 719 —
2331 690 2374 725 15

1373 744 1408 782 δὲ
1427 760 1499 783 om.
1521 751 1566 784 R.
1584 747 1641 785 Ib.
1664 749 1699 784 αἱ
1724 747 1863 800 χρήσεις
1892 748 2059 797 intellige
2077 756 2248 784 veterum
2280 748 2376 784 scri-

1373 812 1526 853 ptorum
1544 807 1625 843 loca
1640 835 1648 851 ‚
1670 807 1771 843 unde
1791 820 1908 856 genus
1927 807 2026 843 illius
2055 806 2228 843 vocabuli
2248 805 2376 847 σάκτας

1373 864 1618 900 masculinum
1637 873 1749 914 patet.
1767 866 1928 914 Etymol.
1950 866 1988 902 in
2007 863 2187 915 Κασσωρίς
2208 878 2216 900 :
2235 864 2269 900 αἱ
2288 862 2376 914 χρή-

1373 934 1441 961 σεις
1459 920 1554 971 παρὰ
1570 921 1774 973 Λυκόφρονι.
1791 927 1925 991 Longe·
1939 923 2080 959 fallitur·
2093 925 2263 971 Cuperus
2284 920 2376 958 obs.

1378 980 1492 1027 1,16‚
1516 978 1668 1027 quando
1689 993 1759 1029 pro
1778 983 1901 1030 χρῆσις
1916 981 1954 1017 in
1966 980 2161 1030 Euripidis
2180 979 2378 1015 scholiaste

1372 1005 1518 1071 niillum
1545 1049 1625 1073 esse
1653 1037 1838 1084 dubium,
1870 1039 1962 1087 quin
1997 1038 2068 1088 legi
2100 1036 2235 1074 debeat
2240 1037 2377 1095 ῤ’ἧσις,

1372 1093 1577 1131 contendit.
1608 1098 1819 1132 OEcumen.
1853 1095 1898 1132 ad
1923 1099 1969 1134 A.
1986 1100 2032 1133 A.
2066 1109 2097 1131 c.
2128 1096 2207 1131 26:
2228 1097 2302 1130 εἶτα
2319 1093 2377 1131 καὶ

1371 1152 1495 1199 χρῆσιν
1516 1151 1629 1193 αὐτοῖς
1648 1152 1822 1204 'Api-:00²
1807 1154 1874 1191 επά
1876 1168 1948 1202 γει
1968 1166 2051 1202 ‹111ae
2069 1161 2170 1189 recte
2187 1152 2286 1201 cepit
2300 1151 2378 1189 Bil-

1372 1206 1442 1242 lius
1462 1206 1552 1244 obs.
1571 1212 1671 1245 Sacr.
1699 1224 1730 1255 1,
1751 1224 1808 1246 21.
1828 1212 2028 1247 Clementis
2049 1219 2104 1247 est
2120 1211 2224 1246 lotus
2237 1212 2376 1246 Str-om.

1374 1264 1410 1307 6,
1428 1277 1467 1313 p.
1491 1265 1577 1312 749,
1606 1267 1679 1303 18:
1701 1268 1923 1317 Εὐριπίδης’
1908 1283 1942 1304 εν
1962 1266 2137 1319 ἑξαμέτρῳ
2153 1282 2379 1319 τηρησειφη-

1373 1318 1424 1355 σὶν
1441 1322 1533 1369 ‚qui
1550 1323 1709 1360 multum
1725 1325 1880 1361 eruditis
1895 1326 1986 1362 xix-is
2006 1326 2147 1374 negotii
2168 1325 2376 1362 facessiwt.

1372 1379 1548 1426 emenda,
1569 1381 1696 1427 sodes,
1712 1391 1754 1418 ut
1774 1384 1895 1420 omnis
1914 1384 2113 1420 difficultas
2130 1383 2322 1430 dematur,
2343 1384 2377 1420 ἓν

1373 1434 1549 1488 ἑξαμέτρῳ
1570 1438 1704 1490 χρήσει.
1726 1444 1767 1477 In
1790 1442 1989 1478 Eustathio
2010 1443 2186 1491 frequens
2203 1468 2213 1487 ,
2237 1441 2379 1486 δηλοῦσι

1373 1494 1514 1545 χρήσεις
1535 1497 1699 1544 παλαιαὶ,
1725 1500 1783 1536 vel
1815 1501 1879 1536 τῶν
1899 1501 2056 1536 παλαιῶν
2074 1515 2081 1522 ·
2111 1500 2214 1536 velut
2232 1499 2279 1536 ad
2301 1499 2374 1537 Od.

1373 1551 1413 1597 Γ,
1432 1565 1467 1600 p.
1485 1553 1594 1600 1454,
1615 1568 1661 1603 29
1678 1571 1685 1591 :
1701 1554 1752 1592 ὅτι
1764 1555 1799 1593 δὲ
1815 1556 1854 1593 τὸ
1871 1556 1966 1607 χίλια
1980 1558 2050 1599 ζῶα
2062 1555 2275 1607 ὑποσχέσθαι
2291 1554 2380 1593 κατὰ

1371 1608 1492 1659 χιλίων
1510 1610 1669 1654 εὔξασθαι
1688 1614 1868 1666 ἐφράζετο,
1889 1615 2030 1659 δηλοῦσι
2049 1615 2190 1665 χρήσεις
2204 1613 2352 1651 παλαιαί
2369 1629 2378 1637 ·

1372 1666 1534 1716 alibique
1547 1682 1646 1719 saepe
1661 1700 1670 1716 ‚
1690 1670 1848 1723 φέρονται
1867 1671 2025 1724 χρήσεις,
2041 1671 2179 1724 φέρεται
2198 1674 2323 1723 χρῆσις
2341 1672 2379 1708 ἐκ

1373 1724 1585 1777 Μενάνδρου.
1605 1731 1751 1764 Hmis‘r.
1768 1729 1876 1765 Adde
1898 1729 2072 1766 Schaefer.
2088 1730 2274 1766 Meletem.
2293 1729 2376 1767 crit.

1374 1794 1411 1829 p.
1435 1782 1496 1818 63.
1517 1785 1626 1821 BAs’r.
1643 1793 1736 1821 nott.
1752 1788 1932 1823 mss—23
1953 1800 2023 1836 pro
2043 1785 2158 1823 ἔὸενον
2178 1786 2378 1835 legendum

1373 1837 1556 1887 εμὸάλλων
1576 1856 1619 1877 ex
1636 1845 1725 1891 Reg.
1747 1867 1786 1874 -
1804 1845 1850 1879 26
1866 1843 1970 1880 σάκον
1986 1844 2064 1880 κατ’
2081 1845 2142 1895 εἷρ.
2168 1847 2285 1880 Dorv.

1427 1898 1515 1941 682,
1538 1902 1584 1934 28
1604 1899 1692 1936 Ἀντ.
1711 1905 1770 1937 τοῦ
1791 1903 1842 1937 ὁσ-
1861 1905 1906 1938 V
1927 1900 2004 1937 ὅσια
2018 1916 2079 1950 μεν
2094 1900 2137 1938 τὰ
2151 1916 2234 1953 προς
2249 1899 2380 1953 ἀνθρώ-

1373 1968 1471 1998 πους,
1492 1957 1538 1991 ὧν
1559 1955 1667 1999 ἔξεστι
1687 1958 1789 2008 θιγειν
1808 1960 1851 1996 Θ.
1874 1959 1960 1996 Ald.
1986 1962 2041 1996 Ex
2062 1963 2127 2004 Β.,
2143 1959 2182 1995 in
2213 1972 2290 2008 quo
2311 1958 2379 1995 ali-

1374 2020 1466 2060 quot
1485 2013 1601 2050 literae
1616 2028 1657 2051 ev
1662 2029 1779 2052 auuei
1782 2025 1872 2062 unt,
1890 2025 2083 2053 enotatum
2098 2016 2172 2053 ἀντι
2187 2031 2246 2053 του
2257 2043 2372 2054 .....

1373 2068 1425 2106 ὅτι
1451 2070 1541 2108 ὅσιον
1570 2067 1656 2109 εἶναι
1683 2083 1753 2112 etc.
1773 2099 1812 2105 —
1829 2088 1875 2122 29
1908 2073 2010 2125 φησὶν
2044 2087 2118 2110 oin.
2148 2077 2193 2110 V.
2216 2072 2284 2110 ἀπὸ
2310 2075 2376 2110 τῶν

1373 2127 1472 2178 ἱερῶν
1491 2129 1565 2166 ἐπεὶ
1582 2134 1627 2167 R.
1650 2155 1690 2160 —
1714 2133 1761 2168 30
1781 2145 1835 2181 sq.
1862 2129 2281 2182 Σύμμαχος-θιγγάνειν
2313 2131 2375 2168 ad-

1375 2185 1452 2223 dita
1476 2201 1522 2224 ex
1540 2193 1582 2225 V.
1601 2211 1653 2218 —
1674 2190 1721 2225 32
1736 2188 1943 2228 Ὑπολαὸών
1968 2186 2043 2226 om.
2065 2190 2126 2234 Θ.,
2147 2189 2213 2238 qui
2239 2187 2261 2234 ἢ
2287 2187 2378 2225 ὅσιόν

1373 2258 1406 2280 τι
1421 2244 1459 2282 τὸ
1478 2247 1509 2282 λ.
1533 2248 1671 2296 Regius
1692 2256 1793 2284 recte
1810 2247 1857 2284 ad
1877 2248 1977 2284 hunc
1999 2260 2147 2284 versum
2167 2247 2280 2284 refert
2297 2259 2380 2296 quae

1373 2302 1471 2339 infra
1491 2304 1666 2353 leguntur
1682 2306 1728 2342 ad
1751 2306 1839 2351 685,
1860 2306 1884 2343 l.
1907 2311 2038 2351 44-47.

1427 2361 1516 2408 683,
1538 2364 1584 2408 37
1605 2363 1798 2405 τζυκάλιον.
1822 2363 1906 2400 Pari
1927 2363 2040 2399 modo
2057 2362 2104 2399 ad
2129 2375 2164 2400 v,
2193 2361 2279 2399 813.
2299 2364 2379 2398 Vo—

1375 2417 1552 2455 cabulum
1583 2420 1677 2457 illud
1697 2421 1849 2457 serioris
1878 2421 2032 2456 Graeciae
2058 2419 2237 2456 scribitur
2267 2419 2378 2455 etiam

1373 2477 1573 2518 τζουκάλιον
1589 2506 1598 2523 ,
1626 2487 1663 2514 et
1679 2478 1861 2522 τζηκάλιον
1878 2493 1885 2500 ·
1922 2478 2109 2526 posterius
2124 2506 2134 2523 ‚
2163 2486 2203 2513 ut
2224 2477 2378 2526 quidem

1374 2542 1480 2582 puto,
1492 2536 1682 2573 mendose.
1697 2535 1792 2571 Vide
1805 2538 1972 2583 Ducang.
1987 2535 2024 2570 in
2039 2533 2223 2576 Τζουκάλι.
2233 2535 2377 2570 Hssmsr.

1429 2592 1518 2637 685,
1544 2598 1590 2634 42
1609 2593 1761 2637 κλέπτην
1788 2591 1846 2628 καὶ
1867 2592 2060 2641 λαίμαργον
2082 2591 2163 2627 Ald.
2189 2591 2315 2627 Solum
2333 2591 2379 2631 ὡς

1375 2647 1565 2699 λαίμαργον
1582 2651 1732 2698 Regius.
1749 2671 1801 2677 —
1813 2652 1859 2693 43
1877 2649 1988 2700 φθάσῃ
2005 2663 2046 2696 με
2061 2648 2117 2684 ἐπὶ
2132 2649 2206 2692 (τ-’ἧς
2221 2647 2303 2684 add.
2319 2649 2379 2697 G.)

1375 2703 1503 2755 χύτρας
1520 2709 1565 2742 V.
1589 2706 1651 2751 τὴν
1669 2705 1796 2757 χύτραν
1819 2704 1957 2757 φθάσειέ
1973 2719 2015 2753 με
2036 2705 2083 2741 Θ.
2105 2703 2187 2740 Ald.
2204 2707 2377 2753 Sequen-

1377 2762 1426 2797 tia
1448 2776 1522 2800 om.
1546 2764 1658 2799 etiam
1676 2766 1719 2801 Θ.
1740 2788 1780 2794 -
1796 2769 1843 2811 49
1875 2764 2208 2813 στεφανηφοροῖντα.
2230 2763 2272 2798 In
2302 2775 2375 2798 nu·-

1375 2820 1444 2855 mis
1474 2821 1583 2856 etiam
1608 2829 1809 2857 coronatus
1828 2820 1985 2864 visitur,
2012 2829 2054 2855 ut
2087 2819 2243 2868 prolatis
2272 2819 2377 2856 scho-

1376 2877 1491 2913 liastae
1523 2879 1641 2914 nostri
1672 2877 1794 2914 verbis
1817 2886 1943 2914 monet
1973 2880 2030 2914 J0.
2054 2879 2168 2913 Henr.
2198 2876 2375 2914 Meibom.

1376 2937 1520 2970 comm.
1545 2935 1582 2970 in
1603 2939 1669 2971 Jus
1683 2939 1767 2973 Jur.
1787 2936 1971 2984 Hippocr.
1988 2948 2020 2972 c,
2045 2934 2085 2980 5,
2103 2935 2124 2982 §
2145 2934 2206 2970 35.
2221 2936 2375 2971 *Exust-

1373 3019 1413 3024 -
1431 2993 1450 3028 3
1470 2991 1587 3044 ἔφορός
1604 2994 1676 3029 ἐστι
1695 2996 1741 3029 G.
1757 3017 1798 3023 —
1819 3007 1837 3038 7
1856 2991 2007 3041 πώματα
2025 2992 2141 3029 Pam's.

1428 3051 1524 3098 689,
1545 3063 1588 3086 12
1606 3050 1729 3097 λάὸοι,
1760 3052 1804 3087 13
1833 3049 2016 3102 ἐξείραντες
2042 3053 2087 3086 V.
2121 3047 2299 3101 ἓξήραντες
2329 3051 2374 3088 G.

1377 3109 1464 3156 Ipsa
1502 3109 1702 3144 Menandri
1743 3108 1859 3145 verba
1900 3108 1953 3144 sic.
1995 3116 2082 3144 sunt
2118 3107 2220 3144 haud
2262 3105 2376 3143 dubie

1376 3165 1677 3214 redintegranda,
1697 3165 1757 3207 τὰς
1777 3171 1892 3217 χεῖρας
1909 3164 2087 3216 ἐξάραντες
2101 3163 2348 3216 ἐπικροτήσατε
2361 3191 2373 3209 ,

1374 3224 1398 3259 i.
1417 3236 1447 3260 e.
1469 3223 1619 3260 sublatis
1643 3224 1809 3259 mmH'bus
1831 3227 1969 3259 clarum
1993 3225 2166 3271 plausum
2196 3224 2281 3258 date
2295 3250 2305 3267 ,
2333 3227 2374 3256 ut

1370 3282 1447 3332 jam
1483 3283 1785 3319 Hemsterhnsim
1817 3290 1871 3318 est
1903 3283 2173 3330 interpretatus
2204 3279 2348 3317 collatis
2362 3306 2371 3324 ,
