2533 3808
252 191 330 224 558

257 264 376 318 φησίν.
401 261 474 298 ἔστι
490 257 524 295 δὲ
545 256 603 295 καὶ
619 255 658 292 τὸ
678 253 758 302 «ἄγ’
788 247 842 290 εἶα
867 251 969 292 τέκεα
998 247 1112 297 θαμίν’
1138 248 1266 284 ἐπανα-

258 323 401 360 δοῶντες
416 334 430 351 »
446 318 484 354 ἐκ
497 318 554 352 τοῦ
569 315 672 351 αὐτοῦ
692 311 865 364 δράματος
881 313 938 347 τοῦ
954 304 1158 350 Φιλοξένου,

310 391 380 425 291
402 377 471 417 τοῖς
488 372 601 411 ποσίν.
619 371 737 413 οὕτως.
755 367 1024 421 ἔτυψε-πυγήν
1043 366 1159 404 habet
1175 364 1222 402 Θ.

309 437 396 483 293,
418 440 468 476 40
492 430 665 483 προὸάτια
696 435 779 481 ποιᾷ
807 430 999 480 κεχρῆσθαι
1029 426 1124 477 φωνῇ
1150 423 1195 460 V.
1228 429 1265 457 et

254 493 388 531 Suidas
408 504 435 528 s.
456 488 591 539 Βληχή.
612 487 773 540 πρόὸατα
792 493 875 539 ποιᾷ
894 488 989 538 φωνῇ
1010 485 1160 536 χρῆσθαι
1181 478 1263 516 Ald.

255 573 303 582 „-
321 549 442 594 42-45
464 548 517 584 sic
543 548 581 584 in
604 551 665 594 V.‚
686 545 839 588 ἑαυτούς.
866 547 934 582 τῶν
963 542 1113 593 ἐχόντων
1139 540 1172 576 ἐν
1190 542 1265 578 ταῖς

254 606 455 658 μασχάλαις
471 605 655 644 δυσωδίαν.
685 604 833 655 κινάὲρη
859 602 926 655 γὰρ
955 606 976 648 ἠ
1006 598 1157 638 δυσωδία
1184 599 1206 641 ἦ
1230 597 1264 633 ἐν

253 669 326 708 ταῖς
356 665 555 714 μασχάλαις
581 665 648 701 τῶν
671 662 854 715 προὸάτων
884 658 1112 714 ὑφισταμένη.
1140 654 1266 707 κυρίως

254 723 290 760 ’δὲ
310 727 331 769 ἡ
352 724 420 759 τῶν
446 723 556 759 κυνῶν
575 720 661 773 βορὰ
675 751 685 768 ,
709 720 879 773 κυνοὸορά
904 735 954 762 τις
979 713 1064 755 οῧσα
1084 715 1143 753 καὶ
1168 712 1265 751 κινά-

253 782 330 832 6ρα.
349 802 399 809 -
416 781 462 824 43
494 781 689 831 legebatur
715 778 862 830 ἐχόντων
883 777 905 823 ἢ
930 777 1055 823 κακὴν,
1086 787 1156 824 pro
1190 785 1266 822 ‘1¹¹⁰

252 838 313 884 τὴν
336 843 380 876 Β.
396 838 507 884 κακὴν
524 847 610 888 post
625 837 795 875 δυσωδίαν
814 837 928 874 habet
945 838 991 875 Θ.
1007 857 1058 863 -
1075 834 1122 877 [15
1143 833 1267 891 βρῶξῑς

253 898 299 935 Θ.
317 897 417 942 ΑΙ(1.,
448 910 532 945 quae
561 905 648 946 post
684 889 770 932 οῧσα
800 894 907 930 addit
928 892 1003 930 ἀλλ’
1034 893 1062 929 εἰ
1092 889 1184 928 τοῦτ’
1211 893 1266 935 ἠν,

253 955 412 1007 ἔγράφετ’
436 954 475 990 ἂν
498 953 554 991 διὰ
573 959 632 992 τοῦ
653 971 671 991 υ
691 954 805 1006 ψιλοῦ.
827 953 962 990 Suidas
976 966 1005 990 S.
1024 950 1183 1000 Κινάὸρα
1202 949 1267 984 ha-

254 1013 336 1059 bet,
350 1015 371 1057 ἡ
397 1012 550 1049 δυσωδία
562 1014 629 1049 τῶν
655 1012 849 1062 μασχαλῶν
870 1012 938 1047 τῶν
961 1011 1067 1059 αἰγῶν
1082 1023 1089 1031 ·
1106 1016 1143 1044 et
1166 1009 1268 1045 Κινα-

254 1070 415 1123 6ρώντων
466 1073 586 1120 αἰγῶν,
633 1072 701 1108 τῶν
747 1069 938 1118 δυσοσμίαν
984 1066 1266 1117 ἀποπεμπουσῶν

254 1128 456 1181 (ποιούντων
476 1130 624 1166 codices
642 1128 845 1176 Gaissordi)
869 1129 908 1165 ἐκ
926 1129 994 1165 τῶν
1010 1127 1218 1177 μασχαλῶν.

309 1188 396 1237 295,
430 1188 472 1224 51
507 1202 588 1237 sqq.
621 1188 782 1225 Suidas:
805 1185 1007 1236 Ἀκράτεια·
1036 1184 1267 1237 ἀκρατιεῖσθε.

255 1244 499 1298 Ἀριστοφάνης
520 1245 681 1297 Πλούτῳ·
699 1244 833 1297 Τράγοι
854 1244 881 1281 δ’
896 1245 1115 1296 ἀκρατιεῖσθε
1127 1257 1135 1264 ·
1156 1238 1270 1277 τουτέ-

254 1319 342 1351 στιν,
360 1303 629 1355 ἀπεψωλημένοι
644 1305 878 1354 ἀκρατιεῖσθε·
901 1302 975 1339 ἀντὶ
992 1306 1051 1339 τοῦ
1063 1330 1072 1347 ,
1087 1303 1133 1342 ὡς
1149 1299 1270 1351 τράγοι

254 1363 387 1414 ἀκρατῆ
408 1360 570 1413 πράξετε·
592 1360 666 1398 ἐπεὶ
687 1377 725 1411 μ.
745 1377 775 1398 τ.
798 1376 828 1398 σ.
853 1362 929 1397 οἱτ.
950 1361 983 1397 λ.
1005 1360 1044 1397 τὸ
1066 1360 1210 1396 αἰδοῖον·
1232 1356 1271 1394 τὸ

253 1418 357 1471 ἄκρον
373 1418 500 1462 λείξετε
512 1447 521 1463 ,
540 1422 584 1462 ὡς
599 1419 733 1470 τράγοι.
752 1418 1035 1467 Cujuscunique
1050 1417 1162 1466 culpa
1181 1428 1271 1451 con-

254 1479 335 1515 fusa
350 1487 461 1528 puto,
483 1487 519 1514 et
536 1480 635 1515 hunc
650 1479 688 1515 in
708 1478 860 1515 modum
877 1476 1122 1514 instauranda
1139 1490 1147 1511 ε
1171 1474 1270 1512 Ἀπε-

253 1535 456 1587 ψωλημένοι
476 1535 596 1588 τράγοι
619 1537 646 1573 δ’
677 1538 912 1588 ἀκρατιεῖσθε·
939 1533 1121 1580 τουτέστι,
1148 1532 1271 1585 τράγοι

254 1594 282 1630 δ’
302 1594 573 1647 ἀπεψωλημένοι
592 1594 670 1646 άκρ.
691 1603 777 1636 etc.;
796 1608 882 1631 nam
903 1593 1024 1644 τράγοι
1041 1601 1130 1642 apte
1145 1593 1272 1641 expli-

254 1654 331 1689 cari
349 1667 425 1689 non
442 1662 601 1703 possunt
619 1667 688 1703 per
702 1653 740 1689 id
758 1653 883 1702 ipsum
899 1651 1148 1696 vocabulum,
1167 1651 1270 1701 quod

253 1711 291 1747 in
313 1711 566 1761 Aristophane
586 1711 889 1748 connectendum
907 1718 975 1748 est.
995 1713 1140 1747 HEMST.
1154 1731 1204 1738 -
1223 1710 1270 1745 52

254 1768 366 1806 λείπει
380 1771 401 1814 ἡ
419 1771 463 1812 ὡς
479 1773 523 1806 R.
544 1771 590 1812 ὡς
609 1768 747 1822 τράγοι·
771 1766 810 1804 τὸ
828 1766 862 1805 δὲ
882 1770 1102 1819 ἀκρατιεῖσθε
1123 1767 1199 1804 ἀντὶ
1213 1772 1272 1805 τοῦ

257 1825 408 1878 φάγοιτε.
430 1826 646 1879 ἀκρατισμὸς
659 1826 725 1878 γὰρ
748 1827 888 1875 λέγεται
910 1826 949 1863 τὸ
969 1824 1122 1877 πρωϊνὸν
1139 1831 1270 1877 φαγεῖν.

257 1883 279 1930 ἢ
302 1885 349 1922 Θ.
374 1885 476 1931 Ald.,
492 1898 576 1935 quae
591 1898 667 1922 om.
690 1885 804 1921 etiam
827 1885 1027 1923 Suidas.—
1044 1885 1090 1921 53
1114 1885 1273 1936 ἀκρατεῖς

260 1946 305 1980 G.
330 1941 475 1995 πράξετε
492 1944 638 1981 SuidaS.
658 1944 688 1979 οἱ
705 1942 825 1995 τράγοι
851 1957 927 1981 om.
951 1946 995 1981 Β.
1022 1946 1064 1978 V.
1096 1945 1126 1979 οἱ
1152 1943 1273 1996 τράγοι

260 1997 302 2036 τὰ
320 2000 432 2037 αἰδοῖα
459 2002 591 2037 ἑαυτῶν
625 1999 683 2036 καὶ
717 1999 856 2042 ἑαυτοὺς
888 1999 1062 2050 λείχουσιν
1087 2002 1133 2038 Θ.
1155 2024 1202 2028 -
1224 2003 1270 2046 54

262 2058 374 2095 αὐτῶν
392 2057 434 2095 τὰ
457 2062 502 2096 Β.
525 2057 686 2103 αἰδοῖα.ἢ
707 2057 841 2109 λείχετε
863 2058 902 2095 τὸ
923 2058 1029 2109 ἄκρον
1051 2061 1112 2095 τοῦ
1140 2059 1272 2096 αἰδοίου

264 2118 311 2154 Θ.
332 2117 418 2154 Ald.
440 2139 491 2144 -
515 2130 530 2154 1
554 2116 630 2153 ἀντὶ
658 2120 717 2153 τοῦ
750 2117 890 2170 φάγοιτε
919 2130 993 2155 om.
1031 2120 1076 2155 G.
1107 2119 1271 2167 Regius:

258 2175 496 2227 ’Λκρατιεῖσθε
527 2175 602 2212 ἀντὶ
626 2179 685 2212 τοῦ
709 2177 868 2228 ἀκρατῶς
892 2175 968 2218 τοὺς
991 2175 1104 2228 ὄρχεις
1121 2177 1269 2228 λείχετε.

255 2233 392 2283 λέγεται
413 2232 448 2271 δὲ
473 2234 689 2286 ἀκρατισμὸς
709 2234 766 2271 ἐπὶ
788 2236 856 2272 τῶν
878 2236 916 2271 ἐκ
935 2234 1068 2286 πρωίας
1091 2236 1272 2273 ἐσθιόντων

255 2291 313 2328 καὶ
334 2292 503 2329 πινόντων
516 2307 524 2315 ·
545 2291 605 2329 καὶ
624 2291 868 2345 Ἀκρατίζομαι
887 2292 925 2330 τὸ
942 2293 1093 2344 ἀκράτου
1113 2295 1271 2344 γεύομαι.

254 2348 351 2401 παρὰ
387 2348 423 2386 δὲ
460 2349 642 2401 Θεοκρίτῳ
671 2351 725 2401 (1,
752 2351 815 2400 51)
838 2350 1046 2401 ἀκράτιστον
1075 2351 1114 2389 τὸ
1140 2352 1274 2395 οὐδενὸς

255 2407 418 2459 ἐγκρατὲς
438 2407 624 2457 σημαίνει·
646 2407 727 2461 ὅπερ
748 2408 890 2461 ἁρμόζει
910 2408 971 2446 καὶ
989 2409 1047 2446 ἐπὶ
1060 2414 1119 2447 τοῦ
1139 2409 1271 2462 παρόν-

256 2481 319 2508 τος.

312 2523 400 2571 298,
425 2537 497 2572 7-9
528 2524 581 2561 sic
607 2538 652 2561 ex
672 2528 721 2561 V.
742 2524 801 2562 καὶ
820 2525 887 2575 γὰρ
909 2524 1005 2576 παρὰ
1027 2527 1076 2576 τῷ
1092 2525 1272 2578 Φιλοξένῳ

255 2578 368 2631 πήραν
387 2579 476 2631 ἔχων
497 2582 633 2626 εἰσῆλθε
646 2585 692 2621 R.
712 2582 798 2620 Ald.
815 2605 865 2610 —
888 2596 930 2618 10
951 2581 1070 2633 ἐφεξῆς
1094 2584 1139 2621 Θ.
1154 2605 1206 2611 —
1226 2598 1239 2619 1
1253 2599 1266 2620 1

256 2637 430 2687 ποιήματι
448 2640 551 2676 αὐτοῦ
572 2643 618 2676 V.
637 2661 688 2669 --
707 2641 751 2676 16
768 2641 813 2682 ὡς
838 2640 1029 2688 μελλούσης
1052 2640 1204 2676 Jacobs.
1224 2641 1271 2678 ad

258 2696 378 2733 schol.
405 2697 596 2736 Theocrit.
631 2699 667 2745 6,
702 2711 802 2743 7.-
825 2711 870 2745 19
893 2711 949 2746 sq.
971 2698 1017 2739 εἷς
1047 2696 1105 2734 τὸν
1134 2696 1270 2743 οἰκέτην

258 2753 423 2806 ἀναφέρει
445 2759 540 2805 Reg.
566 2762 809 2799 recte—24
842 2756 1094 2806 κραιπαλῶντα
1133 2753 1167 2791 δὲ
1196 2755 1270 2791 ἀντὶ

257 2814 300 2848 Β.
316 2814 362 2850 V.
378 2813 423 2850 Θ.
442 2835 493 2841 -—
507 2814 554 2849 25
582 2812 1019 2865 μεθύοντα-σφάλλεσθαι
1050 2827 1124 2850 om.
1154 2816 1199 2851 R.
1222 2817 1268 2851 V.

257 2868 449 2918 μεθύοντα,
472 2870 541 2908 ἀπὸ
560 2874 620 2908 τοῦ
640 2871 678 2909 τὸ
700 2871 790 2923 κάρα
809 2871 953 2908 πάλλειν
968 2870 1045 2913 τοὺς
1070 2870 1269 2920 μεθύοντας,

255 2925 278 2972 ἢ
301 2927 370 2964 ἀπὸ
387 2931 446 2965 τοῦ
466 2931 534 2965 τῶν
556 2930 691 2967 Suidas
707 2944 736 2968 S.
759 2930 1032 2981 Κραιπαλῶντα.

309 2987 398 3032 300,
419 3000 466 3035 29
488 2987 613 3034 Μάτην
636 2997 706 3026 etc.
727 2988 786 3025 Ab
800 2989 990 3037 Hesychio
1011 2988 1265 3037 depromtum.

257 3045 404 3081 Hssms'r.
422 3066 473 3072 —
496 3046 540 3081 31
565 3046 702 3083 lemma
719 3048 793 3092 εἷκῆ
810 3046 845 3084 δὲ
863 3047 986 3084 καταδ.
1005 3046 1121 3084 habet
1143 3048 1189 3085 Θ.

312 3102 398 3145 301,
422 3102 469 3137 36
487 3116 543 3152 sq.
562 3104 939 3156 σκηφίσκον-Ἄλλως
954 3106 1027 3142 huc
1043 3105 1270 3154 transposita

258 3171 346 3194 cnm
368 3161 412 3194 V.
435 3160 496 3205 Θ.,
520 3174 597 3209 quo
619 3163 703 3199 loco
720 3164 833 3200 etiam
855 3164 989 3200 Suidas
1009 3163 1099 3212 legit
1114 3176 1142 3200 s.
1166 3164 1269 3214 Σφη-

258 3213 390 3256 κώδεις.
408 3218 567 3253 Praelixo
584 3217 718 3261 Ἄλλως
736 3229 824 3270 post
841 3220 1032 3273 σφηκώδεις
1048 3219 1151 3269 φασὶν
1172 3221 1194 3256 l.
1222 3228 1268 3265 42

259 3272 376 3309 habet
397 3274 484 3312 Ald.
507 3273 700 3325 ὀξυμμένον
726 3282 771 3315 Β.
793 3277 1030 3329 ἀπεξυμμένον
1065 3281 1110 3317 V.
1139 3277 1268 3322 ἀπεξυ-

260 3328 387 3381 σμένον
418 3335 466 3372 G.
492 3355 540 3360 —
566 3334 611 3380 37
635 3335 752 3385 ἰσχνὸς
774 3337 812 3373 ἐκ
840 3338 886 3375 Θ.
906 3363 958 3369 —-
979 3337 1025 3383 37
1063 3336 1268 3385 ἐπιτηδευτὴ

1043 164 1342 206 ADNOTATIO
1372 166 1425 202 IN
1456 167 1630 206 SCHOL.

1326 249 1368 282 V.
1392 247 1611 295 Legebatur
1636 249 1905 295 ἐπιτετήδευται.
1931 273 1978 278 -
2005 250 2051 287 38
2079 249 2194 304 μακρὰ
2231 256 2272 289 V.
2291 254 2336 292 Θ.

1327 311 1364 339 et
1388 305 1598 353 Hesychius
1625 319 1653 343 5.
1681 307 1891 359 Σφηκίσκοι,
1932 307 2039 360 μικρὰ
2060 309 2162 356 Ald.,
2188 311 2340 357 Suidas,

1326 362 1486 399 Photius
1502 377 1540 413 p.
1565 364 1652 409 560,
1676 379 1734 411 12,
1757 370 1924 404 Zonaras
1947 382 1983 418 p.
2007 368 2117 417 1695,
2144 371 2268 418 Etym.
2287 374 2339 407 Μ.

1326 433 1361 469 p.
1384 421 1472 469 738,
1493 424 1554 470 39,
1575 425 1747 461 Eustath.
1770 440 1804 475 p.
1823 425 1911 473 897,
1932 426 2056 462 58.-
2078 427 2126 475 39
2148 426 2340 475 Ξυνηγμένα

1326 478 1371 515 Θ.
1389 501 1436 507 -
1457 485 1506 522 40
1528 481 1768 531 ἕπεκταμένην
1790 488 1834 520 V.
1869 484 2147 536 ἐπισυνηγμένην
2181 485 2340 533 Suidas,

1325 539 1554 587 Hesychius,
1584 542 1709 589 Etym.
1743 545 1792 579 M.
1827 541 1903 579 λίαν
1939 542 2075 593 ἔχουσιν
2102 547 2161 590 V.‚
2183 557 2261 580 non
2289 547 2337 580 G.

1327 594 1414 645 ἄγαν
1437 596 1576 647 ἔχουσιν
1592 599 1818 648 Hesychius.
1839 627 1883 632 —
1904 607 1947 644 41
1971 600 2006 638 δὲ
2026 616 2100 640 0111.
2119 606 2177 649 V.‚
2191 603 2257 652 qui
2273 604 2342 642 τοῖς

1326 652 1487 703 στόμασι.

1382 714 1456 749 302
1469 727 1542 750 om.
1560 716 1672 752 etiam
1688 717 1846 765 Θ.-49
1858 715 1968 754 εἴκοσι
1983 722 2131 756 Portus.
2149 716 2238 754 ὀκτὼ
2255 718 2341 756 Ald.

1327 792 1378 797 —-
1399 771 1445 807 50
1466 771 1580 823 στίχοι
1598 772 1657 809 καὶ
1674 774 1770 810 κῶλα
1785 778 1981 812 Kusterus.
2003 775 2130 826 στίχων
2146 775 2203 812 καὶ
2221 773 2342 829 κώλων

1326 829 1476 865 Ald.—
1492 831 1534 867 51
1561 831 1812 878 ἀκατάληκτος.
1848 836 1940 870 Jure
1966 837 2154 871 Kusterus
2178 830 2344 870 scholia-

1329 895 1410 924 sten
1431 890 1694 938 reprehendit,
1714 892 1779 941 qui
1802 892 1967 941 primum
1983 906 2134 929 versum
2149 905 2228 929 esse
2242 892 2345 928 dixe-

1329 946 1378 981 rit
1392 947 1622 1000 τετράμετρον
1641 949 1897 997 ἀκατάληκτον,
1919 951 2040 999 qualis
2060 959 2117 987 est
2129 950 2241 986 Alcaei
2256 963 2346 999 pro-

1328 1003 1425 1041 latus
1445 1006 1557 1042 etiam
1590 1006 1639 1043 ab
1660 1008 1927 1057 Hephaestione
1953 1008 2111 1058 ejusque
2128 1016 2346 1045 enarratore

1330 1074 1366 1110 p.
1390 1063 1447 1109 16,
1465 1065 1527 1110 86,
1543 1078 1662 1113 quum
1687 1067 1767 1102 sine
1791 1065 1909 1102 dubio
1929 1067 1976 1103 sit
1991 1066 2222 1119 τετράμετρος
2234 1081 2344 1103 κατα-

1329 1120 1504 1165 ληκτικός.
1534 1122 1610 1169 Qui
1641 1124 1680 1160 in
1703 1133 1777 1161 tam
1802 1125 2041 1162 manifestum
2068 1138 2238 1161 errorem
2270 1123 2347 1160 labi

1333 1180 1515 1226 potuerit,
1535 1182 1674 1229 miror3
1695 1183 1768 1219 nisi
1784 1182 1964 1220 credibile
1992 1192 2103 1233 putes
2122 1196 2208 1220 euni
2240 1195 2348 1231 repe-

1334 1237 1442 1282 risse,
1465 1238 1531 1286 ἐγὼ
1552 1238 1587 1276 δὲ
1607 1238 1670 1285 τὴν
1698 1239 1832 1292 Κίρκην
1853 1255 1892 1290 γε
1910 1241 1973 1286 τὴν
1999 1240 2044 1278 τὰ
2073 1239 2231 1293 φάρμακ’
2257 1241 2347 1276 ἀνα-

1330 1296 1492 1332 κυκῶσαν
1511 1295 1564 1335 ἄν,
1579 1301 1726 1334 HEMST.
1748 1299 1890 1347 Regius
1912 1298 1976 1335 ;τὸ
1997 1297 2028 1335 α’
2052 1299 2111 1336 καὶ
2135 1297 2178 1348 β’,
2198 1296 2348 1348 ἷαμὸικὰ

1331 1352 1551 1406 τετράμετρα
1587 1354 1847 1403 καταληκτικὰ,
1880 1354 1982 1405 ὅμοια
2002 1356 2071 1398 τοῖς
2103 1355 2186 1393 ἄνω.
2206 1378 2253 1383 -
2275 1357 2347 1393 6εὸ

1332 1412 1593 1450 Anacreontic.
1615 1413 1676 1450 od.
1694 1415 1755 1450 38.

1388 1472 1475 1515 303,
1497 1471 1618 1507 13-18
1637 1469 1912 1513 Δέον-Ἄλλως
1926 1472 2063 1509 leviter
2080 1480 2225 1509 mutata
2247 1472 2348 1509 inse-

1333 1529 1410 1565 rius
1431 1528 1588 1565 exhibet
1601 1533 1648 1567 V.
1665 1529 2017 1582 δέον-ἐφαρμάκευεν
2034 1530 2149 1566 habet
2165 1530 2298 1567 Suidas
2318 1544 2347 1568 s.

1331 1586 1559 1624 Ἀπαίδευτοι.
1580 1613 1632 1622 -
1656 1593 1698 1631 14
1723 1590 1740 1625 ὁ
1758 1586 1793 1624 δὲ
1813 1601 1886 1626 om.
1903 1589 1948 1626 Θ.
1966 1588 2112 1625 Deinde
2133 1583 2229 1631 οὗτος
2242 1591 2259 1626 ὃ
2275 1591 2350 1627 Φι-

1331 1646 1479 1691 λωνίδης
1498 1647 1536 1683 οὐ
1556 1646 1659 1696 μόνον
1676 1647 1784 1698 μέγας
1801 1642 1856 1694 ἦν,
1871 1646 1960 1685 ἀλλὰ
1977 1647 2035 1685 καὶ
2051 1647 2188 1697 ἀμαθὴς
2203 1648 2261 1685 καὶ
2281 1647 2352 1684 1503-

1334 1706 1393 1751 δης
1409 1706 1517 1742 addit
1534 1706 1679 1743 Suidas.
1700 1705 1735 1742 δὲ
1757 1720 1832 1744 0111.
1853 1707 1899 1744 Θ.
1915 1729 1965 1734 -—
1985 1707 2030 1742 18
2046 1707 2287 1758 ἐφαρμάκευεν
2305 1707 2351 1747 ὡς

1332 1764 1431 1807 ὄντας
1448 1763 1600 1816 κάπρους
1614 1765 1677 1814 Θ.,
1694 1765 1759 1814 qui
1775 1778 1848 1800 om.
1864 1762 2058 1807 Ἄλλως.--
2071 1779 2114 1813 19
2128 1763 2189 1800 καὶ
2203 1777 2276 1800 0111.
2290 1767 2349 1808 V.‚

1335 1825 1401 1873 qni
1439 1822 1566 1874 Κίρκη.
1587 1845 1635 1850 -
1655 1823 1703 1859 25
1732 1821 1910 1860 Μελιττέα
1941 1827 1986 1860 V.
2014 1831 2050 1859 et
2088 1823 2186 1859 infra
2213 1822 2349 1858 Μελιτ-

1332 1882 1430 1924 τέως.
1458 1883 1558 1919 ldem
1582 1890 1668 1932 post
1698 1880 1791 1927 ὓώδη
1819 1882 1924 1918 addit
1948 1882 2083 1932 Κίρκην
2113 1880 2149 1918 δὲ
2173 1881 2267 1930 λέγει
2287 1879 2349 1926 τὴν

1335 1937 1462 1978 Λαίδα.
1484 1962 1533 1967 —-
1550 1942 1596 1976 26
1618 1938 1827 1991 Νικόχαρις,
1845 1954 1890 1986 27
1910 1939 1972 1986 ἠδέ
1988 1940 2019 1976 τ’
2037 1940 2122 1977 Ald.
2146 1939 2351 1981 ἀπαίδευτός

1333 2014 1371 2036 τε
1400 1992 1432 2035 εἷ
1457 2002 1566 2035 G.--
1586 2000 1633 2035 28
1664 2007 1750 2047 post
1776 1998 1952 2041 Μελιτέως
1988 2007 2200 2048 sequuntur
2224 1998 2263 2034 in
2290 2002 2350 2043 V.‚

1334 2057 1459 2098 ἄλλως.
1486 2056 1561 2094 ἀντὶ
1592 2060 1651 2094 τοῦ
1680 2059 1787 2094 εἰπεῖν
1810 2055 2003 2103 Ὀδυσσέα,
2025 2055 2226 2101 Φιλωνίδην
2258 2048 2346 2092 εἶπε.

1334 2117 1498 2168 κωμῳδεῖ
1521 2114 1556 2152 δὲ
1582 2115 1639 2153 τὸν
1661 2114 1866 2159 Φιλωνίδην
1890 2116 1936 2156 ὡς
1958 2113 2084 2166 πόρνον
2112 2113 2172 2151 καὶ
2205 2112 2352 2155 πολλοὺς

1334 2174 1550 2227 παρασίτους
1569 2174 1752 2226 τρέφοντα.
1778 2167 1819 2219 ἦν
1841 2171 1876 2210 δὲ
1904 2173 1962 2210 καὶ
1983 2172 2095 2219 ὑώδης
2113 2174 2131 2209 ὃ
2151 2172 2352 2217 Φιλωνίδης

1335 2236 1367 2284 (ὁ
1385 2235 1472 2271 Φιλ.
1499 2246 1574 2268 0111.
1601 2232 1675 2281 G.).
1707 2230 1786 2275 τοὺς
1817 2230 1852 2268 δὲ
1882 2230 2036 2282 ἑταίρους
2066 2232 2170 2268 αὐτοῦ
2201 2230 2353 2282 κάπρους

1334 2285 1409 2328 εἶπε
1421 2321 1430 2338 ,
1447 2290 1509 2336 τὴν
1526 2291 1562 2328 δὲ
1584 2286 1700 2328 Λαίδα
1716 2289 1863 2341 Κίρκην,
1883 2288 2002 2335 ἐπειδὴ
2022 2287 2102 2331 τοὺς
2120 2287 2267 2341 ἐραστὰς
2285 2290 2352 2326 αὖ-

1334 2354 1394 2387 τοῧ
1413 2352 1499 2400 (scr.
1521 2349 1643 2399 αὑτῆς)
1659 2348 1893 2400 ἐφαρμάκευε.
1912 2347 2119 2397 Sequentia
2137 2360 2214 2384 0111.
2237 2347 2350 2383 etiam

1332 2411 1378 2448 Θ.
1398 2413 1451 2446 Ea
1465 2410 1502 2445 in
1518 2408 1647 2444 codice
1663 2408 1832 2444 Parisino
1847 2407 1899 2442 sic
1918 2406 2078 2455 scripta:
2094 2403 2238 2447 Ἄλλως.
2259 2403 2350 2441 ἔστιν

1332 2472 1353 2514 ἡ
1376 2468 1495 2520 Κύρκη
1522 2470 1560 2505 ἐκ
1583 2470 1651 2504 τῶν
1674 2466 1961 2519 Λαιστρυγόνων,
1985 2465 2207 2516 παρελθοῦσα
2236 2464 2351 2506 πάσας

1332 2525 1394 2568 τὰς
1423 2528 1589 2576 γυναῖκας
1608 2524 1779 2574 μαγείαις.
1803 2523 1980 2575 προσέσχε
1999 2522 2035 2559 δὲ
2056 2524 2144 2572 αὐτῇ
2160 2520 2350 2563 Ὀδυσσεὺς

1334 2581 1422 2631 μετὰ
1457 2581 1497 2619 τὸ
1523 2580 1882 2634 φυγεῖν-ἐκπέμψας
1912 2581 2007 2631 (sine
2035 2579 2221 2627 καὶ)-ὓπ’
2244 2581 2350 2624 αὐτῆς

1332 2639 1548 2690 ἐγεγόνεισαν
1568 2639 1626 2676 διά
1645 2654 1736 2682 τινος
1756 2641 1881 2683 ποτοῦ,
1903 2637 2025 2679 νυκτὸς
2055 2639 2102 2678 εἷς
2127 2636 2190 2682 τὴν
2217 2637 2348 2674 τούτων

1331 2696 1585 2745 -μόλυ-καὶ
1608 2696 1693 2749 πρὸς
1717 2694 1874 2746 μοιχείαν
1904 2696 1999 2746 αὐτῷ
2031 2695 2204 2732 συνελθεῖν
2238 2697 2349 2734 ἐπ.-

1333 2754 1438 2804 ἐμίγη
1460 2753 1519 2790 καὶ
1536 2753 1698 2799 ἐποίησεν
1714 2754 1799 2789 υἱόν.
1822 2751 1944 2791 Θέλων
1971 2746 2198 2790 οὖν-ἐκεῖσε
2225 2756 2285 2799 τῆς
2306 2756 2348 2791 Α.

1331 2835 1383 2840 -
1403 2813 1449 2849 33
1465 2807 1506 2857 ἦν
1522 2815 1539 2848 ὃ
1557 2812 1679 2857 τόπος,
1697 2813 1715 2847 3
1724 2817 1741 2854 4
1761 2810 1815 2847 διά
1837 2825 1926 2851 τινος
1944 2811 2234 2862 φαρμακοποσίας
2256 2815 2348 2862 Reg.

1331 2899 1382 2905 ...
1403 2878 1449 2915 40
1472 2870 1572 2907 αὐτὸν
1600 2874 1690 2920 Reg.
1714 2873 1831 2906 Dorv.
1860 2870 1955 2919 αὑτῷ
1982 2869 2065 2906 Ald.
2082 2890 2133 2898 —
2154 2876 2198 2914 41
2221 2871 2268 2913 εἷς
2286 2870 2349 2917 τὴν

1329 2934 1421 2979 Reg.
2190 2927 2198 2933 ⁸

1387 2989 1462 3025 305
1481 2991 1592 3036 Roga
1614 2984 1718 3037 Σκὼρ
1735 2986 1774 3024 τὸ
1793 2987 1974 3029 ἰδιωτικῶς
1997 2985 2182 3037 λεγόμενον
2203 2984 2345 3026 σκατόν.

1330 3045 1389 3083 καὶ
1404 3045 1557 3082 κλίνεται
1575 3044 1699 3087 σκατὸς
1721 3045 1954 3096 ἑτεροκλίτως.

1387 3105 1475 3150 307,
1515 3111 1557 3147 14
1589 3102 1800 3154 γρυλλισμὸς
1831 3106 1876 3141 G.
1907 3101 2142 3155 γρυλλιασμὸς
2160 3106 2208 3141 R.
2229 3124 2280 3133 —
2300 3103 2345 3141 16

1329 3161 1395 3199 ὑπὸ
1415 3170 1451 3199 et
1476 3176 1517 3208 17
1538 3161 1596 3198 καὶ
1615 3175 1689 3198 0111.
1713 3161 1828 3198 Paris.

1387 3222 1461 3269 309
1482 3228 1519 3256 et
1539 3222 1582 3256 31
1596 3233 1608 3256 1
1632 3233 1707 3257 om.
1727 3219 1841 3255 etiam
1861 3219 1907 3256 Θ.

1386 3281 1475 3326 312,
1498 3280 1545 3315 32
1568 3280 1675 3315 εἰπεῖν
1699 3276 1751 3314 ὅτι
1772 3279 1816 3316 Θ.
1836 3281 1929 3327 Reg.
1945 3276 2034 3313 Ald.
2053 3304 2105 3310 -
2122 3277 2169 3314 33
2187 3275 2346 3330 ἐπιφέρο-

1331 3353 1394 3388 μεν
1418 3341 1463 3375 Β.
1492 3341 1583 3387 Reg.
1602 3337 1720 3374 Paris.
1748 3334 1966 3389 ἕπιρέρωμεν
1984 3334 2070 3374 Ald.
2098 3334 2270 3388 ἐπιφέρειν
2298 3337 2344 3374 V.
