2533 3808
275 202 348 234 598

274 285 402 328 queat,
421 272 614 323 Ἄμὸλαδα,
635 270 724 305 urbs
747 267 916 304 Pisidiae:
939 264 1095 302 Caribus
1119 264 1285 299 confines

274 333 428 375 Pisidae,
450 332 566 378 inque
593 328 636 363 iis
661 325 931 363 Ambladenses
947 351 956 367 ,
991 323 1056 371 qui
1087 335 1162 357 non
1188 321 1285 358 adeo

275 391 476 431 videntur,
507 387 536 422 si
571 385 765 420 literarum
799 382 934 418 ductus
963 380 1202 424 consideres,
1239 379 1286 416 ab

276 444 525 485 Ambraciotis
558 443 698 479 distare
719 470 728 486 ,
768 449 810 476 ut
842 448 1094 486 utrorumque
1119 438 1287 482 nomina,

275 504 479 554 praesertim
506 500 554 537 ab
578 499 762 549 imperitis
783 497 947 534 librariis
961 526 970 543 ,
998 496 1208 545 permutari
1230 495 1287 531 fa—

276 564 346 599 cile
368 574 444 595 non
468 559 680 608 potuerint:
699 570 822 605 neque
834 569 876 592 ea
891 555 1110 603 conjectura
1136 558 1287 590 Petrum

274 618 575 666 WVesselingium,
587 628 702 664 quum
715 629 777 651 sen
786 614 937 650 tentiam
948 613 979 662 ej
987 626 1028 648 us
1036 613 1288 661 exquirerem,

276 678 448 713 latuerat.
472 678 572 723 Ergo
597 673 784 723 perpendi
807 679 972 708 meretur
987 699 996 715 ,
1020 684 1066 706 an
1089 669 1290 706 commode

276 734 404 782 refingi
418 733 548 782 possit,
564 730 646 783 πρὸς
660 730 737 774 τοὺς
751 728 964 780 Ἀμὸλαδεάς
981 727 1265 778 βουλευσαμένων
1280 741 1290 751 ·

275 791 378 841 qnod
398 804 473 826 non
493 790 544 826 ita
566 788 763 838 capiebam
780 816 789 832 ,
810 787 918 836 quasi
944 787 990 824 de
1010 786 1111 823 bello
1132 786 1291 823 Ambla-

276 848 457 885 densibus
491 847 688 885 inferendo
714 849 825 883 Cares
855 845 1111 881 consultarent
1139 859 1147 880 :
1173 846 1293 880 mani-

276 908 412 944 festum
437 919 482 942 ex
501 905 760 954 sequentibus,
786 907 899 941 Caras
917 917 936 939 a
952 903 1074 939 Persis
1096 904 1293 939 infestatos

277 965 416 1000 auxilia
439 964 774 1012 circumspexisse,
804 961 944 1011 quibus
965 961 1084 1010 adjuti
1101 963 1291 1011 potentis-

277 1024 391 1058 simos
411 1021 537 1058 hostes
558 1021 785 1070 repellerent
801 1034 809 1055 ε
830 1019 895 1056 sed
914 1032 998 1055 cum
1017 1020 1128 1055 sociis
1144 1019 1295 1056 Ambla-

278 1079 456 1117 densibus
475 1080 521 1116 de
544 1079 645 1115 bello
663 1079 813 1116 Persico
834 1077 1063 1115 deliberasse
1076 1107 1084 1123 ‚
1117 1078 1294 1126 illamque

278 1139 426 1174 consilii
450 1137 595 1187 publici
625 1137 739 1173 fuisse
761 1149 964 1181 summam,
990 1149 1173 1184 quosnam
1194 1136 1293 1171 vici-

277 1210 415 1234 norum
448 1197 590 1232 virtute
629 1195 915 1232 florentissimos
949 1195 1188 1243 potissimum
1223 1193 1295 1230 sibi

280 1253 543 1303 adjungerent.
580 1256 714 1302 Neque
744 1253 1052 1301 interpretationi
1080 1252 1296 1288 nostraelo-

279 1314 422 1363 quendi
445 1313 579 1349 modus
605 1313 724 1349 officit
746 1327 754 1348 z
776 1325 860 1347 nam
885 1312 942 1347 vel
960 1326 978 1348 e
1002 1312 1130 1347 lexicis
1151 1311 1296 1347 discere

278 1373 379 1416 licet,
396 1380 499 1408 recte
515 1371 606 1420 poni
623 1370 706 1422 πρὸς
720 1369 798 1411 τοὺς
819 1369 849 1405 Ἀ
858 1368 1032 1417 μὸλαδένς
1048 1367 1297 1419 βουλεύσασθαι

280 1442 352 1477 pro
368 1458 377 1474 ,
397 1443 477 1464 cum
506 1428 814 1464 Ambladensibus
834 1431 983 1462 consilia
1005 1427 1180 1474 conferre.
1207 1430 1298 1474 Quae

278 1500 369 1523 vero
395 1487 577 1522 continuo
603 1494 833 1535 sequuntur,
852 1493 1041 1534 caputque
1057 1485 1298 1521 deliberatio-

281 1544 342 1580 nis
363 1545 570 1589 continent,
597 1545 632 1579 in
656 1544 758 1580 hunc
781 1543 955 1579 ordinem
982 1543 1136 1579 redacta
1160 1544 1300 1579 clarius

280 1603 413 1651 utique
431 1610 612 1651 poterunt
633 1602 812 1650 intelligi,
840 1600 934 1643 τίνας
957 1603 1024 1637 τῶν
1045 1600 1206 1649 γειτόνων
1231 1602 1296 1637 ἀλ-

280 1658 496 1709 κιμωτάτους
517 1659 617 1701 ὄντας
646 1661 679 1696 ἐν
703 1657 846 1711 πολέμῳ
869 1658 938 1710 χρὴ
960 1661 1130 1696 ποιεῖσθαι
1154 1658 1299 1709 συμμά-

280 1732 362 1769 χους
376 1731 384 1738 ·
410 1719 481 1754 nisi
498 1719 675 1754 sufficere
693 1718 776 1766 quis
794 1726 903 1766 putet
927 1718 1112 1754 minorem
1129 1719 1303 1753 mutatio-

281 1789 366 1812 nem
380 1805 389 1821 ,
420 1775 684 1825 ἀλκιμωτάτους
705 1774 805 1817 ὄντας
825 1776 858 1811 ἐν
883 1774 1027 1826 πολέμῳ
1051 1777 1117 1811 τῶν
1138 1774 1300 1824 γειτόνων

281 1832 376 1874 τίνας
395 1831 464 1885 χρὴ
489 1848 525 1869 π.
552 1842 624 1869 etc.
646 1833 920 1870 Ambladenses
938 1842 1062 1870 autem
1084 1847 1300 1882 quanquam

282 1904 321 1927 ln
341 1891 412 1927 hac
432 1891 591 1927 historia
606 1891 700 1927 nihil
719 1891 922 1927 admodum
943 1891 1153 1936 offendant,
1169 1892 1304 1928 adver-

282 1961 345 1985 sus
364 1948 627 1985 Ambraciotas
649 1957 750 1985 certe
775 1950 863 1985 satis
884 1962 1077 1998 superque
1102 1950 1176 1985 sint
1203 1951 1303 1996 tecti,

284 2006 385 2042 nuda
410 2015 548 2051 tamen,
572 2006 675 2055 quod
702 2008 802 2042 ultro
824 2007 957 2052 fateor,
983 2007 1201 2055 conjectura
1222 2016 1303 2043 tan·

284 2073 363 2099 tum
379 2064 565 2109 nituntur,
598 2065 659 2100 cui
680 2065 825 2100 nullum
841 2064 993 2101 aliunde
1015 2065 1304 2101 fundamentum

284 2121 442 2157 accedit.
468 2122 568 2166 Quin
591 2122 621 2157 si
642 2122 726 2170 quis
748 2135 806 2158 me
825 2122 1012 2170 postulet,
1037 2124 1133 2158 utin
1155 2136 1210 2168 ea,
1232 2137 1306 2171 qua

286 2192 483 2215 versamur
501 2208 510 2225 ,
541 2188 649 2215 aetate
672 2178 858 2216 Amblada
887 2180 1001 2216 fuisse
1035 2180 1305 2223 demonstrem,

284 2251 363 2274 rem
378 2238 525 2287 liquido
545 2239 732 2275 conficere
748 2252 956 2288 nequeam3
976 2238 1306 2287 licetprobabilis-

285 2297 420 2333 simum
442 2310 489 2333 ex
503 2297 584 2346 ipsa
605 2298 707 2333 vocis
727 2298 848 2334 forma
868 2298 1042 2334 Caricum
1058 2297 1241 2346 quiddam
1264 2311 1305 2333 ac

286 2364 472 2392 vetustum
494 2364 652 2392 sonante
670 2356 854 2392 videatur.
876 2359 1097 2403 Quaeramus
1111 2357 1238 2405 igitur,
1259 2370 1305 2392 an

288 2413 430 2448 firmius
449 2413 591 2462 aliquid
617 2414 777 2450 inveniri
798 2415 926 2463 possit.
961 2415 1186 2450 Persuasum
1216 2414 1307 2450 mihi

288 2480 367 2516 est,
392 2485 476 2521 quae
505 2481 634 2508 noster
654 2474 873 2510 scholiastes
891 2488 910 2509 e
939 2477 1110 2510 Damone
1145 2475 1306 2524 repetiit,

288 2530 445 2566 eandem
467 2543 658 2579 exponere
677 2544 752 2566 rem
779 2540 920 2580 gestam
938 2559 948 2575 ,
982 2546 1093 2580 quam
1117 2534 1307 2571 memoriae

290 2588 484 2624 mandavit
504 2588 688 2624 Herodot.
706 2590 742 2632 5,
765 2603 779 2624 1
792 2590 848 2634 18,
868 2603 882 2624 1
895 2603 951 2637 19,
974 2604 1055 2626 120.
1078 2594 1188 2627 Iones
1203 2604 1223 2627 a
1237 2595 1308 2627 Da-

291 2647 348 2683 rio
369 2647 604 2683 desciverant
623 2661 629 2682 z
651 2647 787 2684 Sardes
816 2657 936 2697 captae
959 2658 995 2684 et
1023 2650 1210 2696 incensae3
1234 2664 1307 2698 qua

289 2706 327 2741 in
345 2705 588 2755 expeditione
602 2706 891 2742 Atheniensium
913 2720 1029 2755 opera
1050 2708 1121 2743 suit
1135 2708 1306 2756 insignis:

290 2762 394 2799 urbis
429 2762 672 2799 nobilissimae
696 2772 903 2800 vastatores
933 2763 1034 2800 bello
1069 2766 1309 2814 persequitur

288 2821 466 2857 Daurises
487 2821 591 2857 Darii
607 2833 722 2869 gener
742 2835 826 2857 cum
843 2822 924 2858 aliis
940 2823 1023 2870 pari
1041 2822 1222 2872 dignitate
1240 2823 1309 2859 dn-

290 2878 397 2915 cibus
423 2893 431 2914 :
470 2878 559 2914 dum
596 2879 920 2928 Hellespontiacas
949 2879 1062 2916 urbes
1099 2890 1308 2930 expugnat,

291 2936 453 2972 nuncius
477 2936 647 2972 adfertur
667 2937 714 2973 de
739 2937 900 2973 Caribus
923 2940 1059 2974 Ionum
1093 2947 1220 2988 partes
1249 2954 1309 2976 se—

291 2994 386 3030 cutis
406 3009 412 3029 :
439 2994 561 3030 statim
580 3007 625 3030 eo
637 2996 766 3044 copias
787 2995 891 3031 ducit
909 3010 916 3032 :
939 2996 1096 3044 trajecto
1112 2998 1308 3033 Maeandro

292 3052 474 3088 acerrima
500 3065 627 3101 pugna
658 3054 909 3090 committitur
931 3069 938 3089 :
961 3055 1049 3091 victi
1069 3058 1180 3092 Cares
1201 3056 1308 3106 fuga-

295 3110 398 3159 tique
417 3110 671 3154 κατειλήθησαν
695 3112 741 3154 εἷς
761 3111 964 3163 Λάὲρανδα,
988 3115 1020 3156 ἐς
1041 3112 1126 3154 Διὸς
1138 3114 1308 3165 Στρατίου

293 3165 366 3218 ἱρὸν
387 3165 478 3216 μέγα
501 3182 539 3203 τε
557 3168 615 3204 καὶ
630 3168 725 3218 ἅγιον
741 3169 846 3213 ἄλσος
862 3171 1121 3208 πλατανίστων.
1143 3171 1201 3208 Ibi
1219 3186 1309 3209 con-

295 3223 536 3271 sultantibus,
559 3234 682 3262 utrum
697 3229 858 3264 maxime
873 3230 949 3265 suis
968 3229 1179 3266 rationibus
1196 3243 1310 3279 expe-

296 3282 387 3327 diat,
408 3282 503 3318 sacta
524 3283 717 3320 deditione
737 3299 821 3321 cnm
844 3288 964 3324 Persis
984 3288 1134 3336 pacisci,
1156 3302 1201 3324 an
1221 3289 1310 3325 alias

295 3339 413 3382 sedes,
438 3339 522 3375 Asia
545 3341 695 3387 relicta,
721 3344 916 3391 quzesitum
937 3345 1064 3390 abire,
1093 3346 1225 3382 Milesii
1249 3361 1309 3383 re-

1024 178 1318 217 ADNOTATIO
1348 177 1399 214 ΙΝ
1430 177 1600 215 SCHOL.

1346 270 1460 310 pente
1479 262 1673 310 suppetias
1690 262 1860 306 veniunt,
1877 269 1914 298 et
1930 260 2204 297 dubitationem
2222 258 2356 296 decer-

1346 326 1451 356 nunt.
1472 322 1564 355 Cum
1585 319 1708 356 Persis
1728 320 1863 356 iterum
1880 319 2068 369 congressi
2088 318 2230 366 majore
2251 317 2357 354 clade

1347 385 1593 412 sternuntur:
1614 375 1788 412 πεσόντων
1824 376 1859 413 δὲ
1886 378 2023 413 πολλῶν
2056 377 2223 421 Μιλήσιοι
2249 375 2357 425 μάλι-

1348 449 1412 471 στα
1433 433 1647 481 ἐπλήγησαν.
1682 437 1772 470 Haec
1793 435 1885 471 mihi
1908 437 1938 472 si
1959 436 2041 485 quis
2072 448 2156 472 cum
2177 434 2360 472 Damonis

1348 493 1565 528 narratione
1590 493 1890 541 comparaverit,
1922 495 2094 542 quamvis
2123 501 2257 530 cuncta
2283 505 2361 528 non

1349 566 1503 602 prorsus
1517 560 1652 602 ‘exacte
1672 561 1896 602 congruant,
1913 555 2238 603 praetermissaque
2253 553 2300 590 sit
2313 552 2363 589 ab

1349 611 1546 647 Herodoto
1566 612 1676 647 sortis
1697 610 1833 646 divinae
1849 613 2158 649 commemoratio
2172 642 2180 658 ,
2204 612 2362 648 eandem

1350 669 1506 704 omnino
1524 668 1719 704 historiam
1742 668 1949 717 utrobique
1966 670 2023 718 agi
2055 682 2130 705 non
2160 670 2364 706 difficulter

1351 726 1543 762 concedet.
1573 728 1686 762 Cares
1715 726 1893 761 nimirum
1919 739 1939 761 a
1963 726 2086 774 primo
2116 728 2246 775 praelio
2277 728 2364 776 fuga

1352 784 1484 833 dilapsi
1520 797 1565 819 ex
1592 783 1852 833 superioribus
1884 784 1976 819 locis
2007 784 2165 832 propius
2194 798 2296 821 mare
2327 798 2366 821 se

1351 850 1577 891 receperunt
1597 857 1604 877 :
1623 841 1823 877 concilium
1848 842 1968 891 gentis
1982 842 2021 878 in
2041 843 2125 878 vico
2141 839 2366 888 Labrandis,

1353 907 1395 934 ut
1417 899 1561 935 felicius
1584 899 1654 935 sub
1674 900 1777 935 Jovis
1798 898 1970 951 Στρατίου
1989 901 2164 950 auspiciis
2178 900 2369 938 delibera—

1354 958 1405 993 tio
1427 958 1473 994 de
1496 971 1641 994 summa
1655 971 1694 994 re
1715 958 1946 1002 succederet,
1967 966 2023 995 est
2042 958 2227 995 habitum.
2255 959 2370 998 Vicus

1354 1024 1478 1052 autem
1500 1015 1703 1052 Labranda
1718 1045 1727 1060 ,
1759 1016 1832 1052 hoc
1861 1017 1959 1053 enim
1980 1025 2036 1053 est
2055 1030 2183 1053 verum
2204 1017 2277 1053 loci
2296 1030 2368 1052 no—

1355 1086 1440 1109 men
1459 1073 1515 1109 vel
1535 1075 1651 1109 invita
1670 1073 1844 1110 Medicea
1859 1073 2091 1117 membrana,
2111 1087 2224 1123 quam
2241 1086 2371 1122 super-

1354 1130 1500 1166 stitiosa
1530 1131 1774 1167 veneratione
1803 1145 1952 1180 semper
1980 1135 2035 1168 Ja.
2063 1131 2279 1168 Gronovius
2309 1144 2369 1167 su-

1355 1189 1489 1237 spicit,
1524 1189 1697 1236 Mylassis
1719 1190 1927 1226 stadiorum
1949 1189 2154 1226 admodum
2181 1203 2229 1235 70
2253 1189 2373 1224 inter-

1355 1247 1454 1282 vallo
1494 1245 1670 1282 distabat.
1724 1246 1886 1298 Στρατίῳ
1915 1248 1998 1283 Jovi
2022 1276 2031 1292 ‚
2072 1260 2183 1296 quem
2227 1259 2374 1282 summa

1356 1304 1539 1353 religione
1556 1306 1668 1340 Cares
1692 1304 1891 1350 colebant,
1912 1318 2123 1354 cognomen
2154 1304 2223 1339 snit
2246 1316 2265 1339 a
2290 1303 2376 1338 loco

1357 1362 1512 1398 ductum
1530 1361 1609 1404 Διὸς
1632 1360 1900 1412 mewa-qvos,
1920 1371 1961 1398 ut
1981 1361 2122 1399 Strabo
2141 1361 2293 1411 scripsit
2315 1366 2375 1406 14,

1358 1435 1394 1470 p.
1413 1422 1500 1469 973,
1515 1424 1557 1466 F,
1574 1421 1644 1467 vel,
1665 1421 1767 1470 quod
1786 1422 1901 1469 magis
1913 1421 2105 1466 usitatum,
2125 1418 2376 1472 Λαὸρανδέωςῖ

1358 1487 1527 1515 extrema
1559 1480 1643 1515 voci
1670 1479 1778 1515 litera
1808 1480 1934 1515 deficit
1953 1480 1991 1515 in
2011 1479 2161 1516 AEliano
2179 1481 2236 1515 De
2262 1478 2375 1514 anim.

1365 1551 1422 1583 12,
1440 1539 1487 1574 30
1506 1567 1515 1582 ‚
1542 1539 1601 1574 cui
1624 1547 1665 1573 ut
1687 1537 1820 1574 lubens
1843 1538 2012 1574 dederim
2033 1567 2043 1584 ,
2072 1551 2093 1574 a
2121 1535 2284 1589 Στρατίῳ
2300 1550 2376 1573 non

1359 1596 1513 1633 differre
1528 1595 1835 1633 Labrandensem
1851 1600 1997 1642 Iovem,
2012 1597 2064 1633 sic
2079 1595 2240 1632 eundem
2255 1596 2381 1645 ipsum

1361 1663 1395 1691 et
1414 1654 1545 1706 Κάριον
1558 1656 1754 1705 appellari,
1785 1655 1952 1691 nondum
1968 1655 2137 1691 adducor
2149 1662 2192 1690 ut
2205 1653 2378 1690 credam:

1361 1714 1399 1750 in
1433 1727 1544 1762 quam
1585 1714 1882 1763 disputationem
1914 1714 2029 1763 paulo
2067 1712 2221 1762 majoris
2254 1724 2384 1761 operae

1362 1785 1462 1808 nunc
1479 1763 1629 1821 ingredi
1648 1786 1724 1808 non
1744 1781 1865 1808 vacat.
1896 1776 1978 1809 Jam
1999 1785 2099 1822 pone
2115 1771 2225 1807 sodes
2239 1799 2249 1816 ,
2278 1769 2380 1819 apud

1363 1833 1574 1867 Damonem
1595 1833 1648 1867 ita
1669 1832 1782 1868 fuisse
1811 1832 1995 1880 scriptum
2009 1860 2018 1875 ‚
2044 1829 2130 1880 πρὸς
2151 1830 2201 1880 τῷ
2220 1831 2281 1865 τοῦ
2300 1830 2395 1871 Λιιι-Α

1363 1887 1535 1939 Ερανδέως
1559 1889 1651 1938 (aut,
1668 1889 1699 1925 si
1719 1890 1847 1933 mavis,
1871 1903 2002 1926 errore
2021 1901 2206 1938 perquam
2223 1888 2381 1937 vulgari,

1364 1946 1620 1998 Λαμὲραδέως)
1641 1946 1738 1984 ἄλσει
1758 1947 2042 1997 βουλευσαμένων
2060 1976 2068 1991 ,
2084 1961 2144 1984 res
2169 1948 2290 1984 omnis
2311 1947 2383 1983 erit

1364 2006 1402 2041 in
1431 2006 1549 2051 vado,
1571 2019 1713 2055 suaque
1736 2006 1904 2042 historiae
1924 2006 2016 2042 fides
2044 2005 2234 2042 constabit
2255 2021 2262 2042 :
2282 2006 2384 2041 anti—

1365 2064 1518 2112 quarios
1538 2077 1628 2100 vero
1649 2078 1761 2113 quam
1790 2064 1897 2101 facile
1918 2064 2102 2102 barbarus
2134 2064 2293 2100 inauditi
2317 2077 2386 2100 vo-

1366 2121 1492 2159 cabuli
1507 2135 1622 2158 sonus
1640 2122 1843 2158 deduxerit
1858 2122 1905 2158 ad
1922 2123 2091 2159 notiores
2108 2122 2385 2167 Ambraciotas‚

1366 2193 1481 2229 quum
1504 2180 1644 2216 similes
1681 2181 1877 2217 literarum
1908 2189 2010 2217 notae
2041 2181 2099 2217 vel
2123 2181 2236 2217 oculo
2257 2180 2388 2230 judice

1366 2238 1604 2288 deprehendi
1625 2239 1781 2288 possint,
1802 2239 1931 2276 multis
1951 2239 2078 2276 dicere
2107 2239 2198 2289 quid
2223 2239 2388 2276 attinet?

1365 2299 1525 2335 Interim
1542 2299 1622 2334 veri
1641 2298 1825 2335 similiora
1843 2299 2099 2347 proferentem
2115 2299 2241 2335 nullus
2261 2311 2388 2347 asper-

1366 2355 1500 2392 nabor.
1529 2355 1665 2392 Suidas
1683 2356 1721 2392 in
1741 2356 1798 2392 his
1824 2356 1980 2393 salebris
2001 2370 2079 2392 non
2096 2357 2207 2406 plane
2223 2356 2386 2393 deserit:

1367 2427 1452 2450 nam
1471 2414 1509 2450 in
1531 2413 1650 2451 Πάλαι
1672 2422 1742 2450 etc.
1770 2414 1822 2450 sic
1844 2414 1978 2460 habet,
2003 2413 2060 2451 ἐπὶ
2082 2416 2150 2450 τῶν
2171 2414 2248 2450 ποτ’
2268 2415 2388 2463 ἀκμα-

1368 2469 1525 2517 σάντων,
1557 2475 1615 2508 νῦν
1650 2470 1686 2508 δὲ
1711 2473 1882 2509 ἀσθενῶν·
1914 2473 1953 2509 in
1974 2465 2090 2509 *Hem
2120 2472 2235 2521 paulo
2263 2472 2388 2521 aliter,

1366 2529 1538 2581 παροιμία
1559 2530 1627 2567 ἀπὸ
1645 2533 1820 2581 χρησμοῦ,
1841 2529 1897 2567 ἐπὶ
1912 2521 2083 2566 τῶν-ποτὲ
2099 2524 2148 2575 εῧ,
2171 2523 2246 2566 εἶτα
2265 2529 2388 2581 ἑτέρως

1366 2587 1557 2636 γεγονότων
1575 2602 1580 2608 ·
1604 2588 1704 2624 unde
1719 2618 1728 2634 ,
1745 2588 1849 2637 quod
1863 2588 2059 2624 Schottum
2084 2587 2178 2634 fugit
2192 2615 2202 2632 ,
2229 2588 2266 2624 in
2289 2589 2382 2624 Dio-

1367 2646 1530 2694 geniano
1555 2649 1595 2683 C.
1619 2646 1653 2691 5,
1675 2647 1695 2681 3
1712 2674 1721 2691 ,
1741 2645 1998 2695 reponendum
2020 2639 2082 2681 εἶθ’
2106 2645 2240 2696 ἑτέρως.
2276 2646 2386 2683 Haud

1369 2712 1518 2752 poterat
1545 2704 1714 2753 jejunius
1736 2705 1935 2753 :pleniora
1966 2704 2071 2740 dedit
2104 2717 2234 2754 margo
2265 2708 2385 2741 DorV.

1369 2775 1451 2810 quae
1476 2770 1600 2798 tamen
1625 2775 1748 2811 neque
1777 2763 1857 2811 ipsa
1885 2763 2087 2811 quicquam
2115 2776 2186 2799 nos
2200 2763 2308 2812 juvat
2329 2778 2336 2799 :
2357 2764 2387 2799 οἳ

1369 2819 1625 2865 Μιλήσιοι-εἷς
1639 2819 1841 2871 παροιμίαν.
1864 2824 1920 2858 Ita
1939 2821 2195 2857 recentiorum
2207 2829 2288 2857 erat
2305 2834 2386 2859 mos

1369 2878 1610 2927 excerpendi,
1632 2887 1684 2924 nt,
1706 2879 1885 2928 quicquid
1901 2879 2091 2916 eruditum
2110 2888 2148 2916 et
2167 2893 2187 2916 a
2202 2880 2386 2916 vetustio-

1370 2935 1473 2972 ribus
1487 2938 1739 2986 grannnaticis
1758 2946 1916 2974 tractum
1933 2937 2386 2987 inveniebantstanquam

1369 3007 1515 3043 pannos
1545 2995 1697 3032 inutiles
1726 2996 1951 3032 reciderent.
1996 2999 2052 3033 Ex
2081 3010 2159 3046 quo
2185 2997 2289 3034 fonte
2319 3009 2386 3032 sua

1369 3052 1549 3089 derivarit
1567 3054 1683 3090 Mich.
1711 3055 1883 3103 Apostol.
1903 3057 1945 3092 C.
1973 3055 2030 3101 15,
2052 3056 2100 3103 59
2113 3082 2122 3099 ,
2141 3054 2313 3092 nondum
2331 3067 2385 3090 re·

1369 3112 1470 3160 peri:
1485 3125 1505 3147 a
1520 3113 1653 3148 ceteris
1662 3112 1813 3161 quidem
1824 3113 2055 3162 aliquantum
2066 3113 2260 3150 discordat
2269 3125 2384 3162 quum

1370 3169 1646 3219 interpretandi
1671 3170 1804 3213 modo,
1838 3180 1915 3207 tum
1944 3171 2169 3221 explicanda
2200 3170 2386 3221 paroemiae

1370 3241 1503 3272 causa,
1535 3228 1581 3264 de
1610 3242 1683 3277 qua
1713 3237 1800 3278 post
1831 3233 2028 3267 Erasmum
2052 3239 2090 3268 et
2114 3229 2311 3267 Schottum
2337 3227 2383 3264 ad

1370 3287 1578 3324 Zenobium
1607 3287 1793 3324 videndus
1813 3297 1867 3324 cst
1888 3291 2098 3326 Gatakerus
2123 3291 2181 3325 De
2197 3291 2244 3325 N.
2272 3288 2381 3324 lnstr.

1373 3347 1466 3394 Styl.
1492 3360 1522 3382 c.
1550 3360 1608 3393 ις),
1645 3359 1808 3395 quorum
1841 3347 2053 3384 observatis
2084 3346 2133 3384 ab
2153 3345 2383 3398 Spanhemio
