2485 3808
925 142 1177 181 SCHOLIA
1214 142 1276 181 IN
1311 143 1516 182 PACEM.

157 229 324 273 ἐσθίοντες
342 230 498 267 κυκεῶνα
515 229 670 267 πίνουσιν
684 229 770 282 ὑπὲρ
786 232 844 267 τοῦ
863 229 972 276 πῆξαι
987 229 1048 275 τὴν
1066 229 1194 282 τροφὴν
1221 255 1226 282 ¹

158 289 218 327 καὶ
238 288 286 339 μὴ
306 294 465 325 ναυτιᾶν·
482 287 542 325 καὶ
561 287 628 339 γὰρ
649 287 687 325 τὸ
716 287 805 326 πολὺ
823 290 883 333 τῆς
904 287 1042 339 ὀπώρας
1067 287 1195 339 προσί-
1222 292 1224 300 “

159 363 283 385 σταται
301 362 350 383 τι)
370 345 550 398 στομάχω
632 345 776 388 ’.Αλλως
799 362 875 389 τους
897 346 962 384 ὑπὸ
984 350 1044 392 τῆς
1060 345 1196 398 ὀπώρας

159 403 409 457 βαρυνομένους
429 404 546 442 ἰᾶσθαί
567 420 682 456 φασιν,
708 407 736 442 εἰ
761 404 912 456 αἰποῧρέ
898 421 1011 448 ςαντες
1029 406 1073 455 γλ
1066 404 1194 455 ήχωνα
1223 423 1225 431 ·

121 479 138 504 5
158 465 204 506 εἷς
219 462 310 516 ὕδωρ
327 462 452 500 πίοιεν·
472 464 589 500 ἰᾶσθαι
605 461 672 514 γὰρ
689 461 777 500 οὕτω
799 477 876 505 τους
894 465 953 509 τῆς
969 462 1110 515 καρδίας
1131 461 1195 499 πό-

156 523 256 571 νους.)

210 593 274 618 713.
305 579 380 630 (τὴν
401 578 546 631 θεωρίαν
564 593 572 617 :
599 579 683 622 Τοῖς
703 579 765 629 μὲν
781 581 945 631 γεωργοῖς
963 578 1111 631 φέρουσα
1132 577 1194 624 τὴν

155 636 324 690 Ὀπώραν
345 637 470 683 ἔδωκε,
486 640 528 688 τῇ
551 638 584 674 35
605 639 711 689 βουλῇ
731 636 793 683 τὴν
813 637 972 690 Θεωρίαν
993 636 1193 686 ἀπένειμεν·

155 694 268 734 ἐδόκει
280 695 347 749 γὰρ
365 699 386 742 ἡ
404 694 509 746 βουλὴ
523 711 584 741 της
598 696 767 747 θεωρίας.)

208 774 272 800 715.
301 762 362 805 τῆς
389 759 562 812 θεωρίας.
554 772 562 779 ·
584 759 628 797 ‘ll
655 758 721 811 γὰρ
743 757 850 809 βουλὴ
870 757 930 801 τὰς
959 756 1135 810 θεωρίας’

154 834 285 869 πεμπε.
311 841 364 847 —-
382 817 492 855 λείπει
520 816 556 854 35
579 817 617 854 τὸ
638 816 761 854 ἕνεκεν.
783 824 820 854 R.
849 816 947 865 (τινες
967 815 1003 853 35
1023 816 1194 860 στίζουσιν

155 878 202 921 εἰς
219 876 259 915 τὸ
280 875 407 929 βουλὴ,
424 876 484 914 καὶ
504 875 718 913 συνάπτουσι
735 874 774 912 τὸ
793 873 834 912 σὺ
855 877 915 919 τῆς
935 873 1094 926 Θεωρίας
1114 872 1193 910 ὅσον

155 934 269 986 ζωμὸν
297 933 457 987 ῥοφήσεις
480 936 620 984 ἡμερῶν
652 934 769 984 τριῶν,
791 935 836 975 ὡς
866 931 1105 983 ψηφιουμένης
1131 933 1193 976 τῆς

157 994 283 1045 βουλῆς
301 996 401 1030 θῦσαι
423 995 501 1043 βοῦς
520 991 576 1028 ἐπὶ
596 990 755 1065 τούτοις.)

207 1070 270 1096 716.
304 1057 457 1108 (ἡμερῶν
477 1057 606 1106 τριῶν;

151 1118 174 1161 ἡ
197 1115 305 1166 βουλὴ
325 1117 406 1165 βους
423 1112 524 1150 θύειν.
544 1112 603 1164 ἀφ’
622 1116 670 1149 ὡν
689 1111 749 1149 καὶ
772 1110 871 1163 ἕτερα
893 1114 976 1164 ζῳα.
983 1112 997 1163 )

205 1192 273 1218 717.
302 1177 475 1228 χο’λικας;
501 1175 558 1214 Τὰ
578 1177 646 1213 τῶν
675 1178 763 1226 βοῶν
766 1175 901 1244 ..παχέα
927 1175 1064 1228 ἔντερα·
1082 1180 1192 1214 ταῦτα

150 1235 218 1288 γὰρ
237 1237 304 1296 οὐχ
325 1237 494 1287 ἷεροῧντο,
512 1236 558 1278 ὡς
576 1250 615 1272 το
635 1234 722 1272 ἄλλο
741 1236 856 1285 σῶμα.
885 1233 971 1277 τινὲς
990 1234 1026 1272 35
1047 1234 1193 1286 χόλικάς

151 1310 254 1348 φασιν
272 1287 360 1337 εἶδος
381 1291 508 1345 ἰχθύος.

204 1372 267 1397 722.
297 1357 608 1410 (ἀστραπηφορεῒί
631 1356 675 1396 Ὁ
705 1355 822 1408 στίχος
841 1359 881 1395 ἐκ
909 1356 1191 1410 Βελλεροφόντου

152 1417 355 1471 Εὐριπίδου.
374 1415 472 1467 παρὰ
487 1415 526 1453 τὸ
543 1416 739 1468 ἀστραπαῖς
761 1418 973 1467 ὑπηρετεῖν.)

205 1487 272 1514 724.
301 1473 365 1520 τὴν
392 1489 452 1511 του
480 1473 737 1523 Γανυμήδουςε
769 1472 858 1511 Ἀντι
878 1477 936 1511 τοῦ
956 1489 1018 1519 την
1048 1473 1188 1526 κόπρον.

151 1534 204 1572 ὅτι
223 1535 319 1576 οὗτος
341 1531 442 1582 μόνος
460 1531 608 1577 θνητὸς
594 1547 628 1568 εν
648 1532 746 1574 θεοις.
766 1529 852 1574 τινὲς
865 1530 900 1568 35
920 1530 976 1568 διὰ
994 1531 1032 1569 τὸ
1050 1547 1084 1569 εν
1098 1534 1190 1584 ἀρχῇ

154 1591 217 1642 [11]
236 1593 380 1641 ῥηθῆναι
399 1590 493 1626 αὐτῶ
510 1607 526 1622 «
549 1588 668 1641 ἑτέραν
699 1588 819 1641 ἑτέραν
848 1589 971 1633 παιδὸς
996 1591 1189 1642 ἡταιρηκό-

99 1658 218 1692 2510<-
250 1667 266 1682 n
297 1646 407 1686 ἐδόκει
435 1646 502 1699 γὰρ
526 1647 586 1684 καὶ
613 1649 630 1684 ὃ
663 1647 874 1698 Γανυμήδης
859 1647 1069 1700 ςερώμενος
1103 1653 1190 1686 εἶναι

150 1706 244 1751 Διός.

202 1784 266 1810 726.
297 1768 406 1822 (παρὰ
429 1767 491 1815 τὴν
512 1769 585 1806 θεὸν
606 1783 615 1807 :
638 1768 739 1812 Τινὲς
758 1770 796 1806 οὐ
816 1769 913 1821 παρὰ
939 1769 1002 1816 τὶν
1027 1770 1190 1823 Εἷρηνην,

149 1828 288 1880 λέγουσι
304 1827 370 1880 γὰρ
390 1829 425 1865 ἐν
448 1829 498 1880 τῷ
514 1828 648 1879 οὖρανῳ
670 1833 784 1876 μεῖναι
806 1843 865 1865 και
880 1829 918 1865 ἐκ
898 1831 1008 1865 κεῖθεν
1030 1830 1063 1866 ἐν

149 1886 267 1938 ὥσπερ
287 1886 347 1924 καὶ
365 1885 422 1924 τὸν
443 1887 617 1935 Πόλεμον·
634 1886 788 1935 οὐδαμοῦ
804 1885 889 1957 γὰρ
894 1888 999 1933 αὐτης
1016 1887 1189 1936 μέμνηται

1121 757 1194 801 εξέ-

105 774 138 800 10

102 1070 135 1096 15
623 1053 708 1092 Ἐπι
722 1054 752 1105 γ’
769 1052 836 1105 γὰρ
850 1052 983 1105 ἡμέρας
999 1053 1193 1106 εψηςρίσατο

99 1371 135 1397 20

1053 1845 1102 1881 Ιέρ
1105 1845 1189 1879 ‘sa'
1160 1846 1175 1865 ν

96 1948 164 1978 ³0⁹
151 1962 186 1984 εν
205 1946 274 1988 τοῖς
302 1944 334 1982 g?-
321 1947 378 1993 ἧς
403 1947 449 1988 ὡς
469 1943 747 1990 κατελθούσης.
736 1944 833 1996 παρὰ
852 1943 915 1990 τὴν
945 1946 1020 1982 θεὸν
1044 1949 1101 1983 οὖν
1126 1962 1189 1992 την

149 2003 311 2050 Ἀθηνᾶν·
333 2002 478 2052 αγαλμα
500 2002 567 2054 γὰρ
591 2005 632 2047 ἠν
658 2002 692 2038 ἐν
720 2017 768 2039 τω
789 2001 922 2054 θεάτρω
939 2018 1000 2048 της
1017 2003 1186 2052 Ἀθήνας.)

202 2062 293 2113 δεῦρ’
317 2064 346 2099 ὠ
366 2060 497 2113 κόραι;
518 2062 573 2112 Τῇ
603 2060 736 2112 Εἰρήνη
757 2060 817 2097 καὶ
835 2063 879 2112 τῇ
900 2061 1042 2113 Θεωρία
1063 2076 1122 2098 και
1145 2078 1187 2114 τῃ

149 2119 295 2173 Ὀπώρα
317 2118 422 2171 λέγει.

202 2198 269 2223 727.
302 2183 457 2233 (ἕπεσθον
478 2181 538 2231 ἅμ’
560 2182 637 2232 ἐμοὶ
655 2195 663 2220 :

96 2253 131 2279 35
151 2241 345 2294 ὑπόκρισιν.
365 2241 499 2279 κάτεισι
521 2240 588 2292 γὰρ
615 2240 671 2278 ἐπὶ
700 2240 763 2286 τὴν
788 2241 985 2294 ὀρχήστραν
1012 2242 1187 2291 κλίμαξιν.

150 2299 316 2352 ἐχόμενος
335 2299 371 2337 35
389 2302 451 2345 τῆς
477 2298 629 2351 Εἰρήνης
647 2298 853 2336 καταὸαίνει
875 2303 892 2337 ὁ
912 2299 1111 2351 πρεσὸύτης
1132 2302 1188 2339 ἐπὶ

149 2357 212 2404 τὴν
240 2357 450 2410 ὀρχήστραν.
468 2355 551 2399 ἴσως
574 2355 687 2394 δὲκαὶ
712 2359 730 2394 ὁ
748 2357 850 2409 χορὸς
876 2359 1022 2403 ἀνῆλθεν
1051 2361 1098 2402 εἷς
1126 2359 1188 2406 τὴν

151 2415 333 2466 ἀναγωγὴν
357 2418 418 2461 τῆς
439 2414 615 2467 Εἰρήνης.)

202 2493 267 2518 728.
298 2477 518 2530 (ἐστυκότεςζ

685 2182 866 2220 Κατέλυσε
885 2187 944 2221 τοῦ
961 2185 1105 2236 οὐρανοῦ
1126 2184 1188 2231 τὴν

540 2475 639 2517 Ἔδει
660 2480 767 2516 εἰπεῖν
789 2481 946 2522 ἑστῶτες.
974 2479 1012 2518 τὸ
1033 2480 1068 2518 35
1086 2482 1188 2519 ἐστυ-

87 2546 133 2575 ,⁴0
151 2536 248 2581 κότες
264 2536 438 2589 ἐχρήσατο
455 2536 512 2574 διὰ
528 2534 590 2582 τὴν
609 2536 781 2588 Εἰρήνην,
798 2536 917 2589 ὥσπερ
938 2537 995 2575 διὰ
1011 2538 1188 2590 τὸ’γαμη-

150 2599 251 2643 θῆναι
267 2597 379 2634 αὐτῶν
406 2594 469 2642 τὴν
494 2593 556 2645 μὲν
576 2598 625 2647 τῷ
653 2595 840 2648 Τρυγαίῳ,
864 2595 927 2642 τὴν
944 2596 994 2648 δὲΑ
1004 2600 1047 2649 τῇ
1067 2599 1186 2650 βουλῇ.

148 2654 273 2707 πόρναι
291 2654 359 2707 γάρ
376 2656 460 2691 εἰσιν
480 2652 760 2704 ἐσκευασμέναι.)

202 2732 267 2758 729.
297 2718 387 2769 (ἀλλ’
412 2718 458 2756 ἴθι
478 2717 639 2771 χαίρων.
668 2717 712 2757 Ὁ
731 2718 834 2771 χορὸς
860 2718 971 2769 μένων
1000 2726 1091 2758 ποιεῖ
1113 2737 1185 2758 πα-

151 2776 320 2836 ράὸασιν..
332 2791 371 2814 ου
404 2776 555 2826 τελείαν,
591 2775 681 2814 αλλὰ
711 2777 906 2827 κομμάτιον
939 2777 1002 2827 μέν
1027 2780 1099 2816 ἐστι
1128 2795 1187 2817 του

98 2847 134 2873 45
151 2838 270 2886 χοροῦ.
294 2837 341 2872 ὡν
370 2833 587 2887 τετράμετρα
619 2834 862 2882 καταληκτικὰ
881 2836 1070 2887 τέσσαρα
1065 2835 1125 2873 u.5v
1152 2839 1187 2874 ἐν

151 2891 284 2930 ἐκθέσει
298 2889 395 2944 παρὰ
407 2890 547 2935 ταύτας.
562 2891 614 2929 ὅτι
634 2893 718 2930 εἰσὶν
736 2893 981 2935 ἀναπαιστικοι
997 2895 1187 2933 τελευταῖοι

151 2949 332 3003 τροχαϊκοὶ
349 2948 485 2987 κάτισοι
513 2955 582 2994 τοῖς
599 2950 725 2994 ἄλλοις.
806 2952 952 2996 Ἄλλως.
971 2955 993 2998 ἡ
1017 2952 1185 3004 παράῧα-

153 3024 206 3052 σις
224 3006 313 3054 αὕτη
338 3007 401 3044 οὔκ
419 3006 493 3045 ἔστι
522 3008 649 3047 τελεία.
677 3013 736 3048 τοῦ
769 3009 835 3062 γὰρ
864 3010 1098 3063 ἐπιρρήματος
1128 3012 1187 3049 καὶ

152 3064 451 3118 ἅντεπιρρήματος
468 3065 662 3117 ἐστέρηται.
681 3067 756 3106 ἔστι
775 3068 887 3106 τοίνυν
904 3069 944 3106 τὸ
961 3067 1024 3119 μὲν
1041 3069 1186 3120 κομμά-

99 3135 135 3161 ω
152 3140 225 3164 τιον
241 3123 370 3175 στίχων
389 3125 650 3162 ἄναπαιστικῶν
665 3126 907 3179 τετραμέτρων
921 3129 1187 3174 καταληκτικῶν

154 3183 196 3222 ε’.
215 3181 256 3220 τὸ
272 3182 309 3219 δὲ
326 3179 460 3232 μακρὸν
481 3181 609 3232 στίχων
633 3181 759 3231 ὁμοίων
780 3184 849 3233 λγ’.
870 3187 892 3230 ἡ
914 3185 942 3222 3'
963 3184 1094 3229 ἔκθεσις
1112 3185 1185 3223 κώ-

150 3242 221 3279 λων
234 3239 317 3278 δέκα
330 3237 500 3291 διμέτρων
513 3238 605 3285 πλὴν
620 3243 680 3278 τοῦ
691 3240 888 3280 τελευταίου
904 3244 1042 3290 καταλη
1068 3246 1186 3282 τικῶν.

156 3299 212 3337 ἐπὶ
230 3304 318 3338 πᾶσι
336 3296 591 3350 παράγραφος.)

288 3373 396 3398 scum..
415 3372 577 3397 Amsropn.

2216 156 2287 189 193

1309 229 1369 279 (τὰ
1387 230 1492 276 σκεύη
1512 243 1520 269 ;
1543 229 1616 273 Τὰς
1632 230 1743 281 ἄμας,
1755 230 1799 269 τὰ
1819 231 1970 283 σχοινία.
1986 233 2114 284 γυμνὸν
2132 233 2197 287 γὰρ
2213 251 2288 273 ποι-

1253 290 1328 324 οῧσι
1349 287 1406 324 τὸν
1426 288 1530 340 χορὸν
1548 290 1578 325 οἱ
1597 289 1745 338 κωμικοὶ
1764 289 1834 336 ἀεὶ,
1855 289 1911 328 ἵνα
1928 292 2103 343 ὀρχῆται.)

1305 358 1370 383 730.
1404 346 1602 393 (κυπτάζειν
1625 359 1633 385 ;
1661 347 1891 400 Κρυῑριμαίως
1908 349 2096 401 διατρίὸειν
2122 350 2183 388 καὶ
2203 351 2291 403 κρύ-

1252 405 1425 453 πτεσθαι.)

1305 474 1368 499 733.
1399 477 1489 513 χρην
1515 477 1577 511 μεν
1594 461 1734 500 τύπτειν
1762 478 1770 502 :
1792 466 1878 513 (sz
1903 465 2105 517 παραίάσει
2122 466 2292 518 κέχρηται
2312 482 2328 506 5

1252 519 1269 553 ὁ
1294 532 1415 569 χορος,
1451 519 1558 568 μηδεν
1587 520 1666 572 περὶ
1698 524 1758 558 τοῦ
1787 522 2014 574 προκειμένου
2042 523 2199 574 λεγων
2180 541 2202 571 η
2234 525 2292 563 τὸν

1256 599 1275 611 ,
1251 574 1400 621 ποιητὴν
1426 591 1590 615 επαινων.
1609 578 1810 649 παράὲασιν
1840 579 2020 618 ἐκάλουν’
2002 581 2072 619 απὸ
2091 586 2150 620 τοῦ
2172 598 2292 634 παρα-

1252 632 1381 670 ὅαίνειν
1408 634 1466 672 τὸν
1487 634 1592 707 χορὸν
1615 636 1685 673 ἀπὸ
1710 640 1772 683 τῆς
1797 638 2046 688 νενομισμένης
2071 641 2225 685 στάσεως
2248 643 2294 686 εἷς

1250 706 1314 737 την
1343 692 1555 744 καταντικρὺ
1584 697 1643 731 τοῦ
1673 694 1859 746 θεάτρου
1839 698 1930 747 ohne,
1954 697 2058 734 ὁπότε
2088 698 2249 738 5’3067.5·.0
2276 702 2294 737 ὁ

1250 748 1399 795 ποιητης
1429 751 1655 801 διαὶεχθῆναί
1674 768 1706 788 τι
1727 752 1790 796 ἔξω
1815 756 1876 799 τῆς
1902 754 2138 798 υποθέσεως
2116 768 2196 794 ανευ
2224 760 2292 796 τῶν

1251 808 1447 859 ὑποκριτῶν
1469 808 1554 860 πρὸς
1572 809 1611 846 τὸ
1641 809 1820 863 θέατρον
1802 810 1860 848 οιὰ
1888 815 1949 848 τοῦ
1975 828 2039 864 χορ
2044 816 2092 850 οῧ.
2112 815 2294 866 ἐστρέφετο

1251 863 1288 901 35
1309 867 1325 901 ὁ
1343 864 1446 917 χορὸς
1466 881 1525 902 και
1543 866 1693 915 ἐγίνοντο
1711 871 1844 919 στοῖχοι
1862 869 1906 908 3.
1926 873 2000 906 εἶτα
2021 871 2212 915 διελθόντες
2231 889 2295 919 την

1250 921 1470 971 καλουμένην
1487 924 1724 996 παράὸασιν’
1710 941 1916 978 εστρεροντο
1935 927 2040 965 πάλιν
2061 930 2108 972 εἰς
2123 945 2186 975 την
2203 946 2295 983 προ-

2315 769 2347 793 ΙΟ

1249 978 1353 1031 τέραν
1379 980 1468 1018 στάσ
1473 997 1513 1019 ν.
1533 983 1636 1028 ὂηὶον
1665 983 1699 1020 3:
1721 989 1875 1022 ποιοῦσιν
1894 985 1992 1023 αὐτοὶ
2010 988 2041 1024 οἱ
2069 1003 2234 1035 ποιηται,
2256 1006 2296 1027 το

1250 1038 1458 1090 στρέφεσθαι
1486 1040 1711 1089 σημαίνοντες
1729 1042 1789 1080 καὶ
1816 1043 1854 1080 τὸ
1875 1043 2119 1094 παραὸαίνειν.
2143 1046 2295 1085 Πλάτων

1251 1097 1283 1133 ἐν
1305 1111 1354 1133 τω
1377 1098 1562 1150 Παιδαρίω
1580 1118 1593 1132 «
1617 1101 1645 1136 εἰ
1667 1116 1730 1149 ’.ιεν
1754 1117 1802 1150 μη
1821 1101 1898 1139 λίαν
1920 1101 1982 1140 ὠ
1985 1104 2080 1156 νδρες
2096 1106 2295 1156 ηναγκαζό-

2317 1061 2348 1086 15

1250 1172 1265 1186 «
1288 1170 1356 1203 μην
1379 1156 1384 1205 Ι
1406 1155 1554 1208 cvpihou
1573 1158 1663 1209 δεῦρ’
1668 1188 1678 1206 ,
1692 1173 1754 1196 ουκ
1769 1158 1811 1196 ἂν
1828 1160 1986 1213 παρεοην
2004 1164 2050 1204 εἰς
2065 1162 2155 1206 λέξιν
2169 1164 2296 1202 τοιάνδ’

1250 1230 1264 1245 «
1287 1213 1392 1259 ἐπων,
1414 1232 1429 1246 υ
1456 1214 1562 1266 ἅμ’ρω
1588 1215 1770 1265 σημάνας,
1796 1218 1856 1255 καὶ
1882 1234 1921 1255 το
1945 1219 2152 1271 στρέφεσθαι
2178 1222 2238 1260 καὶ
2258 1223 2297 1261 τὸ

1249 1243 1491 1352 παραγίάίνειν.
1514 1255 1685 1324 ΙΚρατῖνος
1718 1273 1754 1312 35
1776 1292 1811 1313 εν
1844 1279 1886 1327 τῇ
1909 1277 2088 1315 Πυλαία
2070 1280 2170 1325 οηὶοῖ
2192 1296 2243 1318 οτι
2264 1297 2297 1325 ες

1249 1329 1322 1366 ἐστι
1339 1329 1426 1380 ζυγὰ
1442 1346 1502 1367 του
1522 1335 1644 1382 χοροῦ.
1662 1335 1679 1370 ὁ
1702 1332 1737 1370 35
1755 1335 1866 1384 νοῦς,)
1885 1336 1990 1387 ἐχρην
2012 1352 2086 1386 μεν,
2108 1337 2140 1375 εἴ
2156 1354 2205 1382 τις
2224 1355 2297 1377 κω-

1250 1387 1492 1439 μωδοποιητὴς
1509 1388 1631 1426 εαυτὸν
1650 1390 1754 1441 ἐπήνε
1760 1407 1769 1427 ι
1787 1392 1987 1444 παραοάσει
2004 1393 2201 1446 χρώμενος,
2221 1396 2298 1440 τοὺς

2267 1280 2298 1295 tl*

2316 1356 2351 1380 20

1250 1444 1464 1496 ραῧδοόχους
1480 1445 1628 1490 ἐκείνους
1648 1447 1788 1486 τύπτειν
1807 1449 1910 1487 αὐτον
1933 1453 1980 1493 ὡς
2005 1452 2158 1504 ἀπρεπές
2175 1469 2208 1490 τι
2231 1470 2297 1503 με-

1248 1503 1540 1555 ταχειριζόμενον.
1565 1506 1593 1542 εἰ
1618 1504 1653 1542 35
1674 1506 1804 1579 πρέπον
1829 1507 1935 1558 ἐστὶν,
1955 1512 1982 1546 ὠ
2003 1511 2151 1557 Μοῦσα,
2174 1512 2296 1549 ἑαυτὸν

1250 1561 1430 1599 ἐπαινεσαι
1452 1561 1549 1609 τινὰ,
1571 1564 1673 1615 ,ρησὶν
1698 1567 1715 1601 ὁ
1739 1566 1948 1610 διδάσκαλος
1973 1570 2099 1616 ημῶν,
2118 1570 2296 1608 τουτέστιν

1248 1622 1266 1656 ὁ
1279 1620 1524 1674 Ἀριστοφάνης
1541 1658 1552 1677 ,
1580 1623 1671 1667 ἄξιος
1689 1628 1775 1662 εἶναι
1791 1627 1926 1672 ποὶλης
1942 1643 2064 1676 τιμης,
2079 1627 2186 1675 ὅστις,
2202 1629 2295 1682 Ἀρι-

1249 1693 1290 1714 στ
1278 1677 1438 1729 .ο·ράντ,ς,
1457 1680 1594 1731 ἄριστος
1614 1697 1692 1731 γεγε
1685 1682 1758 1728 ’ντη
1761 1699 1810 1720 αι.
1831 1699 1921 1729 ησαν
1937 1684 1972 1721 35
1994 1685 2051 1723 ἐπὶ
2068 1702 2128 1732 της
2148 1667 2298 1736 θυμέλης

2316 1643 2349 1667 25

1249 1735 1456 1788 32000'90'5002
1474 1753 1516 1774 τι
1516 1754 1581 1788 7553,
1603 1738 1635 1775 Οἱ
1654 1755 1714 1785 ἵης
1738 1756 1926 1792 562066425
1946 1757 2032 1792 5115!
2035 1759 2113 1781 07’0
2129 1760 2196 1782 tom
2217 1748 2297 1783 052-

1247 1809 1329 1832 των.
1351 1792 1372 1838 ἢ
1392 1794 1602 1847 ραοΞού-χους
1623 1813 1697 1835 ειπε
1717 1813 1794 1842 τους
1813 1799 1932 1851 κριτὰς
1947 1805 2008 1839 τοῦ
2033 1803 2184 1852 ἀγῶνος,
2204 1802 2260 1847 οὒς
2278 1806 2296 1841 ὃ

1247 1866 1353 1897 ποιητ
1341 1867 1395 1897 ης
1417 1854 1635 1902 αἰσυιινητας
1655 1849 1761 1893 εἶπεν.

1300 1923 1364 1949 735.
1395 1911 1516 1962 παραο
1522 1911 1558 1955 ἃς
1587 1914 1621 1949 ἐν
1641 1919 1711 1956 τοῖς
1732 1916 1960 1960 ἀναπαίστοις
1977 1929 1986 1955 :
2016 1919 2143 1955 Πᾶσαν
2159 1917 2294 1971 παρέκ·
2313 1938 2348 1963 3ο

1249 1966 1349 2005 ἔασιν
1369 1969 1603 2012 ἀναπαίστους
1622 1971 1725 2021 λέγει.

1300 2039 1365 2065 736.
1395 2026 1494 2079 παρὰ
1520 2027 1564 2064 τὰ
1586 2030 1825 2078 Σιμωνίδου’
1811 2046 1850 2067 εκ
1874 2047 1942 2068 των
1974 2032 2145 2083 ἐλεγείων·
2167 2052 2182 2066 (ι
2204 2036 2233 2072 εἶ
2265 2035 2294 2073 δ’

1248 2083 1316 2135 ἄρα
1335 2100 1502 2133 τιμησαι,
1524 2084 1576 2122 06⁴
1566 2101 1633 2136 νατ
1635 2102 1671 2138 ερ
1692 2087 1792 2133 Διὸς,
1811 2087 1904 2131 ὅστις
1926 2088 2064 2141 ἄριστος
2080 2090 2182 2143 δήμῳ
2199 2091 2295 2138 Ἀθη-

1246 2141 1350 2179 ναίων
1369 2142 1570 2186 ἐξετέλεσσα
1592 2144 1737 2193 μόνος.»
1755 2154 1795 2182 V.

1299 2213 1364 2238 746.
1395 2201 1429 2243 ἐς
1456 2200 1500 2237 τὰ
1533 2200 1678 2254 ράκια·
1670 2233 1679 2240 .
1710 2203 1773 2246 Ὡς
1803 2208 1949 2241 τοιαῦτα
1979 2205 2188 2256 εἰσαγόντων
2223 2210 2291 2245 τῶν
2312 2227 2346 2253 35

1248 2256 1362 2294 αλλων
1392 2261 1574 2309 κωμικῶν,
1612 2261 1926 2313 (ῥακοροροῧντας).
1958 2262 2146 2301 αἰνίττεται
2180 2263 2216 2302 35
2247 2267 2294 2309 εἷς

1248 2314 1329 2353 Εὕτ·
1318 2317 1417 2354 ολιν.

1300 2374 1360 2411 καὶ
1387 2376 1457 2417 τοῖς
1485 2375 1636 2428 φθειρσὶν
1660 2389 1668 2415 :

1248 2433 1310 2469 330
1293 2431 1397 2476 r‘{065.

1299 2503 1363 2529 7.4‹
1394 2491 1470 2533 τούς
1487 2491 1515 2528 θ’
1532 2490 1728 2544 Ἡρακλέας
1747 2507 1756 2531 2
1779 2493 1947 2543 (Μάττειν
1966 2493 2005 2532 τὸ
2021 2494 2135 2532 πολλὰ
2151 2495 2287 2535 ἐσθίειν.
2307 2517 2343 2541 40

1248 2547 1316 2585 ἀπο
1334 2564 1395 2593 της
1416 2550 1635 2598 ματτομένης
1661 2551 1782 2600 ζύμης.
1814 2551 2002 2589 αἰνίττεται
2027 2551 2063 2589 35
2090 2557 2204 2591 ταῦτα
2238 2555 2287 2597 εἰς

1248 2605 1369 2645 1:6⁹0)
1362 2622 1413 2652 ιν,
1431 2606 1465 2649 ὃς
1479 2607 1639 2654 εποίησεν
1659 2608 1837 2660 Ἡρακλέα
1851 2612 2022 2648 πεινῶντα
2043 2626 2103 2648 και
2121 2611 2286 2650 Διόνυσον

1246 2664 1356 2702 δειλὸν
1383 2665 1443 2702 καὶ
1463 2665 1531 2703 Δία
1562 2681 1684 2717 μοιχον
1712 2682 1771 2704 και
1803 2669 1922 2705 δοῦλον
1944 2668 2121 2706 κλαίοντα.
2147 2669 2234 2713 τινὲς
2253 2669 2290 2708 δέ

1245 2737 1348 2774 φασιν
1366 2724 1414 2765 εἰς
1442 2725 1614 2774 Κρατῖνον
1636 2724 1866 2772 αἰνίττεσθαι,
1883 2728 1930 2769 ὡς
1956 2730 2101 2764 τοιαῦτα
2119 2743 2286 2766 ποιουντα

1700 2376 1792 2414 Ἀντὶ
1821 2381 1880 2415 τοῦ
1912 2379 2059 2422 εὐτελεῖς
2088 2379 2214 2432 ἄνδρας
2233 2381 2292 2418 καὶ

1275 2447 1310 2469 25

1245 2762 1421 2832 ἐράματα.
1447 2783 1643 2820 ἐπεπόλασε
1661 2782 1696 2820 35
1719 2787 1831 2820 ταῦτα
1855 2783 1933 2821 τότε
1957 2785 2001 2822 τὰ
2020 2784 2205 2834 λήμματα.
2227 2786 2287 2823 καὶ

1245 2839 1344 2881 αὐτὸς
1358 2838 1393 2876 35
1407 2842 1425 2876 ὁ
1437 2839 1684 2909 Ἀριστοφάνης
1699 2843 1745 2884 ὡς
1758 2841 2019 2893 γαστρίμαργον
2033 2841 2090 2879 τὸν
2107 2842 2288 2895 <Ηρακλέα

1244 2898 1406 2949 κωμωδεῖ
1434 2896 1493 2934 καὶ
1519 2899 1552 2935 ἐν
1577 2896 1715 2949 Ὄρνισι
1744 2914 1803 2935 και
1832 2900 1866 2935 ἐν
1899 2899 2141 2939 Αἰολοσίκωνι.
2162 2901 2223 2938 καὶ
2252 2904 2287 2940 ἐν

1245 2959 1315 2996 τοῖς
1336 2954 1448 3006 Σφηξι
1472 2955 1537 3006 [60]
1564 2954 1643 3006 περὶ
1663 2954 1791 2993 τούτων
1817 2956 1918 3007 ρησὶ,
1936 2961 1997 2994 τοῦ
2013 2973 2050 2995 τε
2071 2958 2287 3010 Ηρακλέους

1244 3011 1303 3049 καὶ
1323 3016 1382 3049 τοῦ
1399 3012 1534 3051 δούλου.
1554 3013 1749 3057 ἐπεπόλαζε
1765 3012 1832 3065 γὰρ
1851 3014 1928 3052 τότε
1948 3019 2083 3066 ταῦτα,
2106 3016 2287 3069 Ηρακλῆς

1244 3073 1370 3107 πεινῶν
1399 3071 1459 3108 καὶ
1488 3070 1651 3114 Διόνυσος
1680 3071 1788 3114 δειλὸς
1815 3072 1873 3109 καὶ
1907 3073 2027 3124 μοιχὸς
2057 3074 2173 3125 Ζεὺς,)
2204 3074 2220 3090 ‘¹
2248 3091 2285 3114 τε

1245 3128 1304 3165 καὶ
1325 3128 1447 3172 αὐτοὺς
1467 3130 1602 3179 (δοκεῖν)
1622 3130 1801 3180 ἄχθεσθαι.
1824 3132 1995 3182 Κρατῖνος
2010 3150 2024 3165 «
2044 3132 2111 3170 ὑπὸ
2127 3133 2155 3171 3’
2174 3133 2286 3186 ‘Hpu-

1245 3186 1400 3230 «κλέους
1430 3190 1613 3230 πεινῶντος
1650 3188 1726 3238 ἄγει
1757 3188 1816 3226 καὶ
1849 3188 2065 3234 σκώπτοντες
2096 3195 2209 3229 ταῦτα
2247 3195 2284 3230 οὐ

1245 3263 1262 3278 «
1284 3245 1458 3296 βοιωτόν’
1443 3261 1528 3285 εστι.
1548 3264 1563 3280 »
1581 3245 1661 3298 περὶ
1676 3224 1712 3283 35
1730 3249 1799 3284 τῶν
1817 3246 1945 3285 δούλων
1960 3248 2020 3286 καὶ
2037 3250 2071 3287 ἐν
2088 3249 2284 3302 Βατράχοις

1244 3302 1359 3356 φησίν.

2305 3092 2338 3120 50

2110 3380 2141 3404 1³
