2533 3808
139 257 183 288 74

192 342 269 369 1271.
299 328 496 378 λοιδορῆσαι
515 336 524 361 :
543 324 617 367 Τῆς
642 317 874 370 παραὲάσεως
898 315 970 353 ἐστὶ
997 313 1097 366 μέρος
1117 311 1172 365 [τὸ

138 389 313 442 ἐπίρρημα
333 387 372 422 ἐκ
393 382 520 433 στίχων
541 379 734 431 τροχαϊκῶν
756 373 996 426 τετραμέτρων
1018 372 1173 416 καταλη-

138 448 263 485 κτικῶν
281 443 337 488 ις’,
352 441 419 479 ἔσω
435 435 610 487 νενευκυίᾳ
629 436 735 485 διπλῇ
751 431 1018 484 περατούμενον.
1042 429 1115 480 ἔχει
1140 426 1175 465 δὲ

139 503 198 542 καὶ
215 499 453 552 ἀντεπίρρημα
473 495 548 533 καθ’
567 492 711 531 ἕκαστον
726 490 842 542 ὅμοιον
860 492 983 541 ἑαυτῷ.
1003 483 1041 525 οῧ
1055 486 1111 525 ε’πὶ
1126 488 1176 538 τῷ

105 579 120 602 5
139 560 229 599 τέλει
244 553 412 609 κορωνίς.]
425 552 587 605 κωμῳδεῖ
603 549 638 588 δὲ
654 549 714 588 καὶ
731 547 946 587 καθάπτεται
957 543 1178 597 Ἀριφράδους

140 621 185 661 ὡς
216 613 474 665 ἀσελγαίνοντος
510 609 570 648 καὶ
603 610 881 660 ἀσχημονοῦντος
913 605 1086 655 αἰσχρῶς,
1118 601 1178 638 καὶ

140 675 235 727 παρὰ
261 672 360 726 φύσιν
379 668 579 724 προσιόντος
605 670 681 710 ταῖς
703 664 847 717 γυναιξί.
865 663 903 700 τὸ
922 662 957 700 δὲ
974 661 1051 703 τοὺς
1070 674 1179 705 πονη-

142 732 219 785 ροὺς
238 733 464 782 λοιδορεῖσθαι
481 725 566 777 τιμὴ
586 725 717 776 γίνεται
733 725 803 783 τοῖς
823 721 974 771 ἀγαθοῖς.

195 804 274 830 1276.
304 789 340 827 ὃν
359 790 408 826 δεῖ
424 786 523 825 πόλλ’
542 787 688 822 ἀκοῦσαι
707 796 716 822 :
737 785 837 832 Οἱον,
857 780 894 818 ὃν
915 781 966 817 δεῖ
983 778 1181 829 λοιδορηθῆ-

92 866 124 890 10
141 866 210 890 ναι.
230 847 323 900 λέγει
340 846 376 886 δὲ
391 846 449 885 τὸν
469 843 689 897 Ἀριφράδην.

197 921 277 946 1277.
309 900 405 949 οἶτος
428 899 470 951 ἦν
491 902 628 948 ἔνδηλος
654 914 662 939 :
683 900 751 938 “Ὸν
774 898 863 936 θέλω
886 896 998 948 λέγειν
1019 897 1098 945 ὑμῖν
1121 893 1183 930 οὐκ

144 966 235 1005 ἔστιν
261 965 442 1015 ἐπίσημος.
468 961 588 1000 τούτου
608 960 712 1012 χάριν
736 958 776 996 δι’
797 957 911 1009 ἑτέρου
935 954 1012 997 τοὺς
1038 952 1184 1006 τρόπους

146 1026 300 1072 δηλῶσαι
322 1022 422 1061 θέλω.
444 1024 543 1059 τοῦτο
569 1019 604 1057 δὲ
621 1017 733 1068 λέγει,
753 1020 798 1059 ὡς
821 1019 879 1053 τοῦ
899 1012 1101 1067 Ἀριγνώτου
1123 1009 1184 1061 μὲν

144 1079 417 1135 γινωσκομένου,
444 1077 665 1131 Ἀριφράδους
690 1075 726 1113 δὲ
752 1073 890 1124 ἀσήμου
917 1073 1030 1121 ὄντος,
1056 1069 1125 1107 ἀπὸ
1150 1066 1186 1105 δὲ

96 1158 127 1182 15
145 1141 267 1180 τούτου
281 1137 547 1191 γινωσκομένου.
621 1134 764 1177 Ἄλλως.
782 1133 838 1170 τὸν
857 1129 1062 1184 Ἀριφράδην
1079 1126 1184 1177 λέγει.

148 1198 369 1251 Ἀριφράδους
389 1195 424 1234 δὲ
444 1194 503 1233 δύο
520 1194 661 1240 παῖδες,
684 1191 884 1244 Ἀρίγνωτος
906 1188 964 1227 καὶ
984 1185 1188 1239 Ἀριφράδης

149 1255 329 1308 ὁμώνυμος
343 1256 392 1306 τῷ
405 1251 523 1305 πατρί.
850 1292 851 1295 ¹

204 1327 283 1352 1278.
313 1311 513 1365 Ἀρίγνωτον
540 1309 607 1362 γὰρ
629 1321 638 1348 :
663 1306 754 1346 Ἀντὶ
779 1308 857 1351 τοῦ,
883 1303 956 1342 ἔστι
976 1301 1042 1362 γ’ὲυιρ
1070 1301 1189 1346 δῆλος,

150 1372 211 1411 καὶ
227 1374 289 1410 οὐκ
313 1370 404 1409 ἔστιν
428 1369 520 1411 ὅστις
539 1369 601 1405 οὒκ
623 1360 712 1404 οἶδεν
730 1363 843 1402 αὐτόν.
865 1357 959 1405 οὗτος
981 1364 1038 1397 οὖν
1063 1361 1080 1395 ὃ
1098 1357 1189 1409 Ἀρί-

98 1447 133 1475 20
151 1446 279 1482 γνωτος
299 1429 499 1468 διεὸάλλετο
522 1425 581 1464 καὶ
600 1428 646 1468 ὡς
669 1421 906 1476 ἀρρητοποιός.
928 1418 1129 1472 Ἀρίγνωτος
1155 1414 1191 1452 δὲ

151 1485 247 1533 οὗτος
273 1486 460 1539 κιθαρῳδὸς
479 1480 532 1532 ἦν.
560 1483 679 1535 διόπερ
705 1482 764 1519 καὶ
786 1480 843 1518 τὸν
866 1480 977 1538 ὄρθιον
996 1476 1099 1526 νόμον
1126 1474 1190 1526 ἔφη

153 1546 255 1585 αὖτὸν
272 1545 408 1583 εἰδέναι.
426 1543 519 1581 δοκεῖ
538 1541 573 1579 δὲ
590 1541 650 1578 καὶ
671 1537 911 1590 παροιμιώδης
933 1539 1020 1573 εἶναι
1038 1537 1054 1571 ὃ
1069 1533 1167 1584 λόγος
1180 1562 1190 1581 ,

152 1605 243 1649 ὅστις
271 1598 340 1642 οἶδε
369 1602 408 1640 τὸ
436 1600 556 1639 λευκὸν
584 1598 644 1637 καὶ
671 1598 709 1635 τὸ
731 1597 853 1648 μέλαν.
884 1593 981 1645 παρὰ
1008 1596 1108 1631 τοῦτο
1135 1586 1193 1629 οῦν

153 1662 326 1709 ἐποίησεν.
346 1658 562 1713 εἰρωνεύεται
585 1656 620 1694 δὲ
637 1655 721 1708 πρὸς
741 1654 859 1705 αὐτὸν,
880 1652 932 1691 ὅτι
949 1654 1009 1690 οὐκ
1031 1651 1071 1689 ἂν
1090 1652 1194 1687 αὐτοῦ

102 1740 135 1764 25
154 1720 326 1771 ἐμνήσθην
346 1720 501 1770 χρηστοῦ
521 1715 632 1761 ὄντος,
657 1715 685 1751 εἷ
706 1711 754 1763 μὴ
776 1706 848 1764 εἶχε
865 1710 1013 1763 πονηρὸν
1035 1707 1193 1758 ἀδελφόν.

154 1782 171 1818 ὃ
191 1779 257 1831 γὰρ
278 1777 478 1830 Ἀρίγνωτος
499 1774 643 1815 ὕστατος
658 1767 713 1819 ἦν.

209 1851 287 1876 1279.
317 1832 445 1880 ὅστιςῆ
465 1833 504 1870 τὸ
519 1832 640 1870 λευκὸν
663 1846 672 1869 ε
695 1829 932 1882 Ἀρίσταρχος·
960 1827 1057 1880 παρὰ
1076 1825 1115 1863 τὸ
1135 1827 1197 1863 λε-

155 1895 313 1947 γόμενον,
336 1893 429 1936 ὅστις
451 1886 522 1930 οἶδε
543 1890 583 1928 τὸ
607 1888 729 1928 λευκὸν
760 1886 782 1933 ἢ
811 1886 849 1924 τὸ
878 1886 1001 1937 μέλαν.
1027 1887 1057 1923 οἱ
1081 1883 1115 1922 δὲ
1138 1883 1196 1921 λέ-

155 1969 272 2006 γουσιν
292 1951 494 2005 Ἀρίγνωτον
516 1947 721 2001 κιθαρῳδὸν,
739 1945 773 1989 ὃς
789 1940 850 1998 ᾖδε
869 1943 925 1982 τὸν
945 1944 1055 1996 ὄρθιον
1073 1942 1198 1981 καλού-

104 2029 138 2053 30
158 2028 258 2064 μενον
285 2010 387 2062 νόμον
416 2008 476 2047 καὶ
501 2008 558 2046 τὸν
577 2006 712 2052 λευκὸν,
744 2003 864 2055 οἵτινες
889 2002 1123 2053 ἐθαυμάζοντο
1148 2004 1198 2054 τῷ

156 2070 234 2109 τότε
252 2068 379 2122 χρόνῳ.
462 2065 608 2108 Ἄλλως.
630 2063 803 2116 παροιμία
822 2061 879 2099 ἐπὶ
898 2063 965 2098 τῶν
985 2060 1074 2098 πάνυ
1096 2076 1200 2113 φανε-

160 2131 238 2182 ρῶν.
263 2127 280 2165 ὃ
303 2121 360 2165 οὖν
387 2126 476 2163 θέλει
507 2125 627 2169 εἰπεῖν,
659 2120 812 2159 τοιοῦτόν
842 2121 945 2157 ἐστιν·
974 2118 1082 2161 οὐδείς
1107 2120 1199 2155 ἐστιν

158 2187 251 2230 ὅστις
268 2179 336 2224 οἶδε
356 2184 395 2222 τὸ
411 2182 532 2221 λευκὸν
548 2180 570 2228 ἢ
591 2181 630 2218 τὸ
656 2179 777 2231 μέλαν,
795 2181 812 2216 ὃ
830 2177 878 2229 μὴ
900 2177 1136 2228 ἐπιστάμενος.

214 2259 292 2283 1281.
321 2246 422 2281 τοῦτο
439 2240 501 2292 μὲν
518 2240 578 2278 καὶ
598 2237 758 2292 βούλεται
776 2250 785 2276 :
801 2236 852 2276 Τὸ
868 2231 955 2274 εἶναι
972 2235 1130 2282 δηλονότι
1143 2251 1202 2273 πο-

107 2331 140 2356 35
159 2303 272 2357 νηρός·

215 2376 295 2401 1285.
326 2362 360 2399 ἐν
386 2358 606 2411 κασαυρίοισι
634 2370 643 2396 :
667 2357 801 2408 Διχῶς,
823 2356 858 2392 ἐν
884 2352 1106 2401 κασαλὸίοις,
1127 2351 1203 2390 ἀντὶ

160 2425 237 2468 τοῦ,
254 2422 289 2457 ἐν
306 2418 487 2471 πορνείοις.

212 2477 276 2524 τὴν
303 2476 523 2514 ἀπόπτυστον
553 2473 674 2526 δρόσον
697 2486 706 2511 :
730 2470 806 2518 Τὴν
837 2473 904 2508 τῶν
930 2468 1069 2508 αἰδοίων
1096 2468 1203 2522 φησὶ,

162 2533 319 2574 τουτέστι
335 2534 374 2572 τὸ
395 2533 549 2585 σπέρμα.

219 2607 299 2632 1286.
330 2591 481 2643 ἐσχάρας
498 2603 507 2628 :
528 2589 586 2628 Τὰ
603 2588 704 2640 χείλη
721 2590 789 2625 τῶν
805 2585 1007 2637 γυναικείων
1025 2584 1176 2624 αἰδοίων.

219 2664 298 2690 1287.
329 2648 600 2698 Πολυμνήστεια
620 2661 628 2685 :
652 2644 752 2692 Μέλη
770 2644 1023 2694 Πολυμνήστου
1039 2644 1207 2694 Κολοφω-

164 2709 247 2747 νίου.
266 2707 454 2760 κιθαρῳδὸς
476 2706 512 2744 δὲ
535 2700 632 2748 οἶτος
650 2699 705 2751 ἦν.
728 2703 948 2755 κωμῳδεῖται
969 2701 1004 2739 δὲ
1032 2701 1091 2739 καὶ
1111 2697 1207 2743 οῧτος

166 2769 200 2805 ἐν
223 2768 293 2810 τοῖς
316 2768 438 2808 αὐτοῖς.
464 2764 715 2813 Πολύμνηστος
742 2761 777 2799 δὲ
806 2761 866 2798 καὶ
892 2760 1064 2811 Οἰώνιχος
1095 2758 1207 2810 ὅμοιοι

166 2822 398 2878 ἀρρητοποιοί.
420 2823 588 2875 Κρατῖνος

111 2617 145 2643 40

114 2933 147 2958 45
246 2918 297 2949 καὶ
315 2915 540 2958 Πολυμνήστει’
554 2914 666 2954 ἀείδει,
685 2913 836 2955 μουσικήν
852 2923 884 2943 τε
899 2910 1053 2953 μανθάνει.

222 3011 299 3037 1289.
330 2999 368 3035 ἐκ
384 2998 510 3035 ταύτοῦ
530 3010 539 3035 1
557 2995 642 3034 “On
662 2993 805 3047 αἰσχρὸν
822 2993 861 3031 τὸ
882 2991 1012 3030 τούτων
1031 2992 1208 3046 ποτήριον,

169 3056 225 3094 διὰ
240 3055 279 3094 τὸ
293 3055 421 3106 λείχειν
439 3054 574 3097 αὐτούς.

224 3127 302 3152 1290.
332 3112 535 3165 Εὖριπιδεία
555 3115 576 3158 ἡ
593 3111 755 3164 παρῳδία
775 3112 808 3156 ἐξ
829 3112 1035 3152 Ἱππολύτου
1054 3113 1149 3163 [374].
1170 3123 1209 3153 V.

194 3186 201 3201 ⁸
225 3186 305 3212 1291.
334 3169 488 3223 φροντίσι
515 3169 771 3221 συγγεγένημαι
797 3184 806 3209 2
828 3171 894 3210 Ἐκ
919 3175 978 3210 τοῦ
1007 3189 1021 3205 α
1042 3169 1135 3212 ὅστις
1153 3163 1211 3206 οῦν

119 3252 153 3276 50
173 3228 450 3280 τοιοῦτονᾶνδρα
477 3246 492 3260 »
513 3227 598 3280 φασί
617 3244 704 3270 τινες
723 3228 916 3272 Εὐπόλιδος
942 3224 1029 3267 εἶναι
1054 3227 1117 3273 τὴν
1143 3242 1211 3263 πα-

174 3287 333 3341 ράὸασιν,
355 3285 387 3324 εἴ
407 3300 446 3335 γε
463 3285 567 3338 φησὶν
590 3284 741 3328 Εὔπολις
759 3303 774 3319 «
801 3285 1008 3332 ξυνεποίησα
1025 3287 1074 3337 τῷ
1094 3285 1211 3337 φαλα-

175 3348 244 3400 ’‘Pii‘'
277 3363 292 3378 ))

228 3417 303 3442 1293.
335 3400 439 3440 ἐσθίει
464 3400 671 3451 Κλεώνυμος
693 3414 700 3440 :
722 3403 855 3440 Τοῦτον
872 3404 917 3445 ὣς
934 3399 1134 3455 δαπανηρὸν
1152 3400 1211 3439 καὶ

870 229 1127 270 SCHOLIA
1160 228 1222 265 IN
1256 226 1522 274 EQUITES.

1230 310 1397 353 πολλάκις
1408 310 1562 348 ἐσθίοντα
1577 307 1742 360 διασύρει,
1758 307 1832 355 ἅμα
1847 306 1881 345 δὲ
1896 307 1954 345 καὶ
1969 306 2091 346 δειλόν.
2107 306 2265 359 [ἐρεπτό-

1233 383 1332 418 μενον
1351 368 1386 406 δὲ
1407 362 1499 405 εἶπεν
1518 370 1735 420 ἐμφαντικῶς
1754 369 1800 409 ὡς
1815 366 1871 404 ἐπὶ
1888 366 2041 413 κτήνους.
2070 365 2194 411 σιπύης
2211 365 2266 412 δὲ,

1232 429 1292 471 τῆς
1310 424 1518 478 ἀρτοθήκης,
1536 423 1636 462 οἱονεὶ
1654 423 1815 469 σιτοὸύης
1827 424 1916 467 τινὸς
1932 423 2048 471 οὔσης.
2067 423 2164 476 παρὰ
2176 423 2215 461 τὸ
2233 425 2267 461 ἐν

1234 485 1321 534 αὐτῇ
1340 481 1385 519 τὰ
1404 482 1496 519 σιτία
1513 481 1781 532 ἐμὸάλλεσθαι.]

1293 554 1373 579 1298.
1394 540 1438 578 ἴθ’
1452 534 1480 577 ῶ
1494 541 1559 577 ἄνα
1575 553 1583 578 :
1599 538 1805 591 Πορεύθητι.
1821 541 1867 582 ὡς
1882 539 1941 576 καὶ
1957 539 1996 577 τὸ
2011 546 2158 591 γειτνιᾶν
2177 541 2271 592 αὐτῷ
2288 551 2306 577 5

1235 597 1456 652 φοὸουμένων
1474 600 1541 635 τῶν
1561 595 1774 641 ἐξωθούντων
1796 597 1910 635 αὐτόν.

1291 671 1371 696 1300.
1403 656 1506 709 φασὶν
1523 655 1692 701 ἀλλήλαις
1715 669 1723 694 :
1747 657 1995 704 Σωματοποιεῖ
2008 655 2067 699 τὰς
2082 656 2244 709 τριήρεις.

1292 729 1368 753 1302.
1399 714 1476 752 οὐδὲ
1503 714 1712 752 πυνθάνεσθε
1745 726 1754 752 :
1789 713 1880 751 Οὐδὲ
1917 713 2085 752 αἴσθεσθε.
2113 717 2132 752 ὃ
2159 715 2274 766 στίχος

1237 774 1334 827 παρὰ
1354 774 1398 812 τὰ
1429 773 1464 818 ἐξ
1496 772 1728 823 Ἀλκμαίωνος
1757 771 1958 824 Εὐριπίδου.
1984 771 2046 815 τὰς
2075 772 2220 822 μηδέπω
2239 772 2291 810 δὲ’

1238 833 1438 876 πλευσάσας
1476 831 1665 884 παρθένους
1704 830 1861 883 εἴρηκεν,
1901 828 1962 873 τὰς
2007 829 2043 868 δὲ
2077 830 2276 874 πλευσάσας
2297 843 2329 867 10

1239 891 1374 944 γραίας.
1406 889 1618 943 [Καρχηδὼν
1639 889 1689 941 δὲ]
1709 889 1808 932 πόλις
1826 888 1971 941 Θρᾴκης
1984 888 2063 941 περὶ
2083 888 2122 926 τὸ
2142 888 2279 934 Βυζάν-

1240 967 1324 990 τιον.
1934 958 1963 981 ο

1299 1022 1373 1047 1304.
1403 1007 1515 1054 ὀξίνην
1537 1021 1546 1046 :
1567 1006 1700 1051 Ὀξίδες
1720 1006 1741 1044 ἃ
1758 1008 1930 1057 καλοῦμεν
1951 1005 2133 1058 ὂξυόάφια.
2153 1007 2282 1058 λυχνο-

1242 1067 1336 1111 ποιὸς
1361 1066 1396 1105 δὲ
1418 1070 1435 1104 ὃ
1465 1066 1691 1119 Ὑπέρὸολος.
1717 1066 1804 1108 τινὲς
1825 1065 1860 1103 δὲ
1886 1065 1931 1103 τὰ
1950 1064 2105 1117 κεράμεα
2120 1095 2130 1115 ,
2147 1064 2169 1102 ἅ
2190 1066 2282 1102 ἐστιν

1243 1126 1336 1170 ὄξους
1357 1124 1509 1164 δεκτικά.
1533 1123 1702 1176 κεραμεὺς
1722 1124 1757 1162 δὲ
1777 1127 1794 1162 ὃ
1811 1123 2035 1174 Ὑπέρὸολος.
2060 1123 2148 1174 μετὰ
2166 1122 2202 1160 δὲ
2220 1122 2283 1168 τὴν
2305 1137 2336 1161 15

1245 1181 1422 1230 ’ἀποδολὴν
1445 1188 1503 1221 τοῦ
1536 1182 1695 1226 Κλέωνος
1721 1181 1843 1226 εὐθέως
1878 1181 2090 1235 ὑπερέὸαλεν
2118 1181 2202 1235 ὑπὲρ
2224 1185 2284 1219 τοῦ

1246 1241 1475 1295 Ὑπερὸόλου.
1495 1243 1569 1292 μετ’
1589 1242 1691 1278 αὐτὸν
1707 1240 1773 1292 γὰρ
1793 1241 2049 1279 ἐπολιτεύσατο.

1302 1312 1382 1338 1300.
1413 1298 1517 1342 “Huc
1537 1300 1668 1350 ἀνδρῶν
1688 1311 1696 1337 :
1715 1296 1819 1341 εἨτις
1835 1293 1877 1344 ἦν
1897 1297 1992 1336 οὔπω
2009 1297 2172 1348 δεδομένη
2189 1314 2287 1351 τριη-

1249 1357 1385 1410 ράρχῳ,
1422 1356 1510 1408 μηδὲ
1544 1356 1746 1403 πλεύσασα,
1786 1355 1876 1394 ἀλλὰ
1911 1356 2034 1395 νεωστὶ
2063 1372 2288 1395 κατασκευα-

1250 1419 1370 1453 σθεῖσα
1385 1444 1394 1460 ,
1410 1415 1452 1461 ἢν
1474 1414 1545 1452 ἀνω
1565 1408 1641 1452 εἶπε
1656 1414 1839 1467 παρθένον.

1304 1486 1382 1512 1307.
1411 1472 1522 1510 λείπει
1542 1472 1580 1510 τὸ
1601 1466 1629 1510 ῶ
1651 1475 1717 1511 Ζεῦ
1749 1473 1810 1509 καὶ
1829 1471 1868 1509 τὸ
1892 1473 2031 1520 δοθῆναι
2056 1474 2161 1526 αὐτῷ.
2181 1487 2221 1516 V.
2244 1475 2290 1512 Θ.

1305 1545 1383 1569 1308.
1414 1530 1481 1568 ὑπὸ
1497 1529 1690 1583 τερηδόνων
1717 1544 1726 1568 :
1750 1529 1971 1578 Σηπεδόνων,
1991 1530 2013 1577 ἢ
2035 1531 2238 1577 σκωλήκων.

1307 1603 1387 1629 1309.
1418 1589 1495 1626 οὐδὲ
1524 1587 1736 1640 Ναυφάντης
1762 1600 1771 1626 :
1804 1587 2000 1634 Πεποίηται
2024 1593 2135 1626 ταῦτα
2151 1588 2195 1627 τὰ
2214 1588 2292 1627 ὀνό-

1254 1663 1349 1698 ματα
1367 1646 1464 1700 παρὰ
1483 1646 1545 1694 τὴν
1567 1650 1661 1684 ναῦν.
1681 1646 1751 1684 ἀπὸ
1768 1650 1884 1684 κοινοῦ
1905 1646 1941 1684 δὲ
1964 1646 2003 1684 τὸ
2022 1646 2126 1700 ἄρξει.

1308 1720 1389 1745 1310.
1421 1705 1516 1758 εἴπερ
1547 1707 1585 1742 ἐκ
1613 1704 1744 1750 πεύκης
1772 1720 1811 1755 γε
1831 1704 1929 1756 κάγὼ
1962 1719 1971 1744 1
1994 1705 2136 1744 Ὡσανεὶ
2164 1705 2291 1757 ἔλεγεν,
2313 1717 2348 1743 25

1254 1763 1350 1816 εἴπερ
1383 1762 1416 1808 ἐξ
1437 1759 1625 1815 ἀνθρώπων
1657 1762 1727 1812 εἷμὶ
1752 1763 1862 1813 κάγώ.
1900 1764 1965 1815 οὐχ
1994 1764 2112 1807 ἁπλῶς
2134 1763 2191 1811 δὲ,
2218 1764 2293 1802 ἀλλ’

1254 1816 1322 1859 οἷον
1343 1823 1372 1859 εἷ
1388 1820 1497 1873 χολὴν
1522 1821 1604 1873 ἔχω.
1627 1820 1695 1858 ἀπὸ
1716 1820 1837 1859 τούτου
1857 1821 1895 1858 τὸ
1912 1821 2133 1860 πευκεδανόν.

1309 1893 1390 1918 1312.
1420 1881 1467 1922 εἷς
1493 1879 1532 1916 τὸ
1561 1880 1712 1925 Θησεῖον
1738 1892 1746 1917 :
1768 1879 1941 1918 Ἐνταῦθα
1965 1882 1995 1918 οἱ
2023 1879 2297 1933 καταφεύγοντες

1254 1941 1322 1976 τῶν
1342 1940 1482 1976 οἰκετῶν
1502 1937 1646 1975 ἀσυλίαν
1664 1931 1768 1988 εἶχον.

1308 1997 1365 2035 ἐπὶ
1383 1999 1451 2034 τῶν
1467 1998 1599 2047 σεμνῶν
1617 2009 1625 2035 :
1646 1998 1707 2039 Εἰς
1721 1996 1760 2033 τὸ
1776 1998 1844 2034 τῶν
1861 1995 2031 2049 Ἐρινύων
2052 1997 2153 2050 ἱερόν.
2168 1997 2229 2035 καὶ
2245 1999 2297 2036 ἐν·
2315 2006 2351 2032 30

1255 2059 1366 2094 ταῦθα
1387 2055 1422 2093 δὲ
1440 2057 1470 2092 οἱ
1490 2054 1619 2092 οἰκέται
1639 2054 1791 2107 ἔφευγον.

2308 1429 2343 1455 20

1312 2128 1389 2153 1313.
1411 2116 1626 2165 ἐγχανεῖται;
1644 2113 1921 2161 Καταπτύσειεν,
1936 2113 2153 2166 ἒνυὸρίσειεν.
2164 2113 2299 2167 σκάφας

1258 2173 1314 2223 δὲ,
1345 2172 1389 2210 τὰ
1423 2172 1539 2216 ξύλινα
1572 2173 1708 2222 ἀγγεῖα.
1731 2170 1892 2224 [λύχνους
1923 2171 1976 2220 δὲ,
1997 2171 2049 2210 ὅτι
2070 2172 2300 2224 λυχνοπώλης

1258 2226 1328 2282 ἢκ]

1313 2302 1391 2327 1316.
1422 2289 1587 2341 εὐφημεῖν
1604 2286 1673 2341 χρὴ
1697 2301 1705 2327 :
1729 2288 1851 2340 Στίχοι
1879 2289 1914 2326 ἐν
1940 2287 2072 2327 ἐκθέσει
2094 2291 2301 2327 ἀναπαιστι-
2319 2301 2356 2327 35

1258 2347 1312 2386 κοὶ
1331 2346 1556 2400 τετράμετροι
1575 2348 1825 2392 καταληκτικοὶ
1845 2347 1895 2384 ιε’.
1910 2346 1983 2398 [ἐπὶ
2007 2350 2056 2400 τῷ
2076 2346 2166 2385 τέλει
2181 2346 2302 2401 παρά-

1259 2406 1417 2459 γραφος-]
1455 2457 1475 2464 „

1316 2477 1394 2502 1317.
1425 2463 1489 2513 [οἷς
1515 2465 1536 2508 ἡ
1570 2461 1671 2505 πόλις
1689 2475 1697 2501 :
1714 2460 1800 2500 εὈτι
1816 2462 1984 2515 φιλόδικοι
2008 2457 2097 2510 ἦσαν
2119 2463 2301 2510 Ἀθηναῖοι.

1260 2521 1456 2565 παιωνίζειν
1475 2520 1510 2557 δὲ
1522 2550 1530 2566 ,
1549 2519 1655 2570 ὕμνον
1672 2526 1804 2557 παιᾶνα
1826 2520 1946 2573 ᾅδειν.]

1316 2592 1395 2617 1320.
1426 2578 1476 2630 ἐφ’
1504 2576 1573 2630 ὅτῳ
1604 2580 1775 2627 κνισῶμεν
1811 2577 1933 2628 ἀγυιάς
1955 2591 1964 2617 :
1986 2575 2114 2616 Ἔθυον
2147 2577 2215 2631 γὰρ
2234 2579 2302 2633 πρὸ
2321 2589 2358 2615 10

1262 2640 1328 2675 τῶν
1350 2635 1560 2687 εὐαγγελίων
1580 2635 1648 2688 πρὸ
1671 2638 1739 2673 τῶν
1767 2637 1886 2673 πυλῶν
1915 2635 2068 2680 ἕκαστος.
2104 2636 2225 2687 ἀγυιὰς
2253 2636 2301 2684 δὲ,

1262 2694 1338 2738 τοὺς
1372 2693 1548 2745 ἀγυιαίους
1580 2692 1686 2736 θεούς.
1720 2694 1795 2731 ἀντὶ
1824 2697 1907 2743 τοῦ,
1937 2694 2055 2738 θυσίας
2080 2696 2302 2746 ἐπιτελοῦμεν

1263 2759 1332 2796 τοῖς
1364 2753 1458 2795 θεοῖς.
1516 2750 1674 2802 [Ἄλλως.
1706 2751 1777 2794 ἔθος
1809 2747 1850 2798 ἦν
1877 2753 1946 2795 τοῖς
1973 2754 2007 2790 ἐν
2037 2753 2173 2803 ἀγυιαῖς
2204 2755 2304 2791 ἱστα-

1265 2811 1377 2862 μένοις
1397 2813 1482 2853 θεοῖς
1500 2809 1556 2847 ἒπὶ
1576 2810 1650 2852 ταῖς
1670 2809 1872 2861 ἐρχομέναις
1883 2810 2058 2861 ἀγγελίαις
2069 2811 2177 2858 θύειν,
2196 2814 2243 2855 ὡς
2263 2811 2304 2850 ἂν

1265 2872 1294 2907 εἷ
1319 2868 1445 2920 ἀγαθαὶ
1475 2861 1553 2914 εἷεν,
1571 2866 1783 2904 ἐπινεύσαιεν
1804 2867 1962 2914 ταύταις,
1992 2870 2021 2905 εἷ
2042 2867 2076 2905 δὲ
2096 2869 2304 2917 τούναντίον,
2323 2883 2358 2908 45

1266 2925 1508 2979 ἀποτρέψαιεν.
1534 2948 1584 2954 ——
1607 2928 1802 2975 κνισσῶμεν
1828 2940 1836 2964 :
1868 2926 2004 2964 Κνίσσα
2027 2929 2049 2972 ἡ
2076 2927 2306 2977 ἀναθυμίασις

1266 2988 1334 3023 τῶν
1354 2983 1526 3035 θυομένων
1547 2986 1617 3026 τοῖς
1647 2982 1815 3031 εἰδώλοις,
1837 2983 1963 3035 ἀτμὸς,
1993 2984 2123 3028 καπνὸς
2152 2988 2219 3023 τῶν
2243 2989 2305 3024 θυ-

1268 3045 1363 3082 σιῶν.
1390 3050 1474 3080 Ποῖ.
1520 3046 1532 3087 ]

1323 3114 1399 3138 1321.
1431 3099 1605 3152 ἐφεψήσας
1638 3112 1646 3138 :
1686 3101 1833 3149 Καλῶς,
1867 3101 1913 3143 ὡς
1943 3099 2115 3153 μάγειρος.
2146 3100 2263 3154 ὥσπερ
2283 3104 2305 3148 ἡ

1268 3158 1406 3205 Μήδεια
1432 3157 1588 3207 λέγεται,
1613 3159 1658 3200 ὡς
1679 3165 1739 3207 μεν
1762 3157 1933 3209 Αἰσχύλος
1953 3163 1966 3204 [
1983 3165 2013 3196 in
2043 3158 2210 3198 Διονύσου
2228 3174 2305 3212 τρο·
2325 3170 2361 3195 50

1269 3217 1341 3269 φοῒς
1357 3221 1368 3262 ]
1387 3217 1536 3266 ἱστορεῖ,
1563 3213 1624 3257 τὰς
1649 3214 1792 3267 τροφοὺς
1816 3219 1874 3253 τοῦ
1903 3216 2069 3254 Διονύσου
2097 3216 2307 3269 ἀφεψήσασα

1269 3273 1458 3312 ἀνανεάσαι
1477 3275 1622 3318 ποιῆσαι
1641 3272 1755 3323 [μετὰ
1774 3275 1841 3310 τῶν
1862 3275 1995 3325 ἀνδρῶν
2015 3275 2141 3312 αὐτῶν·
2167 3277 2214 3318 ὡς
2232 3274 2261 3312 δ’
2289 3277 2307 3312 ὁ

1269 3331 1346 3375 τοὺς
1363 3331 1515 3374 Νόστους
1530 3330 1677 3376 ποιήσας
1697 3331 1755 3369 καὶ
1774 3330 1832 3369 τὸν
1850 3331 2000 3379 Αἴσονα,
2018 3331 2128 3382 λέγων
2143 3331 2271 3381 οὕτως,

1394 3412 1504 3443 αὐτίκα
1515 3412 1539 3442 δ’
1557 3411 1673 3442 Αἴσονα
1688 3413 1760 3450 θῆκε
1774 3412 1858 3452 φίλον
1872 3411 1962 3453 κόρον
1972 3413 2126 3453 ἡὸώοντα,
