2533 3808
231 235 302 270 112

225 316 284 354 καὶ
303 314 397 351 ὥσπε
384 328 419 363 ,ρ
441 312 474 347 ἐν
494 310 562 351 τοῖς
583 308 627 349 εἷς
646 321 674 342 ω
693 304 732 342 τὸ
750 303 863 355 τρίτον
892 300 1078 351 πρόσωπον
1104 302 1162 336 τοῦ
1185 300 1261 366 δρι-

226 376 341 411 στικοῧ
361 369 597 420 παρατατικοῦ
620 361 775 414 δεύτερόν
791 363 864 398 ἐστι
883 357 1150 407 προστακτικὸν,
1170 355 1261 392 οὕτω

224 430 282 468 καὶ
297 431 329 465 ἐν
344 430 414 469 τοῖς
428 427 474 467 εἷς
492 440 529 474 μι
548 419 819 473 σήηιιατίζουσιν
837 419 868 454 οἱ
884 417 1018 458 Αἰολεῖς
1034 414 1093 452 καὶ
1110 417 1140 452 οἱ
1158 413 1261 458 Ἀθη-

224 492 323 524 ναῖοι.
353 488 421 521 οἷον
448 488 573 528 [11.Φ,
595 483 665 525 313]
689 496 704 510 α
722 476 801 522 ι’στη
831 475 921 525 μέγα
941 489 1038 524 κυμα
1058 492 1073 507 υ
1100 471 1176 509 ἀντὶ
1201 486 1260 508 του

187 542 344 580 5ι’σταθι.
366 537 712 592 Aptcwzpdvm[Av.
734 538 819 580 1310]

345 639 398 669 καὶ
411 637 480 672 τοὺς
496 635 636 676 κοφίνους
653 634 788 668 ἅπαντας
805 631 964 672 ἐμπίμπ)η
979 631 1107 669 πετρῶν.

224 719 299 756 ἀντι
323 733 382 755 του
403 715 637 766 εμπίμπλη.θι
660 713 767 756 οὕτως
786 728 842 749 ουν
859 710 918 749 καὶ
948 712 988 748 ἐκ
1014 724 1069 746 του
1097 712 1126 745 εἰ
1145 706 1261 760 τρίτου

222 790 410 829 προσωπου
424 790 481 812 του
496 776 669 825 ὃριστικοιΝ)
686 786 861 828 παρατατ
837 773 924 807 ικοῧ
940 771 973 806 ἐν
989 766 1160 812 συνθέσει,
1178 765 1262 810 ἔξει,

222 831 487 887 προστακτικόν.
507 831 529 876 ἢ
551 830 620 867 ἀπὸ
640 834 698 868 τοῦ
722 828 792 866 εἴω.
823 831 861 865 ου
888 830 905 864 6
931 825 1086 877 δεύτερος
1110 823 1264 876 ἀόριστος

173 902 205 928 10
224 892 287 938 ἴον,
303 891 368 937 ἴες,
385 889 436 927 ἴε·
459 888 519 927 καὶ
535 887 625 939 μετὰ
641 903 701 933 της
718 886 769 932 ἐξ,
787 885 870 931 ε’ξιε,
891 884 950 922 καὶ
970 883 1060 921 κατὰ
1081 882 1263 932 μετάθεσιν

223 966 283 988 και
308 947 515 1000 συναίρεσιν,
540 945 619 990 ἔξει
653 943 817 986 ὡσαύτως
845 942 904 980 καὶ
932 940 1020 991 μετὰ
1042 943 1110 978 τῶν
1133 941 1267 977 λοιπῶν

223 1007 447 1061 προθέσεων
442 1005 537 1043 μέτει
565 1004 625 1042 καὶ
643 1003 722 1040 δίει·
747 1004 796 1039 πλ
798 1001 838 1047 ὴν
859 1005 917 1038 τοῦ
938 999 1062 1051 πάρει,
1079 1014 1138 1036 και
1159 998 1263 1035 σύνει.

227 1068 372 1104 ἐνταῦθα
393 1063 459 1115 γὰρ
480 1064 516 1100 αἱ
535 1060 712 1114 προθέσεις
726 1063 775 1098 τῶ
793 1064 821 1097 εἰ
837 1058 912 1097 ἀντι
926 1062 985 1096 τοῦ
1052 1057 1168 1109 άρχεις
1186 1072 1264 1094 συν-

226 1123 430 1167 δοιάζονται.
439 1121 456 1173 Ἦ

175 1198 207 1222 15
279 1180 453 1226 ἀσκάντην
474 1177 509 1216 δε
527 1178 583 1215 τὸν
602 1175 780 1227 σκίμποδά
796 1189 910 1227 φησιν,
927 1173 949 1219 ἢ
966 1172 1083 1225 δίορου
1106 1187 1138 1209 τι
1159 1166 1262 1214 εἶδος·

225 1255 256 1292 οι
283 1238 319 1276 δὲ
348 1238 406 1275 τὸν
435 1235 623 1288 κράὸατον,
656 1258 704 1263 —
728 1233 784 1271 τὸν
804 1231 969 1281 σκάμνον,
989 1231 1046 1268 τὸν
1068 1229 1258 1280 σκίμποδα.

224 1298 285 1328 Br.

277 1354 340 1379 635.
372 1338 526 1381 ἀνύσας;
549 1337 714 1379 σπεύσας.
742 1343 777 1374 V.

278 1412 340 1436 636.
356 1397 473 1448 ὥσπερ
491 1399 590 1445 ημεῖς
610 1396 791 1446 ἐρωτῶμεν
809 1391 887 1434 τοὺς
902 1392 1043 1433 παῖδας.
1066 1397 1107 1426 V.

173 1473 206 1497 20
279 1470 341 1495 633.
371 1455 500 1507 πότερα
526 1478 546 1491 ι.
522 1469 601 1505 -ερι
631 1451 764 1504 μέτρων
795 1465 802 1489 :
837 1450 1029 1501 [Καλῶς
1012 1448 1202 1493 διέστησεν.
1229 1449 1267 1485 οὗ

196 1540 199 1542 ,
225 1513 292 1565 γὰρ
321 1513 351 1549 εἴ
378 1528 411 1549 τι
435 1526 558 1564 μετρον
580 1510 685 1556 ἐστὶν,
709 1509 776 1555 ἤδη
797 1508 857 1545 καὶ
886 1507 977 1550 ἔπος.
1005 1506 1037 1543 εἴ
1058 1522 1091 1543 τι
1111 1506 1146 1543 δὲ
1170 1505 1268 1553 ἔπος,

224 1572 291 1618 ἤδη
312 1570 448 1613 πάντως
468 1570 527 1607 καὶ
549 1568 673 1621 ρυθμὸς
692 1567 751 1605 καὶ
772 1565 910 1618 μέτρον.
933 1565 1146 1614 σημειωτέον
1165 1565 1193 1602 δ’
1217 1564 1270 1602 ὅτι

226 1645 288 1667 και
318 1644 430 1666 ταυτα
452 1630 520 1665 τῶν
554 1628 726 1664 κυκλικῶν
760 1627 883 1674 μαθημ
887 1623 990 1662 aiu-,w
1000 1622 1018 1675 Ἦ
1051 1622 1250 1675 διαφέρεις.
1233 1622 1268 1660 δὲ

226 1687 349 1739 μέτρον
367 1686 426 1724 καὶ
443 1684 577 1738 ρυθμός.
593 1700 653 1721 και
669 1699 721 1721 οτι
737 1681 854 1733 πατὴρ
872 1680 998 1732 μέτρου
1013 1683 1030 1717 6
1048 1680 1192 1732 ρυθυιὸς,
1210 1680 1269 1717 καὶ

172 1759 206 1784 25
228 1746 315 1783 ὅτι
297 1743 427 1797 αρχαία
447 1747 468 1789 ἡ
489 1746 556 1781 τῶν
575 1742 707 1795 μέτρων
727 1741 786 1778 καὶ
804 1742 939 1793 ρυθμῶν
959 1737 1176 1776 διδασκαλία.

281 1816 342 1841 639.
372 1817 451 1853 περι
474 1804 541 1838 τῶν
570 1800 704 1852 μέτρων
735 1812 744 1837 z
781 1797 923 1848 (Αείπει
952 1796 990 1833 τὸ
1016 1795 1104 1834 θέλω
1134 1799 1267 1846 μαθεῖν.

226 1860 405 1906 &agol-7,
387 1876 422 1897 03
438 1859 476 1897 τὸ
493 1865 575 1904 πᾶν,
593 1857 644 1895 ὁτι
661 1856 705 1894 τὰ
723 1859 770 1906 μὴ
787 1858 895 1893 οἰκεῖα
913 1871 954 1905 τη
973 1870 1077 1905 τεγνῃ
1097 1856 1188 1903 ἐπαγ
1190 1853 1270 1904 γε’λ-

224 1921 322 1957 λεται
350 1917 534 1955 διδάσκειν.
563 1915 639 1953 οὔτε
668 1913 735 1966 γὰρ
755 1929 902 1958 ποιητης
922 1915 1014 1950 ἐοτιν
1035 1911 1113 1949 οὔτε
1143 1927 1269 1961 μουσι-

225 1977 317 2027 κός.)
340 1979 385 2019 ὡς
406 1975 564 2027 ἄγροικος
585 1973 653 2010 δὲ
641 1989 658 2010 ο
681 1971 878 2024 πρεσούτης
902 1969 1111 2021 απεκρίνατο
1139 1972 1183 2012 ὡς
1215 1969 1270 2006 ἐπ’.

549 2031 599 2057 κζ

173 2052 208 2077 30
227 2037 294 2072 τῶν
322 2035 529 2119 γεωργικῶν
546 2047 580 2068 03
604 2031 738 2080 μάενος.
753 2027 946 2081 [ἀκούσας
973 2027 1054 2086 ’τερὶ
1086 2026 1222 2079 μέτρων
1254 2029 1271 2064 6

227 2095 318 2161 Στρε
305 2092 464 2144 ωμιάδης,
499 2090 537 2127 τὸ
574 2087 760 2138 δημοτικὸν
798 2085 934 2138 μέτρον,
969 2089 997 2137 ᾧ
1036 2090 1199 2137 μετροῦσι
1227 2084 1271 2122 τὰ

227 2149 426 2201 σπέρματα,
445 2150 572 2189 σκαιῶς
585 2145 824 2197 υπείληφεν,
806 2144 868 2190 διὸ,
885 2159 964 2195 περι
983 2142 1132 2195 μέτρων,
1152 2142 1269 2194 φησὶν,

227 2208 349 2259 ἔγωγε.
374 2223 433 2244 και
456 2208 494 2244 ἐκ
508 2204 629 2243 τούτου
651 2203 831 2241 διαὸάλλει
848 2202 905 2240 τὸν
928 2201 1169 2253 Σιοκράτην,“
1157 2201 1209 2238 ο’τι
1228 2201 1272 2238 τὰ

228 2265 276 2316 μὴ
303 2266 412 2302 οἰκεῖα
433 2267 475 2316 τῇ
496 2279 601 2314 τεγνῃ
623 2261 817 2312 επαγγέλλε
820 2275 877 2297 ται
897 2258 1085 2297 διδάσκειν.
1108 2258 1186 2296 οὔτε
1204 2258 1271 2311 γὰρ

177 2339 211 2363 :35
227 2322 372 2368 ποιητὴς
391 2326 432 2368 ἦν
453 2321 531 2359 οὔτε
549 2318 766 2371 μουσοποιός.
783 2325 822 2355 D.
827 2317 844 2369 Ἦ

280 2394 344 2419 640.
379 2378 634 2432 ἀλφιταμοιοοῧ
663 2392 671 2416 :
707 2379 779 2415 Γου
809 2374 1190 2417 ἀντικαταλλάσσοντος
1214 2374 1273 2411 καὶ

228 2438 484 2491 πιπράσκοντος
505 2437 644 2489 ἄλφιτα.
665 2435 687 2481 ἢ
707 2439 766 2472 τοῦ
788 2433 991 2483 ἀιιείὸοντος
1015 2433 1092 2469 ἀντι
1110 2433 1273 2484 ἀργυρίου

231 2497 372 2549 ἄλφιτα.
391 2494 507 2547 [οὕτω
523 2510 583 2531 και
599 2491 851 2545 ἀργυραμοιὸοι
870 2506 901 2528 οι
920 2490 996 2527 ἀντι
1016 2490 1179 2541 ἀργυρίου
1197 2506 1274 2542 κερ-

232 2570 326 2605 ματα
344 2552 556 2602 ἀμείὸοντες.
568 2551 586 2603 Ἦ

179 2631 213 2656 40
287 2609 511 2662 (παρεκόπην
539 2622 548 2647 2

230 2686 274 2721 τῃ
288 2668 420 2720 μέτρων
438 2666 606 2712 ποσότητι
621 2665 679 2702 δύο
695 2664 862 2716 γοίνικας.
879 2686 931 2691 ——
947 2662 1141 2707 ηπατηθην.
1170 2669 1250 2699 liet.
1262 2663 1274 2713 )

284 2740 346 2764 641.
376 2724 561 2763 κάλλιστον
589 2723 754 2775 μέτρον.
780 2720 1048 2773 [Διαδάλλειῗ
1019 2718 1207 2771 ..ωκράτη
1236 2734 1273 2756 ου

231 2784 297 2837 γὰρ
316 2781 499 2829 ποιητικὴν
518 2799 540 2827 7,
562 2779 730 2830 μουσικὴν
750 2777 1022 2829 ἐπηγγέλλετο
1004 2776 1190 2814 οιδάσκειν.
1209 2778 1258 2814 ὁδ

233 2843 276 2879 τὰ
297 2841 471 2894 προσόντα
498 2840 547 2891 μὴ
567 2839 690 2890 λέγων,
710 2836 934 2889 γαριζόμενος
960 2835 995 2872 δε
1024 2833 1069 2872 τὰ
1090 2834 1138 2883 μὴ
1170 2850 1277 2886 προσ-

181 2918 214 2944 45
233 2900 313 2937 όντα
323 2897 552 2951 ,ἀμφοτέρων
581 2899 707 2939 ἐκεῖνος
729 2897 992 2947 ἀποστερεῖται,
1011 2895 1028 2930 6
1056 2907 1134 2934 τους
1158 2891 1278 2943 λόγους

235 2956 436 3028 dyqaorffspmv
460 2955 659 3008 ἀποφαίνων
693 2952 892 3005 ἀλλοτρίους
924 2951 984 2988 καὶ
1006 2953 1055 2987 ἀπ
1045 2949 1179 3002 είρους.
1188 2950 1206 3001 Ἠ
1227 2974 1278 2978 -

236 3015 308 3060 εἴδη
327 3029 473 3065 μετρων,
488 3017 536 3056 οἷς
553 3013 612 3050 καὶ
629 3010 829 3063 Ἀρχίλοχος
845 3009 1016 3062 κέχρηται
1031 3009 1065 3045 ἐν
1083 3007 1279 3060 τριμέτροις

235 3087 295 3108 και
311 3086 564 3122 τετραμπροι,
586 3078 623 3107 R.
642 3077 684 3106 V.

289 3141 353 3166 643.
384 3127 568 3176 ἡμιεκτέου
587 3141 595 3165 :
617 3126 712 3178 Πρὸς
727 3125 766 3163 τὸ
782 3124 1014 3177 τετράμετρον
1035 3123 1226 3170 ἀπήντησε.
1240 3123 1280 3160 τὸ

577 2606 818 2657 Ἐζημιώθην·
846 2605 921 2642 ἀντὶ
947 2620 1006 2642 του
1026 2603 1204 2650 επλάνησέ
1225 2619 1271 2654 με

186 3203 219 3227 ει)
239 3184 490 3238 γὰρ.ἧμίεκτον
519 3184 642 3235 μέτρον
669 3184 741 3221 ἐστὶ
765 3182 956 3234 τεσσάρων.
983 3183 1001 3218 6
1027 3180 1093 3232 γὰρ
1119 3179 1281 3230 μέδιμνος
1307 3196 1311 3201 ’

241 3243 351 3294 μέτρα
368 3242 440 3293 ἔχει
453 3242 526 3292 μη’,
545 3245 562 3279 6
579 3241 614 3279 δὲ
636 3241 751 3284 ἓκτεὺς
763 3242 811 3286 η’,
831 3240 870 3277 τὸ
891 3238 926 3277 δὲ
938 3239 1105 3288 ἡμίεκτον
1123 3238 1166 3276 δ’.
1188 3245 1224 3274 R.
1240 3245 1280 3274 V.

241 3301 337 3354 [Tou
351 3317 410 3338 τετ
398 3300 622 3372 ραγοινίκου.
640 3302 658 3336 6
677 3298 743 3350 γὰρ
764 3297 927 3349 μέδιμνος
946 3297 1101 3349 ’χοίνικας
1118 3295 1189 3346 ἔχει
1206 3294 1280 3345 μη’.

242 3359 371 3398 τούτων
391 3358 430 3396 τὸ
455 3358 552 3396 ἕκτον
573 3356 676 3396 οκτώ.
699 3356 738 3394 τὸ
757 3359 865 3406 ημισυ
895 3360 954 3394 του
980 3355 1101 3402 ἕκτου,
1127 3353 1281 3392 τουτέστι

1309 3323 1312 3348 Ι
1339 3309 1430 3346 τεροι
1444 3292 1580 3331 ἔσονται
1591 3297 1649 3330 τοῦ
1669 3293 1824 3346 γέροντος
1840 3292 2031 3336 ἀσυνδέτως
2047 3292 2233 3344 εἰρημένοι.

990 213 1246 253 SCHOLIA
1285 212 1346 250 IN
1384 210 1586 251 NUBES.

1321 298 1388 333 τῶν
1417 295 1527 343 ὀκτὼ,
1556 295 1600 333 τὰ
1631 293 1796 346 τέσσαρα.
1824 293 1842 331 ὃ
1869 294 2027 331 καλεῖται
2058 291 2303 345 τετράμετρον.
2339 295 2358 330 6

1321 347 1378 390 οῧν
1396 353 1559 403 ημίεκτος
1581 351 1752 403 τέσσαρας
1771 375 1786 388 3
1772 367 1830 402 7
1816 367 1844 388 ι
1867 351 2033 401 γοίνικας.
2057 350 2174 394 ἔπαιξε
2197 349 2233 388 δε
2252 350 2357 388 πάλιν

1322 409 1437 450 εἰπὼν.
1463 409 1558 447 οὐδὲν
1579 409 1750 447 κάλλιον
1735 425 1756 454 7,
1761 424 1890 459 γουμαι
1907 408 2091 458 ηιιιεκτέου
2113 408 2256 460 μέτρου·
2275 423 2357 445 του-

1320 466 1416 504 τέστι
1437 466 1616 518 τεσσάρων
1639 465 1811 517 γοινίκων.
1837 465 1958 503 τούτου
1991 470 2048 503 οὖν
2077 466 2116 503 τὸ
2142 465 2238 503 ἕκτον
2265 464 2358 503 ἐστὶν

1321 524 1412 562 ὀκτὼ
1429 524 1590 576 χοίνικες.
1608 523 1647 560 τὸ
1670 522 1705 560 δε
1723 523 1905 573 ἡμίεκτον,
1925 523 2080 561 τουτέστι
2102 523 2141 560 τὸ
2163 523 2356 561 δωδέκατον
2373 534 2390 558 5

1321 584 1388 619 τῶν
1406 581 1523 620 ὄκτω
1513 581 1598 633 πρὸς
1613 582 1683 624 τοῖς
1698 580 1977 633 τεσσαράκοντα,
1991 581 2138 631 χοίνικες
2152 581 2330 654 τῃέσσαρες.
2339 580 2358 633 Ἦ

1324 639 1600 692 (παρατηρητέον
1629 638 1664 676 δε
1686 638 1776 676 ὅτι
1758 638 1814 676 ὀια
1840 642 1899 675 τοῦ
1920 654 1936 675 ε
1957 640 2007 676 δεῖ
2025 638 2137 689 λέγειν
2162 638 2359 689 ἡμιεκτεον,

1321 698 1380 735 καὶ
1394 699 1431 735 οὐ
1450 696 1541 734 κατὰ
1557 696 1619 742 τὴν
1636 695 1752 742 κοινὴν
1768 699 1893 749 χρῆσιν
1913 698 2126 746 ἧμιεκταῒον.
2131 698 2142 746 )

1375 769 1439 794 644.
1468 754 1608 807 περίδου
1626 758 1684 792 νῦν
1699 754 1776 803 ἐμοὶ
1795 767 1804 792 :
1825 753 1915 791 Ἀντὶ
1935 757 1994 791 τοῦ
2015 754 2183 800 συνθήκας
2201 754 2359 803 ποίησον.

1324 813 1449 866 [παρὰ
1467 813 1506 851 τὸ
1523 812 1716 865 εΟμηρικὸν
1738 818 1798 858 [11.
1817 820 1866 859 Φ,
1883 817 1956 858 485]
2383 826 2416 851 10

1446 907 1533 947 δεῦρό
1549 917 1585 946 γε
1598 909 1650 937 νῦν
1663 905 1805 947 τρίποδος
1817 905 2024 946 περιδώμεθοι.

1645 986 1695 999 &IN

1642 1002 1760 1036 οισ-ηυιι
1775 987 1815 1023 τὸ
1829 985 1999 1036 δεσμεύω.
2025 989 2042 1024 6
2063 984 2200 1035 μέλλων
2213 985 2364 1033 διδήσω,

1324 1049 1341 1082 6
1371 1045 1525 1097 δεύτερος
1544 1044 1701 1096 ἀόριστος
1726 1043 1818 1090 {rt-qv,
1843 1047 1860 1081 6
1883 1043 1987 1093 μέσος
2010 1042 2136 1093 ἐδέμην
2163 1043 2278 1090 ἔδεσο,
2303 1043 2364 1081 καὶ

1323 1005 1356 1060 ζ’.
1360 1004 1454 1025 ΙΞταῑ
1468 1004 1503 1024 ΓΞ
1519 986 1625 1025 Οὕτω·

1325 1104 1482 1155 ἀποὲολῇ
1500 1107 1558 1140 τοῦ
1576 1118 1597 1140 σ
1615 1102 1688 1140 ἔδεο
1707 1102 1766 1139 καὶ
1787 1101 1862 1139 ἔδου
1876 1117 1883 1124 ·
1902 1101 1962 1138 καὶ
1978 1101 2017 1138 τὸ
2034 1101 2289 1153 προστακτικὸν
2306 1103 2366 1139 δοῦ

1325 1162 1384 1199 καὶ
1403 1161 1555 1213 περίδου.
1573 1160 1632 1198 καὶ
1648 1159 1811 1213 υΟμηρος
1833 1164 1892 1205 [ΙΙ.
1909 1167 1956 1205 A,
1975 1163 2047 1204 105]
2070 1177 2086 1191 «
2107 1158 2182 1206 δίδη
2203 1159 2366 1211 μόσχοισι
2388 1177 2419 1202 15

1324 1220 1491 1270 λύγοισιν.
1516 1237 1531 1252 »
1550 1221 1595 1261 ὡς
1626 1218 1783 1269 ἄγροικος
1806 1217 1842 1255 δὲ
1864 1217 1969 1254 πάλιν
2000 1219 2018 1254 6
2045 1216 2243 1269 πρεσὸύτης
2275 1219 2367 1255 ἀπε-

1326 1278 1477 1329 κρίνοιτο.
1499 1280 1516 1314 6
1540 1277 1601 1326 μὲν
1618 1276 1685 1328 γὰρ
1705 1276 1743 1313 τὸ
1759 1278 1827 1313 τῶν
1844 1275 2051 1325 ποιημάτων
2075 1274 2173 1326 ἔλεγε
2191 1275 2332 1328 μέτρον,
2349 1278 2368 1314 6

1326 1334 1362 1372 δὲ
1381 1338 1426 1377 ὡς
1441 1335 1499 1372 ἐπὶ
1517 1337 1584 1372 τῶν
1605 1336 1802 1385 γεωργικῶν
1820 1332 2000 1384 ἐδέξατο]

1380 1405 1442 1430 645.
1474 1390 1531 1443 [εἰ
1559 1390 1607 1440 μὴ
1642 1390 1873 1443 τετράμετρον
1906 1404 1915 1429 :
1950 1389 2046 1441 Πρὸς
2070 1389 2111 1426 τὸ
2135 1389 2368 1443 τετράμετρον

1328 1450 1520 1496 ἀπήντησε.
1534 1449 1573 1485 τὸ
1586 1447 1768 1498 ἡμιεκτέον
1790 1448 1914 1499 μέτρον
1928 1446 2002 1484 ἐστὶ
2012 1445 2167 1498 τέσσαρα
2177 1476 2188 1494 ,
2201 1450 2247 1490 ὡς
2258 1449 2366 1486 πλεο-
2388 1464 2422 1488 20

1327 1508 1423 1551 νάκις
1435 1507 1517 1551 ἴσως
1531 1510 1590 1545 τοῦ
1608 1506 1741 1549 δέοντος
1754 1505 1932 1557 εἴρηται]

1381 1579 1443 1604 647.
1475 1564 1590 1617 [ταχὺ
1619 1564 1648 1602 δ’
1675 1564 1716 1601 ἂν
1745 1578 1754 1602 ;
1783 1564 1847 1602 Ἐν
1872 1562 2041 1616 εἰρωνείᾳ.
2067 1561 2162 1612 λέγει
2191 1562 2228 1601 δὲ
2258 1565 2305 1607 εἷς
2332 1565 2371 1603 τὸ

1327 1623 1524 1676 κιθαρίζειν.
1553 1621 1644 1674 ταΑὺ
1675 1621 1871 1669 δυνηθείης,
1903 1620 2006 1673 φησὶ,
2028 1621 2312 1672 μεταλαμὸάνειν
2332 1624 2372 1661 τὸ

1328 1682 1526 1733 κιθαρίζειν.
1539 1680 1558 1732 ]J

1382 1752 1444 1777 649.
1475 1737 1608 1776 κομψὸν
1636 1736 1826 1776 ῑΠιθανὸν
1852 1736 1911 1774 καὶ
1934 1736 2075 1789 εὔχαριν
2097 1737 2131 1774 ἓν
2158 1736 2290 1790 συνόδῳ
2310 1738 2370 1776 καὶ
2392 1750 2425 1775 25

1328 1800 1370 1849 τῇ
1390 1797 1474 1849 πρὸς
1491 1796 1623 1848 ἑτέρους
1642 1795 1814 1847 κοινωνία.
1833 1795 2002 1846 [πιθανὸν
2019 1794 2079 1832 καὶ
2100 1797 2235 1832 ἀστεῖον
2255 1795 2374 1848 φαίνε-

1330 1859 1408 1893 σθαι
1422 1861 1492 1897 τοῖς
1508 1858 1677 1891 συνοῦσιν.
1691 1853 1709 1905 Ἡ
1727 1876 1778 1881 -
1793 1852 1935 1890 πιθανὸν
1954 1852 2014 1890 καὶ
2031 1851 2126 1899 ἡδύν.
2143 1863 2203 1892 Br.

1383 1927 1447 1951 650.
1481 1908 1612 1950 ἐπαΐειν
1630 1925 1638 1950 ;
1661 1910 1956 1948 αἰσθάνεσθαικαὶ
1973 1917 2074 1950 νοεῖν.
2092 1921 2131 1950 R.
2150 1921 2192 1950 V.

1383 1986 1445 2009 651.
1476 1970 1702 2008 κατενόπλιον
1728 1983 1736 2008 :
1764 1963 1866 2012 Εἶδος
1891 1972 2021 2022 ῥυθμοῦ
2041 1970 2126 2023 πρὸς
2146 1971 2182 2009 ὃν
2198 1971 2375 2023 ὠρχοῦντο

1331 2028 1476 2072 σείοντες
1506 2027 1550 2065 τὰ
1573 2027 1676 2065 ὅπλα.
1759 2026 1901 2069 Ἄλλως.
1929 2027 2099 2075 ἐνόπλιον,
2125 2028 2183 2066 τὸν
2210 2027 2372 2080 ἀμφίμα-
2394 2043 2428 2068 3ο

1330 2102 1425 2138 κρον,
1447 2086 1481 2130 ὃς
1501 2086 1561 2124 καὶ
1582 2084 1798 2137 Κουρητικὸς
1822 2086 1981 2122 καλεῖται
2002 2085 2071 2123 ἀπὸ
2091 2090 2151 2124 τοῦ
2171 2085 2215 2124 τὰ
2234 2088 2280 2129 εἷς
2295 2085 2376 2133 τοὺς

1334 2145 1517 2198 Κούρητας
1537 2143 1626 2194 μέλη
1651 2142 1764 2195 τούτῳ
1786 2146 1836 2180 τιΝ)
1859 2143 1974 2194 μέτρῳ
1993 2148 2197 2197 κεχρῆσθαι.
2282 2143 2377 2194 (Ἄλ-

1330 2205 1409 2247 λως.
1444 2202 1719 2262 ἀριθμητικὸνη
1697 2219 1704 2224 ·
1702 2201 1984 2253 ηγειι)μετρικο’ν.
2010 2201 2083 2240 ἔστι
2103 2202 2140 2240 δὲ
2164 2205 2292 2254 ῥυθμοῦ
2312 2218 2374 2239 και

1331 2261 1525 2313 κρούματος
1541 2262 1628 2303 εἶδος
1640 2260 1679 2297 τὸ
1701 2258 1793 2297 κατὰ
1815 2258 1995 2306 δάκτυλον,
2021 2263 2049 2312 ᾡ
2076 2262 2231 2312 γρῶντοιι
2257 2261 2288 2298 οἱ
2312 2261 2375 2297 αὒ-

1332 2319 1436 2366 ληται
1465 2318 1533 2371 πρὸ
1556 2334 1614 2356 του
1643 2317 1782 2368 νόμου.)
1807 2341 1858 2346 -
1883 2320 1900 2354 6
1932 2316 2023 2355 κατὰ
2043 2317 2225 2365 δάκτυλον,
2252 2318 2377 2371 ῥυθμός
2395 2335 2429 2360 35

1333 2380 1424 2416 ἐστιν
1455 2380 1472 2414 6
1505 2379 1538 2414 ἓν
1562 2375 1626 2428 ἴσῳ
1651 2357 1756 2428 λόγῳ.
1782 2378 1800 2412 6
1829 2374 1864 2412 οὲ
1886 2374 2040 2419 ἐνόπλιος
2065 2376 2125 2413 καὶ
2149 2376 2377 2428 προσοδιακὸς

1332 2438 1370 2474 λε
1357 2435 1515 2486 εγόμενος
1535 2433 1602 2471 ὑπό
1617 2450 1719 2471 τινων
1736 2433 1915 2483 σύγκειται
1934 2444 1974 2471 εκ
1989 2433 2169 2472 σπονδείου
2183 2435 2242 2472 καὶ
2258 2450 2379 2495 πυρρι-

1331 2493 1409 2544 γίου
1434 2506 1494 2530 και
1514 2491 1678 2543 τροχαίου
1700 2507 1759 2528 και
1785 2490 1926 2540 ιάμὸου.
1954 2491 2183 2541 συνεμπίπτει
2213 2492 2248 2529 δὲ
2279 2497 2378 2536 οὗτος

1333 2551 1410 2596 ητοι
1434 2549 1595 2601 τριποδία
1619 2551 1877 2599 ἀναπαιστικῃ,
1900 2547 1922 2594 ἢ
1951 2548 2074 2600 βάσεσι
2098 2550 2207 2597 δυσὶν,
2235 2549 2376 2602 Ἰωνικῇ

1333 2608 1393 2645 καὶ
1409 2607 1642 2658 χοριαμὸικῇ.
2395 2622 2431 2647 4ο

1388 2678 1452 2703 653.
1482 2664 1532 2706 τίς
1553 2663 1656 2706 ἄλλος
1687 2676 1695 2701 :
1723 2662 1817 2715 [Τὴν
1844 2661 2074 2715 παρατροπὴν
2102 2663 2220 2702 ἐατέον
2248 2664 2376 2715 μεταξὺ

1334 2726 1405 2761 τοῖν
1421 2724 1524 2768 δυοῖν,
1545 2724 1590 2764 ὡς
1604 2723 1638 2758 ἐν
1651 2724 1720 2764 τοῖς
1743 2721 1916 2764 πλείστοις
1934 2721 2057 2772 σχεδὸν
2080 2721 2232 2774 φέρεται.
2254 2725 2272 2760 6
2287 2723 2378 2776 πρό-

1335 2795 1430 2833 τερος
1444 2779 1653 2831 Σωκράτους

1460 2867 1503 2903 τίς
1516 2867 1604 2902 ἄλλος
1618 2866 1683 2896 ἀντὶ
1700 2866 1821 2896 τουτουὶ
1834 2868 1889 2896 τοῦ
1906 2867 2056 2897 δακτύλου
2065 2877 2075 2905 ;

1337 2948 1397 2986 καί
1425 2948 1519 2999 τάχα
1544 2946 1585 2984 ἂν
1605 2947 1657 2993 εἴη
1686 2946 1797 2997 λέγων
1823 2948 1872 2998 τῷ
1891 2945 2043 2998 γέροντι,
2061 2946 2175 2999 ἔτερόν
2193 2963 2271 2986 τινα
2291 2943 2378 2986 εἶναι
2396 2959 2431 2987 45

1338 3006 1505 3043 δάκτυλον
1520 3004 1666 3054 νομίζεις
1688 3003 1710 3050 ἢ
1735 3007 1867 3050 τοῦτον,
1889 3002 2020 3046 δεικνὺς
2036 3005 2132 3056 αὐτῷ
2151 3003 2211 3042 ἕνα
2227 3007 2297 3043 τῶν
2317 3007 2379 3043 δα-

1337 3063 1471 3102 κτύλων
1491 3065 1558 3100 τῶν
1577 3065 1693 3101 αὑτου.
1707 3078 1787 3099 οταν
1804 3061 1871 3114 γὰρ
1883 3078 1963 3114 περι
1979 3064 2130 3114 ῥυθμῶν,
2147 3064 2186 3100 οὔ
2202 3063 2281 3137 περὶ
2300 3079 2380 3101 του-

1337 3138 1397 3160 του
1416 3137 1474 3159 του
1510 3119 1682 3158 δακτύλου
1702 3120 1823 3172 φησὶν,
1851 3120 1942 3158 ἀλλὰ
1969 3120 2049 3173 περὶ
2076 3119 2206 3173 ἑτέρου.
2234 3124 2281 3165 ὡς
2310 3121 2379 3174 γὰρ

1340 3179 1496 3231 ἄγροικος
1514 3177 1573 3215 καὶ
1594 3181 1691 3219 οὗτος
1716 3178 1787 3229 ἐρεῖ
1809 3177 1905 3215 οὐδεν
1928 3173 2032 3224 ἧττον
2058 3177 2176 3222 δείξειν
2196 3177 2254 3216 τὸν
2275 3178 2379 3228 μέσον

1341 3237 1509 3274 δάκτυλον
1530 3235 1828 3285 ἀσελγαινόμενος.
1852 3235 1911 3272 ἐὰν
1931 3234 1967 3273 δὲ
1990 3234 2213 3288 περιαίρηται
2227 3265 2239 3286 ,
2261 3236 2377 3289 ἀμφό-
2397 3253 2433 3278 50

2303 3292 2388 3333 Ἄλ-

1339 3351 1442 3404 λως]
1458 3350 1607 3389 δείκνυσι
1625 3350 1682 3389 τὸν
1705 3351 1808 3402 μέσον
1824 3350 1990 3389 δάκτυλον
2016 3352 2183 3403 αἰσχρῶς.
2206 3350 2299 3403 λέγει
2321 3349 2378 3391 οὖν
