2533 3808
156 224 206 258 63
888 208 1142 247 scHOLlA
1174 208 1233 246 IN
1271 209 1342 256 EQ
1358 209 1534 248 [JITES.

153 303 188 348 ἐξ
210 301 398 354 ἐπιτρίτου,
430 298 565 337 ποτὲὸ
567 294 825 367 ὲδιτροξχριίου,
856 295 889 331 ἐν
923 293 958 331 85
989 296 1038 330 τῶ
1069 293 1100 344 γ’
1125 309 1187 330 και

151 338 345 429 χοριάμὲρυ
365 357 422 395 καὶ
444 355 639 405 διιάιιέου],
657 354 716 391 καὶ
742 368 800 390 του
826 351 1082 404 φερεκρατείου.
1104 367 1187 389 συν-ι

152 433 262 465 ηπται
282 416 317 454 δὲ
336 419 378 466 τῇ
402 414 489 457 λέξει
511 429 570 450 και
588 411 689 461 μόνον
711 409 924 462 διακέκριται
947 410 987 447 τὸ
1015 409 1188 462 φερεκρά-

151 491 250 513 τειον.
276 476 305 524 [ἑ
310 471 501 526 φθημιιιερὲ
505 487 519 514 ς
539 470 575 507 δέ
595 471 686 507 ἐστιν
707 468 740 512 ἐξ
765 467 938 521 ἐπιτρίτου
963 468 1146 519 τετάρτου,
1165 467 1187 513 ἢ

115 549 130 570 5
151 531 368 585 διτροχαίου,
386 529 445 566 καὶ
462 527 625 580 βακχείου
641 527 876 577 συγκείμενον.
880 527 894 577 ]
912 526 1135 579 παράγραφοι
1153 525 1188 563 δὲ

150 593 262 628 ἁπλαῖ
280 589 340 639 μὲν
362 587 480 634 πέντε,
497 590 519 632 ἡ
541 586 576 624 δὲ
597 603 618 631 ς
652 586 712 624 καὶ
737 585 825 635 μετὰ
845 585 1038 638 κορωνίδος.
1060 586 1188 636 [ταυτα

149 649 183 686 δὲ
200 647 296 700 παρὰ
315 645 359 684 τὰ
382 644 600 697 Εὖριπίδου.]

200 720 264 744 975.
299 709 409 741 τοῖσιν
442 701 702 756 ἀφικνουμένοις
735 714 743 737 :
770 699 821 739 *H
858 701 927 743 τοῖς
956 699 1044 750 μετὰ
1077 704 1188 739 ταῦτα

149 763 332 814 ἐσομένοις.
352 761 374 807 ἢ
394 761 454 798 καὶ
477 762 546 804 τοῖς
574 761 785 809 ἐπιδημοῦσι
815 761 884 797 τῶν
914 758 1028 805 ξένων,
1047 757 1089 795 ἵν’
1113 761 1188 797 ἐπι-

99 834 130 857 10
149 821 285 873 δεικνύῃ
313 819 371 858 τὸν
399 819 546 858 Κλέωνα
578 820 642 856 κάν
673 816 783 869 τούτῳ
811 815 975 869 πονηρὸν,
1013 817 1065 854 ὅτι
1101 816 1189 866 μηδὲ

146 878 276 918 τούτων
294 878 476 951 φείδεται,
479 877 556 914 ἀλλ’
573 876 695 922 ἐπίσης
715 875 872 918 ἅπαντας
889 880 1108 927 συκοφαντεῖ.

200 952 267 977 979.
301 939 336 974 5v
356 938 406 974 τιΝ)
426 936 585 1008 δείγματι
613 937 680 971 τιΝ)ν
715 935 817 971 δικῶν
849 933 1086 984 εΣύμμαγος·
1107 933 1190 971 σκέ-

147 1000 258 1049 ψασθε
280 995 312 1032 τί
331 995 373 1041 δή
394 994 478 1032 ποτέ
495 996 567 1031 ἐστι
587 992 626 1030 τὸ
646 993 770 1042 δεῖγμα
794 993 861 1028 τῶν
887 992 1002 1030 δικῶν.
1028 994 1190 1044 παρεῖται

147 1054 233 1106 γὰρ,
250 1069 375 1106 φησιν,
392 1054 420 1090 εἷ
442 1053 490 1102 μὴ
511 1052 585 1089 τὸ
568 1051 693 1101 οεῗγμα
713 1048 815 1092 τόπος
831 1049 922 1086 ἐστὶν
952 1050 985 1086 ἐν
1011 1051 1190 1120 Πειραιεῖ,

98 1123 162 1146 155
149 1112 228 1150 ἔνθα
254 1112 377 1149 πολλοι
407 1110 594 1160 συνήγοντο
621 1108 706 1152 ξένοι
735 1108 793 1145 καὶ
820 1108 961 1144 πολῖται
989 1122 1048 1144 και
1076 1109 1174 1158 ἐλογο

147 1170 279 1208 ποίουν.
300 1169 339 1207 τὸ
369 1167 405 1206 85
429 1171 497 1205 τῶν
525 1169 628 1205 δικιΝ)ν
649 1165 898 1219 προσέθηκεν,
893 1164 947 1201 ι’να
966 1165 1123 1202 διαὸάλλ-
1107 1183 1137 1217 η
1152 1166 1191 1203 τὸ

719 1222 861 1265 '‘Ama->4
885 1224 917 1260 5v
946 1225 995 1275 τῷ
1022 1226 1191 1275 Πειραιεῖ,

151 1286 236 1325 ὅπου
258 1286 466 1329 δικάζουσιν.
487 1284 562 1321 επεὶ
578 1285 633 1320 ἐκε
633 1284 692 1319 ῖοὶ
710 1281 858 1333 ἔμποροι
871 1297 915 1318 τα
933 1281 1103 1332 δειγματα
1123 1285 1192 1320 των

147 1344 382 1394 πωλουμένων
400 1343 569 1381 ἐτίθεσαν.
588 1341 662 1391 ἅμα
678 1339 712 1377 85
725 1339 861 1391 ἔσκωψε
878 1339 916 1376 τὸ
932 1339 1107 1391 φιλόδικον
1124 1343 1190 1377 τῶν

100 1421 133 1451 20
154 1402 354 1449 Ἀθηναίων.

200 1475 264 1500 984.
295 1460 407 1504 δοῖδυξ
431 1457 664 1510 Πζαροιμία,
683 1455 794 1500 δοῖδυξ
813 1455 926 1502 αὔξει,
946 1456 1002 1493 ἔπι
1025 1459 1093 1493 τῶν
1114 1456 1191 1493 λίαν

149 1521 293 1572 μικρῶν.
310 1523 420 1556 ταῦτα
432 1517 467 1555 85
484 1520 529 1560 ὡς
544 1515 628 1568 πρὸς
639 1516 697 1553 τὸν
713 1514 858 1553 Κλέωνα
874 1513 1001 1551 πάντα.
1016 1514 1141 1566 τορύνη
1157 1514 1193 1552 85

147 1578 186 1615 τὸ
199 1576 394 1628 κινητήριον
408 1591 467 1621 της
480 1573 623 1626 γύτρας.
647 1576 707 1618 τῆς
718 1571 904 1622 ὑομουσίας
917 1571 970 1618 δὲ,
989 1574 1050 1617 τῆς
1068 1586 1194 1623 χοιρω-

147 1635 233 1682 δίας,
253 1651 314 1681 της
331 1632 568 1675 ἀπαιδευσίας.
585 1654 637 1660 -
653 1631 818 1677 κουτάλη.
840 1632 885 1670 V·

148 1228 322 1281 φιλόδικον
344 1229 411 1264 τῶν
438 1225 638 1272 Ἀθηναίων.

98 1714 131 1737 25
205 1708 272 1732 988.
302 1697 334 1730 οι
352 1690 583 1743 ξυνεφοίτωνζ
602 1692 648 1728 Οἱ
674 1688 927 1739 συμμαθόντες.

201 1766 270 1791 989.
300 1767 361 1797 την
379 1749 558 1802 Διι)ριστι;
578 1749 674 1808 Tq'›
659 1748 802 1798 ονόματι
823 1746 937 1790 παίζει
954 1745 1010 1784 διὰ
1026 1746 1065 1784 τὸ
1088 1748 1195 1799 δωρο-

149 1813 335 1848 δοκεῖσθαι.
352 1809 533 1847 διαὸάλλει
559 1810 617 1844 οὖν
636 1806 737 1844 αὐτὸν
763 1807 809 1848 ὡς
828 1804 981 1851 κλέπτην
1004 1821 1062 1842 και
1085 1806 1195 1857 δωρο-

150 1868 369 1918 δοκούμενον.
390 1866 520 1919 Δωριος
541 1863 577 1902 85
603 1864 693 1902 ούτιι)
712 1865 870 1901 καλεῖται
895 1863 958 1912 μία
985 1866 1052 1900 τῶν
1082 1864 1193 1916 ἁρμο-

149 1929 245 1977 νιῶν,
264 1929 309 1969 ὡς
325 1941 384 1963 και
405 1926 528 1966 Λύδιος
548 1923 607 1961 καὶ
628 1922 783 1975 Φρύγιος
802 1922 862 1959 καὶ
880 1921 1052 1964 Βοιώτιος.
1114 1921 1196 1960 Ἄλ-

97 2002 131 2027 :10
149 1987 229 2029 λως.
255 1983 416 2033 οὐδεμίαν
443 1981 610 2035 ἁρμονίαν
639 1981 748 2027 ἄλλην
771 1980 860 2018 θέλει
877 1983 1017 2030 μαθεῖν,
1035 1980 1144 2030 μόνην
1161 1980 1196 2018 85

148 2043 213 2090 την
230 2059 289 2081 του
313 2043 514 2094 δωροδοκεῖν
535 2040 728 2090 ἐπώνυμον.

203 2116 265 2141 994.
295 2104 340 2145 ως
370 2099 538 2153 ἁρμονίαν
563 2112 572 2138 ζ
594 2097 785 2148 Αρμονίαν
805 2098 836 2135 οἱ
863 2096 1024 2147 μουσικοὶ
1050 2098 1198 2136 καλουσι

150 2162 190 2200 τὸ
212 2165 248 2199 εὖ
266 2160 326 2198 καὶ
360 2157 598 2208 ἐπισταμένως
620 2161 707 2194 εἶναι
725 2155 787 2199 τὰς
790 2155 924 2216 νευρὰς
945 2157 979 2193 ἐν
1006 2156 1075 2199 τοῖς
1090 2155 1197 2208 κρού-

152 2236 239 2271 μασι
275 2221 343 2256 τιιΝ)ν
373 2217 554 2270 ᾀσμάτων.

101 2291 134 2315 35
156 2278 276 2318 Κλέων
303 2276 421 2329 ἑτέραν
447 2274 616 2327 μουσικὴν
643 2276 680 2313 οὐ
711 2272 984 2325 μετεχειρίζετο,
1010 2272 1088 2310 οὐδὲ
1106 2289 1197 2323 μαν-

151 2338 230 2375 θάνε
235 2353 263 2373 ιν
299 2334 477 2381 ἐδούλετο,
512 2334 640 2379 ταύτης
668 2332 704 2370 85
734 2331 842 2382 μόνης
876 2332 1087 2368 ἀντεποιεῖτο
1123 2331 1199 2382 [τῆς

151 2395 286 2447 Δωρίου
303 2394 359 2431 διὰ
376 2392 438 2439 τὴν
460 2393 566 2429 αὐτου
583 2390 793 2442 δωροδοκίαν
814 2404 874 2426 και
893 2387 1055 2448 ἔμπειρος
1080 2383 1152 2438 ἠν].

204 2467 267 2492 997.
298 2451 370 2489 ἰδοὺ
396 2449 518 2487 θέασαι
552 2447 768 2500 ;[Κορωνὶς
799 2446 933 2483 εἷσιόντ
927 2461 972 2482 ι)ν
1004 2449 1099 2489 αὖθις
1129 2449 1197 2484 τῶν

153 2512 358 2563 ὑποκριτῶν
375 2510 407 2546 οι
430 2507 465 2545 85
485 2507 598 2558 στίχοι
621 2505 779 2556 ἰαμὸικοι
798 2503 858 2541 καὶ
883 2504 1119 2541 δακτυλικοὶ
1104 2520 1198 2542 εννε-

100 2587 135 2612 40
153 2569 301 2615 νήκοντα
325 2567 371 2611 ἕξ.
399 2570 446 2604 ὡν
465 2565 683 2617 προτίθενται
707 2563 821 2614 στίχοι
844 2561 1003 2611 ἷαμὲικοὶ
1022 2561 1199 2614 τρίμετροι

154 2628 391 2673 ἂκατάληκτοι
420 2625 474 2668 ιζ’.
508 2623 547 2660 τὸ
575 2622 642 2675 γαρ
669 2622 709 2659 ιε’
748 2599 908 2672 δίμετρόν
940 2621 1032 2656 ἐστιν
1064 2621 1200 2657 ἀκατά-

152 2687 293 2732 ληκτον.
317 2683 374 2721 ἐπὶ
389 2685 439 2735 τῷ
458 2681 549 2719 τέλει
572 2679 815 2733 παράγραφος.
833 2693 947 2748 περινγ
934 2676 969 2714 85
990 2680 1058 2714 τιΝ)ν
1075 2677 1150 2723 ἑξῆς
1166 2680 1199 2716 ἐν

155 2743 283 2793 ἑκάστη
300 2740 452 2813 περιόδῳ
472 2738 660 2791 εἰρήσεται.
653 2738 678 2788 .]
693 2739 740 2774 6
722 2735 757 2774 οὲ
773 2734 947 2774 Κλέων
915 2750 1036 2779 εςεισιν
1055 2735 1111 2772 ἐπὶ
1130 2738 1198 2772 τῶν

155 2800 377 2853 μεταφρένων
408 2801 542 2849 ἀγγεῖον
572 2796 683 2849 φέρων
703 2792 978 2846 πεπληρωμένον
1010 2795 1198 2844 χρησμῶν,

102 2882 137 2905 ⁴5
156 2875 214 2896 και
230 2856 364 2907 λέγει“
343 2872 395 2894 οτι
414 2871 576 2893 τοσουτον
598 2854 702 2904 ἄχθος
721 2852 916 2904 βαστάζων,
940 2850 1034 2901 ὅμως
1045 2850 1200 2894 ἅπαντας

156 2917 189 2961 εξ
194 2917 286 2966 άγειν
323 2917 387 2953 οὐκ
411 2914 584 2960 ἠδυνήθην
620 2911 698 2955 τους
730 2910 921 2964 χρησμούς.
952 2910 1012 2947 καὶ
1043 2912 1061 2946 6
1089 2908 1201 2960 ἕτερος

156 2975 282 3025 ὁμοίως
301 2974 339 3011 τὸ
357 2973 440 3011 αυτὸ
454 2975 555 3011 ποιεῖ.
574 2975 675 3010 τοῦτο
691 2969 758 3021 γαρ
776 2967 1028 3038 ἐπηγγελμένοι
1043 2968 1200 3013 εἷσηλθον

158 3032 297 3076 ἐξοίσειν
330 3046 405 3073 τους
438 3029 638 3082 χρησμους,
659 3041 713 3071 ους
729 3027 848 3078 ἔχουσι
870 3025 949 3078 περὶ
965 3041 1024 3062 του
1047 3024 1172 3074 δημου.

214 3103 277 3128 998.
308 3088 374 3125 ὑπὸ
405 3103 464 3125 του
492 3088 618 3139 βάρους
642 3089 711 3124 τῶν
741 3084 883 3136 βιὸλίων
912 3085 980 3121 τῶν
1006 3081 1084 3125 τους
1106 3097 1200 3134 χρη-

107 3168 142 3194 50
162 3163 268 3198 σμους
290 3145 437 3197 εγόντων
461 3145 587 3196 χεσείω
608 3143 722 3196 φησίν
742 3146 789 3186 ὡς
818 3142 854 3179 85
875 3141 968 3179 ἔνδον
999 3156 1058 3177 και
1085 3140 1200 3177 ἄλλων

161 3206 268 3244 ὄντων
313 3205 483 3255 χρησμῶν
520 3203 560 3240 τὸ
593 3217 659 3253 067
697 3201 854 3243 ἅπαντας
892 3198 1046 3251 ἐκφέρειν
1085 3197 1200 3250 φησίν.

164 3273 256 3307 &'.,en
277 3265 324 3302 Θ.

218 3335 294 3359 1001.
324 3319 474 3364 ξυνοικία
496 3317 555 3356 δύο
583 3330 592 3355 :
616 3319 750 3359 Δυϊκῶς
778 3315 933 3365 ἐπήγαγε
963 3314 1007 3352 τὰ
1039 3313 1202 3358 ξυνοικία.

163 3381 320 3431 λέγονται
353 3377 387 3416 85
417 3376 580 3421 ξυνοικίαι
606 3375 665 3413 καὶ
689 3377 724 3413 αἱ
745 3374 866 3425 μικραὶ
891 3373 996 3411 οἰκίαι
1021 3372 1080 3411 καὶ
1111 3375 1202 3410 ἀπο-

595 2231 630 2254 ἓν
664 2215 740 2262 ἤθει
772 2218 830 2252 Οὐν
855 2213 965 2252 ταυτα]
997 2230 1117 2266 φησιν,
1147 2231 1198 2252 Οτι

1245 291 1399 341 στάσεις,
1415 294 1437 340 ἢ
1454 294 1510 338 οὒς
1520 299 1577 333 νῦν
1588 295 1763 348 φανόπτοις
1772 297 1897 349 φαμέν.
1913 301 2129 354 -ὑπερῷον
2150 316 2159 341 ζ
2174 301 2283 340 Ἀνώ-
2307 326 2310 328 -

1244 366 1367 402 γαιιι)ν.
1391 359 1474 392 vict.

1301 423 1378 448 1004.
1409 410 1610 455 Γλάνιδοςζ
1635 411 1784 458 ’Έπαιξε
1811 415 1895 467 πρὸς
1923 417 1984 463 τὴν
2010 419 2196 466 κατάληξιν
2224 419 2284 457 τὸν

1246 467 1355 506 Βάκιν
1387 484 1447 506 και
1477 469 1534 506 τὸν
1564 470 1690 508 Γλάνιν
1721 472 1839 512 εἰπὼν
1864 473 1937 511 ἔστι
1963 474 1998 512 85
2018 478 2104 520 ειδος
2137 478 2286 529 ἷχθύοςὸ

1244 526 1373 577 γλάνις.
1396 528 1646 580 [γεραιτέρου
1628 528 1684 580 05,
1703 531 1946 600 συνετωτέρου.
1951 534 1964 583 ]
2302 556 2319 581 5

1301 599 1379 623 1008
1407 601 1487 638 περι
1515 585 1742 639 σκόμὸρωνζ
1770 582 1870 632 Εἶδος
1897 590 2025 641 ἰχθύων
2057 594 2088 630 οι
2115 592 2286 646 σκόμῧροι

1246 643 1432 696 παρόμοιοι
1454 647 1525 687 τοῖς
1542 651 1677 697 μικροῖς
1697 645 1840 690 θύννοις.
1862 647 1945 685 νέων
1966 649 2022 697 δὲ,
2042 666 2166 689 νεωστι
2185 667 2287 690 τετα-

1248 704 1471 755 ριχευμένων.
1488 703 1655 754 [ἔπαιξε
1637 703 1673 741 65.
1688 707 1734 747 ὡς
1752 705 1944 757 μάγειρος]

1302 775 1379 800 1013.
1408 764 1454 805 ὡς
1483 764 1518 799 ἐν
1543 764 1724 815 νεφέλῃσιν
1758 763 1871 807 αἰετὸς
1898 778 1908 804 ζ
1942 764 2104 816 Ἐγένετο
2127 768 2312 820 χρησμὸς,

1246 822 1317 864 τοῖς
1333 820 1519 867 Ἀθηναίοις
1539 821 1595 858 ἐπὶ
1609 825 1670 858 τοῦ
1690 820 1800 871 δήμου
1819 823 1931 860 αὐτῶν
1947 823 2131 874 λεγόμενος
2309 844 2341 867 10

1349 907 1493 946 εὔδαιμον
1511 906 1688 947 πτολίεθρον
1699 907 1857 944 Ἀθηναίης
1879 908 2031 948 ἀγελείης,

1349 954 1447 983 πολλὰ
1459 954 1522 984 ἱδὸν
1532 955 1584 984 καὶ
1595 955 1695 984 πολλὰ
1704 955 1802 985 παθὸν
1813 956 1865 985 καὶ
1883 955 1983 985 πολλὰ
1994 958 2148 995 μογῆσαν,

1350 1000 1449 1035 αἰετὸς
1463 1000 1492 1030 ἐν
1503 1001 1641 1041 νεφέλῃσι
1653 1002 1796 1040 γενήσεαι
1809 1002 1914 1041 ἤματα
1927 1001 2040 1032 πάντα.

1247 1066 1338 1119 οἷον,
1361 1072 1523 1123 βασιλεὺς
1547 1072 1656 1124 μέγας
1678 1073 1850 1126 ὑπερέξεις
1871 1073 2036 1110 ἁπάντων
2054 1072 2172 1126 ὥσπερ
2194 1074 2292 1118 ἀετὸς

1247 1133 1316 1168 τῶν
1334 1131 1472 1183 ὀρνέων.
1493 1130 1616 1169 τούτου
1638 1132 1672 1168 85
1692 1136 1750 1169 τοῦ
1770 1136 1931 1184 χρησμοῦ
1947 1134 1985 1170 οὐ
2006 1131 2108 1181 μόνον
2129 1134 2290 1180 ἐνταῦθα,
2313 1157 2344 1181 15

1249 1188 1340 1226 ἀλλὰ
1367 1188 1427 1226 καὶ
1453 1191 1488 1226 ἐν
1519 1187 1658 1241 Ὄρνισι
1684 1190 1766 1241 [979]
1787 1190 1846 1227 καὶ
1869 1192 1902 1227 ἐν
1923 1191 2134 1228 Δαιταλεῦσι
2155 1191 2292 1241 μέμνη-

1249 1263 1321 1286 ται.

1305 1318 1384 1344 1014.
1415 1304 1535 1356 [ἄκουε
1565 1305 1607 1352 δὴ
1636 1309 1694 1343 νῦν
1722 1318 1731 1344 ζ
1758 1305 1803 1344 ‘O
1831 1308 1966 1358 πρῶτος
1999 1306 2115 1358 στίχος
2145 1308 2292 1345 ἐνταῦθα

1250 1363 1411 1413 ἷαμὸικὸς
1435 1363 1614 1416 τρίμετρος
1647 1363 1900 1410 ἀκατάληκτος,
1935 1366 1966 1402 οἱ
1993 1363 2028 1402 85
2055 1364 2129 1410 ἑξῆς
2164 1365 2195 1408 ς’
2228 1366 2294 1402 δα-

1250 1421 1404 1459 κτυλικοὶ
1426 1420 1605 1473 ἑξάμετροι
1624 1422 1886 1468 καταληκτικοί.
1907 1422 1965 1460 ἐπὶ
1988 1424 2038 1474 τῷ
2063 1423 2155 1460 τέλει
2178 1422 2296 1475 παρά-
2313 1443 2349 1469 20

1250 1480 1408 1532 mm]

1307 1551 1384 1576 1016.
1414 1537 1576 1591 ἐριτίμων
1600 1537 1669 1575 ἀπὸ
1694 1537 1867 1590 τριπόδων
1885 1551 1894 1576 2
1912 1538 1991 1591 Ἐφ’
2012 1532 2059 1576 ὧν
2074 1537 2252 1582 ἐκαθέζετο
2273 1540 2295 1583 ἡ

1251 1595 1453 1649 πρόμαντις.
1470 1596 1632 1648 ἐριτίμων
1646 1595 1681 1633 85
1695 1626 1706 1646 ,
1727 1596 1818 1633 πάνυ
1833 1596 1969 1647 τιμίων.
1989 1596 2105 1650 τὸγὰρ
2122 1598 2175 1649 ἐρι
2195 1595 2296 1648 ἐπίρ-

1254 1654 1349 1708 ρημά
1382 1656 1474 1692 ἐστιν
1509 1654 1718 1701 ἐπιτάσειι)ς,
1746 1657 1793 1697 ὡς
1827 1654 1867 1692 τὸ
1893 1654 2113 1707 ἐριὸώλακα,
2139 1654 2200 1693 καὶ
2223 1656 2298 1707 ἐρι-

1253 1712 1376 1759 κυδέα,
1394 1712 1456 1759 τὴν
1475 1712 1634 1763 μεγάλως
1663 1712 1808 1757 ἔνδοξον.
1837 1713 2007 1757 σώζεσθαι
2026 1713 2082 1761 δὲ,
2098 1712 2219 1757 σώζειν
2236 1711 2296 1750 καὶ
2315 1731 2350 1757 25

1252 1786 1332 1823 περι
1348 1771 1477 1808 πολλοῦ
1494 1774 1678 1808 ποιεῖσθαι.

1309 1843 1386 1867 1018.
1415 1829 1586 1881 γράρεται
1603 1827 1755 1867 λάσκων.
1782 1828 1850 1880 πρὸ
1880 1844 1941 1866 σου

1254 1904 1356 1926 κτων.
1377 1895 1457 1925 Ven.

1311 1961 1388 1985 1019.
1418 1945 1498 1997 [κᾶν
1519 1944 1567 1995 μὴ
1589 1946 1654 1998 δρᾷ
1669 1948 1779 1983 ταῦτα
1803 1959 1812 1984 :
1837 1945 1915 1984 Κᾶν
1927 1944 1977 1996 μὴ
1996 1944 2128 1997 ποιήσῃ
2148 1948 2262 1983 ταῦτα
2281 1947 2299 1982 6

1254 2005 1358 2052 κύων,
1380 2005 1593 2054 ἀπολεῖται.]
2317 2026 2350 2051 3c

1311 2078 1389 2102 1020.
1419 2062 1706 2115 κατακράζουσι;
1730 2061 2050 2114 Καταθορυὸοῧσιν.

1256 2123 1312 2161 ἐπὶ
1337 2122 1463 2175 ὀρνέων
1492 2122 1532 2160 τὸ
1555 2121 1692 2174 κράζειν
1721 2120 1796 2157 ἀντὶ
1825 2124 1883 2157 τοῦ
1911 2119 2068 2172 κρώζειν.

1256 2183 1286 2218 οἱ
1307 2181 1404 2218 ἄλλοι
1426 2180 1566 2233 ῥήτορες
1585 2179 1750 2231 κράζουσι
1767 2178 1828 2215 καὶ
1846 2178 2042 2230 θορυὸοῧσι.

1311 2253 1389 2277 1021.
1422 2238 1537 2289 [ταυτὶ
1558 2237 1608 2287 μὰ
1626 2236 1689 2283 τὴν
1704 2235 1879 2286 Δήμητρα
1895 2249 1903 2274 z
1923 2238 1969 2274 Οἱ
1986 2235 2063 2282 ἑξῆς
2078 2237 2147 2273 τῶν
2165 2235 2300 2288 εἰρημέ-

1255 2313 1322 2334 νων
1343 2292 1436 2334 οῧτοι
1457 2295 1570 2347 στίχοι
1590 2294 1752 2345 ἷαμῧικοί
1774 2296 1840 2332 εἶσι
1859 2293 2039 2347 τρίμετροι
2059 2293 2299 2340 ἀκατάληκτοι
2319 2318 2351 2343 35

1257 2357 1328 2393 ἐννε
1320 2355 1365 2392 ’.α
1401 2354 1458 2392 ἐπι
1475 2357 1524 2391 τιΝι)
1550 2353 1642 2391 τέλει
1667 2351 1911 2405 παράγραφος.
1933 2350 2002 2403 πρὸ
2029 2353 2090 2387 σοῦ
2115 2348 2152 2387 85
2180 2348 2300 2395 ἀπύω,

1257 2415 1333 2451 ἀντὶ
1352 2429 1433 2459 του,
1426 2413 1536 2485 αὑπὲρ
1554 2427 1612 2449 σου
1629 2412 1780 2448 ὑλακτῶ.
1785 2411 1799 2460 ]

1313 2485 1390 2509 1026.
1419 2469 1536 2523 ωσπερ
1557 2470 1661 2520 θύρας
1680 2483 1741 2506 σου
1765 2469 1841 2506 ζΟι
1860 2465 1928 2518 γὰρ
1953 2464 2219 2515 ἀποκλειόμενοι
2237 2463 2300 2501 κύ-

1256 2545 1309 2572 νες
1326 2530 1386 2571 τὰς
1399 2528 1502 2581 θύρας
1517 2526 1766 2578 περιεσθίουσι,
1785 2524 2018 2576 βουλόμενοι“
2005 2529 2140 2565 εαυτοῖς
2155 2537 2301 2568 ποιησαι

1258 2586 1380 2630 εςοδον.
1400 2586 1432 2635 [6
1448 2584 1607 2636 χρησμὸς
1627 2583 1655 2620 δ’
1683 2585 1701 2619 6
1719 2583 1798 2634 περὶ
1821 2597 1880 2619 του
1897 2581 2013 2627 κυνὸς,
2039 2580 2115 2617 ἀντι
2131 2595 2190 2617 του
2203 2609 2213 2625 ,
2233 2581 2281 2616 6'
2266 2596 2300 2617 εν
2319 2605 2355 2631 40

1256 2660 1306 2696 τῳ
1326 2645 1477 2711 ΔρησμιΝι)
1499 2641 1603 2679 κύων.
1632 2643 1665 2678 ἐν
1687 2639 1817 2677 ἐκθέσει
1840 2637 1876 2676 8:
1897 2638 2011 2689 στίχοι
2032 2638 2058 2674 ε’
2085 2636 2299 2675 δακτυλικοί.

1258 2702 1309 2753 ἐφ’
1327 2718 1374 2738 ων
1391 2703 1440 2738 τιιΝ)
1459 2699 1550 2737 τέλει
1569 2698 1665 2750 παρά
1668 2712 1808 2750 γραρος.
1800 2697 1826 2747 .]

1313 2773 1390 2797 1023.
1420 2757 1589 2810 γράρεται
1609 2756 1676 2806 ἐγω
1697 2755 1744 2792 85.
1773 2757 1790 2792 6
1815 2757 1848 2791 5v
1879 2755 1928 2791 τῶ
1950 2768 2104 2805 χρησμιι)
2129 2751 2236 2791 κύων.
2258 2760 2300 2789 V.

1314 2831 1394 2855 1030.
1427 2813 1730 2868 ἀνδραποδιστὴνζ
1751 2811 2051 2864 Σωματέμπορον,
2071 2810 2149 2854 τους
2169 2809 2303 2848 ἐλευθέ-

1261 2891 1336 2929 ρους
1354 2873 1686 2923 καταδουλούμενον.
2134 2921 2155 2928 ·-
2319 2900 2354 2925 ⁴5

1315 2946 1394 2972 1031.
1426 2931 1462 2975 ὃς
1478 2931 1591 2983 κέρκῳ
1608 2929 1735 2967 σαίνων
1758 2942 1766 2967 :
1789 2931 1821 2967 Τ
1822 2931 1844 2979 ἦ
1864 2929 1949 2980 οὖρᾶΙ
1966 2926 2105 2974 σαίνων,
2120 2930 2202 2973 οἷον,
2216 2928 2301 2964 ὓπο-

1259 2991 1389 3044 τρέχων
1418 2989 1477 3027 καὶ
1505 2987 1717 3026 κολακεύων.
1750 2985 1869 3030 ἔπαιξε
1895 2985 1931 3023 85
1959 2984 2057 3037 παρὰ
2082 2984 2146 3031 τὴν
2171 2999 2300 3036 παροι-

1261 3049 1343 3100 μίαν

1919 1832 1941 1841 ω
2160 1832 2182 1841 ω

1965 1828 1987 1875 ἢ
2007 1831 2055 1866 ὑπ
2029 1829 2094 1882 πὲρ
2120 1844 2182 1867 σου
2203 1830 2293 1866 ὗλα-

2069 2061 2115 2077 ’Nl

2070 2076 2162 2105 ιοιως
2179 2060 2216 2100 85
2235 2066 2295 2100 νῦν

2152 2114 2297 2164 Αλλωςζ

1383 3125 1496 3161 σαίνεις
1509 3124 1665 3155 δάκνουσα
1678 3123 1731 3153 καὶ
1748 3122 1831 3153 κύων
1846 3121 2010 3163 λαίθαργος
2025 3121 2065 3152 εἷ.

1261 3195 1318 3234 ἐπὶ
1339 3210 1406 3232 των
1426 3191 1703 3245 ὑποκρινομένιον
1723 3192 1821 3237 δηΟεν
1843 3192 1983 3237 εὐνοεῖν,
2005 3186 2297 3226 ἐπιὸουλευόντων
2316 3212 2353 3237 50

1261 3253 1296 3292 85
1310 3253 1433 3305 λάθρα.
1449 3251 1615 3303 [ἐξέδεται
1631 3249 1683 3296 85,
1700 3248 1875 3300 ἐκτρώγει.
1889 3242 2015 3299 τοῦψον
2030 3246 2086 3293 δὲ,
2104 3245 2144 3283 τὸ
2159 3246 2296 3298 βρωμα.

1262 3311 1388 3349 ἄλλοσε
1409 3309 1444 3347 δὲ
1464 3309 1618 3361 χάσκῃς,
1639 3308 1715 3345 ἀντι
1742 3323 1802 3345 του
1811 3306 1920 3358 ,περὶ
1940 3305 2030 3343 ἄλλα
2057 3303 2119 3350 τὴν
2145 3301 2296 3340 διάνοιαν

1261 3369 1376 3422 ἔκηε]
