2533 3808
200 904 230 928 [Ο

202 1198 234 1221 15

208 2125 242 2149 30

211 2412 244 2435 35

213 2703 246 2727 40

221 3282 255 3305 50

250 300 318 332 144

245 382 283 416 ἐκ
302 379 361 414 τοῦ
375 372 488 425 ὀρνέου
508 371 569 413 τῆς
581 364 715 409 κίττης,
733 361 816 411 ὅπερ
835 358 1088 416 ἐπιθυμητικῶς
1111 353 1189 405 ἔχον
1205 355 1272 389 τῶν

354 430 440 483 ρύων
455 425 586 477 ταχέως
607 419 884 472 δυσαρεστεῖται,
902 416 936 459 ἐξ
967 418 1012 451 ὡν
1034 414 1061 450 δ’
1087 412 1127 450 ἂν
1154 409 1276 455 ἐσθίοι,

246 434 350 486 ἀκροδ
847 475 855 489 γ
1016 474 1024 484 Ι
1205 471 1221 479 ..

594 481 772 528 ἐπιθυμεῖ,
801 491 860 513 και
888 472 1096 524 μεταὸασεις
1128 483 1278 507 ποιειται

245 492 303 530 καὶ
322 490 425 526 πάλιν
449 484 571 535 ἑτέρων

246 551 290 591 εἷς
301 547 443 584 ἕκαστον
460 544 527 579 τῶν
549 539 708 589 δένδρων.

299 603 353 641 διὰ
364 604 431 639 τῶν
452 598 598 637 σανίδων
628 609 635 633 ;
660 595 741 633 Τῶν
768 589 969 643 δρυφάκτων
998 590 1065 625 τῶν
1090 586 1279 624 ταὸλωτῶν

245 667 303 700 τοῦ
322 656 559 708 δικαστηρίου,
582 652 639 690 ἵνα
658 653 743 703 λέγῃ
766 650 922 698 ἐπιθυμῶ
945 649 979 684 ἐν
998 649 1046 698 τῷ
1069 641 1281 695 δικαστηρίῳ

248 721 365 758 ἐλθεῖν.
387 717 410 763 ἢ
428 715 575 754 σανίδων
596 710 680 764 φησὶ
707 712 774 746 τῶν
794 708 1027 759 περιεχουσῶν
1061 703 1104 740 τὰ
1127 701 1282 751 ὀνόματα

247 780 313 815 τῶν
333 770 636 826 εἷσαχθησομένων
655 769 701 810 εἷς
720 767 758 804 τὸ
782 764 1015 815 δικαστήριον,
1045 764 1143 799 ποῖον
1170 759 1283 805 δεήσει

247 838 382 887 πρῶτον
400 833 604 882 εἷσαχθῆναι
624 827 682 865 καὶ
699 824 790 863 κατὰ
809 822 930 871 τάξιν.)

301 906 363 931 351.
394 890 446 928 ὅτι
465 889 504 926 τὸ
519 885 710 924 παλλάδιον
729 883 770 920 δι’
788 879 973 933 ὑδρορρόας
985 879 1139 923 εἰσῆλθον
1158 877 1187 913 οἱ
1205 873 1284 925 περὶ

248 951 306 989 τὸν
324 947 513 988 Ὀδυσσέα.
531 953 570 982 R.

302 1022 365 1046 352.
397 1006 465 1044 οὐδ’
493 1007 521 1041 εἷ
543 1002 658 1054 σέρφῳ
677 1014 685 1038 :
707 999 802 1049 (UOn
827 998 862 1034 ἐν
884 995 1023 1047 ’Όρνισι
1048 994 1112 1044 [82]
1136 990 1223 1033 τινὲς
1248 989 1286 1027 τὸ

251 1086 266 1101 «
285 1067 373 1105 εὕδει
405 1060 616 1114 καταφαγὼν
639 1058 752 1111 μύρτα
774 1056 833 1094 καὶ
864 1054 1007 1105 σέρφους
1041 1070 1055 1085 »
1087 1051 1287 1099 ἐξηγοῦνται

251 1125 381 1178 καρπὸν
401 1123 457 1160 τὸν
479 1120 616 1172 σέρφον.
633 1115 755 1154 ἔστιδὲ
773 1112 921 1167 θηρίδιόν
941 1127 973 1149 τι
991 1109 1123 1162 μικρόν.
1146 1107 1289 1160 Κράτης

252 1184 287 1221 δὲ
310 1182 477 1233 μύρμηκα
491 1177 575 1231 φησὶ
586 1176 643 1214 τὸν
656 1174 791 1227 σέρφον.
806 1175 836 1210 οἳ
853 1171 888 1209 δὲ
903 1166 1048 1221 ζωύφιον
1062 1166 1288 1210 κωνωπῶδες,

252 1241 308 1293 ἀφ’
326 1235 363 1277 οἷ
383 1242 404 1284 ἡ
425 1235 595 1289 παροιμία

376 1332 472 1363 ἔνεστι
488 1329 545 1360 κάν
557 1327 690 1368 μύρμηκι
702 1324 758 1355 κᾶν
776 1323 877 1363 σέρφῳ
891 1321 979 1361 χολή·

252 1415 485 1466 παρεγγυῶσα
501 1408 589 1460 μηδὲ
600 1410 666 1444 τῶν
680 1407 809 1457 μικρῶν
824 1402 1076 1455 καταφρονεῖν.)
1093 1424 1137 1427 -
1150 1398 1266 1450 σέρφῳ
1282 1410 1290 1436 :

253 1471 424 1524 παροιμία
442 1486 456 1501 <¹
475 1466 551 1504 οὐδὲ
575 1465 731 1517 μύρμηκι
751 1461 825 1504 ὁδός
840 1463 925 1498 ἐστι.
948 1479 962 1493 n
981 1468 1021 1498 R.

307 1542 370 1567 353.
405 1526 517 1575 (ὀπίαν
535 1525 563 1560 δ’
584 1525 643 1560 οὐκ
671 1521 743 1558 ἔστι
764 1533 772 1558 1
802 1517 909 1569 Παρὰ
924 1517 986 1563 τὴν
1008 1515 1096 1562 ὀπὴν
1114 1514 1153 1552 τὸ
1170 1514 1292 1564 ὄνομα.

254 1587 314 1625 καὶ
336 1585 436 1638 τυρὸν
456 1582 491 1621 δὲ
503 1581 642 1632 λέγουσι
659 1579 761 1616 ὀπίαν
782 1577 838 1615 τὸν
860 1579 908 1628 τῷ
925 1577 999 1627 ὀπῷ
1014 1578 1075 1621 τῆς
1095 1576 1202 1620 συκῆς
1220 1589 1295 1619 πη-

254 1644 448 1697 γνύμενον.)

309 1717 371 1741 354.
403 1700 595 1753 (μέμνησαι
607 1697 678 1743 δῆθ’
695 1710 704 1734 ;
726 1693 1009 1744 Ὕπομιμνήσκει
1028 1691 1129 1729 αὐτὸν
1144 1691 1297 1733 παλαιᾶς

257 1761 412 1814 πράξεως
432 1758 594 1806 τόλμαν.)

310 1833 373 1857 355.
396 1816 463 1867 (ὅτε
482 1814 594 1858 Νάξος
610 1812 703 1850 ἑάλω
718 1826 726 1850 2
740 1810 815 1856 Τὴν
830 1809 943 1853 Νάξον
961 1807 1187 1861 ἐπιτετήρηκε
1213 1807 1299 1859 πρὸς

258 1878 314 1916 τὸν
330 1876 486 1928 γέροντα.
514 1872 606 1910 ἑάλω
623 1870 689 1922 γὰρ
706 1869 764 1907 ἐπὶ
783 1866 1052 1920 Πεισιστράτου.
1074 1870 1133 1904 τοῦ
1152 1866 1187 1903 δὲ
1205 1865 1298 1903 ἑάλω

259 1935 448 1973 ἐκτείνουσι
463 1931 502 1969 τὸ
522 1947 544 1968 α
561 1928 726 1974 συνήθως.
750 1926 823 1963 ἔστι
856 1924 891 1962 δὲ
921 1924 985 1976 μία
1009 1927 1076 1962 τῶν
1104 1923 1298 1963 Κυκλάδων

259 1993 386 2041 νῆσος.)

314 2063 378 2089 357.
409 2045 628 2099 ἰσχυρότερος
651 2042 802 2094 (ἰσχυρὸς
821 2042 874 2091 G.)
897 2039 1099 2091 ἐτύγχανον.
1123 2052 1164 2082 V.

314 2122 377 2146 861.
408 2107 681 2155 σκοπιωροῦνται
707 2115 716 2140 :
748 2098 1013 2139 Κατοπτεύουσι
1048 2096 1107 2134 καὶ
1136 2112 1298 2149 παραφυ-

261 2166 454 2204 λάττουσιν.
479 2161 695 2213 (Ἕρμιππος
715 2158 750 2196 δὲ
770 2157 829 2196 καὶ
846 2156 902 2194 ἐπὶ
925 2159 986 2193 τοῦ
1004 2154 1073 2192 ἀπὸ
1090 2157 1149 2200 τῆς
1169 2158 1301 2201 σκοπῆς

263 2224 426 2276 θεωρεῖν.)

315 2296 379 2321 364.
411 2278 521 2331 ἔχοντ’
538 2275 738 2318 ὂὲελίσκους
762 2289 770 2314 t
790 2273 842 2313 Τὸ
861 2275 991 2324 πλῆρες
1006 2270 1143 2322 ἔχοντε,
1162 2271 1298 2314 δυϊκῶς.

263 2341 322 2378 δύο
341 2339 408 2391 γάρ
434 2340 517 2375 εἰσιν
544 2337 574 2372 οἱ
597 2333 749 2385 [ἔχοντες
775 2331 974 2373 ὀδελίσκους
1000 2329 1073 2376 καὶ]
1102 2333 1298 2381 τηροῦντες.

262 2407 302 2436 V.
317 2403 402 2435 Vict.

317 2469 379 2494 365.
411 2454 522 2506 (ἀλλὰ
537 2457 594 2491 νῦν
615 2451 772 2503 ἐκπόριζε
791 2463 799 2488 z
818 2449 864 2486 ‘H
876 2447 1046 2497 ἀμοιδαία
1067 2445 1153 2491 αὕτη
1171 2446 1300 2498 στροφὴ

264 2513 371 2551 ἔοικεν
390 2507 475 2549 εῖναι
496 2510 704 2562 ἀντιστροφὴ
716 2512 776 2554 τῆς
797 2506 868 2543 ἅνω
888 2505 1044 2557 ῥηθείσης
1059 2503 1179 2553 ὁμοίας
1198 2519 1302 2555 στρο-

265 2575 347 2623 φῆς,
368 2570 443 2607 ἀλλ’
467 2569 558 2606 ἔστιν
585 2567 738 2612 ἐλλιπής.
764 2564 891 2615 στίχων
917 2562 984 2614 γάρ
1008 2564 1080 2599 ἐστι
1100 2562 1160 2599 καὶ
1181 2561 1302 2599 κώλων

265 2629 374 2674 ὀκτὼ,
399 2622 445 2664 ῶν
462 2626 502 2664 τὸ
519 2629 656 2678 πρῶτον
675 2622 860 2678 τροχαϊκὸν
885 2620 1117 2672 τετράμετρον
1147 2621 1302 2665 καταλη-

266 2686 396 2724 κτικόν.
427 2685 465 2722 τὸ
487 2683 519 2735 β’
541 2683 703 2734 ἷαμὸικὸν
731 2681 887 2731 δίμετρον
911 2677 1154 2723 ἀκατάληκτον
1174 2677 1233 2714 καὶ
1265 2678 1304 2715 τὸ

266 2745 309 2788 ς’.
330 2744 373 2781 τὰ
394 2743 421 2780 δ’
447 2743 536 2780 ἄλλα
553 2741 655 2792 ὅμοια
672 2742 721 2792 τῷ
741 2737 882 2790 πρώτῳ.
898 2735 956 2773 ἐπὶ
968 2737 1016 2786 τῷ
1026 2734 1302 2793 τέλειωκορωνίς]

319 2815 382 2840 366.
415 2800 564 2851 (ἕωςγὰρ
581 2793 608 2836 ῶ
627 2797 797 2849 μελίττιον
815 2810 823 2833 :
844 2794 993 2846 ’Όρθρος
1011 2792 1096 2844 γὰρ,
1113 2795 1141 2829 ὠ
1157 2807 1304 2844 προσφι-

267 2859 431 2896 λέστατον
452 2857 635 2907 μελίττιον.
657 2856 798 2900 δηλοῦσι
818 2851 884 2904 γὰρ
904 2850 956 2888 ὅτι
977 2848 1094 2899 ἡμέρα
1114 2847 1285 2899 γέγονεν.)

321 2916 383 2958 ἕως
409 2928 417 2953 :
435 2913 532 2957 (Έως
547 2913 664 2965 ὄρθρος
679 2911 812 2962 ἡμέρα,
833 2909 902 2946 ἀπὸ
920 2912 980 2946 τοῦ
1001 2908 1063 2949 ἕως
1082 2907 1191 2957 ταύτῃ
1213 2910 1307 2957 ἡμᾶς

270 2974 577 3017 κατακεκλεῖσθαι,
597 2970 619 3016 ἢ
641 2968 697 3007 διὰ
716 2969 755 3006 τὸ
773 2967 886 3005 ἵεσθαι
903 2968 936 3003 ἐν
955 2967 1057 3017 αὐτῇ.
1084 2972 1166 3001 Ποῖ.

323 3045 385 3069 368.
416 3031 453 3080 (ἡ
475 3029 510 3067 δέ
526 3044 584 3078 μοι
598 3027 767 3066 Δίκτυννα
787 3040 795 3064 ;
815 3025 908 3077 Πρὸς
924 3023 987 3069 τὴν
1007 3022 1170 3074 Ἄρτεμιν
1188 3026 1306 3070 τοῦτο,

272 3088 390 3133 ἐπειδὴ
412 3087 566 3139 ἀγρευτὶς
582 3081 636 3131 ἦν.
654 3084 751 3137 παρὰ
771 3083 806 3121 δὲ
827 3083 864 3120 τὸ
883 3082 992 3131 ὄνομα
1008 3081 1189 3131 γελοιάζει.
1211 3079 1308 3132 παρὰ

272 3146 394 3199 γὰρτὸ
420 3145 554 3182 δίκτυον
574 3143 729 3194 ἐπήγαγε
752 3142 791 3180 τὸ
811 3141 1000 3179 Δίκτυνναν
1023 3138 1187 3191 Ἄρτεμιν
1208 3137 1308 3176 ἵλαον

274 3204 442 3252 ἔσεσθαι.)

327 3274 391 3299 369.
427 3260 574 3309 (ἄνοντος
595 3272 603 3296 :
623 3257 714 3296 Ἀντὶ
728 3260 786 3294 τοῦ
804 3256 962 3298 ἀνύοντος
981 3254 1024 3292 τὰ
1039 3254 1123 3306 πρὸς
1135 3253 1308 3305 σωτηρίαν

275 3319 335 3357 καὶ
355 3318 579 3367 εὑρίσκοντος.
606 3315 645 3353 τὸ
671 3314 706 3352 δὲ
731 3315 866 3357 ἄνοντος
890 3313 1021 3364 γίνεται
1047 3311 1144 3364 παρὰ
1170 3311 1208 3348 τὸ
1238 3312 1308 3348 ἅνω

277 3377 476 3429 βαρύτονον,
497 3369 535 3411 οῦ
555 3374 593 3411 τὸ
612 3373 724 3425 τρίτον
741 3376 800 3410 τοῦ
817 3375 1008 3416 παθητικοῦ
1026 3372 1210 3412 ἐνεστῶτος
1227 3369 1308 3406 ἅνε-

275 3450 342 3471 ται.
363 3436 408 3476 ὡς
428 3433 466 3470 τὸ
487 3438 544 3479 [ll.
566 3440 612 3477 K,
632 3436 695 3476 251]
719 3448 733 3463 «
752 3429 847 3479 μάλα
868 3429 934 3480 γὰρ
952 3428 1009 3472 νὺξ
1031 3428 1161 3466 ἄνεται.
1183 3429 1217 3476 ν)

1336 407 1375 444 τὸ
1393 408 1540 446 δίκτυον.

1337 467 1400 517 ψον
1422 467 1540 517 αὐτά.)

1005 267 1252 308 SCHOLlA
1290 267 1345 303 IN
1378 266 1605 304 VESPAS.

1390 364 1451 388 370.
1483 351 1610 401 (ἔπαγε
1630 351 1692 397 τὴν
1711 350 1833 402 γνάθον
1853 365 1860 390 ;
1890 353 1979 391 Ἀντὶ
2002 356 2062 391 τοῦ
2083 353 2165 392 δάκε
2188 357 2231 406 τῇ
2256 354 2372 408 γνάθῳ

1602 410 1670 452 τοῖς
1684 409 1830 454 δικτύοις
1843 410 1951 463 ἔπαγε
1964 412 2026 459 τὴν
2043 413 2166 463 γνάθον
2181 409 2241 450 καὶ
2254 413 2371 452 διάκο-

1393 536 1456 562 374.
1487 525 1603 562 δακεῖν
1632 538 1640 563 :
1675 525 1764 563 Ἀντὶ
1791 529 1850 563 τοῦ
1872 527 2042 578 δηχθῆναι
2075 529 2135 566 καὶ
2165 531 2374 577 λυπηθῆναι.

1341 581 1416 618 ἀντὶ
1435 585 1494 619 τοῦ
1512 583 1670 635 ἐκφυγεῖν
1688 582 1848 621 σώσαντα
1865 583 1928 630 τὴν
1948 586 2105 637 καρδίαν.
2136 595 2215 625 Γὶεῐ.

1394 652 1456 677 375.
1477 639 1551 689 (τὸν
1569 641 1647 692 περὶ
1664 643 1800 693 ψυχῆςῖ
1819 641 1950 692 Ἤγουν
1966 645 2123 696 ἐκφυγεῖν
2143 645 2300 684 σώσοντα
2316 645 2377 692 τὴν

1342 697 1489 749 Qus-42.)

1396 770 1458 794 376.
1491 757 1550 806 (ἵν’
1571 758 1642 808 εἰδῇ
1666 757 1713 806 μὴ
1743 758 1864 794 πατεῖν
1885 770 1893 796 ;
1921 758 1993 795 Καὶ
2013 762 2114 796 τοῦτο
2132 761 2177 802 ὥς
2196 761 2379 812 φιλόδικος.

1344 813 1505 864 ἔγκλημα
1523 815 1558 852 δὲ
1578 810 1619 861 ἦν
1638 815 1778 867 ὑδρίσαι
1794 815 1838 852 τὰ
1855 816 2041 867 μυστήρια.
2062 816 2084 862 ἢ
2101 812 2159 854 οῦν
2174 818 2279 855 πάλιν
2299 817 2380 856 πλέ-

2395 607 2412 630 δ

1345 887 1398 908 κει
1425 874 1536 924 αὐτῷ,
1560 872 1581 918 ἢ
1608 873 1777 910 δείκνυσιν
1795 876 1840 916 ὡς
1860 875 1897 911 οὐ
1921 873 1990 926 χρὴ
2018 874 2063 912 τὰ
2086 875 2260 928 μυστήρια
2288 879 2381 914 εὖτε-
2405 893 2434 917 1c

1345 930 1462 977 λίζειν,
1484 930 1590 973 οὕτως
1608 930 1683 968 οὐδὲ
1703 935 1814 968 ταῦτα
1833 933 1976 982 ποιεῖν.)

1400 992 1548 1028 πατεῖνε
1571 989 1758 1041 εΥὸρίζειν.
1784 997 1866 1027 I'z'ct.

1401 1060 1465 1086 377.
1496 1046 1539 1084 τὰ
1566 1048 1642 1084 ταῖν
1663 1049 1756 1085 θεαῖν
1776 1047 1986 1100 ψηφίσματα
2015 1062 2023 1087 t
2049 1048 2140 1086 Ἀντὶ
2160 1053 2220 1087 τοῦ
2243 1048 2288 1086 τὰ
2309 1055 2385 1087 ταῖν

1349 1108 1441 1164 θεαῖν
1463 1105 1636 1158 μυστήρια
1657 1108 1776 1152 εἰπεῖν,
1801 1105 2011 1158 ψηφίσματα
2030 1100 2138 1154 εἶπεν,
2159 1108 2205 1149 ὡς
2231 1106 2306 1145 δέον
2322 1109 2388 1159 οὔχ

1348 1167 1451 1208 ἧττον
1472 1164 1551 1215 περὶ
1571 1168 1682 1201 ταῦτα
1701 1164 1723 1210 ἢ
1741 1164 1820 1216 περὶ
1839 1166 1952 1201 ἐκεῖνα
1971 1164 2234 1203 ἐσπουδακέναι.
2255 1165 2387 1216 καθίμα

1350 1220 1386 1258 δὲ
1406 1221 1596 1272 ὑποχύλα.)
1619 1244 1663 1248 —
1681 1222 1756 1259 ἀντὶ
1771 1226 1829 1260 τοῦ
1849 1223 1960 1275 ὄργια.
1980 1231 2017 1261 R.

1404 1291 1466 1316 370.
1491 1279 1623 1329 καθίμα
1647 1294 1655 1318 :
1678 1280 1797 1319 Χάλα.
1825 1288 1907 1318 Vict.

1405 1350 1466 1375 380.
1497 1338 1556 1374 καὶ
1583 1337 1646 1384 τὴν
1665 1338 1780 1390 ψυχὴν
1802 1339 2069 1388 ἐμπλησάμενος
2091 1352 2100 1378 2
2124 1339 2186 1383 Ὡς
2204 1340 2390 1392 παράστη-

1355 1395 1404 1444 μά
1428 1412 1461 1433 τι
1483 1399 1542 1433 τοῦ
1570 1395 1771 1439 Διοπείθους
1791 1396 1930 1448 ἔχοντος
1951 1398 2131 1447 μανιῶδες.
2152 1392 2193 1444 ἦν
2215 1398 2250 1436 δὲ
2269 1402 2287 1436 ὃ
2306 1401 2390 1437 Διο-

2410 1181 2441 1205 15

1354 1454 1473 1499 πείθης
1492 1454 1618 1506 ῥήτωρ.
1639 1454 1795 1504 (μήποτε
1813 1454 1848 1492 δὲ
1862 1449 1958 1498 oga-62
1975 1456 2066 1492 ἐστιν
2081 1459 2098 1493 ὃ
2111 1455 2171 1493 καὶ
2184 1456 2281 1508 παρὰ
2297 1458 2391 1510 Φρυ-
2411 1474 2446 1498 20

1355 1511 1475 1563 νίχῳ.)

1408 1583 1472 1608 381.
1503 1570 1729 1620 καλαμᾶσθαι
1751 1584 1759 1608 :
1790 1570 2046 1623 (Ἀναρπάσαι,
2068 1571 2138 1609 ἀπὸ
2157 1573 2225 1608 τῶν
2245 1571 2308 1618 τὴν
2326 1588 2395 1610 κα-

1355 1628 1472 1678 λάμην
1502 1628 1584 1678 [τῶν
1611 1627 1844 1681 σπερμάτων]
1872 1628 2122 1676 ἀνασπώντων,
2145 1628 2245 1666 ἕνεκα
2273 1630 2395 1680 στέγης

1356 1689 1423 1723 τῶν
1439 1685 1652 1735 οἰκημάτων.
1671 1685 1692 1731 ἢ
1711 1685 1786 1723 ἀντὶ
1800 1689 1860 1723 τοῦ
1879 1686 2020 1735 ἀνιμᾶν,
2034 1688 2080 1730 ὡς
2096 1688 2127 1724 οἱ
2140 1689 2210 1730 τοῖς
2225 1687 2396 1736 καλάμοις

1357 1744 1435 1787 τοὺς
1452 1743 1572 1795 ἰχθύας
1583 1742 1815 1793 ἀνέλκοντες.)
1831 1767 1882 1772 —
1903 1743 1972 1780 ἀπὸ
1992 1751 2190 1797 μεταφορᾶς
2211 1747 2279 1782 τῶν
2294 1744 2395 1796 ἰχθύ-

1358 1819 1405 1840 ων
1424 1805 1491 1840 τῶν
1517 1801 1712 1852 ἑλκομένων
1733 1801 1916 1851 καλάμοις.
1947 1809 2053 1841 R.—-
2071 1803 2146 1852 (τὸν
2174 1801 2329 1855 πρινώδη
2358 1803 2394 1841 δὲ

1358 1861 1414 1899 τὸν
1427 1860 1576 1912 σκληρόν
1587 1876 1594 1883 ·
1610 1859 1747 1897 ἀπὸτοῦ
1762 1859 1861 1904 ξύλου
1873 1862 1934 1896 τοῦ
1948 1859 2096 1912 πρίνου.)
2108 1860 2313 1913 -παρόσον
2323 1862 2398 1914 πρί-

1359 1935 1417 1957 νου
1437 1918 1497 1956 καὶ
1517 1917 1656 1970 σχοίνου
1676 1917 1735 1955 καὶ
1755 1917 1874 1960 ἐλαίας
1891 1917 2102 1970 θερμότατον
2121 1921 2205 1970 πῦρ.
2226 1925 2265 1955 R.
2286 1920 2398 1969 (μαν-

1360 1977 1478 2015 θάνετε
1499 1976 1534 2014 δὲ
1561 1979 1734 2014 σκοπεῖτε.
1759 1976 1798 2013 τὸ
1824 1975 1859 2013 δὲ
1886 1975 1928 2022 ἥν
1954 1991 1988 2012 τι
2013 1976 2134 2023 πάθω,
2161 1976 2237 2014 ἀντὶ
2259 1981 2318 2014 τοῦ
2340 1977 2399 2015 ἐὰν

1361 2035 1477 2086 συμὸῇ
1497 2050 1541 2084 με
1556 2033 1708 2072 πεσόντα
1728 2035 1940 2084 ἀποθανεῖν.)

1817 2092 1986 2131 Βούλεται
2006 2093 2112 2130 εἰπεῖν
2137 2108 2170 2130 τι
2188 2095 2315 2139 αὐτοῖς,
2339 2095 2399 2132 καὶ

1362 2152 1552 2203 μανθάνετε
1571 2165 1579 2189 z
1602 2150 1691 2189 Ἀντὶ
1707 2154 1767 2187 τοῦ
1789 2150 1904 2188 οἴδατε
1920 2149 1952 2187 τί
1969 2149 2151 2196 ποιήσατε.
2178 2157 2259 2188 Vict.

1413 2109 1476 2133 385.
1507 2093 1625 2145 δράσω
1649 2092 1760 2130 τοίνυν
1785 2105 1793 2131 2

1414 2230 1476 2255 386.
1496 2215 1680 2258 ’ἀνελόντες
1696 2214 1757 2252 καὶ
1776 2214 2011 2257 κλαύσαντεςε
2033 2213 2119 2252 Ἐὰν
2138 2214 2257 2266 συμὸῇ
2278 2229 2322 2263 με
2337 2228 2398 2250 πε-

1362 2275 1466 2314 σόντα
1487 2276 1683 2319 ἀποθανεῖν,
1703 2274 1737 2309 ἐν
1753 2275 1802 2324 τῷ
1820 2271 2032 2324 δικαστηρίῳ
2053 2287 2095 2320 με
2112 2271 2258 2324 θάψατε.
2277 2271 2401 2324 δρύφα-

1362 2348 1436 2371 κτοι
1452 2331 1519 2384 γὰρ
1539 2331 1666 2375 ξύλινοι
1685 2329 1856 2382 θώρακες,
1875 2329 1919 2366 τὰ
1940 2329 2208 2382 διαφράγματα,
2228 2328 2250 2376 ἢ
2270 2329 2315 2368 τὰ
2333 2345 2399 2367 πε-

1364 2389 1626 2442 ριτειχίσματα,
1660 2388 1682 2434 ἢ
1718 2387 1907 2438 κιγκλίδες,
1939 2387 2230 2440 περιφράγματα,
2267 2386 2311 2425 τὰ
2343 2391 2400 2424 νῦν

1362 2446 1527 2485 mmm&
1543 2444 1760 2495 καλούμενα,
1781 2444 1826 2482 τὰ
1842 2448 1909 2482 τῶν
1927 2444 2214 2495 οἰκοδομημάτων
2239 2443 2400 2496 ἐξέχοντα

1364 2505 1460 2549 ξύλα.
1480 2506 1626 2541 ἐνταῦθα
1647 2501 1682 2540 δὲ
1704 2502 1748 2540 τὰ
1767 2502 1986 2552 ταὸλώματα
2004 2507 2064 2540 τοῦ
2084 2502 2324 2554 δικαστηρίου,
2345 2502 2401 2538 διὰ

1362 2563 1400 2600 τὸ
1421 2564 1460 2599 ἐκ
1480 2561 1626 2599 σανίδων
1647 2561 1705 2598 καὶ
1725 2560 1833 2604 ξύλων
1849 2563 1916 2597 τῶν
1935 2561 1974 2597 ἐκ
1993 2559 2092 2612 δρυὸς
2110 2554 2197 2597 εἶναι
2213 2575 2401 2597 κατεσκευ-

1364 2619 1510 2669 ασμένα.
1528 2617 1621 2668 λέγει
1639 2616 1673 2654 δὲ
1694 2617 1762 2654 ἀπὸ
1783 2616 1904 2668 μέρους
1922 2615 1961 2653 τὸ
1981 2616 2235 2668 δικαστήριον.)

1416 2691 1479 2714 369.
1508 2675 1592 2726 πρὸς
1605 2676 1674 2717 τοῖς
1689 2673 1920 2726 δικαστηρίοις
1934 2672 2047 2717 Λύκος
2063 2674 2154 2726 ἥρως
2162 2674 2291 2727 ἵδρυτο.
2307 2674 2402 2712 ἔθυον

1365 2734 1400 2772 δὲ
1421 2735 1514 2785 αὐτῷ
1531 2732 1590 2770 καὶ
1610 2731 1781 2781 ἀπένεμον
1807 2731 2005 2769 δικαστικὸν
2027 2730 2160 2780 μισθόν.
2182 2737 2220 2768 Β.
2243 2725 2293 2782 (tf)
2307 2732 2401 2771 Λύκε

1366 2792 1517 2829 δέσποτα
1534 2804 1542 2828 ;
1558 2789 1665 2841 Παρὰ
1681 2790 1750 2832 τοῖς
1764 2788 1996 2841 δικαστηρίοις
2012 2789 2051 2826 τὸ
2066 2792 2124 2826 τοῦ
2142 2787 2258 2827 Λύκου
2275 2791 2400 2841 ἡρῷον.

1365 2850 1438 2888 ὅθεν
1468 2847 1572 2900 φασὶν
1601 2850 1755 2900 εἷρῆσθαι
1784 2846 1899 2885 Λύκου
1931 2847 2043 2890 δεκάς.
2117 2845 2261 2890 Ἄλλως.
2286 2846 2402 2885 Λύκου

1365 2910 1476 2960 ἡρῷον
1496 2906 1580 2958 πρὸς
1595 2909 1644 2957 τῷ
1664 2905 1876 2956 δικαστηρίῳ
1895 2899 1949 2951 ἧν,
1975 2899 2003 2957 ᾧ
2023 2904 2204 2956 ἐμέριζον,“
2219 2904 2276 2942 ὅτε
2306 2905 2404 2942 δικα-

1367 2964 1490 3017 στήρια
1508 2958 1562 3009 ἦν,
1576 2963 1633 3000 τὸν
1653 2961 1750 3014 παρὰ
1769 2965 1838 3004 τοῖς
1854 2963 2001 3013 λαχοῦσι
2018 2965 2085 2999 τῶν
2100 2961 2288 3008 Ἀθηναίων
2307 2961 2403 2999 δικά-

1367 3026 1433 3068 ζειν
1455 3020 1650 3059 δικαστικὸν
1670 3019 1789 3069 μισθὸν
1813 3020 2032 3079 ἶριὼὅολον.)

1420 3079 1615 3132 κεχάρησαι
1632 3092 1640 3116 :
1663 3077 1788 3129 Χαίρει
1808 3081 1855 3120 οἷς
1873 3077 1933 3115 καὶ
1953 3077 2032 3128 ἐγώ.
2056 3085 2138 3116 Ποῖ.

1420 3150 1483 3175 390.
1514 3135 1706 3188 φευγόντων
1725 3148 1733 3173 :
1751 3137 1828 3172 Τῶν
1850 3134 2168 3186 κατηγορουμένων.
2198 3140 2279 3171 Vict.

1421 3208 1484 3233 392.
1515 3192 1611 3245 παρὰ
1628 3193 1684 3230 τὸν
1704 3191 1854 3230 κλάοντα
1874 3195 2046 3238 καθῆσθαι
2066 3205 2075 3231 :
2097 3192 2159 3235 Ὡς
2177 3195 2244 3231 τῶν
2261 3195 2406 3232 καταδι-

1368 3251 1563 3290 κασθέντων
1583 3250 1660 3287 εὐθὺ
1684 3250 1768 3302 πρὸς
1784 3249 1823 3287 τὸ
1839 3253 1952 3302 ἡρῷον
1969 3249 2228 3289 ἀποκλαόντων.
2249 3251 2404 3305 εὐφημό-

1367 3326 1463 3363 τερον
1486 3309 1520 3346 δὲ
1534 3308 1691 3359 λέγουσιν
1714 3308 1790 3345 ἀντὶ
1807 3311 1866 3344 τοῦ
1885 3307 2001 3345 κλάων
2021 3311 2185 3354 καθῆστο.

1421 3380 1485 3405 394.
1512 3366 1636 3409 κάννας
1665 3379 1672 3403 :
1698 3365 1789 3414 (Τὰς
1811 3364 1965 3417 ψιάθους.
1991 3364 2127 3415 λέγεται
2155 3364 2269 3404 δὲκαὶ
2296 3367 2404 3414 κάνης

1369 3425 1428 3462 καὶ
1448 3424 1598 3462 κλίνεται
1624 3427 1683 3460 τοῦ
1704 3422 1862 3469 κάνητος.
1884 3424 1948 3473 ὥς)
1978 3422 2112 3474 ψιάθοις
2131 3422 2164 3460 δὲ
2186 3439 2400 3477 περιπεφρα-

2416 1763 2449 1787 25

2419 2051 2452 2075 :30

2420 2349 2454 2374 :35

2421 2638 2454 2664 40

2423 2925 2454 2951 45

2424 3215 2456 3241 50
