2533 3808
244 190 314 222 104

293 281 355 307 745.
384 266 425 303 ι’ν’
445 267 462 301 ὃ
479 263 658 302 σύνδουλος
674 258 841 310 σκώψαςζ
859 255 936 293 ’τΑν
937 254 1043 299 ιτοῧ,
1064 268 1123 290 και
1140 251 1277 293 τούτους

240 343 318 369 τους
339 324 477 365 δούλους
508 320 662 400 ἐξεγφερον
691 316 757 353 κλ
738 329 859 356 αοντας
879 311 1000 349 τούτου
1030 309 1152 355 ἕνεκα,
1172 308 1229 346 ἵνα
1261 310 1278 344 ὃ

242 384 421 424 σύνδουλος
440 381 501 432 γλε
506 379 617 421 υάζιι)ν
637 374 801 425 ἀνέρηται
819 370 933 410 αὐτόν.

293 455 355 480 746.
386 437 572 490 ὑστριχὶςε
596 434 669 473 ‘H
656 432 689 476 εξ
712 431 810 469 ὑείων
827 431 955 482 τριγῶν
977 426 1114 499 μάστιξ.
1136 424 1279 477 (ἔστιδὲ

208 508 223 531 ι’)
244 501 302 538 καὶ
323 502 477 550 υστριχις
504 493 618 544 θηρίον
636 491 757 564 τρίχας
784 488 862 540 ἔχον
880 487 953 533 υὸς,
973 486 1044 529 ἃςε
1035 488 1062 521 ’ν
1083 487 1132 537 τῷ
1155 484 1279 522 διώκε-

242 562 321 596 σθαι
344 553 550 601 ἐξακοντίζει
570 549 661 589 κατὰ
685 552 751 586 τῧν
771 545 991 593 διωκόντων.)

296 614 486 665 (εἷσέὸαλεν
518 626 525 649 :
555 611 639 648 Απὸ
661 611 855 659 μεταφορᾶς
884 606 951 641 τῶν
974 602 1033 645 τὰς
1057 601 1174 644 πόλεις
1193 616 1280 653 πορῃ

242 674 389 712 θούντων
409 672 449 709 τὸ
466 668 657 708 εἷσέδαλεν.
676 681 735 704 και
755 663 886 713 ἔμεινεν
905 678 939 699 εν
953 664 995 734 τΤ,
1013 663 1138 712 τροπΝΓ.
1157 659 1281 711 κυρίως

240 732 307 784 γὰρ
333 729 505 768 εἷσὸαλεῖν
537 729 609 765 ἐστι
634 740 673 762 το
704 721 890 771 πολεμίους
919 719 1013 762 τινὰς
1043 720 1204 756 εἰσελθεῖν
1235 719 1281 759 εἷς

192 804 222 827 ιο
241 790 367 838 πόλιν.)

294 861 356 886 747.
387 844 443 882 διὰ
458 844 497 882 τὸ
513 845 642 888 πλῆθος
660 842 727 877 τιΝ)ν
747 839 903 887 πληγων.
923 843 961 873 R.

295 919 359 944 748
393 898 737 955 (βωμολοχεύματαῖ
759 894 929 934 Τουτέστι
949 891 1138 966 βωμολόχα
1156 891 1280 940 σκιιόμ-

245 979 360 1014 ματα,
380 978 397 999 ο
417 963 490 998 ἐστι
514 958 737 998 σκώπτοντας
758 955 905 995 εὐτελεῖς
931 950 1023 993 τινας
1050 966 1109 987 και
1127 950 1277 991 ἀσθενεῖς

245 1023 381 1075 ἄνδρας.
374 1022 395 1070 .)

298 1094 360 1119 749.
392 1077 532 1122 ἐποίησε
572 1074 695 1125 τέχνην
736 1085 744 1110 :
788 1073 911 1109 Ταῦτα
954 1084 1014 1105 και
1053 1066 1284 1118 Φερεκράτη

243 1138 383 1184 ἐποίησε
412 1136 468 1173 τὸν
499 1132 675 1185 Αἷσγύλον
702 1129 846 1180 λέγοντα
870 1130 904 1165 ἐν
933 1129 1002 1169 τοῖς
1034 1124 1284 1198 Kpotnrotwsshzc

245 1218 259 1231 «
281 1197 372 1238 ὅστις
389 1194 420 1245 γ’
442 1194 558 1236 αὐτοῖς
577 1191 767 1242 παρέδωκα
787 1188 913 1238 τέχνην
935 1183 1091 1234 μεγάλην
1115 1182 1284 1226 ἐξοικοδο-

194 1091 225 1114 15

245 1255 372 1305 μ·Γ’σας.
395 1270 409 1285 »

287 1281 546 1363 Ικοίπύργωσενζ
557 1305 647 1344 Ἀντι
660 1308 717 1342 του
734 1301 910 1355 (ύφωσενζ)
921 1299 1085 1347 ηύξησεν,
1096 1300 1156 1348 ἔμε
1159 1296 1285 1347 γάλυνε

245 1368 442 1422 καιήσφαλ’
433 1381 541 1412 ισατο,
553 1364 612 1402 καὶ
624 1363 680 1401 ἐπὶ
691 1378 729 1400 το
741 1360 944 1411 σεμνότερον
955 1358 999 1395 τὰ
1008 1355 1218 1406 ποιήιιαταή
1222 1371 1286 1405 γα-

244 1445 312 1477 γεν.
337 1427 398 1465 καὶ
419 1428 452 1463 ἓν
472 1425 587 1465 ἄλλοις
606 1424 799 1468 [Ran.100'1]
818 1434 897 1470 περι
920 1418 1026 1454 αὐτου
1048 1430 1150 1467 φησιν
1173 1432 1187 1446 «
1209 1413 1284 1450 ἀλλ’

199 1530 202 1531 ⁷
244 1491 272 1524 ὠ
291 1500 424 1538 πρωτος
439 1485 506 1521 τῶν
525 1479 706 1521 (Ελλήνων
723 1475 909 1529 πυργώσας
932 1474 1073 1526 ῥήματα
1094 1471 1251 1522 σεμνά.»

296 1558 361 1582 750.
394 1543 468 1591 (οὐκ
488 1537 689 1590 ἀγοραίοις;
713 1537 765 1574 Οὐ
784 1531 1116 1583 κατημαξευμενοις.
1123 1532 1133 1580 )

297 1615 362 1640 752.
394 1598 469 1637 ἀλλ’
492 1595 648 1667 εΗρακλε
652 1610 706 1637 ους
727 1592 832 1645 ὂργην
855 1605 862 1630 z
890 1602 900 1641 ι
903 1589 1024 1629 Ἰἑνδόζ
1011 1605 1072 1633 ως
1092 1588 1196 1626 πάλιν
1217 1603 1286 1625 πα-

212 1676 221 1680 ”
248 1659 390 1713 ρέλαῧεν
408 1657 508 1699 αὐτος
522 1671 579 1693 τον
606 1653 799 1724 Ἡρακλῆν.
824 1650 916 1700 λέγει
936 1649 1025 1700 γὰρ,
1043 1649 1080 1684 06
1098 1646 1189 1684 κατὰ
1211 1662 1287 1688 τους

246 1719 369 1760 ἄλλους
394 1712 539 1760 ποιητὰς
566 1711 721 1764 μετρίους
746 1708 840 1751 τινὰς
860 1724 920 1746 και
946 1705 1095 1760 φαύλους
1120 1705 1267 1755 λοιδορε
1258 1720 1286 1740 ιν

246 1793 305 1814 και
324 1774 485 1826 κωμωδε
459 1789 504 1809 ειν
521 1770 745 1823 προειλόμην,
769 1767 844 1805 ἀλλ’
869 1765 987 1817 ὥσπερ
1011 1764 1190 1815 εἩρακλῆς
1211 1778 1287 1804 τους

249 1834 420 1886 μεγάλους
438 1831 591 1872 ἄθλους
579 1828 712 1873 υπέστη
725 1856 733 1872 ,
749 1825 837 1863 οὕτω
851 1827 896 1862 κά
899 1840 949 1875 γιι)
965 1838 1042 1864 τους
1056 1821 1213 1873 ἀρίστους
1228 1836 1287 1858 και

249 1893 338 1942 μέγα
360 1888 568 1939 δυναμένους
587 1886 669 1937 παρ’
688 1887 766 1934 υυιῖν
784 1882 966 1932 κωμωδεῒν
985 1878 1154 1929 εἱλόμην.)
1176 1878 1288 1930 Ηρα-

195 1972 229 1995 30
247 1950 332 1989 κλεα
355 1948 421 2021 γὰρ
447 1945 678 1998 μιμούμενος,
705 1944 767 1979 οὐκ
789 1941 936 1982 εὐτελεῖς
961 1938 1087 1990 ἄνδρας
1106 1938 1255 1989 κωμωδε
1257 1942 1287 1973 ῖν

247 2012 306 2048 ἐπ..
336 2008 383 2045 ,ί
389 2023 428 2044 ει.
750 2040 757 2045 ,

294 2025 363 2106 77553.
369 2031 517 2105 ΓΙδιαὸὂις
539 2063 674 2113 βυρσῶν
691 2058 823 2108 ὀδμὰςῑ
840 2054 982 2094 Ὡσανεὶ
997 2053 1094 2104 ἔλεγε
1111 2068 1288 2102 ποτααους

247 2125 269 2171 ἢ
289 2123 481 2176 χαράδρας.
499 2133 611 2157 ταυτα
629 2118 664 2154 δε
682 2114 738 2153 δια
753 2116 788 2153 δε
777 2114 858 2152 τὸν
880 2112 1038 2151 Κλέωνα·
1059 2110 1147 2153 εἷκος
1165 2126 1232 2181 γαρ
1246 2114 1287 2156 ἠν

249 2183 350 2221 αὐτον
368 2182 519 2219 ἀπειλεῖν
536 2181 585 2215 τιΝι)
603 2173 851 2247 'Apteroqaoiva
860 2171 915 2209 δια
928 2187 989 2214 τας
1005 2170 1088 2222 ύῧρε
1093 2186 1130 2212 ις.
1149 2169 1187 2206 τὸ
1203 2172 1289 2221 βαρ-

249 2240 438 2293 δαρῶδες
421 2238 454 2276 οε
470 2253 528 2274 του
547 2220 619 2274 Kx:
621 2250 704 2277 ωνος
719 2233 817 2279 δηλοῖ
834 2231 889 2268 διὰ
908 2246 969 2268 του
975 2227 1287 2302 βαρὸαροθύμους·

249 2296 456 2373 Παφλαγιον
479 2294 545 2347 γὰρ
565 2310 617 2340 ην.
642 2295 714 2343 (του
733 2289 891 2361 ῙιΗρακΥ
876 2304 949 2331 εους
972 2287 1007 2325 δε
1029 2285 1287 2337 μνημονεύσας,

250 2357 326 2403 ἑξής
312 2371 379 2399 ςτο
396 2355 529 2406 βυρσῶν
547 2351 658 2401 ὀσμήν
675 2349 861 2399 ἐπήγαγεν,
877 2346 951 2384 ἐπει
967 2347 1060 2383 δοκει
1073 2347 1090 2382 ὁ
1111 2344 1290 2396 εΙΙρακλῆς

249 2431 311 2460 τΓ,ν
329 2415 462 2463 Αὐγέου
481 2410 607 2462 κόπρον
628 2405 930 2457 ἐκκεκαθαρκέναι.
934 2405 944 2453 )

302 2485 366 2511 755.
396 2486 435 2508 ου
452 2468 668 2506 δεινόταται;
688 2462 937 2516 Ἐρατοσθένης
951 2460 1123 2512 ἀγνοήσας
1141 2459 1185 2497 τὰ
1199 2458 1290 2497 κατὰ

251 2530 313 2576 τὴν
329 2528 478 2572 Κύνναν,
494 2540 592 2567 κυνος
611 2522 721 2575 γράφε
707 2538 754 2567 ..,ι
769 2520 908 2571 (κυνὸς
892 2535 937 2562 ως
951 2519 1084 2560 ἀκτινες
1101 2517 1288 2567 ἔλαμπον).

252 2587 371 2627 Κύννα
395 2585 429 2622 δὲ
449 2599 509 2622 και
533 2579 762 2631 Σαλαὲακγω
783 2578 907 2630 πόρναι
932 2576 1105 2621 Αθήνησι.
1191 2574 1217 2623 (’
1213 2576 1288 2612 Αλ-

251 2647 330 2688 λως.
348 2643 411 2689 τὴν
431 2641 606 2679 ἀναίδειαν
622 2641 726 2676 αὐτοῦ
741 2636 801 2674 καὶ
820 2635 882 2681 τὴν
903 2633 1104 2685 τραχύτητα
1121 2649 1188 2670 των
1209 2632 1291 2684 τρό-

251 2720 326 2741 πων
339 2702 488 2740 δείκνυσι
503 2698 559 2736 διὰ
574 2701 641 2735 τῶν
661 2697 785 2748 ὄψεων,
801 2698 846 2737 ὼς
856 2693 915 2731 καὶ
931 2692 1092 2743 ζΌμηρος
1105 2697 1158 2737 [11.
1172 2700 1212 2736 Α,
1227 2695 1288 2736 104]

254 2782 268 2795 τι
289 2762 370 2799 ὄσσε
387 2758 423 2797 δέ
436 2761 467 2797 οἱ
481 2757 562 2809 πυρὶ
578 2754 823 2805 λαμπετόωντι
842 2752 973 2795 ἐΐκτην.
995 2769 1008 2783 υ
1026 2753 1086 2795 τ-Νης
1103 2749 1138 2785 δὲ
1159 2748 1291 2794 Κύννης

651 2811 908 2861 Ἱππεῦσι[765]
919 2808 1028 2858 λέγων
1048 2826 1061 2841 (ι
1076 2823 1135 2844 και
1154 2806 1290 2844 Κύνναν

706 2870 849 2912 Ἅλλιι.)ς
881 2867 997 2906 Κύννα
1034 2865 1154 2917 ἑταίρα
1185 2864 1289 2902 εστίν.

195 2257 228 2281 35

198 2546 232 2570 40

200 2842 234 2865 45
256 2820 428 2869 μέμνηται
444 2817 547 2854 καιέν
565 2818 633 2855 τοῖς

255 2878 312 2916 καὶ
339 2874 579 2925 Σαλαῧακγιι.)
610 2892 624 2905 n

255 2936 395 2982 δηλον
377 2934 413 2972 οὲ
433 2933 484 2971 ὅτι
501 2932 560 2970 καὶ
578 2929 718 2976 ἀναιδὴς
735 2945 794 2966 και
806 2926 934 2978 πόρνης
952 2923 1148 2977 ὀφθαλμοὺς
1169 2926 1271 2973 εἰγεν.
1281 2924 1290 2971 )

307 3008 370 3033 756.
400 2991 522 3030 ἕκατον
547 2990 582 3028 δὲ
603 2989 721 3041 κύκλῳ
747 3001 755 3026 :
779 2985 894 3036 (ssent
885 2982 1062 3034 ιέλεγεν
1043 2998 1167 3035 οφεων.
1160 2982 1182 3031 )
1203 2980 1292 3024 εἰκὸς

255 3068 320 3125 γαρ
346 3051 508 3120 σύστημα
528 3065 585 3086 τον
605 3047 752 3087 Κλεωνα
775 3045 866 3097 ἔχειν
884 3042 1054 3081 κολάκων.
1078 3040 1241 3112 χαράδρα
1257 3039 1292 3076 δέ

205 3126 239 3149 οι)
259 3112 332 3148 ἐστι
350 3108 471 3160 διῶρυξ
492 3108 603 3151 πηλοῦ
622 3104 745 3155 μεστή.
763 3103 901 3155 ὄλεθρον
923 3101 958 3138 δε
981 3105 1088 3146 εἶπεν,
1113 3101 1178 3149 067
1201 3097 1292 3150 ὕδωρ

257 3167 399 3218 ἔχουσα.
422 3164 495 3202 δέον
516 3163 551 3200 δὲ
572 3165 678 3200 εἰπεῖν
700 3163 914 3212 ἐλιχμῶντο,
936 3160 1120 3210 ἕλιχνωντο
1143 3160 1216 3193 εἰπε
1238 3155 1293 3193 διὰ

258 3241 297 3263 το
311 3224 428 3275 λίχνον
443 3238 511 3260 των
527 3221 699 3259 κολάκων.
783 3218 925 3261 ”.Αλλως
942 3217 1030 3259 εἷκος
1046 3215 1112 3267 γὰρ
1130 3214 1293 3264 σύστημα

259 3287 316 3320 τον
340 3280 481 3319 Κλέωνα
508 3279 598 3330 ἔχειν
628 3277 716 3327 μέγα
735 3275 922 3325 δυνάμενον
945 3278 1013 3312 τῶν
1036 3272 1295 3323 υποτρεχόντων

1305 257 1312 343 ἱ

1009 166 1263 207 SCHOLIA
1296 165 1356 204 IN
1392 165 1600 204 PACEM.

1338 250 1467 288 κόντων
1486 250 1606 288 εκατὸν
1624 250 1789 302 κεφαλαῖς
1808 249 1911 287 αὐτὸν
1927 248 2186 295 καθωπλίσθαι,
2202 247 2376 287 καὶτοῦτο

1337 308 1422 360 πρὸς
1437 308 1495 345 ε’να
1513 311 1581 345 τῶν
1600 308 1813 360 Ηρακλέους
1829 307 2064 358 αἰνιττόμενος
2077 307 2141 345 ἅθλ
2143 323 2201 354 ων,
2217 305 2281 353 τὴν
2294 309 2376 345 ἑκα-

1337 382 1481 404 τοντακε
1474 367 1591 418 φαλον
1610 366 1727 418 ὕδραν.
1757 366 1827 416 (και
1843 383 1909 419 γαρ
1929 369 2079 418 Ἱυφῶνα
2105 366 2208 404 αὐτον
2227 369 2322 402 εἶπεν
2342 366 2376 402 ἐν

1338 430 1408 467 τοῖς
1435 424 1595 461 Ἱππευσι
1631 424 1726 474 [511]·
1762 424 1947 467 τοσαύταις
1980 422 2015 461 δὲ
2051 425 2176 468 ἐκεῖνος
2210 424 2378 476 κεφαλαῖς

1339 481 1505 520 ὥπλιστο.
1523 481 1545 528 ἢ
1564 481 1619 519 διὰ
1638 481 1716 524 τοὺς
1731 481 1809 533 περὶ
1827 482 1928 520 αὐτὸν
1948 481 2125 533 κόλακας.)
2397 502 2414 525 5

1393 565 1458 590 757.
1489 552 1700 612 γαράδραςε
1721 552 1812 589 ’Λντι
1830 555 1889 590 τοῦ
1909 552 2104 605 χειμάρρου
2121 557 2293 604 ποταμοῦ.
2311 569 2380 591 κα-

1339 610 1382 648 τά
1385 625 1482 661 γουσι
1502 610 1537 647 δε
1555 614 1648 647 οὗτοι
1668 610 1816 647 παντοῖα
1835 609 1923 660 μετὰ
1943 626 2000 648 του
2024 610 2203 663 ῥεύματος.
2222 612 2286 649 οὐκ
2305 616 2380 649 εἰπε

1342 668 1376 706 δε
1397 669 1479 714 πηλ
1463 685 1520 715 ον,
1541 668 1617 705 ἀλλ’
1637 668 1788 720 ὄλεθρον.

1393 747 1458 771 758.
1489 732 1605 784 φώκης
1632 731 1658 769 δ’
1688 731 1800 782 ὀσμὴν
1828 744 1836 770 :
1863 730 2066 770 Θαλάσσιον
2095 735 2179 784 ζῷον
2214 736 2236 779 ἡ
2265 733 2379 787 φώκη.

1341 789 1499 843 ςΌμηρος
1513 791 1589 840 [od.
1605 798 1649 836 Δ,
1666 790 1733 840 442]
1752 807 1766 821 ιι
1783 788 1932 841 φωκάων
1947 789 2177 842 ἁλιοτρεφέων
2190 790 2382 834 ὀλοώτατος

1342 847 1446 899 ὀδμή.
1470 866 1484 881 υ

2404 799 2429 823 Ι(

1395 911 1526 962 λαμίας
1551 911 1664 963 ὄρχεις
1688 924 1696 949 :
1724 910 1912 962 Δραστικοὶ
1941 910 2008 963 γὰρ
2035 912 2066 948 οἱ
2088 910 2214 963 ὄρχεις.
2236 911 2384 963 Δίδυμος

1345 969 1392 1007 δέ·
1404 971 1621 1007 εἷδωλοποιεῒ
1631 984 1725 1012 τινας
1736 968 1850 1021 ὄρχεις
1867 968 2020 1019 Λαμίας·
2037 970 2122 1016 θ’ῆλυ
2136 969 2217 1022 γάρ.
2232 971 2384 1008 ἐντεῦθεν

1344 1029 1403 1066 καὶ
1427 1028 1547 1079 Λάμος
1569 1031 1590 1073 ἦ
1617 1027 1717 1070 πόλις
1737 1031 1805 1065 τῶν
1826 1027 2107 1080 Λαιστρυγόνων.
2132 1023 2283 1079 (λέγεται
2304 1028 2340 1067 δὲ
2360 1033 2382 1076 ἡ

1345 1087 1467 1137 Λάμια
1486 1087 1604 1132 Βήλου
1625 1086 1684 1123 καὶ
1703 1084 1836 1132 Λιόύης
1859 1086 2031 1137 θυγάτηρ,
2055 1081 2095 1132 ἧς
2116 1087 2305 1138 ἐρασθῆναι
2326 1087 2385 1125 τὸν

1345 1145 1411 1184 Δία
1432 1145 1548 1198 φασὶν,
1570 1150 1779 1196 μεταγαγεῖν
1800 1144 1835 1181 δὲ
1857 1144 1964 1190 αὐτὴν
1985 1143 2054 1181 ἀπὸ
2073 1144 2206 1191 Λιὸύης
2224 1147 2271 1189 εἷς
2289 1145 2386 1185 Ἰτα-

1345 1203 1435 1250 λίαν,
1452 1203 1509 1255 ἀφ’
1521 1199 1561 1249 ἧς
1571 1203 1630 1240 καὶ
1642 1202 1740 1246 πόλις
1751 1204 1785 1239 ἐν
1798 1202 1933 1255 Ἰταλίᾳ
1945 1202 2067 1252 Λάμια
2077 1203 2384 1256 προσαγορεύεται.

1346 1262 1436 1298 ἔνθεν
1452 1263 1538 1312 αὐτῇ
1557 1260 1726 1299 συνελθὼν
1741 1264 1758 1298 ὃ
1775 1260 1879 1307 Ζεὺς,
1895 1263 1956 1298 οὐκ
1973 1260 2074 1298 ἔλαθε
2088 1261 2151 1307 τὴν
2164 1260 2294 1314 Ἥραν,
2311 1263 2388 1309 ἥτις

1346 1322 1587 1365 ζηλοτυποῦσα
1614 1319 1676 1364 τὴν
1709 1319 1851 1369 Λάμιαν
1880 1320 1924 1356 τὰ
1958 1319 2121 1370 γινόμενα
2149 1321 2256 1366 αὐτῆς
2282 1320 2386 1359 τέκνα

2409 1095 2435 1120 15

1348 1378 1466 1430 ἀνήρει
1488 1377 1552 1416 ἀεί.
1571 1381 1593 1423 ἡ
1615 1377 1650 1414 δὲ
1669 1377 1956 1424 ἀποθνησκόντων
1972 1380 2040 1415 τῶν
2057 1377 2184 1416 τέκνων
2200 1380 2306 1426 αὖτῆς
2323 1383 2386 1432 βα-

1348 1436 1528 1488 ρυνομένη,
1537 1435 1580 1473 τὰ
1592 1438 1659 1472 τῶν
1671 1435 1787 1472 ἄλλων
1795 1435 1920 1473 παιδία
1929 1433 1985 1472 διὰ
1994 1434 2113 1487 φθόνον
2123 1435 2387 1476 ὑποκλέπτουσα

1348 1494 1479 1546 ἀνῄρει.
1502 1494 1557 1532 διὰ
1577 1498 1678 1531 τοῦτο
1693 1494 1752 1531 καὶ
1769 1494 1832 1536 τὰς
1850 1493 1967 1537 τίτθας
1986 1493 2198 1546 ἐκφοὸούσας
2212 1493 2257 1532 τὰ
2278 1495 2388 1547 βρέφη

1347 1555 1502 1591 καλεῖν’
1487 1554 1540 1590 επ’
1555 1555 1670 1595 αὐτοῖς
1685 1568 1748 1598 την
1766 1552 1920 1602 Λάμιαν.
1944 1552 2129 1602 μυθεύεται
2146 1552 2217 1590 δὲ“
2198 1569 2244 1596 ως
2261 1553 2390 1597 ἄϋπνος

1348 1610 1435 1658 αὕτη
1463 1613 1614 1649 διατελεῖ
1644 1610 1806 1662 βουλήσει
1831 1608 1967 1670 ἽΙρας,
1997 1609 2053 1648 ι’να
2085 1610 2145 1648 καὶ
2171 1610 2302 1660 ἡμέρας
2328 1613 2391 1650 καὶ

1347 1670 1472 1713 νύκτας
1492 1672 1526 1707 ἐν
1552 1672 1601 1706 τιΝ)ι
1621 1669 1736 1706 πένθει
1756 1685 1797 1720 ·Γ,,
1816 1668 1880 1711 ἕως
1905 1672 1944 1706 οὗ
1965 1667 2072 1714 αὐτην
2094 1668 2272 1715 ἐλεήσας*
2258 1686 2276 1707 ο
2304 1669 2390 1714 Ζεὺς

1349 1727 1554 1801 ἀφαιρετους
1568 1729 1674 1773 αὐτης
1691 1742 1768 1769 τους
1784 1726 2013 1779 ὀφθαλμούς
1999 1727 2172 1774 εποίησεν,
2188 1726 2280 1771 ὅπως
2301 1731 2342 1766 ἂν
2355 1732 2390 1767 ἐν

1350 1789 1436 1837 αὐτΓ,
1457 1791 1477 1838 ᾐ
1499 1786 1609 1838 ἔξαιρε
1595 1789 1706 1823 ισθαι
1726 1802 1784 1823 και
1805 1785 1910 1823 πάλιν
1927 1786 2046 1823 θεῖναι.
2067 1786 2207 1836 λέγεται
2228 1786 2296 1824 δε’
2281 1803 2391 1839 εσχη-

1348 1842 1444 1880 κε’ναι
1469 1859 1566 1895 παρα
1592 1843 1671 1886 Διὸς
1689 1843 1748 1881 καὶ
1773 1859 1812 1880 το
1839 1846 2146 1914 μεταμορφοῦσθαι
2173 1845 2220 1887 εἷς
2244 1860 2262 1881 ο
2280 1861 2313 1882 τι
2332 1850 2390 1883 οὖν

1352 1901 1520 1952 βούλοιτο.
1542 1900 1649 1944 ούτιι)ς
1669 1905 1767 1952 εὗρον
1786 1902 1819 1937 ἐν
1838 1900 2075 1950 ὑπομνήματι.
2095 1900 2285 1940 ἀλλόκοτον
2303 1902 2341 1940 δέ
2357 1919 2390 1941 τι

1349 1960 1450 2010 τέρας
1479 1959 1743 2005 ὑποστησασθαι
1776 1958 1938 2009 βούλεται
1966 1958 2024 1996 τὸν
2051 1958 2212 1997 Κλέωνα·
2233 1960 2296 2006 τὴν
2321 1960 2389 2014 γὰρ

1350 2017 1491 2067 Λάμιάν
1509 2033 1611 2070 φησιν
1630 2017 1748 2069 ἄγριον
1763 2021 1850 2054 εἶναι
1867 2019 1951 2069 ζωον
1966 2017 2026 2054 καὶ
2041 2017 2212 2067 δύσοσμον
2228 2018 2287 2056 καὶ
2303 2019 2390 2065 ἀνή-

1351 2091 1466 2129 μερον.
1486 2077 1547 2114 οὐκ
1566 2076 1780 2127 ἀρκεσθεις
1761 2075 1796 2112 οὲ
1816 2075 1949 2118 τούτοις
1969 2075 2071 2113 αὐτον
2093 2075 2232 2114 εἰκάσαι
2255 2078 2390 2127 μόνοις,

1349 2133 1544 2185 προσέθηκε
1564 2133 1623 2171 καὶ
1650 2133 1815 2180 ἄπλυτον,
1835 2131 1892 2170 ἵνα
1917 2135 2049 2184 μᾶλλον
2073 2133 2206 2187 αὐξήσῃ
2229 2134 2292 2182 τὴν
2311 2136 2391 2189 περὶ

1349 2192 1406 2230 τὸν
1426 2192 1571 2231 Κλέωνα
1588 2191 1805 2242 δυσοσμίαν.)

2409 1689 2442 1713 ‘55

2409 1973 2442 2000 30

1402 2270 1465 2296 759.
1494 2261 1645 2295 τοιοῦτον
1663 2256 1744 2295 ἷδων
1760 2257 1886 2309 τέρας;
1906 2255 2068 2309 Εἰρηκως
2082 2260 2150 2296 τῶν
2165 2258 2389 2331 σκωμμάτων
2408 2271 2443 2297 35

1351 2315 1456 2353 αὐτου
1475 2315 1514 2352 τὸ
1532 2316 1616 2352 κατ’
1639 2309 1742 2361 εἶδος,
1764 2314 1919 2374 ἔσκωψεν
1938 2315 2041 2353 αὐτὸν
2063 2316 2209 2353 πάλιν
2193 2316 2251 2354 επὶ
2272 2317 2312 2354 τὸ
2331 2333 2391 2368 γ..-

1348 2388 1443 2410 νικον
1473 2372 1697 2425 ἀναδραμων,
1727 2373 1769 2410 δι’
1799 2376 1837 2411 οὗ
1864 2372 1966 2424 τέρας
1995 2372 2098 2411 αὐτὸν
2123 2375 2226 2412 καλεῖ
2250 2375 2390 2425 μείζονα

1350 2430 1450 2474 δόξαν
1466 2433 1533 2468 τῶν
1550 2430 1811 2483 προειρημένων
1832 2430 2114 2482 ἐγκαταλιπιι)ν”
2095 2447 2188 2484 εχειν
2209 2433 2279 2476 τοῖς
2302 2435 2390 2481 ἀκη-

1349 2488 1445 2526 κοόσι
1464 2488 1541 2540 περὶ
1564 2489 1682 2527 αὐτοῦ.

1402 2565 1466 2590 763.
1497 2552 1627 2594 παῖδας
1644 2551 1790 2604 ἐπείρων
1809 2565 1818 2590 :
1843 2551 1918 2602 (Ὡς
1933 2554 2000 2589 τῶν
2022 2552 2137 2590 ἄλλων
2157 2552 2312 2597 ἐξιόντων
2330 2555 2390 2594 καὶ

1351 2609 1520 2659 δεομένων
1537 2609 1597 2646 καὶ
1617 2608 1701 2646 νέων
1722 2610 1782 2647 καὶ
1804 2612 1872 2647 τῶν
1894 2609 2030 2646 παίδων
2051 2611 2098 2653 εἷς
2117 2610 2156 2648 τὸ
2183 2612 2389 2658 σπουδάζειν

1351 2670 1482 2713 αὐτοῖς,
1502 2665 1558 2703 ἵνα
1587 2667 1800 2717 νικήσωσιν.)
1834 2666 1975 2704 εἰώθασι
2001 2666 2037 2704 δὲ
2059 2667 2120 2705 καὶ
2144 2670 2390 2722 παιδεραστεῖν

1351 2724 1579 2776 ἁίρυνόμενοι
1604 2728 1646 2776 τῇ
1667 2725 1757 2776 νίκῃ.
1789 2725 1977 2762 αἰνίττεται
1998 2725 2033 2763 δὲ
2059 2727 2105 2769 εἷς
2131 2719 2286 2765 Εὔπολιν
2317 2729 2390 2779 (καὶ

1351 2782 1426 2825 τοὺς
1451 2782 1530 2833 περὶ
1554 2782 1669 2829 αὐτὸν,
1694 2785 1739 2826 ὡς
1764 2782 1898 2820 παίδων
1923 2785 2072 2835 ἐρῶντας
2091 2784 2151 2822 καὶ
2171 2785 2391 2840 παλαίστρας

1350 2840 1661 2892 περιερχομένους).

2409 2568 2444 2593 40

2408 2865 2443 2890 45

1882 2902 1943 2946 Ὡς
1971 2906 2040 2941 τῶν
2073 2897 2246 2953 νικώντων
2279 2910 2391 2946 ταῦτα

1351 2960 1538 2999 ποιούντων
1551 2960 1610 2997 καὶ
1627 2962 1672 3003 εἷς
1688 2959 1732 2998 66
1737 2976 1785 3013 ριν
1799 2960 2041 3011 ἐξελκομένων.
2055 2963 2156 3013 ὀλίγα
2171 2965 2392 3017 κωμῳδήσας

1351 3020 1373 3066 ἢ
1393 3018 1489 3057 οὐδὲν
1508 3018 1680 3064 λυπήσας.
1706 3019 1830 3068 ὁμοίως
1849 3022 1898 3072 τῷ
1920 3025 1971 3066 [11.
1990 3029 2034 3068 E,
2053 3027 2120 3068 800]
2142 3039 2157 3056 α.
2176 3017 2200 3069 ἦ
2225 3023 2340 3075 ὀλίγον
2359 3025 2392 3062 οἳ

1351 3078 1460 3116 παῖδα
1482 3076 1644 3115 εοικότα
1633 3076 1770 3127 γείνατο
1789 3078 1963 3121 Ιυδεύςμ
1957 3080 1983 3129 υ)

1404 2916 1466 2942 764.
1500 2904 1617 2954 (παῦρ’
1657 2902 1801 2945 ἀνιάσας
1835 2916 1843 2941 :

1406 3155 1468 3179 765.
1502 3140 1596 3193 (πρὸς
1607 3156 1716 3178 ταυτα
1730 3141 1867 3213 χρειὶτψ
1883 3141 1951 3180 Διὰ
1970 3147 2080 3181 ταῦτα
2100 3146 2192 3195 ὑμᾶς
2206 3143 2290 3189 ἀξιῶ
2304 3147 2391 3184 συλ-
2411 3169 2444 3193 50

1353 3197 1649 3250 λαμδάνεσθαι,
1631 3216 1652 3244 η
1675 3199 1716 3236 δι’
1735 3199 1821 3237 αὐτὰ
1842 3199 1886 3237 τὰ
1903 3200 2046 3252 δίκαια.)
2178 3211 2182 3214 ⁴

1408 3282 1471 3308 767.
1501 3284 1561 3306 nav.
1580 3275 1648 3312 ΤΟἷς
1669 3272 1737 3321 (pm)
1732 3271 1907 3322 ιακρΟῖσῑΖ
1926 3273 2040 3310 ΤΟυῒΟ
2059 3273 2105 3310 Εἷς
2121 3287 2255 3309 Ξαυτον·
2276 3274 2393 3326 φαλα-

262 3339 364 3378 αὐτον
385 3338 442 3376 καὶ
463 3337 730 3389 θεναπευόντων
749 3348 766 3371 ο
789 3333 823 3371 δε
847 3327 877 3370 εΝι
878 3349 952 3378 πεν,
972 3347 1039 3369 ιιε)σ
1042 3331 1054 3367 ὶ
1076 3330 1191 3379 εΓιεγεν
1212 3330 1295 3380 δρα
1323 3353 1327 3367 ι
1356 3342 1435 3379 κρος
1455 3341 1520 3377 γαρ
1550 3330 1590 3372 ἣν
1617 3330 1633 3364 ὃ
1657 3327 1912 3379 Αριστκζιάνης.
1936 3329 2142 3381 τρωγαλίων
2170 3329 2205 3368 δὲ
2231 3331 2306 3368 ἀντὶ
2334 3334 2393 3369 -οῦ
