2517 3792
932 196 1179 238 SCHOLIA
1215 200 1271 239 1N
1306 202 1510 244 RANAS.

144 242 160 249 ο

213 297 278 322 ⁹³0.
306 281 344 319 ἐκ
361 283 422 327 τῆς
445 281 668 332 λεπτολογίας
689 281 876 333 Εὐριπίδου
897 283 1108 333 μεμαθηχὼς
1134 286 1192 323 χαὶ

161 337 440 389 πεπαιδευμένος.
460 346 498 376 R.
515 345 555 374 V.

212 411 274 437 983.
302 399 367 433 ποῦ
387 395 470 432 ’στιν
497 398 519 441 ἡ
545 395 657 448 χύτρα
680 410 688 435 :
711 398 834 436 Ταῦτα
861 397 976 436 πάντα
1005 415 1192 453 μικροπρε-
1252 403 1371 442 τούτου
1393 412 1479 458 φορᾷ
1499 408 1712 459 ἀνατραπείη
1732 411 1770 448 τὸ
1793 412 1933 465 σκάφος.
1962 418 2138 466 χαλῶντες

159 454 258 497 πείας
275 452 554 505 παραδείγματα.

126 529 141 552 ιι
211 525 274 550 985.
302 510 341 548 τὸ
360 509 528 548 πινάκιον.
551 512 581 548 οἱ
604 511 640 548 δέ
659 526 742 560 φασι
761 511 800 549 τὸ
820 513 1034 566 σαλτζάριον.
1056 516 1102 553 Θ.

210 582 273 608 086.
304 567 446 614 τέθνηκέ
461 584 518 618 μοι
538 582 546 607 :
566 569 655 606 Ἀντὶ
671 573 731 607 τοῦ
748 571 954 618 κέκλασται,
971 571 1004 621 (ἢ
1019 572 1189 613 ἀπώλετο.

157 626 241 678 πρὸς
260 625 319 669 τὰς
337 625 442 669 λέξεις
464 627 677 678 Εὐριπίδου).

208 697 271 722 988.
299 686 360 729 τῆς
379 683 482 726 ἐλάας
505 697 513 721 :
536 682 650 734 Μέχρι
671 684 730 721 καὶ
752 687 819 722 τῶν
841 687 984 724 εὐτελῶν
1005 688 1188 738 ἐρωτῶσιν.

158 742 257 791 (ἐλάα
273 740 308 779 δὲ
326 744 343 779 ὁ
362 741 492 793 καρπὸς
508 744 567 787 τῆς
583 742 711 784 ἐλαίας.
735 747 1022 795 καταχρηστικῶς
1037 744 1071 782 δὲ
1091 745 1190 783 θάτε-

106 819 140 845 ω
160 813 216 851 ρον
237 799 312 837 ἀντὶ
331 798 472 851 θατέρου
491 798 734 849 λαμίῗάνεται.)

209 871 273 896 990.
303 857 544 906 Μαμμάκυθοι
573 870 581 894 :
615 856 848 909 (Ἀρίσταρχός
884 873 987 909 φησιν
1013 859 1189 907 ὠνοματο-

156 918 377 961 πεποιῆσθαι.
406 917 479 958 πῶς
503 909 573 961 οὖν,
596 915 793 966 Δημήτριός
818 931 934 967 φησιν,
963 918 992 953 εἰ
1016 915 1064 966 μὴ
1087 915 1190 962 σύνη-

157 976 211 1017 θες
231 975 344 1016 αὐτοῖς
362 972 401 1010 τὸ
418 973 543 1022 ὄνομα,
563 966 601 1009 οῧ
626 971 684 1008 καὶ
706 972 823 1023 δρᾶμα
848 970 924 1009 ὅλον
950 972 1056 1016 οὕτως
1076 973 1188 1024 ἐπιγέ-

156 1046 309 1083 γραπται
336 1029 620 1080 Μαμμάκουθοι;
645 1028 666 1066 δ’
693 1044 780 1071 τινες
803 1029 990 1073 Πλάτωνος
1018 1030 1187 1082 λέγουσιν.

108 1106 138 1131 15
156 1087 312 1139 Ἄλλως.)
333 1087 408 1125 ἀντὶ
425 1091 484 1125 τοῦ
510 1086 788 1136 μαμμόθρεπτοι.
808 1086 975 1137 Δίδυμος,
1001 1087 1053 1126 ὅτι
1078 1091 1190 1139 Μαμ-

157 1145 308 1196 μάκυθος
331 1145 390 1183 καὶ
410 1144 608 1190 Μελητίδης
633 1143 689 1181 ἐπὶ
716 1143 829 1195 μωρία
856 1145 1097 1194 διεὸέὸληντο,
1125 1162 1190 1184 κα-

155 1203 262 1255 θάπερ
289 1203 349 1241 καὶ
373 1205 391 1240 ὁ
415 1201 614 1241 Βουταλίων
639 1201 698 1239 καὶ
727 1204 745 1240 ὁ
770 1202 952 1254 Κόροιὸος.
986 1205 1188 1253 (Μελιτίδην

155 1261 209 1309 δὲ,
228 1261 286 1300 τὸν
306 1259 541 1312 εὖήθη·“παρὰ
563 1259 602 1298 τὸ
623 1259 714 1310 μέλι.
745 1259 767 1306 ἢ
796 1261 856 1298 καὶ
882 1260 1000 1313 γέγονέ
1023 1278 1074 1306 τις
1101 1262 1190 1301 οὕτω

160 1319 300 1371 μωρός.)

98 1395 137 1422 20
206 1390 269 1416 ⁹92.
290 1375 371 1414 τάδε
392 1375 453 1427 μὲν
470 1374 602 1419 λεύσεις
620 1375 753 1428 φαίδιμ’
776 1389 784 1414 :
809 1375 983 1427 [Κορωνὶς
1002 1380 1060 1416 καὶ
1081 1378 1190 1416 εἴσθε-

154 1449 206 1478 σις
239 1438 362 1487 χοροῦ,
403 1433 554 1484 ἐπῳδικὴ
592 1432 654 1482 μὲν
688 1433 744 1470 διὰ
775 1433 814 1470 τὸ
843 1433 933 1483 μετὰ
964 1435 1027 1481 τὴν
1065 1437 1189 1482 διπλῆν

153 1493 304 1539 κεῖσθαι,
336 1490 512 1543 προῳδικὴ
540 1489 575 1528 δὲ
604 1490 658 1528 διὰ
682 1490 721 1528 τὸ
742 1490 963 1542 προτίθεσθαι
993 1492 1111 1544 ἑτέρας
1138 1495 1189 1531 δι-

153 1551 261 1597 πλῆς,
285 1551 323 1588 ἐκ
349 1548 469 1587 κώλων
491 1549 547 1598 ιγ’.
569 1542 616 1586 ῶν
644 1548 682 1586 τὸ
701 1559 732 1586 α’
762 1550 1010 1588 ἀναπαιστικὸν
1032 1551 1189 1604 δίμετρον

156 1608 410 1654 ἀκατάληκτον.
430 1606 469 1644 τὸ
490 1608 519 1658 β’
543 1605 704 1653 ἷαμὸικὸν
729 1606 910 1658 τρίμετρον
932 1608 1186 1655 ἀκατάληκτον.

102 1688 136 1713 25
155 1666 199 1703 τὰ
214 1666 246 1717 γ’
260 1696 271 1716 ,
289 1666 319 1710 ς’
331 1695 341 1712 ,
359 1666 401 1716 ιγ’
418 1663 588 1717 τροχαϊκὰ
608 1667 837 1716 ἑφθημιμερῆ.
859 1664 903 1702 τὰ
923 1664 958 1702 δὲ
975 1666 1080 1703 λοιπὰ
1101 1668 1189 1704 ἀκα-

152 1724 308 1770 τάληκτα
327 1723 386 1762 καὶ
409 1722 571 1774 δίμετρα,
589 1721 680 1767 πλὴν
706 1725 764 1760 τοῦ
791 1721 1002 1774 μονομέτρου
1030 1739 1188 1776 παρατε-

152 1780 284 1819 λεύτου.
338 1782 371 1818 ἐν
391 1779 522 1818 ἐκθέσει
539 1779 574 1817 δὲ
592 1780 703 1831 στίχοι
731 1779 789 1817 δύο
806 1781 1048 1819 ἀναπαιστικοὶ
1070 1781 1189 1833 τετρά-

153 1854 270 1892 μετροι
286 1838 548 1888 καταληκτικοὶ,
562 1836 674 1888 ὅμοιοι
687 1840 755 1881 τοῖς
772 1837 846 1884 ἑξῆς
863 1839 985 1885 διπλῆς
1001 1839 1187 1889 ἀμοιὸαίας

152 1896 327 1940 εἷσθέσεως
346 1895 582 1946 ἑὸδομήκοντα
606 1894 748 1942 κώλοις,
769 1890 816 1933 ῶν
834 1897 1029 1935 τελευταῖον

271 1956 324 1986 καὶ
341 1955 490 1995 μινθῶσαι
505 1954 557 1986 τὸν
573 1954 712 1990 ξύσσιτον
733 1953 850 1990 uda-‚4643
872 1965 940 1985 τινα
955 1956 1183 1994 λωποδυτῆσαι.

150 2001 209 2039 ἐπὶ
234 2003 283 2052 τῷ
302 2001 391 2039 τέλει
409 2003 471 2046 τῆς
490 1999 552 2050 μὲν
579 2001 774 2052 προῳδικῆς
797 2000 949 2052 κορωνίς·
975 2004 1042 2039 τῶν
1068 2002 1103 2040 δὲ
1129 2019 1186 2041 τε-

150 2057 352 2111 τραμέτρων
381 2059 486 2104 διπλῆ
513 2057 577 2102 ἔξω
596 2057 802 2110 νενευκυῖα]
821 2058 905 2109 πρὸς
928 2059 984 2096 τὸν
1010 2060 1184 2111 Αἰσχύλον

156 2115 288 2168 ὁχορὸς
311 2115 379 2153 ἀπὸ
400 2117 467 2153 τῶν
487 2117 604 2153 αὐτοῦ.
625 2115 697 2153 ἔστι
720 2116 755 2153 δὲ
778 2115 870 2168 ἀρχὴ
895 2115 981 2162 αὕτη
999 2118 1183 2170 Μυρμιδό-

154 2189 220 2211 νων
240 2172 429 2225 Αἰσχύλου.
447 2177 547 2211 τοῦτο
563 2172 599 2210 δὲ
618 2173 714 2224 παρὰ
729 2173 790 2219 τὴν
807 2173 981 2213 ὑπόνοιαν.

207 2245 271 2270 995.
300 2230 396 2274 ἐκτὸς
414 2229 499 2268 οἴσει
519 2245 528 2270 :
551 2231 655 2281 (Ἀντὶ
673 2234 731 2268 τοῦ
746 2260 756 2280 ,
778 2231 872 2274 ἐκτὸς
896 2234 963 2268 τῶν
982 2233 1183 2285 ὡρισμένων

150 2289 287 2340 λόγων.)
314 2287 470 2340 ἐμφαίνει
491 2287 527 2325 δέ
545 2303 577 2325 τι
598 2287 787 2340 ὡρισμένον
807 2289 930 2339 λέγειν,
953 2289 1011 2327 καὶ
1030 2290 1181 2339 μάλιστα

150 2348 196 2389 ὡς
212 2346 265 2383 ἐπ’
287 2345 394 2396 ἄκρου
415 2343 631 2396 ἱπποδρόμου
653 2345 767 2382 ἐλαῖαι
787 2340 890 2393 ἦσαν,
911 2347 988 2385 καθ’
1009 2347 1049 2390 ἃς
1069 2347 1183 2401 ἐξεφέ-

152 2418 249 2456 ροντο
272 2405 304 2441 οἱ
328 2401 578 2445 ὑποπίπτοντες
603 2399 695 2439 κατὰ
719 2402 776 2440 τὸν
805 2403 942 2454 δρόμον.
970 2404 1059 2442 θέλει
1083 2405 1118 2443 δὲ
1139 2408 1182 2443 εἰ·

149 2467 240 2509 πεῖν,
260 2460 355 2504 ἐκτὸς
368 2463 426 2498 τοῦ
445 2459 681 2512 προκειμένου.
697 2458 720 2505 ἢ
741 2460 815 2498 ἐπεὶ
834 2455 927 2500 εἶπεν
944 2464 961 2500 ὁ
977 2463 1138 2507 Διόνυσος

98 2585 134 2610 4⁰
270 2558 315 2595 τίς
327 2561 379 2596 τῆς
394 2557 482 2593 ἐλάας
494 2557 698 2598 παρέτραγεν;

149 2644 246 2698 παρὰ
262 2643 302 2682 τὸ
319 2643 515 2696 παρέτραγε
531 2641 664 2687 παίζων
683 2644 701 2680 ὃ
718 2642 821 2694 χορὸς
836 2643 937 2681 τοῦτό
956 2659 1040 2696 φησι

272 2741 315 2781 μή
330 2741 359 2772 σ’
376 2741 394 2772 ὁ
406 2740 498 2780 θυμὸς
511 2739 650 2781 ἁρπάσας

272 2787 357 2822 ἐκτὸς
372 2786 443 2826 οἴσῃ
461 2789 521 2817 τῶν
537 2786 647 2817 ἐλαῶν.

151 2875 316 2930 [Ἄλλως.
336 2878 372 2914 ἐν
386 2878 436 2928 τῷ
450 2875 541 2914 τέλει
561 2879 620 2914 τοῦ
638 2875 744 2914 τόπου
766 2871 804 2914 οὗ
827 2878 975 2917 ἐτελεῖτο
994 2882 1012 2918 ὁ
1035 2881 1177 2933 δρόμος,

98 2966 134 2992 45
148 2937 266 2974 ,ἐλαῖαι
289 2933 452 2985 στιχηδὸν
477 2932 653 2980 ἵστανται,
678 2928 778 2971 οῧσαι
796 2936 1002 2988 κατάντημα
1021 2942 1080 2977 τοῦ
1101 2940 1179 2992 δρό-

152 3009 236 3044 μου,
267 2991 328 3030 καὶ
352 2991 459 3033 οὐδεὶς
486 2987 644 3028 ἐπέκεινα
676 2990 804 3029 τούτων
838 2993 973 3046 ἐχώρει.
999 2995 1092 3040 ὅστις
1118 2992 1176 3035 οὖν

150 3051 240 3103 πέρα
270 3052 328 3087 τοῦ
357 3047 487 3090 δέοντος
514 3046 660 3098 ἔπραττέ
689 3063 740 3094 τι,
772 3048 888 3101 ἔλεγον
913 3055 958 3096 ὡς
988 3054 1085 3098 ἐκτὸς
1109 3058 1175 3094 τῶν

151 3107 275 3145 ἐλαιῶν
308 3104 459 3159 φέρεται.
491 3103 704 3156 ἐπεκράτησε
730 3104 766 3142 δὲ
798 3108 844 3151 εἰς
871 3110 1096 3164 παροιμίαι]
1125 3135 1176 3142 -

151 3164 346 3215 σημείωσαι
362 3162 398 3200 δὲ
416 3162 468 3200 ὅτι
486 3162 534 3212 μὴ
555 3160 656 3211 μόνον
670 3161 781 3210 ἐλαία,
799 3165 887 3202 ἀλλὰ
901 3168 960 3206 καὶ
976 3169 1063 3207 ἐλάα
1077 3170 1174 3222 παρὰ

149 3227 307 3270 ποιηταῖς
320 3236 358 3258 τε
375 3219 435 3258 καὶ
452 3220 673 3274 λογογράφοις
691 3222 843 3276 εὕρηται,
857 3226 947 3258 Cant.
967 3239 990 3263 1.

204 3293 283 3319 1000.
312 3277 503 3331 [χρώμενος
527 3279 595 3321 τοῖς
608 3279 736 3324 ,ἱστίοις
768 3294 779 3320 :
813 3282 933 3320 Λείπει
955 3285 972 3320 ὃ
1001 3284 1073 3323 καί.
1103 3285 1176 3322 ἔστι

150 3336 228 3390 γὰρ,
261 3337 321 3375 καὶ
358 3335 492 3390 ἄκροισι
522 3335 726 3389 χρώμενος.)
757 3337 875 3391 [τοῦτο
905 3338 940 3377 δὲ
972 3340 1104 3394 εἴρηκεν
1137 3343 1174 3380 ἐκ

2205 228 2279 263 ³03

1254 296 1447 341 μεταφορᾶς
1473 292 1541 328 τῶν
1572 293 1756 341 πλεόντων,
1777 296 1829 343 οἳ,
1857 298 1939 336 ὅταν
1971 304 2107 352 πνεῦμα
2135 307 2283 359 σφοδρὸν

1252 346 1446 398 ἐμπνεύσῃ,
1475 349 1697 389 συστέλλουσι
1725 353 1768 390 τὰ
1798 355 1910 403 ἱστία,
1942 357 1997 395 ἵνα
2031 359 2079 408 μὴ
2111 364 2154 413 τῇ
2189 364 2286 417 βιαία

2161 419 2191 442 ἢ)
2224 421 2261 435 νὴ

2157 432 2192 457 Οι
2217 432 2260 458 ΥΟ

1251 460 1340 498 κατὰ
1367 463 1486 514 μικρὸν
1513 465 1632 515 ἄγουσι
1652 466 1714 513 τὴν
1734 472 1816 506 ναῧν
1838 471 1882 513 εἷς
1900 471 1938 509 τὸ
1957 475 2076 524 πρόσω
2094 480 2153 513 τοῦ
2180 437 2284 518 πλίίὗγ.Ι

1251 517 1383 570 ἄκροισι
1409 520 1443 557 δὲ
1469 525 1538 564 τοῖς
1559 525 1591 559 ε’ν
1613 523 1709 577 ἄκρῳ
1730 526 1925 577 δεχομένοις
1943 530 1982 567 τὸ
1998 535 2135 583 πνεῦμα
2154 535 2212 572 καὶ
2233 535 2282 586 μὴ
2304 554 2322 579 5

1251 576 1340 613 κατὰ
1360 577 1398 614 τὸ
1417 578 1553 632 μέσοι]

1305 646 1383 673 1001.
1415 636 1548 680 ἐπάξεις
1567 637 1624 675 τὸν
1644 638 1745 689 λόγον
1762 642 1838 678 κατ’
1858 644 1974 682 αὐτοῦ.
1994 652 2072 684 RV.

1267 740 1287 748 ..
1304 703 1383 729 1004.
1415 693 1614 745 [πυργώσας
1634 708 1642 733 :
1661 692 1741 733 Ἔτι
1756 700 1773 734 ὁ
1789 699 1890 750 χορὸς
1904 701 2054 747 αὐξήσας
2069 705 2126 742 καὶ
2147 707 2284 757 μεγάλα

1248 750 1307 783 οὖν
1329 749 1462 800 εἰπών.)

1304 818 1382 844 1005.
1414 808 1574 859 τραγικὸν
1605 810 1711 862 λῆρον
1739 824 1747 849 :
1779 814 1885 864 (Παρ’
1908 815 2094 867 ὑπόνοιαν,)
2124 820 2200 857 ἀντὶ
2227 826 2286 860 τοῦ
2309 839 2341 864 ιο

1248 861 1385 913 τέχνην.
1415 865 1576 916 τραγικὸν
1603 866 1656 914 δὲ,
1686 867 1739 905 ὅτι
1764 870 1934 917 ἀλλήλους
1963 874 2192 916 διαὸάλλουσι
2215 894 2287 916 κω-

1248 921 1341 969 μικοὶ
1361 921 1419 958 καὶ
1435 923 1602 974 τραγικοί.

1303 992 1383 1018 1011.
1415 981 1454 1017 ἐκ
1479 985 1641 1032 χρηστῶν
1667 983 1726 1021 καὶ
1750 986 1913 1034 γενναίων
1935 1001 1944 1026 :
1966 988 2056 1027 Ἀλλ’
2080 991 2148 1029 ἀπὸ
2171 995 2287 1032 καλῶν

1247 1035 1374 1080 κακοὺς
1413 1038 1472 1075 καὶ
1508 1040 1750 1094 αἰσχροτέρους
1784 1044 1959 1091 ἐποίησας.
1999 1049 2196 1102 μοχθηροὺς
2231 1053 2285 1099 δὲ,

1253 1093 1328 1131 ἀντὶ
1348 1098 1407 1132 τοῦ
1429 1097 1681 1151 αἰσχροτέρους.

1302 1166 1383 1191 1012.
1416 1155 1596 1203 (τεθνάναν
1621 1155 1669 1206 μὴ
1692 1159 1810 1195 τοῦτον
1831 1160 1942 1211 ἐρώτα
1962 1175 1970 1201 :
1992 1162 2083 1202 Οὐδὲ
2103 1169 2203 1204 τοῦτο
2222 1183 2286 1206 συ-

1247 1211 1489 1262 κοφαντητέον,
1509 1212 1561 1250 ὅτι
1581 1214 1698 1266 νεκρὸν
1719 1214 1810 1266 λέγει
1830 1219 2002 1256 τεθνάναι.
2021 1221 2104 1265 ἴσως
2119 1223 2185 1276 γὰρ
2204 1226 2286 1277 πρὸς

1247 1267 1286 1305 τὸ
1309 1270 1441 1319 γελοῖον
1462 1271 1748 1323 ἐπιτετήδευται.)
1811 1276 1945 1326 γελοίου
1962 1278 2064 1331 χάριν
2083 1274 2190 1321 εἶπεν.
2218 1283 2284 1330 ἤδη

1247 1325 1313 1379 γὰρ
1335 1327 1497 1366 ἀπέθανε.

1302 1397 1380 1424 1014.
1411 1387 1720 1439 διαδρασιπολίτας
1740 1403 1748 1428 :
1771 1390 1862 1429 Ἀντὶ
1882 1395 1958 1440 τοῦ,
1975 1394 2116 1438 δειλούς.
2137 1396 2186 1447 μὴ
2205 1402 2283 1436 ἀπο-

1249 1441 1491 1493 διδράσκοντας
1510 1443 1572 1490 τὴν
1590 1446 1779 1487 πολιτείαν.

1303 1513 1380 1539 1015.
1411 1501 1580 1545 κοέάλους
1607 1517 1616 1543 :
1650 1504 1731 1554 [Ἐκ
1760 1507 1985 1558 παραλλήλου
2016 1510 2183 1556 κοὸάλους
2207 1514 2283 1565 καὶ]

1252 1556 1475 1610 πανούργους.

2310 1130 2339 1155 15

2304 1419 2338 1443 20

1302 1629 1379 1654 1017.
1411 1618 1631 1662 ἑπταὸοείους
1651 1633 1661 1658 t
1679 1619 1768 1658 Ἀντὶ
1793 1625 1851 1659 τοῦ
1877 1623 2056 1675 μεγάλους·
2081 1627 2149 1665 ἀπὸ
2175 1644 2282 1678 μετα-

1247 1679 1353 1724 φορᾶς
1370 1677 1431 1720 τῆς
1450 1675 1593 1719 ἀσπίδος
1607 1681 1666 1714 τοῦ
1684 1678 1840 1723 Αἴαντος.

1301 1744 1380 1770 1018.
1411 1732 1643 1784 [κρανοποιῶν
1673 1749 1682 1773 t
1706 1736 1826 1786 Κράνη
1846 1738 1905 1775 καὶ
1923 1739 2044 1792 λόφους
2060 1742 2280 1794 διηγούμενος

1247 1788 1385 1840 ἀφανιεῒ
1403 1805 1445 1840 με
1463 1793 1512 1843 τῷ
1531 1791 1678 1844 πατάγῳ
1693 1796 1759 1830 τῶν
1777 1795 1986 1848 ὀνομάτων]

1300 1859 1377 1883 1021.
1407 1847 1483 1891 τοὺς
1510 1847 1585 1886 ἕπτ’
1610 1849 1668 1887 ἐπὶ
1695 1851 1849 1896 Θῆἔαςτ
1877 1856 1923 1892 Οἱ
1953 1854 2087 1907 Πέρσαι
2114 1858 2278 1911 πρότερον

1245 1902 1479 1954 δεδιδαγμένοι
1497 1905 1594 1943 εἰσίν·
1617 1901 1691 1944 εἶτα
1711 1910 1741 1945 οἱ
1761 1908 1849 1947 ἑπτὰ
1869 1911 1925 1949 ἐπὶ
1953 1913 2090 1959 Θήὸας.
2112 1919 2169 1952 ν’ὔν
2191 1917 2224 1954 δὲ
2241 1917 2280 1954 τὸ

1245 1958 1384 2013 ὕστερον
1407 1962 1573 2015 πρότερον
1597 1959 1685 2004 εἶπε.
1715 1966 1818 2015 (πλὴν
1841 1969 1917 2006 οὐδὲ
1940 1972 1989 2022 τῷ
2006 1975 2134 2023 ποιητῇ
2156 1975 2279 2023 ἐγκλη-

1243 2018 1344 2064 τέον.)
1365 2020 1440 2058 οὐδὲ
1460 2021 1526 2073 γάρ
1546 2023 1638 2059 ἐστιν
1659 2024 1855 2076 ἀκριὸῶσαι
1870 2026 1909 2064 τὸ
1928 2032 2094 2076 τοιοῦτον,
2116 2031 2192 2069 οὐδὲ
2211 2035 2281 2076 τοῖς

1244 2077 1493 2130 ἀπελέγχουσιν
1515 2080 1630 2119 αὐτόν.

1297 2149 1373 2173 1023.
1406 2136 1595 2185 (Θηὸαίους
1632 2139 1699 2191 γὰρ
1735 2140 1929 2186 πεποίηκας
1963 2155 1972 2180 :
2006 2145 2120 2190 Δῆλον
2163 2148 2208 2189 ὡς
2239 2149 2278 2185 οὐ

1242 2192 1348 2244 φίλων
1373 2193 1481 2231 ὄντων
1498 2201 1568 2237 τοῖς
1581 2196 1768 2242 Ἀθηναίοις
1783 2201 1850 2235 τῶν
1869 2199 2050 2247 Θηὸαίων,
2062 2203 2152 2239 ἀλλὰ
2168 2204 2279 2257 διαφε-

1243 2250 1417 2302 ρομένων.)
1447 2274 1498 2280 --
1518 2253 1768 2306 ἀνδρειοτέρους
1791 2268 1800 2294 :
1820 2258 1900 2294 Τῶν
1927 2257 2097 2310 Ἀργείων,
2116 2254 2164 2298 ῶν
2187 2263 2276 2300 πολὺ
2296 2284 2333 2308 :35

1240 2307 1330 2344 κατὰ
1349 2308 1500 2358 πόλεμον
1521 2310 1630 2353 κλέος.
1648 2312 1693 2349 Θ.
1711 2320 1771 2349 Br.

1295 2367 1400 2415 (1025).
1430 2368 1506 2404 ἀλλ’
1531 2369 1610 2417 ὑμῖν
1631 2367 1704 2406 αὕτ’
1728 2369 1804 2415 ἐξῆν
1828 2384 1836 2408 :
1863 2370 1967 2420 Ὑμῖν
1988 2371 2065 2419 ἐξῆν
2090 2380 2159 2418 τοῖς
2177 2376 2277 2425 Ἀθη-

1239 2423 1342 2467 ναίοις
1358 2424 1577 2474 μιμήσασθαι
1593 2426 1668 2477 [καὶ
1686 2427 1804 2464 ἀσκεῖν
1818 2427 1862 2465 τὰ
1883 2430 2082 2482 πολεμικοί].
2102 2456 2151 2462 -·
2166 2434 2240 2472 αὔτ’
2263 2450 2272 2475 :

1238 2481 1295 2520 Τὰ
1311 2483 1496 2532 πολεμικά.
1517 2491 1575 2520 Br.

1291 2541 1352 2577 οὐκ
1371 2540 1429 2577 ἐπὶ
1444 2544 1544 2578 τοῦτο
1563 2555 1571 2579 :
1589 2540 1680 2578 Ἀλλ’
1697 2543 1743 2585 εἰς
1763 2543 1940 2593 ἐγκλῆσεις
1958 2544 2018 2582 καὶ
2038 2548 2270 2603 δικορραφίας·
2291 2570 2327 2595 40

1237 2601 1423 2650 κατηγορεῖ
1441 2596 1476 2636 δὲ
1493 2598 1682 2645 Ἀθηναίων
1700 2601 1867 2640 ἐντεῦθεν.

1292 2669 1370 2694 1026.
1403 2655 1493 2706 (τοὺς
1512 2655 1653 2709 Πέρσας
1670 2670 1679 2695 :
1700 2656 1878 2709 Αἰσχύλου
1895 2660 2012 2712 δρᾶμα
2035 2661 2123 2701 οὕτω
2147 2665 2274 2703 καλού-

1236 2728 1351 2763 μενον.
1374 2713 1413 2752 τὸ
1441 2715 1477 2751 δὲ
1505 2708 1598 2761 εἶτα,
1628 2714 1688 2752 καὶ
1716 2715 1756 2753 τὸ
1786 2716 1874 2765 μετὰ
1903 2722 2023 2766 τοῦτο,
2049 2721 2087 2758 οὐ
2118 2721 2270 2759 θέλουσιν

1237 2769 1371 2809 ἀκούειν
1400 2771 1484 2824 πρὸς
1507 2771 1570 2814 τὰς
1601 2773 1842 2821 διδασκαλίας,
1869 2775 1944 2812 ἀλλ’
1974 2778 2007 2813 ἐν
2036 2776 2101 2830 ἴσῳ
2132 2781 2180 2830 τῷ
2211 2780 2270 2817 καὶ

1235 2832 1334 2866 τοῦτο
1352 2828 1490 2873 ἐδίδαξα
1509 2829 1567 2866 καὶ
1585 2829 1624 2867 τὸ
1642 2828 1785 2882 ἕτερον.)
2287 2861 2321 2886 45

1288 2899 1368 2925 1028.
1400 2886 1529 2938 ἐχάρην
1547 2889 1628 2936 γοῦν
1653 2887 1744 2931 ἡνίκ’
1761 2887 1893 2933 ἤκουσα
1917 2902 1926 2926 2
1950 2888 2011 2927 Ἔν
2035 2892 2105 2933 τοῖς
2128 2893 2269 2943 φερομέ-

1233 2958 1302 2986 νοις
1321 2943 1500 2994 Αἰσχύλου
1517 2943 1669 2995 Πέρσαις
1684 2943 1760 2981 οὔτε
1773 2944 1919 2996 Δαρείου
1937 2945 2080 2990 θάνατος
2096 2949 2269 3000 ἀπαγγέλ-

1233 3001 1330 3038 λεται
1355 2999 1432 3038 οὔτε
1454 3000 1556 3052 χορὸς
1578 3000 1639 3043 τὰς
1659 3002 1778 3052 χεῖρας
1803 3001 2016 3054 συγκρούσας
2041 3003 2134 3055 λέγει
2158 3008 2266 3055 ἰαυοῖ,

1234 3057 1324 3095 ἀλλὰ
1345 3057 1389 3095 τὰ
1410 3056 1472 3107 μὲν
1491 3057 1682 3109 πράγματα
1704 3058 1882 3096 ὑπόκειται
1901 3061 1936 3096 ἐν
1959 3060 2102 3106 Σούσοις
2123 3063 2183 3101 καὶ
2203 3080 2265 3102 πε·

1234 3114 1371 3167 ρίςροὸός
1389 3116 1480 3152 ἐστιν
1503 3117 1525 3160 ἡ
1548 3113 1664 3167 μήτηρ
1684 3113 1814 3166 Ξέρξου
1840 3115 1873 3160 ἐξ
1898 3117 2027 3169 ὀνείρου
2045 3119 2145 3163 τινός·
2163 3122 2265 3172 χορὸς
2283 3153 2316 3177 50

1232 3173 1269 3210 δὲ
1297 3174 1442 3225 Περσῶν
1473 3171 1640 3224 γερόντων
1663 3171 1903 3223 διαλεγόμενος
1929 3174 2014 3227 πρὸς
2040 3176 2161 3225 αὐτὴν,
2190 3173 2262 3217 εἷτα

1232 3229 1377 3280 ἄγγελος
1403 3228 1629 3279 ἀπαγγέλλων
1656 3229 1719 3275 τὴν
1745 3230 1824 3282 περὶ
1852 3233 2038 3283 Σαλαμῖνα
2065 3236 2262 3287 ναυμαχίαν

1231 3286 1290 3323 καὶ
1314 3285 1376 3332 ’.ἢν
1403 3285 1534 3338 Ξέρξου
1559 3286 1680 3339 φυγήν.
1710 3288 1846 3339 (Χαῖρις
1873 3288 1910 3327 δέ
1937 3305 2022 3343 φησι
2051 3292 2090 3329 τὸ
2115 3294 2259 3345 Δαρείου

1233 3344 1307 3380 ἀντὶ
1327 3347 1387 3381 τοῦ
1413 3343 1554 3395 Ξέρξου.
1583 3343 1721 3390 σύνηθες
1747 3345 1814 3397 γὰρ
1836 3349 1905 3389 τοῖς
1926 3350 2083 3394 ποιηταῖς
2108 3349 2162 3386 ἐπὶ
2191 3353 2258 3388 τῶν

2301 1709 2334 1734 25

2299 1996 2334 2021 30
