<?xml version="1.0" encoding="UTF-8"?>
<!DOCTYPE html PUBLIC "-//W3C//DTD XHTML 1.0 Transitional//EN"
    "http://www.w3.org/TR/xhtml1/DTD/xhtml1-transitional.dtd">
<html xmlns="http://www.w3.org/1999/xhtml" xml:lang="en" lang="en">
 <head>
  <title>
</title>
<meta http-equiv="Content-Type" content="text/html;charset=utf-8" />
  <meta name='ocr-system' content='tesseract 3.04.00' />
  <meta name='ocr-capabilities' content='ocr_page ocr_carea ocr_par ocr_line ocrx_word'/>
</head>
<body>
  <div class='ocr_page' id='page_1' title='image "./scholiagraecaina00dbuoft_0679.png"; bbox 0 0 2517 3792; ppageno 0'>
   <div class='ocr_carea' id='block_1_1' title="bbox 781 219 1518 260">
    <p class='ocr_par' dir='ltr' id='par_1_1' title="bbox 781 219 1518 260">
     <span class='ocr_line' id='line_1_1' title="bbox 781 219 1518 260; baseline 0.001 -1"><span class='ocrx_word' id='word_1_1' title='bbox 781 221 938 259; x_wconf 65' lang='lat' dir='ltr'><em>mmlx</em></span> <span class='ocrx_word' id='word_1_2' title='bbox 969 219 1201 258; x_wconf 71' lang='lat' dir='ltr'>NOMINUM</span> <span class='ocrx_word' id='word_1_3' title='bbox 1233 220 1298 258; x_wconf 77' lang='grc' dir='ltr'><em>ΕΤ</em></span> <span class='ocrx_word' id='word_1_4' title='bbox 1330 222 1518 260; x_wconf 73' lang='lat' dir='ltr'><em>RERUM.</em></span> 
     </span>
    </p>
   </div>
   <div class='ocr_carea' id='block_1_2' title="bbox 114 306 1134 1387">
    <p class='ocr_par' dir='ltr' id='par_1_2' title="bbox 151 306 1133 714">
     <span class='ocr_line' id='line_1_2' title="bbox 156 306 1130 353; baseline -0.013 -7"><span class='ocrx_word' id='word_1_5' title='bbox 156 314 308 353; x_wconf 74' lang='lat' dir='ltr'>mittitur,</span> <span class='ocrx_word' id='word_1_6' title='bbox 335 309 565 352; x_wconf 78' lang='lat' dir='ltr'>spectatoribus</span> <span class='ocrx_word' id='word_1_7' title='bbox 590 307 676 339; x_wconf 90' lang='lat' dir='ltr'><em>mitti</em></span> <span class='ocrx_word' id='word_1_8' title='bbox 702 307 900 346; x_wconf 75' lang='lat' dir='ltr'><em>jubentibus,</em></span> <span class='ocrx_word' id='word_1_9' title='bbox 922 306 974 337; x_wconf 79' lang='lat' dir='ltr'><em>rel</em></span> <span class='ocrx_word' id='word_1_10' title='bbox 995 306 1130 345; x_wconf 77' lang='lat' dir='ltr'><em>lampas</em></span> 
     </span>
     <span class='ocr_line' id='line_1_3' title="bbox 151 354 1128 400; baseline -0.011 -8"><span class='ocrx_word' id='word_1_11' title='bbox 151 362 288 400; x_wconf 85' lang='lat' dir='ltr'><em>jacitur</em></span> <span class='ocrx_word' id='word_1_12' title='bbox 320 361 456 398; x_wconf 66' lang='lat' dir='ltr'><em>sianum</em></span> <span class='ocrx_word' id='word_1_13' title='bbox 495 354 774 387; x_wconf 77' lang='lat' dir='ltr'><em>dimittendorum</em></span> <span class='ocrx_word' id='word_1_14' title='bbox 809 361 1010 390; x_wconf 85' lang='lat' dir='ltr'><em>cursorum,</em></span> <span class='ocrx_word' id='word_1_15' title='bbox 1047 355 1128 383; x_wconf 76' lang='lat' dir='ltr'><em>Rau.</em></span> 
     </span>
     <span class='ocr_line' id='line_1_4' title="bbox 163 399 1130 438; baseline -0.01 0"><span class='ocrx_word' id='word_1_16' title='bbox 163 408 332 438; x_wconf 83' lang='lat'><strong>129-133.</strong></span> <span class='ocrx_word' id='word_1_17' title='bbox 353 407 394 435; x_wconf 90' lang='lat' dir='ltr'><em>In</em></span> <span class='ocrx_word' id='word_1_18' title='bbox 412 403 585 434; x_wconf 84' lang='lat' dir='ltr'><em>Ceramico</em></span> <span class='ocrx_word' id='word_1_19' title='bbox 598 400 813 432; x_wconf 80' lang='lat' dir='ltr'><em>Athenienses</em></span> <span class='ocrx_word' id='word_1_20' title='bbox 832 399 1047 430; x_wconf 86' lang='lat' dir='ltr'><em>celebrabant</em></span> <span class='ocrx_word' id='word_1_21' title='bbox 1071 407 1130 428; x_wconf 92' lang='lat' dir='ltr'><em>an·</em></span> 
     </span>
     <span class='ocr_line' id='line_1_5' title="bbox 156 444 1130 490; baseline -0.009 -7"><span class='ocrx_word' id='word_1_22' title='bbox 156 460 263 483; x_wconf 80' lang='grc' dir='ltr'><em>ηιιιιηι</em></span> <span class='ocrx_word' id='word_1_23' title='bbox 282 451 386 490; x_wconf 79' lang='grc' dir='ltr'><strong>ἀγῶνα</strong></span> <span class='ocrx_word' id='word_1_24' title='bbox 403 448 632 488; x_wconf 72' lang='grc' dir='ltr'>λαμπαδοῡχον.</span> <span class='ocrx_word' id='word_1_25' title='bbox 664 446 809 478; x_wconf 87' lang='lat' dir='ltr'><em>Fiebant</em></span> <span class='ocrx_word' id='word_1_26' title='bbox 839 448 954 476; x_wconf 88' lang='lat' dir='ltr'><em>autem</em></span> <span class='ocrx_word' id='word_1_27' title='bbox 987 447 1055 475; x_wconf 86' lang='lat' dir='ltr'><em>tres</em></span> <span class='ocrx_word' id='word_1_28' title='bbox 1088 444 1130 474; x_wconf 88' lang='lat' dir='ltr'><em>ibi</em></span> 
     </span>
     <span class='ocr_line' id='line_1_6' title="bbox 155 491 1129 537; baseline -0.008 -9"><span class='ocrx_word' id='word_1_29' title='bbox 155 496 432 537; x_wconf 74' lang='grc' dir='ltr'><strong>λαμπαδηδρομὶαι,</strong></span> <span class='ocrx_word' id='word_1_30' title='bbox 459 496 636 530; x_wconf 69' lang='lat' dir='ltr'><em>Minerva·‚</em></span> <span class='ocrx_word' id='word_1_31' title='bbox 667 494 828 532; x_wconf 69' lang='lat' dir='ltr'><em>Neptuni,</em></span> <span class='ocrx_word' id='word_1_32' title='bbox 859 491 1061 528; x_wconf 78' lang='lat' dir='ltr'><em>Promethei,</em></span> <span class='ocrx_word' id='word_1_33' title='bbox 1088 491 1129 521; x_wconf 90' lang='lat' dir='ltr'><em>ib.</em></span> 
     </span>
     <span class='ocr_line' id='line_1_7' title="bbox 161 538 1131 580; baseline -0.009 -5"><span class='ocrx_word' id='word_1_34' title='bbox 161 547 227 575; x_wconf 85' lang='grc'>131.</span> <span class='ocrx_word' id='word_1_35' title='bbox 242 542 326 575; x_wconf 74' lang='lat' dir='ltr'><em>Adii.</em></span> <span class='ocrx_word' id='word_1_36' title='bbox 342 541 412 572; x_wconf 83' lang='lat' dir='ltr'><em>sch.</em></span> <span class='ocrx_word' id='word_1_37' title='bbox 434 543 524 580; x_wconf 76' lang='lat' dir='ltr'><em>l’esp.</em></span> <span class='ocrx_word' id='word_1_38' title='bbox 546 543 638 571; x_wconf 78' lang='grc'>1203.</span> <span class='ocrx_word' id='word_1_39' title='bbox 655 543 688 570; x_wconf 89' lang='lat' dir='ltr'><em>lu</em></span> <span class='ocrx_word' id='word_1_40' title='bbox 707 538 872 569; x_wconf 68' lang='lat' dir='ltr'><em>(lei-amico</em></span> <span class='ocrx_word' id='word_1_41' title='bbox 887 538 982 568; x_wconf 84' lang='lat' dir='ltr'><em>turris</em></span> <span class='ocrx_word' id='word_1_42' title='bbox 999 538 1131 575; x_wconf 77' lang='lat' dir='ltr'><em>excelsa,</em></span> 
     </span>
     <span class='ocr_line' id='line_1_8' title="bbox 158 584 1133 626; baseline -0.007 -5"><span class='ocrx_word' id='word_1_43' title='bbox 158 594 244 622; x_wconf 85' lang='lat' dir='ltr'><em>Ran.</em></span> <span class='ocrx_word' id='word_1_44' title='bbox 262 592 331 620; x_wconf 83' lang='grc'>130.</span> <span class='ocrx_word' id='word_1_45' title='bbox 350 589 397 620; x_wconf 88' lang='lat' dir='ltr'><em>Ab</em></span> <span class='ocrx_word' id='word_1_46' title='bbox 415 590 589 619; x_wconf 79' lang='lat' dir='ltr'><em>Ceramico</em></span> <span class='ocrx_word' id='word_1_47' title='bbox 607 587 785 626; x_wconf 70' lang='lat' dir='ltr'><em>incipiebat</em></span> <span class='ocrx_word' id='word_1_48' title='bbox 807 594 934 625; x_wconf 82' lang='lat' dir='ltr'><em>pompa</em></span> <span class='ocrx_word' id='word_1_49' title='bbox 962 584 1133 616; x_wconf 82' lang='lat' dir='ltr'><em>Panathe-</em></span> 
     </span>
     <span class='ocr_line' id='line_1_9' title="bbox 156 632 1130 676; baseline -0.007 -9"><span class='ocrx_word' id='word_1_50' title='bbox 156 638 268 674; x_wconf 84' lang='lat' dir='ltr'><em>naica,</em></span> <span class='ocrx_word' id='word_1_51' title='bbox 288 637 350 676; x_wconf 85' lang='lat' dir='ltr'><em>Eq.</em></span> <span class='ocrx_word' id='word_1_52' title='bbox 367 639 439 675; x_wconf 89' lang='grc'><strong>566,</strong></span> <span class='ocrx_word' id='word_1_53' title='bbox 460 637 493 665; x_wconf 88' lang='lat' dir='ltr'><em>et</em></span> <span class='ocrx_word' id='word_1_54' title='bbox 510 643 637 675; x_wconf 86' lang='lat' dir='ltr'><em>pompa</em></span> <span class='ocrx_word' id='word_1_55' title='bbox 660 633 785 664; x_wconf 87' lang='lat' dir='ltr'><em>Bacchi</em></span> <span class='ocrx_word' id='word_1_56' title='bbox 810 632 1017 669; x_wconf 76' lang='lat' dir='ltr'><em>Eleusinem,</em></span> <span class='ocrx_word' id='word_1_57' title='bbox 1047 633 1130 662; x_wconf 80' lang='lat' dir='ltr'><em>Rau.</em></span> 
     </span>
     <span class='ocr_line' id='line_1_10' title="bbox 157 685 333 714; baseline -0.011 -1"><span class='ocrx_word' id='word_1_58' title='bbox 157 685 333 714; x_wconf 81' lang='lat'><strong>395—399.</strong></span> 
     </span>
    </p>

    <p class='ocr_par' dir='ltr' id='par_1_3' title="bbox 116 730 1029 774">
     <span class='ocr_line' id='line_1_11' title="bbox 116 730 1029 774; baseline -0.009 -7"><span class='ocrx_word' id='word_1_59' title='bbox 116 735 275 774; x_wconf 73' lang='lat' dir='ltr'><em>Cerasus,</em></span> <span class='ocrx_word' id='word_1_60' title='bbox 292 735 436 765; x_wconf 87' lang='lat' dir='ltr'><em>Pontica</em></span> <span class='ocrx_word' id='word_1_61' title='bbox 458 732 550 771; x_wconf 79' lang='lat' dir='ltr'><em>urbs,</em></span> <span class='ocrx_word' id='word_1_62' title='bbox 567 741 587 763; x_wconf 90' lang='lat' dir='ltr'><em>a</em></span> <span class='ocrx_word' id='word_1_63' title='bbox 611 733 738 763; x_wconf 87' lang='lat' dir='ltr'><em>cerasis</em></span> <span class='ocrx_word' id='word_1_64' title='bbox 751 730 858 768; x_wconf 87' lang='lat' dir='ltr'><em>dicta,</em></span> <span class='ocrx_word' id='word_1_65' title='bbox 882 730 937 761; x_wconf 91' lang='lat' dir='ltr'><em>Pl.</em></span> <span class='ocrx_word' id='word_1_66' title='bbox 957 732 1029 761; x_wconf 89' lang='lat'><strong>586.</strong></span> 
     </span>
    </p>

    <p class='ocr_par' dir='ltr' id='par_1_4' title="bbox 118 779 1134 916">
     <span class='ocr_line' id='line_1_12' title="bbox 118 779 1133 826; baseline -0.008 -8"><span class='ocrx_word' id='word_1_67' title='bbox 118 786 276 825; x_wconf 86' lang='lat' dir='ltr'><em>Cerberii,</em></span> <span class='ocrx_word' id='word_1_68' title='bbox 293 788 351 826; x_wconf 83' lang='lat' dir='ltr'><em>qui</em></span> <span class='ocrx_word' id='word_1_69' title='bbox 379 785 475 825; x_wconf 89' lang='lat' dir='ltr'><em>apud</em></span> <span class='ocrx_word' id='word_1_70' title='bbox 504 787 690 816; x_wconf 87' lang='lat' dir='ltr'><em>Homerum</em></span> <span class='ocrx_word' id='word_1_71' title='bbox 714 784 902 820; x_wconf 86' lang='lat' dir='ltr'><em>Cimmerii,</em></span> <span class='ocrx_word' id='word_1_72' title='bbox 928 790 1011 822; x_wconf 85' lang='lat' dir='ltr'><em>quos</em></span> <span class='ocrx_word' id='word_1_73' title='bbox 1037 779 1133 819; x_wconf 85' lang='lat' dir='ltr'><em>apud</em></span> 
     </span>
     <span class='ocr_line' id='line_1_13' title="bbox 154 827 1134 873; baseline -0.008 -9"><span class='ocrx_word' id='word_1_74' title='bbox 154 835 267 873; x_wconf 84' lang='lat' dir='ltr'><em>ipsum</em></span> <span class='ocrx_word' id='word_1_75' title='bbox 284 841 415 873; x_wconf 85' lang='lat' dir='ltr'><em>quoque</em></span> <span class='ocrx_word' id='word_1_76' title='bbox 440 831 596 862; x_wconf 75' lang='lat' dir='ltr'><em>nonnulli</em></span> <span class='ocrx_word' id='word_1_77' title='bbox 620 830 790 861; x_wconf 88' lang='lat' dir='ltr'><em>Cerberios</em></span> <span class='ocrx_word' id='word_1_78' title='bbox 807 829 961 859; x_wconf 85' lang='lat' dir='ltr'><em>scribunt</em></span> <span class='ocrx_word' id='word_1_79' title='bbox 972 836 983 862; x_wconf 92' lang='lat'><em>;</em></span> <span class='ocrx_word' id='word_1_80' title='bbox 1008 827 1134 857; x_wconf 86' lang='lat' dir='ltr'><em>deloco</em></span> 
     </span>
     <span class='ocr_line' id='line_1_14' title="bbox 155 875 1129 916; baseline -0.007 -6"><span class='ocrx_word' id='word_1_81' title='bbox 155 879 187 910; x_wconf 92' lang='lat' dir='ltr'><em>in</em></span> <span class='ocrx_word' id='word_1_82' title='bbox 205 883 288 910; x_wconf 92' lang='lat' dir='ltr'><em>Orco</em></span> <span class='ocrx_word' id='word_1_83' title='bbox 302 879 348 910; x_wconf 93' lang='lat' dir='ltr'><em>ad</em></span> <span class='ocrx_word' id='word_1_84' title='bbox 367 878 549 910; x_wconf 81' lang='lat' dir='ltr'><strong><em>Cerberum</em></strong></span> <span class='ocrx_word' id='word_1_85' title='bbox 565 875 775 916; x_wconf 84' lang='lat' dir='ltr'><em>respiciendo</em></span> <span class='ocrx_word' id='word_1_86' title='bbox 791 875 939 912; x_wconf 88' lang='lat' dir='ltr'><em>dict-um,</em></span> <span class='ocrx_word' id='word_1_87' title='bbox 959 876 1044 904; x_wconf 86' lang='lat' dir='ltr'><em>Ran.</em></span> <span class='ocrx_word' id='word_1_88' title='bbox 1063 875 1129 904; x_wconf 89' lang='lat'><strong>187.</strong></span> 
     </span>
    </p>

    <p class='ocr_par' dir='ltr' id='par_1_5' title="bbox 114 925 1134 1101">
     <span class='ocr_line' id='line_1_15' title="bbox 114 925 1134 971; baseline -0.008 -9"><span class='ocrx_word' id='word_1_89' title='bbox 114 930 284 969; x_wconf 85' lang='lat' dir='ltr'><em>Cerberus,</em></span> <span class='ocrx_word' id='word_1_90' title='bbox 299 933 363 971; x_wconf 85' lang='lat' dir='ltr'><em>Eq.</em></span> <span class='ocrx_word' id='word_1_91' title='bbox 394 933 483 967; x_wconf 87' lang='grc'>1030,</span> <span class='ocrx_word' id='word_1_92' title='bbox 512 932 601 965; x_wconf 82' lang='lat' dir='ltr'><em>Rau,</em></span> <span class='ocrx_word' id='word_1_93' title='bbox 627 931 693 959; x_wconf 86' lang='lat'><strong>111.</strong></span> <span class='ocrx_word' id='word_1_94' title='bbox 712 931 789 958; x_wconf 81' lang='lat' dir='ltr'><em>Eum</em></span> <span class='ocrx_word' id='word_1_95' title='bbox 813 925 962 957; x_wconf 82' lang='lat' dir='ltr'><em>Hercules</em></span> <span class='ocrx_word' id='word_1_96' title='bbox 984 933 1022 955; x_wconf 87' lang='lat' dir='ltr'><em>ex</em></span> <span class='ocrx_word' id='word_1_97' title='bbox 1051 928 1134 955; x_wconf 90' lang='lat' dir='ltr'><em>Orco</em></span> 
     </span>
     <span class='ocr_line' id='line_1_16' title="bbox 153 970 1134 1016; baseline -0.008 -8"><span class='ocrx_word' id='word_1_98' title='bbox 153 976 289 1008; x_wconf 87' lang='lat' dir='ltr'><em>abstulit</em></span> <span class='ocrx_word' id='word_1_99' title='bbox 317 985 455 1016; x_wconf 84' lang='lat' dir='ltr'><em>angens,</em></span> <span class='ocrx_word' id='word_1_100' title='bbox 482 978 569 1006; x_wconf 82' lang='lat' dir='ltr'><em>Ran.</em></span> <span class='ocrx_word' id='word_1_101' title='bbox 596 977 654 1005; x_wconf 87' lang='lat'><em>467</em></span> <span class='ocrx_word' id='word_1_102' title='bbox 684 982 732 1012; x_wconf 83' lang='lat' dir='ltr'><em>sq.</em></span> <span class='ocrx_word' id='word_1_103' title='bbox 763 972 915 1003; x_wconf 88' lang='lat' dir='ltr'><em>Cerberus</em></span> <span class='ocrx_word' id='word_1_104' title='bbox 944 970 986 1001; x_wconf 89' lang='lat' dir='ltr'><em>de</em></span> <span class='ocrx_word' id='word_1_105' title='bbox 1014 970 1134 1002; x_wconf 86' lang='lat' dir='ltr'><em>Cleone</em></span> 
     </span>
     <span class='ocr_line' id='line_1_17' title="bbox 155 1018 1131 1055; baseline -0.008 0"><span class='ocrx_word' id='word_1_106' title='bbox 155 1022 284 1055; x_wconf 84' lang='lat' dir='ltr'><em>dictum</em></span> <span class='ocrx_word' id='word_1_107' title='bbox 315 1034 325 1054; x_wconf 90' lang='lat'><em>:</em></span> <span class='ocrx_word' id='word_1_108' title='bbox 358 1025 463 1054; x_wconf 84' lang='lat' dir='ltr'><em>ctiam</em></span> <span class='ocrx_word' id='word_1_109' title='bbox 489 1021 591 1052; x_wconf 86' lang='lat' dir='ltr'><em>Plato</em></span> <span class='ocrx_word' id='word_1_110' title='bbox 624 1021 770 1051; x_wconf 87' lang='lat' dir='ltr'><em>comicus</em></span> <span class='ocrx_word' id='word_1_111' title='bbox 804 1020 856 1049; x_wconf 87' lang='lat' dir='ltr'><em>ita</em></span> <span class='ocrx_word' id='word_1_112' title='bbox 882 1025 959 1048; x_wconf 88' lang='lat' dir='ltr'><em>eum</em></span> <span class='ocrx_word' id='word_1_113' title='bbox 988 1018 1131 1054; x_wconf 76' lang='lat' dir='ltr'><em>vocavit,</em></span> 
     </span>
     <span class='ocr_line' id='line_1_18' title="bbox 155 1071 327 1101; baseline 0.006 -1"><span class='ocrx_word' id='word_1_114' title='bbox 155 1071 239 1100; x_wconf 91' lang='lat' dir='ltr'><em>Pac.</em></span> <span class='ocrx_word' id='word_1_115' title='bbox 257 1072 327 1101; x_wconf 85' lang='lat'><strong>313.</strong></span> 
     </span>
    </p>

    <p class='ocr_par' dir='ltr' id='par_1_6' title="bbox 116 1115 1130 1160">
     <span class='ocr_line' id='line_1_19' title="bbox 116 1115 1130 1160; baseline -0.009 -8"><span class='ocrx_word' id='word_1_116' title='bbox 116 1121 260 1160; x_wconf 87' lang='lat' dir='ltr'><em>Cercops</em></span> <span class='ocrx_word' id='word_1_117' title='bbox 273 1119 417 1159; x_wconf 80' lang='lat' dir='ltr'><em>inferior</em></span> <span class='ocrx_word' id='word_1_118' title='bbox 433 1119 579 1149; x_wconf 76' lang='lat' dir='ltr'><em>certarit</em></span> <span class='ocrx_word' id='word_1_119' title='bbox 594 1125 673 1148; x_wconf 89' lang='lat' dir='ltr'><em>cum</em></span> <span class='ocrx_word' id='word_1_120' title='bbox 690 1115 849 1153; x_wconf 78' lang='lat' dir='ltr'><em>Hesiodo,</em></span> <span class='ocrx_word' id='word_1_121' title='bbox 868 1117 956 1146; x_wconf 83' lang='lat' dir='ltr'><em>Ran.</em></span> <span class='ocrx_word' id='word_1_122' title='bbox 974 1115 1051 1152; x_wconf 68' lang='lat' dir='ltr'><em>Ara.</em></span> <span class='ocrx_word' id='word_1_123' title='bbox 1069 1115 1088 1144; x_wconf 87' lang='lat'><em>1</em></span> <span class='ocrx_word' id='word_1_124' title='bbox 1096 1115 1130 1144; x_wconf 82' lang='lat' dir='ltr'><em>V.</em></span> 
     </span>
    </p>

    <p class='ocr_par' dir='ltr' id='par_1_7' title="bbox 116 1160 1134 1387">
     <span class='ocr_line' id='line_1_20' title="bbox 116 1160 1132 1206; baseline -0.009 -8"><span class='ocrx_word' id='word_1_125' title='bbox 116 1169 279 1206; x_wconf 77' lang='lat' dir='ltr'><em>Cercyon,</em></span> <span class='ocrx_word' id='word_1_126' title='bbox 296 1167 402 1206; x_wconf 85' lang='lat' dir='ltr'><em>pater</em></span> <span class='ocrx_word' id='word_1_127' title='bbox 415 1165 546 1204; x_wconf 76' lang='lat' dir='ltr'><em>AlopeS‚</em></span> <span class='ocrx_word' id='word_1_128' title='bbox 563 1165 622 1195; x_wconf 82' lang='grc' dir='ltr'><em>Αυ.</em></span> <span class='ocrx_word' id='word_1_129' title='bbox 649 1166 720 1201; x_wconf 86' lang='grc'>559,</span> <span class='ocrx_word' id='word_1_130' title='bbox 737 1161 925 1193; x_wconf 87' lang='lat' dir='ltr'><em>secundum</em></span> <span class='ocrx_word' id='word_1_131' title='bbox 945 1160 1132 1192; x_wconf 75' lang='lat' dir='ltr'><em>Characem</em></span> 
     </span>
     <span class='ocr_line' id='line_1_21' title="bbox 147 1207 1130 1252; baseline -0.006 -10"><span class='ocrx_word' id='word_1_132' title='bbox 147 1212 248 1252; x_wconf 83' lang='lat' dir='ltr'><em>filius</em></span> <span class='ocrx_word' id='word_1_133' title='bbox 269 1210 448 1251; x_wconf 80' lang='lat' dir='ltr'><em>Aqamedis</em></span> <span class='ocrx_word' id='word_1_134' title='bbox 462 1212 493 1241; x_wconf 88' lang='lat' dir='ltr'><em>et</em></span> <span class='ocrx_word' id='word_1_135' title='bbox 514 1211 705 1249; x_wconf 77' lang='lat' dir='ltr'><em>Epicastce,</em></span> <span class='ocrx_word' id='word_1_136' title='bbox 723 1217 799 1240; x_wconf 89' lang='lat' dir='ltr'><em>cum</em></span> <span class='ocrx_word' id='word_1_137' title='bbox 811 1210 914 1247; x_wconf 86' lang='lat' dir='ltr'><em>patre</em></span> <span class='ocrx_word' id='word_1_138' title='bbox 932 1207 1130 1238; x_wconf 85' lang='lat' dir='ltr'><em>thesaurum</em></span> 
     </span>
     <span class='ocr_line' id='line_1_22' title="bbox 153 1253 1131 1297; baseline -0.007 -8"><span class='ocrx_word' id='word_1_139' title='bbox 153 1259 270 1297; x_wconf 79' lang='lat' dir='ltr'><em>Auyioe</em></span> <span class='ocrx_word' id='word_1_140' title='bbox 281 1257 414 1297; x_wconf 73' lang='lat' dir='ltr'><em>expilat</em></span> <span class='ocrx_word' id='word_1_141' title='bbox 424 1265 436 1292; x_wconf 92' lang='lat'><em>;</em></span> <span class='ocrx_word' id='word_1_142' title='bbox 450 1257 511 1287; x_wconf 89' lang='lat' dir='ltr'><em>illo</em></span> <span class='ocrx_word' id='word_1_143' title='bbox 527 1256 743 1293; x_wconf 88' lang='lat' dir='ltr'><em>obtruncato,</em></span> <span class='ocrx_word' id='word_1_144' title='bbox 755 1254 853 1294; x_wconf 73' lang='lat' dir='ltr'><em>suyit</em></span> <span class='ocrx_word' id='word_1_145' title='bbox 872 1253 1131 1289; x_wconf 76' lang='lat' dir='ltr'><strong><em>Orchomenum,</em></strong></span> 
     </span>
     <span class='ocr_line' id='line_1_23' title="bbox 155 1298 1134 1343; baseline -0.006 -9"><span class='ocrx_word' id='word_1_146' title='bbox 155 1306 190 1335; x_wconf 90' lang='lat' dir='ltr'><em>et</em></span> <span class='ocrx_word' id='word_1_147' title='bbox 198 1304 422 1343; x_wconf 80' lang='lat' dir='ltr'><em>persequente</em></span> <span class='ocrx_word' id='word_1_148' title='bbox 438 1303 560 1341; x_wconf 69' lang='lat' dir='ltr'><em>Anaia,</em></span> <span class='ocrx_word' id='word_1_149' title='bbox 584 1301 746 1339; x_wconf 78' lang='lat' dir='ltr'><em>Athenas,</em></span> <span class='ocrx_word' id='word_1_150' title='bbox 764 1300 850 1331; x_wconf 75' lang='lat' dir='ltr'><em>Nub.</em></span> <span class='ocrx_word' id='word_1_151' title='bbox 880 1302 950 1330; x_wconf 84' lang='lat'><strong>508.</strong></span> <span class='ocrx_word' id='word_1_152' title='bbox 971 1298 1134 1331; x_wconf 89' lang='lat' dir='ltr'><em>Callima·</em></span> 
     </span>
     <span class='ocr_line' id='line_1_24' title="bbox 155 1347 575 1387; baseline -0.007 -6"><span class='ocrx_word' id='word_1_153' title='bbox 155 1350 211 1381; x_wconf 87' lang='lat' dir='ltr'><em>chi</em></span> <span class='ocrx_word' id='word_1_154' title='bbox 229 1357 349 1380; x_wconf 87' lang='lat' dir='ltr'><em>versus</em></span> <span class='ocrx_word' id='word_1_155' title='bbox 368 1348 410 1380; x_wconf 87' lang='lat' dir='ltr'><em>de</em></span> <span class='ocrx_word' id='word_1_156' title='bbox 426 1357 475 1387; x_wconf 89' lang='lat' dir='ltr'><em>eo,</em></span> <span class='ocrx_word' id='word_1_157' title='bbox 495 1347 575 1379; x_wconf 85' lang='lat' dir='ltr'><em>ibid.</em></span> 
     </span>
    </p>
   </div>
   <div class='ocr_carea' id='block_1_3' title="bbox 59 1398 960 1446">
    <p class='ocr_par' dir='ltr' id='par_1_8' title="bbox 59 1398 960 1446">
     <span class='ocr_line' id='line_1_25' title="bbox 59 1398 960 1446; baseline -0.006 -13"><span class='ocrx_word' id='word_1_158' title='bbox 59 1442 65 1446; x_wconf 40' lang='grc' dir='ltr'>Ι</span> <span class='ocrx_word' id='word_1_159' title='bbox 113 1401 285 1434; x_wconf 85' lang='lat' dir='ltr'><em>cerebrum</em></span> <span class='ocrx_word' id='word_1_160' title='bbox 301 1410 308 1431; x_wconf 90' lang='lat'>:</span> <span class='ocrx_word' id='word_1_161' title='bbox 324 1401 398 1439; x_wconf 71' lang='lat' dir='ltr'><em>elus</em></span> <span class='ocrx_word' id='word_1_162' title='bbox 413 1400 536 1440; x_wconf 81' lang='lat' dir='ltr'><em>forma</em></span> <span class='ocrx_word' id='word_1_163' title='bbox 556 1398 772 1437; x_wconf 78' lang='lat' dir='ltr'><strong><em>describitur,</em></strong></span> <span class='ocrx_word' id='word_1_164' title='bbox 786 1401 873 1430; x_wconf 88' lang='lat' dir='ltr'><em>Ran.</em></span> <span class='ocrx_word' id='word_1_165' title='bbox 892 1400 960 1429; x_wconf 99' lang='lat'><strong>134.</strong></span> 
     </span>
    </p>
   </div>
   <div class='ocr_carea' id='block_1_4' title="bbox 114 1451 1133 3390">
    <p class='ocr_par' dir='ltr' id='par_1_9' title="bbox 114 1451 1133 3390">
     <span class='ocr_line' id='line_1_26' title="bbox 114 1451 1130 1493; baseline -0.004 -8"><span class='ocrx_word' id='word_1_166' title='bbox 114 1458 220 1492; x_wconf 73' lang='lat' dir='ltr'><em>Cere-S,</em></span> <span class='ocrx_word' id='word_1_167' title='bbox 239 1453 398 1493; x_wconf 73' lang='grc' dir='ltr'><strong>Δημήτηρ,</strong></span> <span class='ocrx_word' id='word_1_168' title='bbox 427 1452 571 1484; x_wconf 85' lang='lat' dir='ltr'><em>triticum</em></span> <span class='ocrx_word' id='word_1_169' title='bbox 600 1451 782 1491; x_wconf 77' lang='lat' dir='ltr'><em>proferens,</em></span> <span class='ocrx_word' id='word_1_170' title='bbox 802 1452 858 1481; x_wconf 73' lang='lat' dir='ltr'><em>An.</em></span> <span class='ocrx_word' id='word_1_171' title='bbox 879 1453 948 1481; x_wconf 94' lang='grc'>580.</span> <span class='ocrx_word' id='word_1_172' title='bbox 965 1452 1018 1490; x_wconf 87' lang='lat' dir='ltr'><em>Ei,</em></span> <span class='ocrx_word' id='word_1_173' title='bbox 1042 1454 1130 1489; x_wconf 81' lang='grc' dir='ltr'><strong>Δηοῖ,</strong></span> 
     </span>
     <span class='ocr_line' id='line_1_27' title="bbox 155 1496 1130 1540; baseline -0.002 -9"><span class='ocrx_word' id='word_1_174' title='bbox 155 1500 370 1532; x_wconf 83' lang='lat' dir='ltr'><em>Athenienses</em></span> <span class='ocrx_word' id='word_1_175' title='bbox 386 1508 449 1540; x_wconf 83' lang='lat' dir='ltr'><em>pro</em></span> <span class='ocrx_word' id='word_1_176' title='bbox 465 1499 618 1530; x_wconf 91' lang='lat' dir='ltr'><em>omnibus</em></span> <span class='ocrx_word' id='word_1_177' title='bbox 631 1498 779 1538; x_wconf 87' lang='lat' dir='ltr'><em>populis,</em></span> <span class='ocrx_word' id='word_1_178' title='bbox 798 1496 1005 1537; x_wconf 84' lang='lat' dir='ltr'><em>quosfames</em></span> <span class='ocrx_word' id='word_1_179' title='bbox 1032 1506 1130 1537; x_wconf 72' lang='lat' dir='ltr'><em>urqe-</em></span> 
     </span>
     <span class='ocr_line' id='line_1_28' title="bbox 156 1545 1130 1586; baseline -0.003 -7"><span class='ocrx_word' id='word_1_180' title='bbox 156 1548 228 1586; x_wconf 88' lang='lat' dir='ltr'><em>bat,</em></span> <span class='ocrx_word' id='word_1_181' title='bbox 242 1547 376 1579; x_wconf 87' lang='lat' dir='ltr'><em>oraculi</em></span> <span class='ocrx_word' id='word_1_182' title='bbox 383 1548 487 1586; x_wconf 86' lang='lat' dir='ltr'><em>jussu</em></span> <span class='ocrx_word' id='word_1_183' title='bbox 500 1545 708 1585; x_wconf 84' lang='lat' dir='ltr'><em>sacrificium</em></span> <span class='ocrx_word' id='word_1_184' title='bbox 720 1545 903 1586; x_wconf 76' lang='grc' dir='ltr'><strong>προηρόσιον</strong></span> <span class='ocrx_word' id='word_1_185' title='bbox 919 1545 1130 1584; x_wconf 86' lang='lat' dir='ltr'><em>obtulerunt,</em></span> 
     </span>
     <span class='ocr_line' id='line_1_29' title="bbox 156 1591 1132 1631; baseline -0.003 -6"><span class='ocrx_word' id='word_1_186' title='bbox 156 1594 212 1625; x_wconf 89' lang='lat' dir='ltr'><em>Pl.</em></span> <span class='ocrx_word' id='word_1_187' title='bbox 234 1595 324 1625; x_wconf 76' lang='grc'>1054.</span> <span class='ocrx_word' id='word_1_188' title='bbox 344 1593 424 1625; x_wconf 78' lang='lat' dir='ltr'><em>Vide</em></span> <span class='ocrx_word' id='word_1_189' title='bbox 441 1592 659 1624; x_wconf 75' lang='lat' dir='ltr'><em>Athenienses.</em></span> <span class='ocrx_word' id='word_1_190' title='bbox 681 1593 780 1623; x_wconf 84' lang='lat' dir='ltr'><em>Ceres</em></span> <span class='ocrx_word' id='word_1_191' title='bbox 798 1591 915 1622; x_wconf 89' lang='lat' dir='ltr'><em>relicto</em></span> <span class='ocrx_word' id='word_1_192' title='bbox 928 1591 1009 1622; x_wconf 84' lang='lat' dir='ltr'><em>coelo</em></span> <span class='ocrx_word' id='word_1_193' title='bbox 1015 1591 1132 1631; x_wconf 89' lang='lat' dir='ltr'><em>filiam</em></span> 
     </span>
     <span class='ocr_line' id='line_1_30' title="bbox 157 1638 1132 1679; baseline -0.004 -7"><span class='ocrx_word' id='word_1_194' title='bbox 157 1641 342 1672; x_wconf 87' lang='lat' dir='ltr'><em>aPlutone</em></span> <span class='ocrx_word' id='word_1_195' title='bbox 357 1641 499 1679; x_wconf 82' lang='lat' dir='ltr'><em>raptam</em></span> <span class='ocrx_word' id='word_1_196' title='bbox 517 1646 684 1679; x_wconf 69' lang='lat' dir='ltr'><em>auterens,</em></span> <span class='ocrx_word' id='word_1_197' title='bbox 709 1639 743 1668; x_wconf 86' lang='lat' dir='ltr'><em>in</em></span> <span class='ocrx_word' id='word_1_198' title='bbox 770 1645 854 1677; x_wconf 84' lang='lat' dir='ltr'><em>rupe</em></span> <span class='ocrx_word' id='word_1_199' title='bbox 878 1638 1035 1677; x_wconf 74' lang='lat' dir='ltr'><em>Ayelasto</em></span> <span class='ocrx_word' id='word_1_200' title='bbox 1054 1639 1132 1678; x_wconf 90' lang='lat' dir='ltr'><em>plo-</em></span> 
     </span>
     <span class='ocr_line' id='line_1_31' title="bbox 155 1684 1133 1723; baseline -0.002 -5"><span class='ocrx_word' id='word_1_201' title='bbox 155 1695 242 1718; x_wconf 86' lang='lat' dir='ltr'><em>rans</em></span> <span class='ocrx_word' id='word_1_202' title='bbox 263 1685 414 1718; x_wconf 80' lang='lat' dir='ltr'><em>consedit</em></span> <span class='ocrx_word' id='word_1_203' title='bbox 430 1686 603 1723; x_wconf 83' lang='lat' dir='ltr'><em>Eleusine,</em></span> <span class='ocrx_word' id='word_1_204' title='bbox 629 1685 671 1716; x_wconf 91' lang='lat' dir='ltr'><em>ab</em></span> <span class='ocrx_word' id='word_1_205' title='bbox 694 1684 995 1715; x_wconf 87' lang='lat' dir='ltr'><em>Hermionensibus</em></span> <span class='ocrx_word' id='word_1_206' title='bbox 1014 1685 1133 1716; x_wconf 87' lang='lat' dir='ltr'><em>edocta</em></span> 
     </span>
     <span class='ocr_line' id='line_1_32' title="bbox 150 1731 1133 1773; baseline -0.001 -9"><span class='ocrx_word' id='word_1_207' title='bbox 150 1735 276 1772; x_wconf 74' lang='lat' dir='ltr'><em>satum</em></span> <span class='ocrx_word' id='word_1_208' title='bbox 295 1733 400 1773; x_wconf 80' lang='lat' dir='ltr'><em>filice,</em></span> <span class='ocrx_word' id='word_1_209' title='bbox 427 1734 492 1772; x_wconf 84' lang='lat' dir='ltr'><em>Eq.</em></span> <span class='ocrx_word' id='word_1_210' title='bbox 521 1735 592 1763; x_wconf 85' lang='lat'><strong>785.</strong></span> <span class='ocrx_word' id='word_1_211' title='bbox 617 1735 721 1769; x_wconf 84' lang='lat' dir='ltr'><em>CereS‚</em></span> <span class='ocrx_word' id='word_1_212' title='bbox 741 1733 862 1770; x_wconf 84' lang='lat' dir='ltr'><em>patria</em></span> <span class='ocrx_word' id='word_1_213' title='bbox 878 1731 943 1762; x_wconf 88' lang='lat' dir='ltr'><em>dea</em></span> <span class='ocrx_word' id='word_1_214' title='bbox 959 1731 1133 1763; x_wconf 85' lang='lat' dir='ltr'><em>Athenien-</em></span> 
     </span>
     <span class='ocr_line' id='line_1_33' title="bbox 155 1777 1133 1819; baseline -0.002 -9"><span class='ocrx_word' id='word_1_215' title='bbox 155 1781 260 1819; x_wconf 85' lang='lat' dir='ltr'><em>sium,</em></span> <span class='ocrx_word' id='word_1_216' title='bbox 288 1778 473 1819; x_wconf 85' lang='lat' dir='ltr'><em>rependens</em></span> <span class='ocrx_word' id='word_1_217' title='bbox 503 1778 689 1818; x_wconf 88' lang='lat' dir='ltr'><em>hospitium</em></span> <span class='ocrx_word' id='word_1_218' title='bbox 717 1777 818 1817; x_wconf 87' lang='lat' dir='ltr'><em>Cetei,</em></span> <span class='ocrx_word' id='word_1_219' title='bbox 839 1779 900 1817; x_wconf 84' lang='lat' dir='ltr'><em>Eq.</em></span> <span class='ocrx_word' id='word_1_220' title='bbox 931 1780 1001 1808; x_wconf 89' lang='lat'><strong>698.</strong></span> <span class='ocrx_word' id='word_1_221' title='bbox 1034 1780 1133 1809; x_wconf 89' lang='lat' dir='ltr'><em>Ceres</em></span> 
     </span>
     <span class='ocr_line' id='line_1_34' title="bbox 157 1824 1133 1867; baseline -0.001 -11"><span class='ocrx_word' id='word_1_222' title='bbox 157 1826 330 1867; x_wconf 80' lang='grc' dir='ltr'><strong>ἀρχηγέτις,</strong></span> <span class='ocrx_word' id='word_1_223' title='bbox 348 1828 426 1865; x_wconf 73' lang='lat' dir='ltr'><em>Lys.</em></span> <span class='ocrx_word' id='word_1_224' title='bbox 445 1827 516 1856; x_wconf 88' lang='lat'><strong>644.</strong></span> <span class='ocrx_word' id='word_1_225' title='bbox 540 1824 620 1857; x_wconf 80' lang='lat' dir='ltr'><em>Vide</em></span> <span class='ocrx_word' id='word_1_226' title='bbox 633 1824 741 1855; x_wconf 87' lang='lat' dir='ltr'><em>Chloe.</em></span> <span class='ocrx_word' id='word_1_227' title='bbox 763 1825 859 1855; x_wconf 87' lang='lat' dir='ltr'><em>Ceres</em></span> <span class='ocrx_word' id='word_1_228' title='bbox 872 1826 905 1855; x_wconf 89' lang='lat' dir='ltr'><em>et</em></span> <span class='ocrx_word' id='word_1_229' title='bbox 919 1824 999 1863; x_wconf 83' lang='lat' dir='ltr'><em>filia</em></span> <span class='ocrx_word' id='word_1_230' title='bbox 1015 1826 1133 1864; x_wconf 79' lang='grc' dir='ltr'>Θεσμο-</span> 
     </span>
     <span class='ocr_line' id='line_1_35' title="bbox 156 1870 1132 1915; baseline -0.001 -11"><span class='ocrx_word' id='word_1_231' title='bbox 156 1874 252 1915; x_wconf 81' lang='grc' dir='ltr'><strong>φόρω,</strong></span> <span class='ocrx_word' id='word_1_232' title='bbox 276 1873 404 1904; x_wconf 87' lang='lat' dir='ltr'><em>Thesm.</em></span> <span class='ocrx_word' id='word_1_233' title='bbox 424 1874 476 1912; x_wconf 87' lang='lat'><em>83,</em></span> <span class='ocrx_word' id='word_1_234' title='bbox 499 1872 602 1912; x_wconf 83' lang='lat' dir='ltr'><em>quale</em></span> <span class='ocrx_word' id='word_1_235' title='bbox 619 1872 793 1903; x_wconf 71' lang='lat' dir='ltr'><em>auxilium</em></span> <span class='ocrx_word' id='word_1_236' title='bbox 808 1879 850 1901; x_wconf 70' lang='lat' dir='ltr'><em>ex</em></span> <span class='ocrx_word' id='word_1_237' title='bbox 865 1870 1026 1902; x_wconf 80' lang='lat' dir='ltr'><em>Eleusine</em></span> <span class='ocrx_word' id='word_1_238' title='bbox 1043 1872 1132 1903; x_wconf 88' lang='lat' dir='ltr'><em>tute-</em></span> 
     </span>
     <span class='ocr_line' id='line_1_36' title="bbox 155 1917 1130 1958; baseline -0.002 -8"><span class='ocrx_word' id='word_1_239' title='bbox 155 1921 229 1950; x_wconf 86' lang='lat' dir='ltr'><em>rint</em></span> <span class='ocrx_word' id='word_1_240' title='bbox 259 1920 384 1950; x_wconf 69' lang='lat' dir='ltr'><em>Graecis</em></span> <span class='ocrx_word' id='word_1_241' title='bbox 416 1926 574 1958; x_wconf 71' lang='lat' dir='ltr'><em>puynam</em></span> <span class='ocrx_word' id='word_1_242' title='bbox 602 1917 832 1948; x_wconf 83' lang='lat' dir='ltr'><em>Salaminiam</em></span> <span class='ocrx_word' id='word_1_243' title='bbox 860 1918 1130 1956; x_wconf 69' lang='lat' dir='ltr'><em>capessentibus,</em></span> 
     </span>
     <span class='ocr_line' id='line_1_37' title="bbox 157 1963 1128 2003; baseline -0.002 -6"><span class='ocrx_word' id='word_1_244' title='bbox 157 1965 247 1997; x_wconf 88' lang='lat' dir='ltr'><em>Nub.</em></span> <span class='ocrx_word' id='word_1_245' title='bbox 274 1968 346 1997; x_wconf 85' lang='lat'><strong>303.</strong></span> <span class='ocrx_word' id='word_1_246' title='bbox 366 1965 488 1996; x_wconf 86' lang='lat' dir='ltr'><em>Cereris</em></span> <span class='ocrx_word' id='word_1_247' title='bbox 504 1966 537 1995; x_wconf 83' lang='lat' dir='ltr'><em>et</em></span> <span class='ocrx_word' id='word_1_248' title='bbox 566 1964 758 2003; x_wconf 73' lang='lat' dir='ltr'><em>Proserpinae</em></span> <span class='ocrx_word' id='word_1_249' title='bbox 787 1963 961 2002; x_wconf 68' lang='lat' dir='ltr'><em>mysteria,</em></span> <span class='ocrx_word' id='word_1_250' title='bbox 999 1964 1128 1995; x_wconf 83' lang='lat' dir='ltr'><em>Thesm.</em></span> 
     </span>
     <span class='ocr_line' id='line_1_38' title="bbox 155 2010 1131 2051; baseline -0.001 -8"><span class='ocrx_word' id='word_1_251' title='bbox 155 2014 216 2044; x_wconf 91' lang='lat'><em>948</em></span> <span class='ocrx_word' id='word_1_252' title='bbox 230 2013 264 2043; x_wconf 81' lang='lat' dir='ltr'><em>et</em></span> <span class='ocrx_word' id='word_1_253' title='bbox 276 2011 346 2043; x_wconf 67' lang='lat' dir='ltr'><em>sch.</em></span> <span class='ocrx_word' id='word_1_254' title='bbox 365 2015 457 2043; x_wconf 60' lang='lat' dir='ltr'><em>Ceres</em></span> <span class='ocrx_word' id='word_1_255' title='bbox 471 2035 480 2050; x_wconf 93' lang='lat'><em>,</em></span> <span class='ocrx_word' id='word_1_256' title='bbox 496 2019 650 2051; x_wconf 89' lang='lat' dir='ltr'><em>purorum</em></span> <span class='ocrx_word' id='word_1_257' title='bbox 665 2010 826 2049; x_wconf 83' lang='lat' dir='ltr'><em>orgiorum</em></span> <span class='ocrx_word' id='word_1_258' title='bbox 852 2010 961 2049; x_wconf 83' lang='lat' dir='ltr'><em>regina</em></span> <span class='ocrx_word' id='word_1_259' title='bbox 976 2034 984 2049; x_wconf 95' lang='lat'><strong><em>‚</em></strong></span> <span class='ocrx_word' id='word_1_260' title='bbox 1011 2011 1131 2050; x_wconf 81' lang='lat' dir='ltr'><em>hymno</em></span> 
     </span>
     <span class='ocr_line' id='line_1_39' title="bbox 155 2057 1132 2089; baseline -0.004 0"><span class='ocrx_word' id='word_1_261' title='bbox 155 2058 324 2089; x_wconf 83' lang='lat' dir='ltr'><em>invocatur</em></span> <span class='ocrx_word' id='word_1_262' title='bbox 353 2058 393 2089; x_wconf 88' lang='lat' dir='ltr'><em>ab</em></span> <span class='ocrx_word' id='word_1_263' title='bbox 429 2058 526 2089; x_wconf 88' lang='lat' dir='ltr'><em>choro</em></span> <span class='ocrx_word' id='word_1_264' title='bbox 562 2057 761 2088; x_wconf 86' lang='lat' dir='ltr'><em>initiatorum</em></span> <span class='ocrx_word' id='word_1_265' title='bbox 797 2058 834 2088; x_wconf 87' lang='lat' dir='ltr'><em>in</em></span> <span class='ocrx_word' id='word_1_266' title='bbox 876 2059 980 2088; x_wconf 86' lang='lat' dir='ltr'><em>Ranis</em></span> <span class='ocrx_word' id='word_1_267' title='bbox 1018 2061 1077 2089; x_wconf 83' lang='lat'><em>383</em></span> <span class='ocrx_word' id='word_1_268' title='bbox 1092 2078 1132 2085; x_wconf 84' lang='grc'><em>.-</em></span> 
     </span>
     <span class='ocr_line' id='line_1_40' title="bbox 155 2103 1128 2142; baseline -0.001 -6"><span class='ocrx_word' id='word_1_269' title='bbox 155 2107 228 2136; x_wconf 86' lang='grc'>394.</span> <span class='ocrx_word' id='word_1_270' title='bbox 269 2108 362 2136; x_wconf 86' lang='lat' dir='ltr'><em>Ceres</em></span> <span class='ocrx_word' id='word_1_271' title='bbox 395 2105 525 2135; x_wconf 84' lang='lat' dir='ltr'><em>domina</em></span> <span class='ocrx_word' id='word_1_272' title='bbox 566 2103 731 2134; x_wconf 75' lang='lat' dir='ltr'><em>invocatur</em></span> <span class='ocrx_word' id='word_1_273' title='bbox 773 2103 903 2134; x_wconf 88' lang='lat' dir='ltr'><em>Thesm.</em></span> <span class='ocrx_word' id='word_1_274' title='bbox 948 2107 1020 2142; x_wconf 84' lang='lat'><strong>286,</strong></span> <span class='ocrx_word' id='word_1_275' title='bbox 1059 2108 1128 2136; x_wconf 88' lang='lat'><strong>296.</strong></span> 
     </span>
     <span class='ocr_line' id='line_1_41' title="bbox 156 2148 1130 2190; baseline 0 -9"><span class='ocrx_word' id='word_1_276' title='bbox 156 2153 327 2181; x_wconf 75' lang='lat' dir='ltr'><em>Invocatur</em></span> <span class='ocrx_word' id='word_1_277' title='bbox 351 2150 390 2180; x_wconf 89' lang='lat' dir='ltr'><em>ah</em></span> <span class='ocrx_word' id='word_1_278' title='bbox 410 2149 552 2189; x_wconf 75' lang='lat' dir='ltr'><em>AEschylo</em></span> <span class='ocrx_word' id='word_1_279' title='bbox 566 2172 576 2188; x_wconf 94' lang='lat'>‚</span> <span class='ocrx_word' id='word_1_280' title='bbox 592 2152 628 2180; x_wconf 93' lang='lat' dir='ltr'><em>ut</em></span> <span class='ocrx_word' id='word_1_281' title='bbox 643 2158 677 2180; x_wconf 89' lang='lat' dir='ltr'><em>se</em></span> <span class='ocrx_word' id='word_1_282' title='bbox 689 2173 698 2188; x_wconf 95' lang='lat'><em>,</em></span> <span class='ocrx_word' id='word_1_283' title='bbox 726 2148 817 2187; x_wconf 79' lang='lat' dir='ltr'><em>quus</em></span> <span class='ocrx_word' id='word_1_284' title='bbox 840 2150 980 2180; x_wconf 86' lang='lat' dir='ltr'><em>mentem</em></span> <span class='ocrx_word' id='word_1_285' title='bbox 997 2150 1130 2190; x_wconf 85' lang='lat' dir='ltr'><em>aluerit,</em></span> 
     </span>
     <span class='ocr_line' id='line_1_42' title="bbox 154 2195 1131 2236; baseline 0.002 -9"><span class='ocrx_word' id='word_1_286' title='bbox 154 2195 288 2236; x_wconf 85' lang='lat' dir='ltr'><em>dignum</em></span> <span class='ocrx_word' id='word_1_287' title='bbox 307 2196 468 2235; x_wconf 80' lang='lat' dir='ltr'><em>mysteriis</em></span> <span class='ocrx_word' id='word_1_288' title='bbox 487 2196 554 2227; x_wconf 90' lang='lat' dir='ltr'><em>suis</em></span> <span class='ocrx_word' id='word_1_289' title='bbox 577 2195 706 2234; x_wconf 85' lang='lat' dir='ltr'><em>reddat,</em></span> <span class='ocrx_word' id='word_1_290' title='bbox 732 2198 818 2226; x_wconf 84' lang='lat' dir='ltr'><em>Ran.</em></span> <span class='ocrx_word' id='word_1_291' title='bbox 847 2199 906 2227; x_wconf 92' lang='lat'><em>886</em></span> <span class='ocrx_word' id='word_1_292' title='bbox 927 2205 976 2236; x_wconf 84' lang='lat' dir='ltr'><em>sq.</em></span> <span class='ocrx_word' id='word_1_293' title='bbox 1000 2199 1131 2229; x_wconf 87' lang='lat' dir='ltr'><em>Cereris</em></span> 
     </span>
     <span class='ocr_line' id='line_1_43' title="bbox 147 2242 1131 2283; baseline 0.001 -9"><span class='ocrx_word' id='word_1_294' title='bbox 147 2242 254 2282; x_wconf 87' lang='lat' dir='ltr'><em>sestis</em></span> <span class='ocrx_word' id='word_1_295' title='bbox 278 2245 312 2274; x_wconf 85' lang='lat' dir='ltr'><em>et</em></span> <span class='ocrx_word' id='word_1_296' title='bbox 330 2244 501 2282; x_wconf 79' lang='lat' dir='ltr'><em>mysteriis</em></span> <span class='ocrx_word' id='word_1_297' title='bbox 520 2250 589 2282; x_wconf 83' lang='lat' dir='ltr'><em>qua</em></span> <span class='ocrx_word' id='word_1_298' title='bbox 616 2250 739 2272; x_wconf 85' lang='lat' dir='ltr'><em>caussa</em></span> <span class='ocrx_word' id='word_1_299' title='bbox 762 2242 960 2273; x_wconf 77' lang='lat' dir='ltr'><em>immoletur</em></span> <span class='ocrx_word' id='word_1_300' title='bbox 985 2251 1131 2283; x_wconf 87' lang='lat' dir='ltr'><em>porcus,</em></span> 
     </span>
     <span class='ocr_line' id='line_1_44' title="bbox 155 2288 1131 2330; baseline 0 -9"><span class='ocrx_word' id='word_1_301' title='bbox 155 2292 244 2321; x_wconf 81' lang='lat' dir='ltr'><em>Rau.</em></span> <span class='ocrx_word' id='word_1_302' title='bbox 268 2291 351 2327; x_wconf 88' lang='grc'>338,</span> <span class='ocrx_word' id='word_1_303' title='bbox 375 2288 455 2320; x_wconf 83' lang='lat' dir='ltr'><em>Aeh.</em></span> <span class='ocrx_word' id='word_1_304' title='bbox 474 2291 511 2319; x_wconf 90' lang='lat'><em>44</em></span> <span class='ocrx_word' id='word_1_305' title='bbox 527 2312 537 2326; x_wconf 98' lang='lat'><em>,</em></span> <span class='ocrx_word' id='word_1_306' title='bbox 574 2290 646 2319; x_wconf 86' lang='lat'><strong>764.</strong></span> <span class='ocrx_word' id='word_1_307' title='bbox 677 2289 790 2324; x_wconf 84' lang='lat' dir='ltr'><em>Quare</em></span> <span class='ocrx_word' id='word_1_308' title='bbox 819 2290 958 2319; x_wconf 80' lang='lat' dir='ltr'><em>vocetur</em></span> <span class='ocrx_word' id='word_1_309' title='bbox 971 2291 1131 2330; x_wconf 76' lang='grc' dir='ltr'><strong>χοιροκτό-</strong></span> 
     </span>
     <span class='ocr_line' id='line_1_45' title="bbox 155 2336 1132 2377; baseline 0.002 -9"><span class='ocrx_word' id='word_1_310' title='bbox 155 2348 205 2373; x_wconf 83' lang='grc' dir='ltr'><em>νος</em></span> <span class='ocrx_word' id='word_1_311' title='bbox 218 2346 224 2367; x_wconf 90' lang='lat'>:</span> <span class='ocrx_word' id='word_1_312' title='bbox 234 2337 430 2377; x_wconf 79' lang='lat' dir='ltr'><em>porcellum</em></span> <span class='ocrx_word' id='word_1_313' title='bbox 443 2339 472 2368; x_wconf 82' lang='lat' dir='ltr'><em>ei</em></span> <span class='ocrx_word' id='word_1_314' title='bbox 482 2336 708 2367; x_wconf 80' lang='lat' dir='ltr'><em>immolabant</em></span> <span class='ocrx_word' id='word_1_315' title='bbox 722 2336 897 2374; x_wconf 79' lang='lat' dir='ltr'><em>initiandi,</em></span> <span class='ocrx_word' id='word_1_316' title='bbox 911 2339 993 2368; x_wconf 87' lang='lat' dir='ltr'><em>Pac.</em></span> <span class='ocrx_word' id='word_1_317' title='bbox 1013 2341 1086 2376; x_wconf 84' lang='lat'><strong>374;</strong></span> <span class='ocrx_word' id='word_1_318' title='bbox 1099 2342 1132 2370; x_wconf 90' lang='lat' dir='ltr'><em>et</em></span> 
     </span>
     <span class='ocr_line' id='line_1_46' title="bbox 153 2382 1131 2420; baseline 0.001 -6"><span class='ocrx_word' id='word_1_319' title='bbox 153 2391 256 2414; x_wconf 90' lang='lat' dir='ltr'><em>sacra</em></span> <span class='ocrx_word' id='word_1_320' title='bbox 265 2385 407 2414; x_wconf 85' lang='lat' dir='ltr'><em>suserat</em></span> <span class='ocrx_word' id='word_1_321' title='bbox 419 2384 545 2420; x_wconf 84' lang='lat' dir='ltr'><em>Cereri,</em></span> <span class='ocrx_word' id='word_1_322' title='bbox 558 2382 636 2414; x_wconf 86' lang='lat' dir='ltr'><em>Ach.</em></span> <span class='ocrx_word' id='word_1_323' title='bbox 647 2384 716 2413; x_wconf 83' lang='lat'><strong>764.</strong></span> <span class='ocrx_word' id='word_1_324' title='bbox 732 2384 813 2418; x_wconf 81' lang='lat' dir='ltr'><em>Quoe</em></span> <span class='ocrx_word' id='word_1_325' title='bbox 829 2384 941 2413; x_wconf 85' lang='lat' dir='ltr'><em>Cereri</em></span> <span class='ocrx_word' id='word_1_326' title='bbox 950 2386 983 2414; x_wconf 89' lang='lat' dir='ltr'><em>et</em></span> <span class='ocrx_word' id='word_1_327' title='bbox 993 2386 1131 2415; x_wconf 87' lang='lat' dir='ltr'><em>Proser-</em></span> 
     </span>
     <span class='ocr_line' id='line_1_47' title="bbox 153 2428 1117 2471; baseline 0.002 -11"><span class='ocrx_word' id='word_1_328' title='bbox 153 2431 247 2468; x_wconf 81' lang='lat' dir='ltr'><em>pinoe</em></span> <span class='ocrx_word' id='word_1_329' title='bbox 256 2429 558 2469; x_wconf 86' lang='lat' dir='ltr'><em>sacrificabantur,</em></span> <span class='ocrx_word' id='word_1_330' title='bbox 569 2437 609 2459; x_wconf 90' lang='lat' dir='ltr'><em>ea</em></span> <span class='ocrx_word' id='word_1_331' title='bbox 618 2428 743 2467; x_wconf 86' lang='lat' dir='ltr'><em>efferre</em></span> <span class='ocrx_word' id='word_1_332' title='bbox 755 2437 820 2460; x_wconf 89' lang='lat' dir='ltr'><em>non</em></span> <span class='ocrx_word' id='word_1_333' title='bbox 833 2429 968 2467; x_wconf 88' lang='lat' dir='ltr'><em>licebat,</em></span> <span class='ocrx_word' id='word_1_334' title='bbox 982 2433 1045 2471; x_wconf 83' lang='lat' dir='ltr'><em>Eq.</em></span> <span class='ocrx_word' id='word_1_335' title='bbox 1059 2435 1117 2462; x_wconf 84' lang='lat'><em>283</em></span> 
     </span>
     <span class='ocr_line' id='line_1_48' title="bbox 159 2473 1130 2514; baseline 0.002 -8"><span class='ocrx_word' id='word_1_336' title='bbox 159 2476 277 2506; x_wconf 83' lang='lat' dir='ltr'><em>Cereri</em></span> <span class='ocrx_word' id='word_1_337' title='bbox 306 2476 339 2505; x_wconf 88' lang='lat' dir='ltr'><em>et</em></span> <span class='ocrx_word' id='word_1_338' title='bbox 364 2476 582 2514; x_wconf 80' lang='lat' dir='ltr'><em>Proserpinae</em></span> <span class='ocrx_word' id='word_1_339' title='bbox 611 2473 797 2505; x_wconf 88' lang='lat' dir='ltr'><em>secundum</em></span> <span class='ocrx_word' id='word_1_340' title='bbox 834 2476 1016 2507; x_wconf 89' lang='lat' dir='ltr'><em>nonnullos</em></span> <span class='ocrx_word' id='word_1_341' title='bbox 1047 2478 1130 2508; x_wconf 85' lang='lat' dir='ltr'><em>cele-</em></span> 
     </span>
     <span class='ocr_line' id='line_1_49' title="bbox 156 2520 1132 2560; baseline 0.004 -8"><span class='ocrx_word' id='word_1_342' title='bbox 156 2521 307 2552; x_wconf 83' lang='lat' dir='ltr'><em>brantur</em></span> <span class='ocrx_word' id='word_1_343' title='bbox 319 2522 428 2559; x_wconf 90' lang='lat' dir='ltr'><em>Scira,</em></span> <span class='ocrx_word' id='word_1_344' title='bbox 446 2520 539 2552; x_wconf 89' lang='lat' dir='ltr'><em>Eccl.</em></span> <span class='ocrx_word' id='word_1_345' title='bbox 558 2523 606 2558; x_wconf 90' lang='lat'><em>18,</em></span> <span class='ocrx_word' id='word_1_346' title='bbox 625 2520 747 2560; x_wconf 85' lang='lat' dir='ltr'><em>quibus</em></span> <span class='ocrx_word' id='word_1_347' title='bbox 762 2529 862 2552; x_wconf 88' lang='lat' dir='ltr'><em>sacra</em></span> <span class='ocrx_word' id='word_1_348' title='bbox 876 2521 957 2560; x_wconf 84' lang='lat' dir='ltr'><em>fieri</em></span> <span class='ocrx_word' id='word_1_349' title='bbox 983 2523 1036 2554; x_wconf 85' lang='lat' dir='ltr'><em>his</em></span> <span class='ocrx_word' id='word_1_350' title='bbox 1053 2524 1132 2556; x_wconf 85' lang='lat' dir='ltr'><em>dea·</em></span> 
     </span>
     <span class='ocr_line' id='line_1_50' title="bbox 155 2567 1130 2606; baseline 0.004 -8"><span class='ocrx_word' id='word_1_351' title='bbox 155 2567 216 2599; x_wconf 87' lang='lat' dir='ltr'><em>bus</em></span> <span class='ocrx_word' id='word_1_352' title='bbox 233 2567 391 2599; x_wconf 82' lang='lat' dir='ltr'><em>nonnulli</em></span> <span class='ocrx_word' id='word_1_353' title='bbox 407 2567 579 2606; x_wconf 89' lang='lat' dir='ltr'><em>dicebant,</em></span> <span class='ocrx_word' id='word_1_354' title='bbox 597 2567 728 2598; x_wconf 88' lang='lat' dir='ltr'><em>Thesm.</em></span> <span class='ocrx_word' id='word_1_355' title='bbox 745 2570 816 2599; x_wconf 87' lang='grc'>834.</span> <span class='ocrx_word' id='word_1_356' title='bbox 838 2572 900 2600; x_wconf 66' lang='lat' dir='ltr'><em>Ha.³</em></span> <span class='ocrx_word' id='word_1_357' title='bbox 919 2569 992 2600; x_wconf 82' lang='lat' dir='ltr'><em>deoe</em></span> <span class='ocrx_word' id='word_1_358' title='bbox 1012 2572 1055 2601; x_wconf 85' lang='grc' dir='ltr'><em>τὼ</em></span> <span class='ocrx_word' id='word_1_359' title='bbox 1072 2572 1130 2602; x_wconf 85' lang='grc' dir='ltr'><em>θεώ</em></span> 
     </span>
     <span class='ocr_line' id='line_1_51' title="bbox 154 2613 1128 2656; baseline 0.003 -11"><span class='ocrx_word' id='word_1_360' title='bbox 154 2614 415 2645; x_wconf 74' lang='lat' dir='ltr'><em>Atheniensibus</em></span> <span class='ocrx_word' id='word_1_361' title='bbox 430 2613 531 2645; x_wconf 67' lang='lat' dir='ltr'><em>dicta?</em></span> <span class='ocrx_word' id='word_1_362' title='bbox 543 2614 753 2653; x_wconf 87' lang='lat' dir='ltr'><em>simpliciter,</em></span> <span class='ocrx_word' id='word_1_363' title='bbox 771 2616 853 2646; x_wconf 87' lang='lat' dir='ltr'><em>Pac.</em></span> <span class='ocrx_word' id='word_1_364' title='bbox 871 2618 941 2647; x_wconf 91' lang='lat'><strong>214.</strong></span> <span class='ocrx_word' id='word_1_365' title='bbox 968 2619 1034 2647; x_wconf 87' lang='lat' dir='ltr'><em>Per</em></span> <span class='ocrx_word' id='word_1_366' title='bbox 1059 2626 1128 2656; x_wconf 85' lang='lat' dir='ltr'><em>eas,</em></span> 
     </span>
     <span class='ocr_line' id='line_1_52' title="bbox 154 2660 1130 2703; baseline 0.004 -12"><span class='ocrx_word' id='word_1_367' title='bbox 154 2661 198 2691; x_wconf 90' lang='grc' dir='ltr'><em>τὼ</em></span> <span class='ocrx_word' id='word_1_368' title='bbox 215 2660 426 2699; x_wconf 72' lang='grc' dir='ltr'><strong>θεώ,]ἰιναηί</strong></span> <span class='ocrx_word' id='word_1_369' title='bbox 438 2661 558 2691; x_wconf 70' lang='lat' dir='ltr'><em>Atticae</em></span> <span class='ocrx_word' id='word_1_370' title='bbox 577 2660 749 2699; x_wconf 88' lang='lat' dir='ltr'><em>mutieres,</em></span> <span class='ocrx_word' id='word_1_371' title='bbox 766 2663 840 2700; x_wconf 80' lang='lat' dir='ltr'><em>Lys.</em></span> <span class='ocrx_word' id='word_1_372' title='bbox 869 2665 921 2701; x_wconf 89' lang='lat'><em>81,</em></span> <span class='ocrx_word' id='word_1_373' title='bbox 942 2665 1008 2694; x_wconf 85' lang='lat'><strong>148.</strong></span> <span class='ocrx_word' id='word_1_374' title='bbox 1037 2665 1130 2703; x_wconf 89' lang='lat' dir='ltr'><em>Quod</em></span> 
     </span>
     <span class='ocr_line' id='line_1_53' title="bbox 153 2706 1128 2751; baseline 0.006 -15"><span class='ocrx_word' id='word_1_375' title='bbox 153 2706 372 2746; x_wconf 80' lang='lat' dir='ltr'><em>jusjurandum</em></span> <span class='ocrx_word' id='word_1_376' title='bbox 409 2714 465 2746; x_wconf 86' lang='lat' dir='ltr'><em>per</em></span> <span class='ocrx_word' id='word_1_377' title='bbox 491 2706 535 2736; x_wconf 91' lang='grc' dir='ltr'><em>τὼ</em></span> <span class='ocrx_word' id='word_1_378' title='bbox 568 2706 626 2736; x_wconf 84' lang='grc' dir='ltr'><em>θεώ</em></span> <span class='ocrx_word' id='word_1_379' title='bbox 656 2706 842 2738; x_wconf 87' lang='lat' dir='ltr'><em>mulieribus</em></span> <span class='ocrx_word' id='word_1_380' title='bbox 866 2709 1030 2748; x_wconf 87' lang='lat' dir='ltr'><em>proprium</em></span> <span class='ocrx_word' id='word_1_381' title='bbox 1067 2713 1128 2751; x_wconf 85' lang='lat' dir='ltr'><em>est,</em></span> 
     </span>
     <span class='ocr_line' id='line_1_54' title="bbox 155 2751 1128 2795; baseline 0.007 -13"><span class='ocrx_word' id='word_1_382' title='bbox 155 2752 250 2783; x_wconf 87' lang='lat' dir='ltr'><em>Eccl.</em></span> <span class='ocrx_word' id='word_1_383' title='bbox 268 2755 427 2783; x_wconf 87' lang='lat'><strong>155—158</strong></span> <span class='ocrx_word' id='word_1_384' title='bbox 440 2753 473 2783; x_wconf 90' lang='lat' dir='ltr'><em>et</em></span> <span class='ocrx_word' id='word_1_385' title='bbox 488 2751 558 2783; x_wconf 87' lang='lat' dir='ltr'><em>sch.</em></span> <span class='ocrx_word' id='word_1_386' title='bbox 578 2755 645 2783; x_wconf 88' lang='grc'>155.</span> <span class='ocrx_word' id='word_1_387' title='bbox 660 2756 718 2783; x_wconf 88' lang='lat' dir='ltr'><em>Per</em></span> <span class='ocrx_word' id='word_1_388' title='bbox 732 2756 876 2785; x_wconf 87' lang='lat' dir='ltr'><em>Cererem</em></span> <span class='ocrx_word' id='word_1_389' title='bbox 889 2755 1128 2795; x_wconf 84' lang='lat' dir='ltr'><em>(solam)jurant</em></span> 
     </span>
     <span class='ocr_line' id='line_1_55' title="bbox 155 2796 1128 2841; baseline 0.008 -14"><span class='ocrx_word' id='word_1_390' title='bbox 155 2796 218 2827; x_wconf 81' lang='lat' dir='ltr'><em>viri</em></span> <span class='ocrx_word' id='word_1_391' title='bbox 239 2799 333 2837; x_wconf 79' lang='lat' dir='ltr'><em>Vesp,</em></span> <span class='ocrx_word' id='word_1_392' title='bbox 351 2800 424 2836; x_wconf 92' lang='lat'><strong>629,</strong></span> <span class='ocrx_word' id='word_1_393' title='bbox 441 2799 517 2837; x_wconf 80' lang='lat' dir='ltr'><em>Lys.</em></span> <span class='ocrx_word' id='word_1_394' title='bbox 536 2800 607 2837; x_wconf 89' lang='lat'><strong>272,</strong></span> <span class='ocrx_word' id='word_1_395' title='bbox 625 2801 697 2834; x_wconf 88' lang='lat'><strong>500,</strong></span> <span class='ocrx_word' id='word_1_396' title='bbox 729 2799 859 2831; x_wconf 83' lang='lat' dir='ltr'><em>Thesm.</em></span> <span class='ocrx_word' id='word_1_397' title='bbox 876 2806 947 2840; x_wconf 88' lang='lat'><strong>225,</strong></span> <span class='ocrx_word' id='word_1_398' title='bbox 966 2805 1051 2834; x_wconf 83' lang='lat' dir='ltr'><em>Ran.</em></span> <span class='ocrx_word' id='word_1_399' title='bbox 1078 2807 1128 2841; x_wconf 87' lang='lat'><em>42,</em></span> 
     </span>
     <span class='ocr_line' id='line_1_56' title="bbox 159 2844 1128 2890; baseline 0.008 -16"><span class='ocrx_word' id='word_1_400' title='bbox 159 2846 248 2881; x_wconf 88' lang='lat'><strong>1222,</strong></span> <span class='ocrx_word' id='word_1_401' title='bbox 267 2844 361 2875; x_wconf 90' lang='lat' dir='ltr'><em>Eccl.</em></span> <span class='ocrx_word' id='word_1_402' title='bbox 377 2848 449 2883; x_wconf 88' lang='grc'><em>662,</em></span> <span class='ocrx_word' id='word_1_403' title='bbox 468 2845 522 2875; x_wconf 90' lang='lat' dir='ltr'><em>Pl.</em></span> <span class='ocrx_word' id='word_1_404' title='bbox 539 2847 578 2876; x_wconf 88' lang='lat'><em>64</em></span> <span class='ocrx_word' id='word_1_405' title='bbox 592 2845 660 2884; x_wconf 91' lang='lat' dir='ltr'><em>(ubi</em></span> <span class='ocrx_word' id='word_1_406' title='bbox 677 2846 777 2877; x_wconf 89' lang='lat' dir='ltr'><em>schol.</em></span> <span class='ocrx_word' id='word_1_407' title='bbox 795 2856 802 2877; x_wconf 80' lang='lat' dir='ltr'>z</span> <span class='ocrx_word' id='word_1_408' title='bbox 817 2856 882 2887; x_wconf 84' lang='lat' dir='ltr'><em>per</em></span> <span class='ocrx_word' id='word_1_409' title='bbox 900 2850 1052 2881; x_wconf 86' lang='lat' dir='ltr'><em>Cererem</em></span> <span class='ocrx_word' id='word_1_410' title='bbox 1067 2852 1128 2890; x_wconf 85' lang='lat' dir='ltr'><em>ju-</em></span> 
     </span>
     <span class='ocr_line' id='line_1_57' title="bbox 155 2890 1128 2937; baseline 0.008 -17"><span class='ocrx_word' id='word_1_411' title='bbox 155 2892 213 2921; x_wconf 88' lang='lat' dir='ltr'><em>rat</em></span> <span class='ocrx_word' id='word_1_412' title='bbox 221 2891 261 2921; x_wconf 87' lang='lat' dir='ltr'><em>ut</em></span> <span class='ocrx_word' id='word_1_413' title='bbox 269 2890 446 2930; x_wconf 66' lang='lat' dir='ltr'><em>aqi-iconi),</em></span> <span class='ocrx_word' id='word_1_414' title='bbox 458 2894 528 2922; x_wconf 82' lang='lat'><strong>364.</strong></span> <span class='ocrx_word' id='word_1_415' title='bbox 542 2894 638 2923; x_wconf 86' lang='lat' dir='ltr'><em>Ceres</em></span> <span class='ocrx_word' id='word_1_416' title='bbox 648 2894 681 2923; x_wconf 92' lang='lat' dir='ltr'><em>et</em></span> <span class='ocrx_word' id='word_1_417' title='bbox 694 2895 899 2933; x_wconf 85' lang='lat' dir='ltr'><em>Proserpina</em></span> <span class='ocrx_word' id='word_1_418' title='bbox 913 2895 985 2926; x_wconf 79' lang='lat' dir='ltr'><em>dece</em></span> <span class='ocrx_word' id='word_1_419' title='bbox 998 2898 1128 2937; x_wconf 56' lang='lat' dir='ltr'><em>leduini,</em></span> 
     </span>
     <span class='ocr_line' id='line_1_58' title="bbox 156 2935 1128 2983; baseline 0.01 -18"><span class='ocrx_word' id='word_1_420' title='bbox 156 2935 290 2973; x_wconf 82' lang='lat' dir='ltr'><em>Inserae,</em></span> <span class='ocrx_word' id='word_1_421' title='bbox 335 2935 465 2966; x_wconf 90' lang='lat' dir='ltr'><em>Thesm.</em></span> <span class='ocrx_word' id='word_1_422' title='bbox 503 2939 571 2967; x_wconf 91' lang='lat'><strong>101.</strong></span> <span class='ocrx_word' id='word_1_423' title='bbox 610 2939 739 2969; x_wconf 89' lang='lat' dir='ltr'><em>Cereris</em></span> <span class='ocrx_word' id='word_1_424' title='bbox 773 2948 881 2971; x_wconf 86' lang='lat' dir='ltr'><em>comes</em></span> <span class='ocrx_word' id='word_1_425' title='bbox 916 2943 1128 2983; x_wconf 72' lang='lat' dir='ltr'><em>Calliqeiii&#39;a,</em></span> 
     </span>
     <span class='ocr_line' id='line_1_59' title="bbox 161 2981 1126 3027; baseline 0.008 -14"><span class='ocrx_word' id='word_1_426' title='bbox 161 2981 290 3013; x_wconf 87' lang='lat' dir='ltr'><em>Thesm.</em></span> <span class='ocrx_word' id='word_1_427' title='bbox 308 2983 378 3012; x_wconf 88' lang='grc'>298.</span> <span class='ocrx_word' id='word_1_428' title='bbox 395 2983 491 3013; x_wconf 88' lang='lat' dir='ltr'><em>Ceres</em></span> <span class='ocrx_word' id='word_1_429' title='bbox 513 2991 591 3014; x_wconf 90' lang='lat' dir='ltr'><em>cum</em></span> <span class='ocrx_word' id='word_1_430' title='bbox 604 2984 736 3016; x_wconf 89' lang='lat' dir='ltr'><em>Baccho</em></span> <span class='ocrx_word' id='word_1_431' title='bbox 750 2982 936 3027; x_wconf 74' lang='grc' dir='ltr'><strong>συνίδρυτὰι,</strong></span> <span class='ocrx_word' id='word_1_432' title='bbox 950 2991 1036 3020; x_wconf 86' lang='lat' dir='ltr'><em>Ran.</em></span> <span class='ocrx_word' id='word_1_433' title='bbox 1055 2993 1126 3021; x_wconf 86' lang='lat'><strong>324.</strong></span> 
     </span>
     <span class='ocr_line' id='line_1_60' title="bbox 158 3029 1129 3076; baseline 0.008 -17"><span class='ocrx_word' id='word_1_434' title='bbox 158 3029 246 3059; x_wconf 87' lang='lat' dir='ltr'><em>Cum</em></span> <span class='ocrx_word' id='word_1_435' title='bbox 266 3035 306 3058; x_wconf 91' lang='lat' dir='ltr'><em>ea</em></span> <span class='ocrx_word' id='word_1_436' title='bbox 321 3030 507 3059; x_wconf 88' lang='lat' dir='ltr'><em>consuescit</em></span> <span class='ocrx_word' id='word_1_437' title='bbox 530 3029 686 3068; x_wconf 79' lang='lat' dir='ltr'><em>Iacchus,</em></span> <span class='ocrx_word' id='word_1_438' title='bbox 717 3031 798 3062; x_wconf 88' lang='lat' dir='ltr'><em>ibid.</em></span> <span class='ocrx_word' id='word_1_439' title='bbox 816 3033 936 3064; x_wconf 84' lang='lat' dir='ltr'><em>Cereris</em></span> <span class='ocrx_word' id='word_1_440' title='bbox 954 3038 985 3065; x_wconf 91' lang='lat' dir='ltr'><em>et</em></span> <span class='ocrx_word' id='word_1_441' title='bbox 1006 3036 1129 3076; x_wconf 87' lang='lat' dir='ltr'><em>Tripto-</em></span> 
     </span>
     <span class='ocr_line' id='line_1_61' title="bbox 157 3073 1129 3118; baseline 0.009 -13"><span class='ocrx_word' id='word_1_442' title='bbox 157 3073 230 3105; x_wconf 88' lang='lat' dir='ltr'><em>lemi</em></span> <span class='ocrx_word' id='word_1_443' title='bbox 248 3073 362 3112; x_wconf 87' lang='lat' dir='ltr'><em>(fictus)</em></span> <span class='ocrx_word' id='word_1_444' title='bbox 378 3073 476 3111; x_wconf 66' lang='lat' dir='ltr'><em>filim,</em></span> <span class='ocrx_word' id='word_1_445' title='bbox 491 3075 660 3114; x_wconf 85' lang='lat' dir='ltr'><em>sacerdos,</em></span> <span class='ocrx_word' id='word_1_446' title='bbox 675 3077 902 3118; x_wconf 81' lang='lat' dir='ltr'><em>Amphitheus,</em></span> <span class='ocrx_word' id='word_1_447' title='bbox 917 3080 996 3112; x_wconf 87' lang='lat' dir='ltr'><em>Ach.</em></span> <span class='ocrx_word' id='word_1_448' title='bbox 1013 3084 1062 3113; x_wconf 89' lang='lat'><em>47.</em></span> <span class='ocrx_word' id='word_1_449' title='bbox 1078 3083 1129 3114; x_wconf 88' lang='lat' dir='ltr'><em>Ad</em></span> 
     </span>
     <span class='ocr_line' id='line_1_62' title="bbox 159 3119 1127 3168; baseline 0.011 -19"><span class='ocrx_word' id='word_1_450' title='bbox 159 3121 314 3150; x_wconf 86' lang='lat' dir='ltr'><em>Cererem</em></span> <span class='ocrx_word' id='word_1_451' title='bbox 330 3119 535 3159; x_wconf 79' lang='lat' dir='ltr'><em>reseruntur</em></span> <span class='ocrx_word' id='word_1_452' title='bbox 548 3124 664 3153; x_wconf 89' lang='lat' dir='ltr'><em>omina</em></span> <span class='ocrx_word' id='word_1_453' title='bbox 688 3131 730 3153; x_wconf 71' lang='lat' dir='ltr'><em>ez</em></span> <span class='ocrx_word' id='word_1_454' title='bbox 755 3124 888 3155; x_wconf 78' lang='lat' dir='ltr'><em>obviam</em></span> <span class='ocrx_word' id='word_1_455' title='bbox 904 3129 1127 3168; x_wconf 76' lang='lat' dir='ltr'><em>venientibuS,</em></span> 
     </span>
     <span class='ocr_line' id='line_1_63' title="bbox 156 3165 1127 3212; baseline 0.011 -17"><span class='ocrx_word' id='word_1_456' title='bbox 156 3167 190 3196; x_wconf 90' lang='lat' dir='ltr'><em>et</em></span> <span class='ocrx_word' id='word_1_457' title='bbox 205 3165 279 3196; x_wconf 87' lang='lat' dir='ltr'><em>alia</em></span> <span class='ocrx_word' id='word_1_458' title='bbox 295 3167 409 3196; x_wconf 76' lang='lat' dir='ltr'><em>omnia</em></span> <span class='ocrx_word' id='word_1_459' title='bbox 434 3166 650 3206; x_wconf 82' lang='lat' dir='ltr'><em>huJ‘usmodi,</em></span> <span class='ocrx_word' id='word_1_460' title='bbox 676 3171 815 3201; x_wconf 87' lang='lat' dir='ltr'><em>auctore</em></span> <span class='ocrx_word' id='word_1_461' title='bbox 836 3171 1045 3212; x_wconf 84' lang='lat' dir='ltr'><em>Philochoro,</em></span> <span class='ocrx_word' id='word_1_462' title='bbox 1070 3178 1127 3207; x_wconf 73' lang='lat' dir='ltr'><em>Ar.</em></span> 
     </span>
     <span class='ocr_line' id='line_1_64' title="bbox 158 3211 1128 3257; baseline 0.011 -16"><span class='ocrx_word' id='word_1_463' title='bbox 158 3213 229 3242; x_wconf 88' lang='grc'>721.</span> <span class='ocrx_word' id='word_1_464' title='bbox 249 3211 386 3251; x_wconf 86' lang='lat' dir='ltr'><em>(Dorice)</em></span> <span class='ocrx_word' id='word_1_465' title='bbox 400 3211 542 3254; x_wconf 80' lang='grc' dir='ltr'>Δάματερ</span> <span class='ocrx_word' id='word_1_466' title='bbox 557 3212 587 3243; x_wconf 92' lang='lat' dir='ltr'><em>in</em></span> <span class='ocrx_word' id='word_1_467' title='bbox 610 3215 819 3255; x_wconf 82' lang='grc' dir='ltr'><strong>σχετλιασμῷ,</strong></span> <span class='ocrx_word' id='word_1_468' title='bbox 839 3217 894 3247; x_wconf 89' lang='lat' dir='ltr'><em>Pl.</em></span> <span class='ocrx_word' id='word_1_469' title='bbox 913 3221 984 3257; x_wconf 90' lang='lat'><strong>555,</strong></span> <span class='ocrx_word' id='word_1_470' title='bbox 1003 3223 1073 3252; x_wconf 91' lang='lat'><strong>872.</strong></span> <span class='ocrx_word' id='word_1_471' title='bbox 1093 3225 1128 3252; x_wconf 90' lang='lat' dir='ltr'><em>In</em></span> 
     </span>
     <span class='ocr_line' id='line_1_65' title="bbox 160 3256 1127 3307; baseline 0.012 -20"><span class='ocrx_word' id='word_1_472' title='bbox 160 3258 315 3288; x_wconf 86' lang='lat' dir='ltr'><em>Cererem</em></span> <span class='ocrx_word' id='word_1_473' title='bbox 328 3256 475 3297; x_wconf 82' lang='lat' dir='ltr'><em>hymnus</em></span> <span class='ocrx_word' id='word_1_474' title='bbox 485 3259 692 3298; x_wconf 83' lang='lat' dir='ltr'><em>Archilochi,</em></span> <span class='ocrx_word' id='word_1_475' title='bbox 700 3262 756 3292; x_wconf 81' lang='lat' dir='ltr'><em>Av.</em></span> <span class='ocrx_word' id='word_1_476' title='bbox 772 3263 929 3300; x_wconf 88' lang='lat' dir='ltr'><em>1764.(De</em></span> <span class='ocrx_word' id='word_1_477' title='bbox 929 3264 1127 3307; x_wconf 79' lang='lat' dir='ltr'><em>frumento)</em></span> 
     </span>
     <span class='ocr_line' id='line_1_66' title="bbox 156 3303 1125 3354; baseline 0.012 -22"><span class='ocrx_word' id='word_1_478' title='bbox 156 3304 176 3340; x_wconf 90' lang='grc' dir='ltr'>ἢ</span> <span class='ocrx_word' id='word_1_479' title='bbox 198 3303 398 3342; x_wconf 80' lang='grc' dir='ltr'><strong>σκιδναμένης</strong></span> <span class='ocrx_word' id='word_1_480' title='bbox 421 3305 595 3346; x_wconf 80' lang='grc' dir='ltr'>Δημήτερος</span> <span class='ocrx_word' id='word_1_481' title='bbox 615 3307 634 3342; x_wconf 86' lang='grc' dir='ltr'>ἢ</span> <span class='ocrx_word' id='word_1_482' title='bbox 652 3307 815 3344; x_wconf 77' lang='grc' dir='ltr'><strong>συνιούσης</strong></span> <span class='ocrx_word' id='word_1_483' title='bbox 842 3309 878 3339; x_wconf 80' lang='lat' dir='ltr'><em>in</em></span> <span class='ocrx_word' id='word_1_484' title='bbox 897 3312 1037 3343; x_wconf 82' lang='lat' dir='ltr'><em>oraculo</em></span> <span class='ocrx_word' id='word_1_485' title='bbox 1062 3316 1125 3354; x_wconf 81' lang='lat' dir='ltr'><em>Eq.</em></span> 
     </span>
     <span class='ocr_line' id='line_1_67' title="bbox 162 3349 503 3390; baseline 0.006 -11"><span class='ocrx_word' id='word_1_486' title='bbox 162 3351 248 3380; x_wconf 90' lang='lat'><strong>1040.</strong></span> <span class='ocrx_word' id='word_1_487' title='bbox 279 3349 356 3381; x_wconf 84' lang='lat' dir='ltr'><em>Vide</em></span> <span class='ocrx_word' id='word_1_488' title='bbox 368 3349 503 3390; x_wconf 66' lang='lat' dir='ltr'><em>Phryoe.</em></span> 
     </span>
    </p>
   </div>
   <div class='ocr_carea' id='block_1_5' title="bbox 114 3400 1125 3445">
    <p class='ocr_par' dir='ltr' id='par_1_10' title="bbox 114 3400 1125 3445">
     <span class='ocr_line' id='line_1_68' title="bbox 114 3400 1125 3445; baseline 0.012 -12"><span class='ocrx_word' id='word_1_489' title='bbox 114 3400 294 3433; x_wconf 85' lang='lat' dir='ltr'><em>certamina</em></span> <span class='ocrx_word' id='word_1_490' title='bbox 306 3402 430 3434; x_wconf 81' lang='lat' dir='ltr'><em>musica</em></span> <span class='ocrx_word' id='word_1_491' title='bbox 445 3404 478 3435; x_wconf 84' lang='lat' dir='ltr'><em>et</em></span> <span class='ocrx_word' id='word_1_492' title='bbox 494 3404 657 3443; x_wconf 82' lang='lat' dir='ltr'><em>gymnica,</em></span> <span class='ocrx_word' id='word_1_493' title='bbox 673 3405 718 3437; x_wconf 88' lang='lat' dir='ltr'><em>Pl.</em></span> <span class='ocrx_word' id='word_1_494' title='bbox 740 3408 827 3438; x_wconf 87' lang='lat'><strong>1163.</strong></span> <span class='ocrx_word' id='word_1_495' title='bbox 842 3408 993 3442; x_wconf 84' lang='lat' dir='ltr'><em>Aliorum</em></span> <span class='ocrx_word' id='word_1_496' title='bbox 1016 3415 1125 3445; x_wconf 83' lang='lat' dir='ltr'><em>certa-</em></span> 
     </span>
    </p>
   </div>
   <div class='ocr_carea' id='block_1_6' title="bbox 2127 233 2199 264">
    <p class='ocr_par' dir='ltr' id='par_1_11' title="bbox 2127 233 2199 264">
     <span class='ocr_line' id='line_1_69' title="bbox 2127 233 2199 264; baseline -0.014 0"><span class='ocrx_word' id='word_1_497' title='bbox 2127 233 2199 264; x_wconf 85' lang='lat'><em>637</em></span> 
     </span>
    </p>
   </div>
   <div class='ocr_carea' id='block_1_7' title="bbox 1180 309 2241 3445">
    <p class='ocr_par' dir='ltr' id='par_1_12' title="bbox 1226 309 2202 392">
     <span class='ocr_line' id='line_1_70' title="bbox 1226 309 2202 351; baseline 0.005 -14"><span class='ocrx_word' id='word_1_498' title='bbox 1226 309 1355 338; x_wconf 84' lang='lat' dir='ltr'><em>minum</em></span> <span class='ocrx_word' id='word_1_499' title='bbox 1374 310 1510 347; x_wconf 83' lang='lat' dir='ltr'><em>species,</em></span> <span class='ocrx_word' id='word_1_500' title='bbox 1529 310 1585 339; x_wconf 75' lang='lat' dir='ltr'><em>Ar.</em></span> <span class='ocrx_word' id='word_1_501' title='bbox 1612 311 1680 339; x_wconf 90' lang='grc'>292.</span> <span class='ocrx_word' id='word_1_502' title='bbox 1705 309 1799 348; x_wconf 80' lang='lat' dir='ltr'><em>Cous.</em></span> <span class='ocrx_word' id='word_1_503' title='bbox 1817 313 1950 350; x_wconf 77' lang='lat' dir='ltr'><em>Cornea,</em></span> <span class='ocrx_word' id='word_1_504' title='bbox 1969 311 2202 351; x_wconf 86' lang='lat' dir='ltr'><em>Lampadedro-</em></span> 
     </span>
     <span class='ocr_line' id='line_1_71' title="bbox 1227 355 1380 392; baseline 0.013 -9"><span class='ocrx_word' id='word_1_505' title='bbox 1227 355 1303 392; x_wconf 81' lang='lat' dir='ltr'><em>mia,</em></span> <span class='ocrx_word' id='word_1_506' title='bbox 1317 357 1380 385; x_wconf 87' lang='lat' dir='ltr'><em>etc.</em></span> 
     </span>
    </p>

    <p class='ocr_par' dir='ltr' id='par_1_13' title="bbox 1187 402 2199 442">
     <span class='ocr_line' id='line_1_72' title="bbox 1187 402 2199 442; baseline 0.002 -10"><span class='ocrx_word' id='word_1_507' title='bbox 1187 403 1281 432; x_wconf 81' lang='lat' dir='ltr'><em>Cerri</em></span> <span class='ocrx_word' id='word_1_508' title='bbox 1298 413 1307 432; x_wconf 88' lang='lat'><em>:</em></span> <span class='ocrx_word' id='word_1_509' title='bbox 1324 411 1368 432; x_wconf 67' lang='lat' dir='ltr'><em>ex</em></span> <span class='ocrx_word' id='word_1_510' title='bbox 1384 410 1500 432; x_wconf 87' lang='lat' dir='ltr'><em>eorum</em></span> <span class='ocrx_word' id='word_1_511' title='bbox 1520 402 1649 433; x_wconf 88' lang='lat' dir='ltr'><em>ossibus</em></span> <span class='ocrx_word' id='word_1_512' title='bbox 1667 404 1747 434; x_wconf 87' lang='lat' dir='ltr'><em>olim</em></span> <span class='ocrx_word' id='word_1_513' title='bbox 1767 402 2011 442; x_wconf 81' lang='lat' dir='ltr'><em>tibia’fiebant,</em></span> <span class='ocrx_word' id='word_1_514' title='bbox 2030 403 2108 434; x_wconf 78' lang='lat' dir='ltr'><em>Ach.</em></span> <span class='ocrx_word' id='word_1_515' title='bbox 2128 407 2199 435; x_wconf 84' lang='lat'><strong>863.</strong></span> 
     </span>
    </p>

    <p class='ocr_par' dir='ltr' id='par_1_14' title="bbox 1185 448 2201 533">
     <span class='ocr_line' id='line_1_73' title="bbox 1185 448 2201 489; baseline 0.004 -12"><span class='ocrx_word' id='word_1_516' title='bbox 1185 448 1327 486; x_wconf 67' lang='lat' dir='ltr'><em>Cerylus,</em></span> <span class='ocrx_word' id='word_1_517' title='bbox 1344 457 1417 478; x_wconf 85' lang='lat' dir='ltr'><em>nias</em></span> <span class='ocrx_word' id='word_1_518' title='bbox 1433 448 1641 488; x_wconf 78' lang='lat' dir='ltr'><em>alcedinum,</em></span> <span class='ocrx_word' id='word_1_519' title='bbox 1659 452 1715 489; x_wconf 85' lang='lat' dir='ltr'><em>qni</em></span> <span class='ocrx_word' id='word_1_520' title='bbox 1732 451 1879 480; x_wconf 82' lang='lat' dir='ltr'><em>moritur</em></span> <span class='ocrx_word' id='word_1_521' title='bbox 1894 451 1925 479; x_wconf 90' lang='lat' dir='ltr'><em>in</em></span> <span class='ocrx_word' id='word_1_522' title='bbox 1941 451 2050 487; x_wconf 85' lang='lat' dir='ltr'><em>coitu;</em></span> <span class='ocrx_word' id='word_1_523' title='bbox 2064 458 2157 481; x_wconf 87' lang='lat' dir='ltr'><em>senes</em></span> <span class='ocrx_word' id='word_1_524' title='bbox 2180 459 2201 481; x_wconf 88' lang='lat' dir='ltr'><em>a</em></span> 
     </span>
     <span class='ocr_line' id='line_1_74' title="bbox 1217 493 1890 533; baseline 0.003 -10"><span class='ocrx_word' id='word_1_525' title='bbox 1217 493 1375 531; x_wconf 82' lang='lat' dir='ltr'><em>femellis</em></span> <span class='ocrx_word' id='word_1_526' title='bbox 1392 496 1574 533; x_wconf 73' lang='lat' dir='ltr'><em>qestantur</em></span> <span class='ocrx_word' id='word_1_527' title='bbox 1589 497 1621 525; x_wconf 88' lang='lat' dir='ltr'><em>in</em></span> <span class='ocrx_word' id='word_1_528' title='bbox 1640 496 1720 533; x_wconf 84' lang='lat' dir='ltr'><em>alis,</em></span> <span class='ocrx_word' id='word_1_529' title='bbox 1743 498 1798 526; x_wconf 67' lang='lat' dir='ltr'><em>Aa.</em></span> <span class='ocrx_word' id='word_1_530' title='bbox 1819 499 1890 527; x_wconf 84' lang='lat'><strong>299.</strong></span> 
     </span>
    </p>

    <p class='ocr_par' dir='ltr' id='par_1_15' title="bbox 1187 541 1862 579">
     <span class='ocr_line' id='line_1_75' title="bbox 1187 541 1862 579; baseline 0.003 -9"><span class='ocrx_word' id='word_1_531' title='bbox 1187 542 1332 570; x_wconf 78' lang='lat' dir='ltr'><em>Cestrini</em></span> <span class='ocrx_word' id='word_1_532' title='bbox 1347 541 1442 571; x_wconf 77' lang='lat' dir='ltr'><em>boi-es</em></span> <span class='ocrx_word' id='word_1_533' title='bbox 1457 542 1489 570; x_wconf 88' lang='lat' dir='ltr'><em>in</em></span> <span class='ocrx_word' id='word_1_534' title='bbox 1509 541 1674 579; x_wconf 84' lang='lat' dir='ltr'><em>Chaonia,</em></span> <span class='ocrx_word' id='word_1_535' title='bbox 1694 543 1775 572; x_wconf 82' lang='lat' dir='ltr'><em>I&#39;ac.</em></span> <span class='ocrx_word' id='word_1_536' title='bbox 1792 544 1862 572; x_wconf 85' lang='grc'>925.</span> 
     </span>
    </p>

    <p class='ocr_par' dir='ltr' id='par_1_16' title="bbox 1187 587 2203 811">
     <span class='ocr_line' id='line_1_76' title="bbox 1187 587 2203 626; baseline 0.003 -10"><span class='ocrx_word' id='word_1_537' title='bbox 1187 588 1287 625; x_wconf 63' lang='lat' dir='ltr'><em>Ceyx,</em></span> <span class='ocrx_word' id='word_1_538' title='bbox 1309 587 1569 617; x_wconf 79' lang='lat' dir='ltr'><em>Trachinioruin</em></span> <span class='ocrx_word' id='word_1_539' title='bbox 1590 596 1663 625; x_wconf 70' lang='lat' dir='ltr'><em>reoe,</em></span> <span class='ocrx_word' id='word_1_540' title='bbox 1676 590 1838 626; x_wconf 63' lang='lat' dir='ltr'><em>polentiae</em></span> <span class='ocrx_word' id='word_1_541' title='bbox 1857 587 2131 626; x_wconf 81' lang='lat' dir='ltr'><em>superbissimus,</em></span> <span class='ocrx_word' id='word_1_542' title='bbox 2146 589 2203 619; x_wconf 88' lang='lat' dir='ltr'><em>Jo-</em></span> 
     </span>
     <span class='ocr_line' id='line_1_77' title="bbox 1227 633 2203 674; baseline 0.003 -13"><span class='ocrx_word' id='word_1_543' title='bbox 1227 640 1298 662; x_wconf 80' lang='lat' dir='ltr'><em>rem</em></span> <span class='ocrx_word' id='word_1_544' title='bbox 1320 640 1356 662; x_wconf 87' lang='lat' dir='ltr'><em>se</em></span> <span class='ocrx_word' id='word_1_545' title='bbox 1379 634 1411 663; x_wconf 89' lang='lat' dir='ltr'><em>et</em></span> <span class='ocrx_word' id='word_1_546' title='bbox 1430 640 1574 663; x_wconf 69' lang='lat' dir='ltr'><em>viia-orent</em></span> <span class='ocrx_word' id='word_1_547' title='bbox 1605 634 1771 664; x_wconf 87' lang='lat' dir='ltr'><em>Junonem</em></span> <span class='ocrx_word' id='word_1_548' title='bbox 1800 635 1912 664; x_wconf 86' lang='lat' dir='ltr'><em>rocari</em></span> <span class='ocrx_word' id='word_1_549' title='bbox 1932 633 2038 672; x_wconf 80' lang='lat' dir='ltr'><em>jussit</em></span> <span class='ocrx_word' id='word_1_550' title='bbox 2059 645 2068 665; x_wconf 93' lang='lat'><em>:</em></span> <span class='ocrx_word' id='word_1_551' title='bbox 2095 642 2203 674; x_wconf 87' lang='lat' dir='ltr'><em>quare</em></span> 
     </span>
     <span class='ocr_line' id='line_1_78' title="bbox 1225 678 2201 718; baseline 0.001 -9"><span class='ocrx_word' id='word_1_552' title='bbox 1225 680 1387 717; x_wconf 85' lang='lat' dir='ltr'><em>Juppiter</em></span> <span class='ocrx_word' id='word_1_553' title='bbox 1402 686 1477 708; x_wconf 88' lang='lat' dir='ltr'><em>eum</em></span> <span class='ocrx_word' id='word_1_554' title='bbox 1496 680 1528 708; x_wconf 85' lang='lat' dir='ltr'><em>in</em></span> <span class='ocrx_word' id='word_1_555' title='bbox 1549 681 1636 710; x_wconf 86' lang='lat' dir='ltr'><em>mari</em></span> <span class='ocrx_word' id='word_1_556' title='bbox 1661 678 1824 718; x_wconf 80' lang='lat' dir='ltr'><em>perdidit,</em></span> <span class='ocrx_word' id='word_1_557' title='bbox 1848 688 1989 710; x_wconf 61' lang='lat' dir='ltr'><em>uxorem</em></span> <span class='ocrx_word' id='word_1_558' title='bbox 2012 680 2201 718; x_wconf 73' lang='lat' dir='ltr'><em>(y&#39;ulantem</em></span> 
     </span>
     <span class='ocr_line' id='line_1_79' title="bbox 1227 724 2197 765; baseline 0.002 -11"><span class='ocrx_word' id='word_1_559' title='bbox 1227 724 1365 755; x_wconf 86' lang='lat' dir='ltr'><em>tandem</em></span> <span class='ocrx_word' id='word_1_560' title='bbox 1386 726 1546 755; x_wconf 87' lang='lat' dir='ltr'><em>misertus</em></span> <span class='ocrx_word' id='word_1_561' title='bbox 1570 726 1603 755; x_wconf 85' lang='lat' dir='ltr'><em>in</em></span> <span class='ocrx_word' id='word_1_562' title='bbox 1627 725 1811 756; x_wconf 87' lang='lat' dir='ltr'><em>alcedinem</em></span> <span class='ocrx_word' id='word_1_563' title='bbox 1829 727 1989 764; x_wconf 80' lang='lat' dir='ltr'><em>mutarit,</em></span> <span class='ocrx_word' id='word_1_564' title='bbox 2005 728 2143 765; x_wconf 77' lang='lat' dir='ltr'><em>Ceycem</em></span> <span class='ocrx_word' id='word_1_565' title='bbox 2160 728 2197 756; x_wconf 88' lang='lat' dir='ltr'><em>in</em></span> 
     </span>
     <span class='ocr_line' id='line_1_80' title="bbox 1226 771 1539 811; baseline 0.003 -11"><span class='ocrx_word' id='word_1_566' title='bbox 1226 771 1368 811; x_wconf 76' lang='grc' dir='ltr'><strong>κηρύλον,</strong></span> <span class='ocrx_word' id='word_1_567' title='bbox 1386 773 1443 801; x_wconf 71' lang='lat' dir='ltr'><em>Ab.</em></span> <span class='ocrx_word' id='word_1_568' title='bbox 1469 775 1539 801; x_wconf 87' lang='lat'><strong>250.</strong></span> 
     </span>
    </p>

    <p class='ocr_par' dir='ltr' id='par_1_17' title="bbox 1186 815 2202 893">
     <span class='ocr_line' id='line_1_81' title="bbox 1186 815 2202 858; baseline 0.002 -12"><span class='ocrx_word' id='word_1_569' title='bbox 1186 815 1307 846; x_wconf 73' lang='lat' dir='ltr'><em>(zhahes</em></span> <span class='ocrx_word' id='word_1_570' title='bbox 1324 816 1499 855; x_wconf 67' lang='lat' dir='ltr'><em>Phlyensis‚</em></span> <span class='ocrx_word' id='word_1_571' title='bbox 1516 825 1612 848; x_wconf 76' lang='lat' dir='ltr'><em>senex</em></span> <span class='ocrx_word' id='word_1_572' title='bbox 1627 816 1725 855; x_wconf 86' lang='lat' dir='ltr'><em>judex</em></span> <span class='ocrx_word' id='word_1_573' title='bbox 1745 819 1780 848; x_wconf 52' lang='lat' dir='ltr'><em>*in</em></span> <span class='ocrx_word' id='word_1_574' title='bbox 1804 819 1918 857; x_wconf 68' lang='lat' dir='ltr'><em>I&#39;espis</em></span> <span class='ocrx_word' id='word_1_575' title='bbox 1935 818 2017 855; x_wconf 86' lang='grc'>234,·</span> <span class='ocrx_word' id='word_1_576' title='bbox 2034 818 2202 858; x_wconf 69' lang='grc' dir='ltr'>στρατηγὸς</span> 
     </span>
     <span class='ocr_line' id='line_1_82' title="bbox 1227 862 1476 893; baseline -0.004 -1"><span class='ocrx_word' id='word_1_577' title='bbox 1227 864 1261 893; x_wconf 84' lang='lat' dir='ltr'><em>in</em></span> <span class='ocrx_word' id='word_1_578' title='bbox 1279 862 1350 893; x_wconf 79' lang='lat' dir='ltr'><em>sch.</em></span> <span class='ocrx_word' id='word_1_579' title='bbox 1368 864 1451 893; x_wconf 75' lang='lat' dir='ltr'><em>Rae.</em></span> <span class='ocrx_word' id='word_1_580' title='bbox 1473 890 1476 891; x_wconf 13' lang='grc' dir='ltr'><em>γ</em></span> 
     </span>
    </p>

    <p class='ocr_par' dir='ltr' id='par_1_18' title="bbox 1189 908 2202 986">
     <span class='ocr_line' id='line_1_83' title="bbox 1189 908 2202 948; baseline 0.001 -10"><span class='ocrx_word' id='word_1_581' title='bbox 1189 908 1372 947; x_wconf 85' lang='lat' dir='ltr'><em>Chabrias,</em></span> <span class='ocrx_word' id='word_1_582' title='bbox 1394 908 1468 940; x_wconf 72' lang='lat' dir='ltr'><em>duoe</em></span> <span class='ocrx_word' id='word_1_583' title='bbox 1489 911 1781 940; x_wconf 84' lang='lat' dir='ltr'><em>mercenariorum</em></span> <span class='ocrx_word' id='word_1_584' title='bbox 1803 911 1836 940; x_wconf 89' lang='lat' dir='ltr'><em>in</em></span> <span class='ocrx_word' id='word_1_585' title='bbox 1865 909 1950 941; x_wconf 88' lang='lat' dir='ltr'><em>bello</em></span> <span class='ocrx_word' id='word_1_586' title='bbox 1973 909 2202 948; x_wconf 85' lang='lat' dir='ltr'><em>Corinthiaco,</em></span> 
     </span>
     <span class='ocr_line' id='line_1_84' title="bbox 1225 955 1369 986; baseline 0.007 -1"><span class='ocrx_word' id='word_1_587' title='bbox 1225 955 1280 985; x_wconf 84' lang='lat' dir='ltr'><em>Pl.</em></span> <span class='ocrx_word' id='word_1_588' title='bbox 1303 958 1369 986; x_wconf 89' lang='lat'><strong>172.</strong></span> 
     </span>
    </p>

    <p class='ocr_par' dir='ltr' id='par_1_19' title="bbox 1188 1001 2139 1042">
     <span class='ocr_line' id='line_1_85' title="bbox 1188 1001 2139 1042; baseline -0.001 -9"><span class='ocrx_word' id='word_1_589' title='bbox 1188 1001 1354 1034; x_wconf 88' lang='lat' dir='ltr'><em>Chabrias</em></span> <span class='ocrx_word' id='word_1_590' title='bbox 1370 1001 1514 1040; x_wconf 85' lang='lat' dir='ltr'><em>archon,</em></span> <span class='ocrx_word' id='word_1_591' title='bbox 1532 1004 1589 1033; x_wconf 77' lang='lat' dir='ltr'><em>Ar.</em></span> <span class='ocrx_word' id='word_1_592' title='bbox 1608 1004 1686 1042; x_wconf 71' lang='lat' dir='ltr'><em>Ara.</em></span> <span class='ocrx_word' id='word_1_593' title='bbox 1704 1005 1734 1041; x_wconf 91' lang='lat' dir='ltr'><em>I,</em></span> <span class='ocrx_word' id='word_1_594' title='bbox 1753 1005 1802 1041; x_wconf 91' lang='lat' dir='ltr'><em>II,</em></span> <span class='ocrx_word' id='word_1_595' title='bbox 1821 1005 1892 1040; x_wconf 85' lang='grc'><strong>766,</strong></span> <span class='ocrx_word' id='word_1_596' title='bbox 1911 1005 1983 1041; x_wconf 87' lang='grc'><strong>997,</strong></span> <span class='ocrx_word' id='word_1_597' title='bbox 1999 1003 2052 1034; x_wconf 88' lang='lat' dir='ltr'><em>Pl.</em></span> <span class='ocrx_word' id='word_1_598' title='bbox 2073 1006 2139 1034; x_wconf 87' lang='grc'>179.</span> 
     </span>
    </p>

    <p class='ocr_par' dir='ltr' id='par_1_20' title="bbox 1185 1049 2205 1135">
     <span class='ocr_line' id='line_1_86' title="bbox 1185 1049 2205 1089; baseline 0 -10"><span class='ocrx_word' id='word_1_599' title='bbox 1185 1049 1340 1087; x_wconf 65' lang='lat' dir='ltr'><em>Chaereas,</em></span> <span class='ocrx_word' id='word_1_600' title='bbox 1352 1051 1556 1089; x_wconf 77' lang='lat' dir='ltr'><em>pereqrinus</em></span> <span class='ocrx_word' id='word_1_601' title='bbox 1572 1049 1666 1088; x_wconf 83' lang='lat' dir='ltr'><em>apud</em></span> <span class='ocrx_word' id='word_1_602' title='bbox 1683 1049 1905 1089; x_wconf 80' lang='lat' dir='ltr'><em>Eupolidein;</em></span> <span class='ocrx_word' id='word_1_603' title='bbox 1919 1049 1986 1088; x_wconf 85' lang='lat' dir='ltr'><em>ejus</em></span> <span class='ocrx_word' id='word_1_604' title='bbox 2002 1049 2085 1080; x_wconf 82' lang='lat' dir='ltr'><em>silius</em></span> <span class='ocrx_word' id='word_1_605' title='bbox 2101 1049 2205 1080; x_wconf 77' lang='lat' dir='ltr'><em>mollis</em></span> 
     </span>
     <span class='ocr_line' id='line_1_87' title="bbox 1226 1095 1891 1135; baseline 0.002 -10"><span class='ocrx_word' id='word_1_606' title='bbox 1226 1096 1257 1125; x_wconf 90' lang='lat' dir='ltr'><em>et</em></span> <span class='ocrx_word' id='word_1_607' title='bbox 1271 1095 1462 1135; x_wconf 88' lang='lat' dir='ltr'><em>impudicus,</em></span> <span class='ocrx_word' id='word_1_608' title='bbox 1481 1095 1597 1133; x_wconf 69' lang='lat' dir='ltr'><em>viator,</em></span> <span class='ocrx_word' id='word_1_609' title='bbox 1622 1097 1715 1134; x_wconf 67' lang='lat' dir='ltr'><em>I&#39;esp.</em></span> <span class='ocrx_word' id='word_1_610' title='bbox 1737 1098 1793 1126; x_wconf 88' lang='lat'><strong>687</strong></span> <span class='ocrx_word' id='word_1_611' title='bbox 1819 1104 1891 1135; x_wconf 80' lang='lat' dir='ltr'><em>sqq.</em></span> 
     </span>
    </p>

    <p class='ocr_par' dir='ltr' id='par_1_21' title="bbox 1186 1141 2241 1924">
     <span class='ocr_line' id='line_1_88' title="bbox 1188 1141 2205 1181; baseline 0.001 -9"><span class='ocrx_word' id='word_1_612' title='bbox 1188 1141 1425 1172; x_wconf 77' lang='lat' dir='ltr'><em>Chceredemus</em></span> <span class='ocrx_word' id='word_1_613' title='bbox 1437 1165 1447 1180; x_wconf 93' lang='lat'><em>,</em></span> <span class='ocrx_word' id='word_1_614' title='bbox 1486 1142 1657 1181; x_wconf 73' lang='lat' dir='ltr'><em>Euanqeli</em></span> <span class='ocrx_word' id='word_1_615' title='bbox 1677 1141 1794 1181; x_wconf 81' lang='lat' dir='ltr'><em>filius,</em></span> <span class='ocrx_word' id='word_1_616' title='bbox 1829 1143 2001 1181; x_wconf 71' lang='lat' dir='ltr'><em>Ca‘lensis,</em></span> <span class='ocrx_word' id='word_1_617' title='bbox 2033 1142 2205 1174; x_wconf 80' lang='lat' dir='ltr'><em>dedicavit</em></span> 
     </span>
     <span class='ocr_line' id='line_1_89' title="bbox 1227 1190 2158 1228; baseline 0.001 -10"><span class='ocrx_word' id='word_1_618' title='bbox 1227 1196 1354 1228; x_wconf 82' lang='lat' dir='ltr'><em>equum</em></span> <span class='ocrx_word' id='word_1_619' title='bbox 1372 1190 1659 1219; x_wconf 75' lang='lat' dir='ltr'><em>Dm·i&#39;ume.1·te1·e</em></span> <span class='ocrx_word' id='word_1_620' title='bbox 1675 1191 1708 1219; x_wconf 92' lang='lat' dir='ltr'><em>in</em></span> <span class='ocrx_word' id='word_1_621' title='bbox 1733 1197 1822 1227; x_wconf 86' lang='lat' dir='ltr'><em>arce,</em></span> <span class='ocrx_word' id='word_1_622' title='bbox 1842 1191 1898 1219; x_wconf 79' lang='lat' dir='ltr'><em>Ac.</em></span> <span class='ocrx_word' id='word_1_623' title='bbox 1920 1192 2008 1219; x_wconf 90' lang='lat'><strong>1128.</strong></span> <span class='ocrx_word' id='word_1_624' title='bbox 2154 1219 2158 1224; x_wconf 79' lang='grc'><strong>,</strong></span> 
     </span>
     <span class='ocr_line' id='line_1_90' title="bbox 1186 1233 2202 1273; baseline 0 -9"><span class='ocrx_word' id='word_1_625' title='bbox 1186 1233 1381 1273; x_wconf 74' lang='lat' dir='ltr'><em>chaerephon</em></span> <span class='ocrx_word' id='word_1_626' title='bbox 1395 1233 1569 1273; x_wconf 80' lang='lat' dir='ltr'><em>Sphettius‚</em></span> <span class='ocrx_word' id='word_1_627' title='bbox 1580 1234 1669 1265; x_wconf 78' lang='lat' dir='ltr'><em>Nub.</em></span> <span class='ocrx_word' id='word_1_628' title='bbox 1687 1237 1756 1272; x_wconf 89' lang='lat'><strong>157,</strong></span> <span class='ocrx_word' id='word_1_629' title='bbox 1766 1236 1912 1265; x_wconf 85' lang='lat' dir='ltr'><em>Socratis</em></span> <span class='ocrx_word' id='word_1_630' title='bbox 1922 1233 2119 1271; x_wconf 56' lang='lat' dir='ltr'><em>sodalisjib.</em></span> <span class='ocrx_word' id='word_1_631' title='bbox 2133 1236 2202 1272; x_wconf 85' lang='grc'>104,</span> 
     </span>
     <span class='ocr_line' id='line_1_91' title="bbox 1229 1280 2202 1320; baseline -0.001 -9"><span class='ocrx_word' id='word_1_632' title='bbox 1229 1282 1298 1319; x_wconf 83' lang='grc'>144,</span> <span class='ocrx_word' id='word_1_633' title='bbox 1316 1283 1387 1319; x_wconf 89' lang='grc'>503,</span> <span class='ocrx_word' id='word_1_634' title='bbox 1406 1282 1495 1319; x_wconf 86' lang='grc'>1465,</span> <span class='ocrx_word' id='word_1_635' title='bbox 1515 1284 1602 1311; x_wconf 83' lang='grc'>1505.</span> <span class='ocrx_word' id='word_1_636' title='bbox 1618 1280 1680 1319; x_wconf 88' lang='lat' dir='ltr'><em>Qui</em></span> <span class='ocrx_word' id='word_1_637' title='bbox 1700 1280 1842 1320; x_wconf 87' lang='lat' dir='ltr'><em>pulicum</em></span> <span class='ocrx_word' id='word_1_638' title='bbox 1859 1281 1949 1311; x_wconf 80' lang='lat' dir='ltr'><em>novit</em></span> <span class='ocrx_word' id='word_1_639' title='bbox 1971 1280 2116 1318; x_wconf 71' lang='lat' dir='ltr'><em>vestigia,</em></span> <span class='ocrx_word' id='word_1_640' title='bbox 2130 1283 2202 1311; x_wconf 84' lang='lat'><strong>831.</strong></span> 
     </span>
     <span class='ocr_line' id='line_1_92' title="bbox 1227 1326 2204 1365; baseline -0.002 -8"><span class='ocrx_word' id='word_1_641' title='bbox 1227 1328 1317 1358; x_wconf 87' lang='lat' dir='ltr'><em>Erat</em></span> <span class='ocrx_word' id='word_1_642' title='bbox 1332 1328 1446 1357; x_wconf 88' lang='lat' dir='ltr'><em>animo</em></span> <span class='ocrx_word' id='word_1_643' title='bbox 1460 1326 1608 1365; x_wconf 87' lang='lat' dir='ltr'><em>calidus,</em></span> <span class='ocrx_word' id='word_1_644' title='bbox 1623 1326 1828 1365; x_wconf 78' lang='lat' dir='ltr'><em>cumfratre</em></span> <span class='ocrx_word' id='word_1_645' title='bbox 1851 1328 2049 1357; x_wconf 84' lang='lat' dir='ltr'><em>inimicitias</em></span> <span class='ocrx_word' id='word_1_646' title='bbox 2065 1326 2204 1363; x_wconf 85' lang='lat' dir='ltr'><em>habens,</em></span> 
     </span>
     <span class='ocr_line' id='line_1_93' title="bbox 1226 1373 2241 1413; baseline 0.001 -10"><span class='ocrx_word' id='word_1_647' title='bbox 1226 1381 1313 1413; x_wconf 85' lang='lat' dir='ltr'><em>quas</em></span> <span class='ocrx_word' id='word_1_648' title='bbox 1344 1381 1542 1412; x_wconf 88' lang='lat' dir='ltr'><em>componere</em></span> <span class='ocrx_word' id='word_1_649' title='bbox 1566 1373 1727 1404; x_wconf 85' lang='lat' dir='ltr'><em>studebat</em></span> <span class='ocrx_word' id='word_1_650' title='bbox 1755 1375 1919 1404; x_wconf 86' lang='lat' dir='ltr'><em>Socrates.</em></span> <span class='ocrx_word' id='word_1_651' title='bbox 1945 1375 1974 1403; x_wconf 90' lang='lat' dir='ltr'><em>E</em></span> <span class='ocrx_word' id='word_1_652' title='bbox 1979 1375 1988 1402; x_wconf 84' lang='lat' dir='ltr'><em>i</em></span> <span class='ocrx_word' id='word_1_653' title='bbox 2023 1373 2204 1403; x_wconf 83' lang='lat' dir='ltr'><em>oraculum</em></span> <span class='ocrx_word' id='word_1_654' title='bbox 2236 1401 2241 1404; x_wconf 88' lang='lat'><em>.</em></span> 
     </span>
     <span class='ocr_line' id='line_1_94' title="bbox 1225 1418 2204 1458; baseline -0.002 -8"><span class='ocrx_word' id='word_1_655' title='bbox 1225 1418 1349 1450; x_wconf 90' lang='lat' dir='ltr'><em>datum</em></span> <span class='ocrx_word' id='word_1_656' title='bbox 1366 1419 1407 1450; x_wconf 87' lang='lat' dir='ltr'><em>de</em></span> <span class='ocrx_word' id='word_1_657' title='bbox 1422 1421 1570 1457; x_wconf 89' lang='lat' dir='ltr'><em>Socrate,</em></span> <span class='ocrx_word' id='word_1_658' title='bbox 1586 1420 1627 1450; x_wconf 82' lang='lat' dir='ltr'><em>ib.</em></span> <span class='ocrx_word' id='word_1_659' title='bbox 1660 1422 1728 1450; x_wconf 89' lang='lat'><strong>144.</strong></span> <span class='ocrx_word' id='word_1_660' title='bbox 1747 1421 1836 1450; x_wconf 86' lang='lat' dir='ltr'><em>Erat</em></span> <span class='ocrx_word' id='word_1_661' title='bbox 1863 1419 1975 1450; x_wconf 88' lang='lat' dir='ltr'><em>densis</em></span> <span class='ocrx_word' id='word_1_662' title='bbox 1999 1419 2204 1458; x_wconf 76' lang='lat' dir='ltr'><em>superciliis,</em></span> 
     </span>
     <span class='ocr_line' id='line_1_95' title="bbox 1230 1465 2206 1506; baseline -0.001 -10"><span class='ocrx_word' id='word_1_663' title='bbox 1230 1468 1299 1504; x_wconf 88' lang='grc'><strong>146,</strong></span> <span class='ocrx_word' id='word_1_664' title='bbox 1324 1467 1433 1505; x_wconf 68' lang='grc' dir='ltr'><strong>ηἰῃεν,</strong></span> <span class='ocrx_word' id='word_1_665' title='bbox 1448 1465 1783 1506; x_wconf 75' lang='lat' dir='ltr'><em>qracilis,pallidus,</em></span> <span class='ocrx_word' id='word_1_666' title='bbox 1799 1466 1881 1497; x_wconf 67' lang='lat' dir='ltr'><em>exili</em></span> <span class='ocrx_word' id='word_1_667' title='bbox 1896 1474 1970 1496; x_wconf 78' lang='lat' dir='ltr'><em>voce</em></span> <span class='ocrx_word' id='word_1_668' title='bbox 1985 1477 1994 1496; x_wconf 92' lang='lat'><em>:</em></span> <span class='ocrx_word' id='word_1_669' title='bbox 2013 1474 2121 1506; x_wconf 85' lang='lat' dir='ltr'><em>quare</em></span> <span class='ocrx_word' id='word_1_670' title='bbox 2152 1466 2206 1495; x_wconf 73' lang='grc' dir='ltr'><em>Γε-</em></span> 
     </span>
     <span class='ocr_line' id='line_1_96' title="bbox 1225 1512 2203 1552; baseline -0.002 -9"><span class='ocrx_word' id='word_1_671' title='bbox 1225 1513 1401 1551; x_wconf 87' lang='lat' dir='ltr'><em>spertilio,</em></span> <span class='ocrx_word' id='word_1_672' title='bbox 1418 1513 1564 1552; x_wconf 74' lang='grc' dir='ltr'><strong>νυκτερίς,</strong></span> <span class='ocrx_word' id='word_1_673' title='bbox 1582 1514 1615 1543; x_wconf 91' lang='lat' dir='ltr'><em>et</em></span> <span class='ocrx_word' id='word_1_674' title='bbox 1631 1512 1761 1543; x_wconf 70' lang='lat' dir='ltr'><em>buxeus</em></span> <span class='ocrx_word' id='word_1_675' title='bbox 1777 1512 1908 1550; x_wconf 80' lang='lat' dir='ltr'><em>(lictus,</em></span> <span class='ocrx_word' id='word_1_676' title='bbox 1928 1512 2016 1542; x_wconf 72' lang='lat' dir='ltr'><em>Nub.</em></span> <span class='ocrx_word' id='word_1_677' title='bbox 2047 1514 2114 1548; x_wconf 81' lang='grc'>104,</span> <span class='ocrx_word' id='word_1_678' title='bbox 2132 1514 2203 1548; x_wconf 85' lang='grc'>503,</span> 
     </span>
     <span class='ocr_line' id='line_1_97' title="bbox 1231 1559 2207 1599; baseline -0.001 -10"><span class='ocrx_word' id='word_1_679' title='bbox 1231 1560 1323 1599; x_wconf 75' lang='lat' dir='ltr'><em>l&#39;esp.</em></span> <span class='ocrx_word' id='word_1_680' title='bbox 1351 1562 1440 1598; x_wconf 87' lang='lat'><strong>1408,</strong></span> <span class='ocrx_word' id='word_1_681' title='bbox 1470 1562 1528 1590; x_wconf 80' lang='lat' dir='ltr'><em>Ar.</em></span> <span class='ocrx_word' id='word_1_682' title='bbox 1560 1562 1650 1597; x_wconf 91' lang='grc'><strong>1296,</strong></span> <span class='ocrx_word' id='word_1_683' title='bbox 1679 1559 1735 1589; x_wconf 82' lang='lat' dir='ltr'><em>ubi</em></span> <span class='ocrx_word' id='word_1_684' title='bbox 1763 1559 2129 1598; x_wconf 74' lang='lat' dir='ltr'><em>et1564:Chaerephon</em></span> <span class='ocrx_word' id='word_1_685' title='bbox 2148 1561 2207 1588; x_wconf 75' lang='lat' dir='ltr'><em>Ve-</em></span> 
     </span>
     <span class='ocr_line' id='line_1_98' title="bbox 1225 1604 2204 1645; baseline -0.002 -9"><span class='ocrx_word' id='word_1_686' title='bbox 1225 1605 1368 1645; x_wconf 83' lang='lat' dir='ltr'><em>spertilio</em></span> <span class='ocrx_word' id='word_1_687' title='bbox 1381 1605 1531 1644; x_wconf 85' lang='lat' dir='ltr'><em>(quorum</em></span> <span class='ocrx_word' id='word_1_688' title='bbox 1544 1606 1685 1636; x_wconf 86' lang='lat' dir='ltr'><em>locorum</em></span> <span class='ocrx_word' id='word_1_689' title='bbox 1699 1609 1860 1645; x_wconf 85' lang='lat' dir='ltr'><em>postremo</em></span> <span class='ocrx_word' id='word_1_690' title='bbox 1875 1607 1909 1636; x_wconf 91' lang='lat' dir='ltr'><em>ut</em></span> <span class='ocrx_word' id='word_1_691' title='bbox 1923 1605 2037 1635; x_wconf 84' lang='lat' dir='ltr'><em>umbra</em></span> <span class='ocrx_word' id='word_1_692' title='bbox 2048 1604 2204 1643; x_wconf 77' lang='lat' dir='ltr'><em>notatur);</em></span> 
     </span>
     <span class='ocr_line' id='line_1_99' title="bbox 1228 1651 2204 1691; baseline 0 -10"><span class='ocrx_word' id='word_1_693' title='bbox 1228 1652 1366 1691; x_wconf 71' lang='grc' dir='ltr'><strong>ἡμιθνὴς,</strong></span> <span class='ocrx_word' id='word_1_694' title='bbox 1381 1651 1472 1682; x_wconf 82' lang='lat' dir='ltr'><em>Nub.</em></span> <span class='ocrx_word' id='word_1_695' title='bbox 1489 1654 1567 1690; x_wconf 83' lang='lat'><strong>5043</strong></span> <span class='ocrx_word' id='word_1_696' title='bbox 1586 1651 1694 1682; x_wconf 82' lang='lat' dir='ltr'><em>Noctis</em></span> <span class='ocrx_word' id='word_1_697' title='bbox 1712 1652 1808 1690; x_wconf 86' lang='lat' dir='ltr'><em>tilius,</em></span> <span class='ocrx_word' id='word_1_698' title='bbox 1828 1653 1861 1682; x_wconf 82' lang='lat' dir='ltr'><em>in</em></span> <span class='ocrx_word' id='word_1_699' title='bbox 1877 1651 2055 1689; x_wconf 83' lang='lat' dir='ltr'><em>Horis,sr.</em></span> <span class='ocrx_word' id='word_1_700' title='bbox 2082 1653 2154 1689; x_wconf 88' lang='grc'>486,</span> <span class='ocrx_word' id='word_1_701' title='bbox 2175 1659 2204 1681; x_wconf 80' lang='lat' dir='ltr'><em>a.</em></span> 
     </span>
     <span class='ocr_line' id='line_1_100' title="bbox 1228 1696 2202 1738; baseline 0 -11"><span class='ocrx_word' id='word_1_702' title='bbox 1228 1697 1453 1736; x_wconf 74' lang='lat' dir='ltr'><em>perstringitur</em></span> <span class='ocrx_word' id='word_1_703' title='bbox 1478 1701 1513 1728; x_wconf 89' lang='lat' dir='ltr'><em>ut</em></span> <span class='ocrx_word' id='word_1_704' title='bbox 1537 1699 1735 1738; x_wconf 65' lang='lat' dir='ltr'><em>sycophanta</em></span> <span class='ocrx_word' id='word_1_705' title='bbox 1764 1698 1797 1728; x_wconf 89' lang='lat' dir='ltr'><em>in</em></span> <span class='ocrx_word' id='word_1_706' title='bbox 1825 1697 2129 1734; x_wconf 83' lang='lat' dir='ltr'><em>Tclniessensibus,</em></span> <span class='ocrx_word' id='word_1_707' title='bbox 2146 1696 2202 1735; x_wconf 78' lang='lat' dir='ltr'><em>fr.</em></span> 
     </span>
     <span class='ocr_line' id='line_1_101' title="bbox 1227 1743 2206 1783; baseline -0.001 -9"><span class='ocrx_word' id='word_1_708' title='bbox 1227 1746 1284 1775; x_wconf 85' lang='lat'><strong>457</strong></span> <span class='ocrx_word' id='word_1_709' title='bbox 1298 1768 1308 1782; x_wconf 91' lang='lat'><em>,</em></span> <span class='ocrx_word' id='word_1_710' title='bbox 1329 1746 1364 1775; x_wconf 92' lang='lat' dir='ltr'><em>ut</em></span> <span class='ocrx_word' id='word_1_711' title='bbox 1387 1744 1437 1774; x_wconf 83' lang='lat' dir='ltr'><em>sur</em></span> <span class='ocrx_word' id='word_1_712' title='bbox 1449 1768 1458 1783; x_wconf 93' lang='lat'>‚</span> <span class='ocrx_word' id='word_1_713' title='bbox 1476 1746 1510 1775; x_wconf 89' lang='lat' dir='ltr'><em>in</em></span> <span class='ocrx_word' id='word_1_714' title='bbox 1531 1744 1793 1783; x_wconf 87' lang='lat' dir='ltr'><em>Dramatis,sr.</em></span> <span class='ocrx_word' id='word_1_715' title='bbox 1810 1748 1879 1775; x_wconf 86' lang='lat'><strong>282.</strong></span> <span class='ocrx_word' id='word_1_716' title='bbox 1895 1746 1936 1774; x_wconf 88' lang='lat' dir='ltr'><em>In</em></span> <span class='ocrx_word' id='word_1_717' title='bbox 1960 1745 2072 1783; x_wconf 73' lang='lat' dir='ltr'><em>Vespis</em></span> <span class='ocrx_word' id='word_1_718' title='bbox 2083 1743 2206 1774; x_wconf 70' lang='lat' dir='ltr'><em>Chrere-</em></span> 
     </span>
     <span class='ocr_line' id='line_1_102' title="bbox 1227 1790 2204 1830; baseline -0.001 -9"><span class='ocrx_word' id='word_1_719' title='bbox 1227 1791 1327 1830; x_wconf 90' lang='lat' dir='ltr'><em>phon,</em></span> <span class='ocrx_word' id='word_1_720' title='bbox 1345 1790 1436 1821; x_wconf 83' lang='lat' dir='ltr'><em>testis</em></span> <span class='ocrx_word' id='word_1_721' title='bbox 1466 1790 1497 1820; x_wconf 89' lang='lat' dir='ltr'><em>in</em></span> <span class='ocrx_word' id='word_1_722' title='bbox 1511 1791 1564 1829; x_wconf 81' lang='lat' dir='ltr'><em>Jus</em></span> <span class='ocrx_word' id='word_1_723' title='bbox 1595 1791 1773 1821; x_wconf 77' lang='lat' dir='ltr'><em>vocationis</em></span> <span class='ocrx_word' id='word_1_724' title='bbox 1790 1790 1915 1820; x_wconf 88' lang='lat' dir='ltr'><em>mulieri</em></span> <span class='ocrx_word' id='word_1_725' title='bbox 1940 1790 2093 1829; x_wconf 72' lang='lat' dir='ltr'><em>panariae,</em></span> <span class='ocrx_word' id='word_1_726' title='bbox 2115 1792 2204 1826; x_wconf 84' lang='lat'><strong>1408,</strong></span> 
     </span>
     <span class='ocr_line' id='line_1_103' title="bbox 1228 1835 2205 1877; baseline -0.002 -10"><span class='ocrx_word' id='word_1_727' title='bbox 1228 1836 1319 1867; x_wconf 82' lang='lat' dir='ltr'><em>adest</em></span> <span class='ocrx_word' id='word_1_728' title='bbox 1347 1836 1376 1867; x_wconf 88' lang='lat' dir='ltr'><em>ei</em></span> <span class='ocrx_word' id='word_1_729' title='bbox 1403 1836 1539 1875; x_wconf 77' lang='lat' dir='ltr'><em>buxeae,</em></span> <span class='ocrx_word' id='word_1_730' title='bbox 1566 1836 1679 1875; x_wconf 91' lang='lat' dir='ltr'><em>Inoni,</em></span> <span class='ocrx_word' id='word_1_731' title='bbox 1706 1845 1784 1877; x_wconf 83' lang='lat' dir='ltr'><em>quce</em></span> <span class='ocrx_word' id='word_1_732' title='bbox 1809 1836 1852 1867; x_wconf 86' lang='lat' dir='ltr'><em>ab</em></span> <span class='ocrx_word' id='word_1_733' title='bbox 1878 1836 2044 1875; x_wconf 78' lang='lat' dir='ltr'><em>Euripide</em></span> <span class='ocrx_word' id='word_1_734' title='bbox 2066 1835 2205 1875; x_wconf 83' lang='lat' dir='ltr'><em>pallida</em></span> 
     </span>
     <span class='ocr_line' id='line_1_104' title="bbox 1225 1881 2206 1924; baseline -0.002 -10"><span class='ocrx_word' id='word_1_735' title='bbox 1225 1883 1465 1914; x_wconf 81' lang='lat' dir='ltr'><em>introducitur</em></span> <span class='ocrx_word' id='word_1_736' title='bbox 1491 1884 1530 1914; x_wconf 89' lang='lat' dir='ltr'><em>ob</em></span> <span class='ocrx_word' id='word_1_737' title='bbox 1548 1885 1740 1922; x_wconf 80' lang='lat' dir='ltr'><em>iniseriam,</em></span> <span class='ocrx_word' id='word_1_738' title='bbox 1758 1882 1910 1924; x_wconf 79' lang='lat' dir='ltr'><em>pendenti</em></span> <span class='ocrx_word' id='word_1_739' title='bbox 1935 1882 1974 1913; x_wconf 86' lang='lat' dir='ltr'><em>ad</em></span> <span class='ocrx_word' id='word_1_740' title='bbox 1998 1882 2096 1922; x_wconf 86' lang='lat' dir='ltr'><em>pedes</em></span> <span class='ocrx_word' id='word_1_741' title='bbox 2120 1881 2206 1913; x_wconf 85' lang='lat' dir='ltr'><em>Euri·</em></span> 
     </span>
    </p>

    <p class='ocr_par' dir='ltr' id='par_1_22' title="bbox 1225 1929 1557 1970">
     <span class='ocr_line' id='line_1_105' title="bbox 1225 1929 1557 1970; baseline 0 -10"><span class='ocrx_word' id='word_1_742' title='bbox 1225 1929 1322 1970; x_wconf 66' lang='lat' dir='ltr'><em>pulis,</em></span> <span class='ocrx_word' id='word_1_743' title='bbox 1344 1931 1557 1960; x_wconf 86' lang='lat'><strong>1412—1414.</strong></span> 
     </span>
    </p>

    <p class='ocr_par' dir='ltr' id='par_1_23' title="bbox 1185 1976 1666 2015">
     <span class='ocr_line' id='line_1_106' title="bbox 1185 1976 1666 2015; baseline 0 -8"><span class='ocrx_word' id='word_1_744' title='bbox 1185 1976 1401 2015; x_wconf 78' lang='lat' dir='ltr'><em>chaeretades,</em></span> <span class='ocrx_word' id='word_1_745' title='bbox 1424 1976 1486 2015; x_wconf 73' lang='lat' dir='ltr'><em>vir,</em></span> <span class='ocrx_word' id='word_1_746' title='bbox 1504 1976 1598 2007; x_wconf 89' lang='lat' dir='ltr'><em>Eccl.</em></span> <span class='ocrx_word' id='word_1_747' title='bbox 1617 1979 1666 2007; x_wconf 89' lang='grc'>51.</span> 
     </span>
    </p>

    <p class='ocr_par' dir='ltr' id='par_1_24' title="bbox 1184 2022 1610 2059">
     <span class='ocr_line' id='line_1_107' title="bbox 1184 2022 1610 2059; baseline 0 -6"><span class='ocrx_word' id='word_1_748' title='bbox 1184 2022 1363 2059; x_wconf 68' lang='grc' dir='ltr'>(Πιεοτίᾱεῖς.</span> <span class='ocrx_word' id='word_1_749' title='bbox 1388 2023 1467 2055; x_wconf 75' lang='lat' dir='ltr'><em>Vide</em></span> <span class='ocrx_word' id='word_1_750' title='bbox 1480 2022 1610 2054; x_wconf 82' lang='lat' dir='ltr'><em>Chaeris.</em></span> 
     </span>
    </p>

    <p class='ocr_par' dir='ltr' id='par_1_25' title="bbox 1184 2068 2049 2110">
     <span class='ocr_line' id='line_1_108' title="bbox 1184 2068 2049 2110; baseline -0.002 -10"><span class='ocrx_word' id='word_1_751' title='bbox 1184 2070 1372 2110; x_wconf 80' lang='lat' dir='ltr'><em>Chaerippus</em></span> <span class='ocrx_word' id='word_1_752' title='bbox 1390 2070 1518 2109; x_wconf 74' lang='lat' dir='ltr'><em>(nomen</em></span> <span class='ocrx_word' id='word_1_753' title='bbox 1541 2069 1700 2100; x_wconf 88' lang='lat' dir='ltr'><em>nobilium</em></span> <span class='ocrx_word' id='word_1_754' title='bbox 1716 2068 1876 2109; x_wconf 84' lang='lat' dir='ltr'><em>Athenis),</em></span> <span class='ocrx_word' id='word_1_755' title='bbox 1892 2068 1982 2100; x_wconf 73' lang='lat' dir='ltr'><em>Nub.</em></span> <span class='ocrx_word' id='word_1_756' title='bbox 1999 2070 2049 2098; x_wconf 88' lang='grc'><em>64.</em></span> 
     </span>
    </p>

    <p class='ocr_par' dir='ltr' id='par_1_26' title="bbox 1184 2112 2205 2482">
     <span class='ocr_line' id='line_1_109' title="bbox 1184 2112 2204 2155; baseline -0.005 -7"><span class='ocrx_word' id='word_1_757' title='bbox 1184 2117 1325 2155; x_wconf 75' lang='lat' dir='ltr'><em>Chaeris,</em></span> <span class='ocrx_word' id='word_1_758' title='bbox 1343 2116 1555 2148; x_wconf 82' lang='lat' dir='ltr'><em>citharoedus</em></span> <span class='ocrx_word' id='word_1_759' title='bbox 1571 2118 1603 2148; x_wconf 90' lang='lat' dir='ltr'><em>et</em></span> <span class='ocrx_word' id='word_1_760' title='bbox 1621 2116 1782 2147; x_wconf 85' lang='lat' dir='ltr'><em>auloedus</em></span> <span class='ocrx_word' id='word_1_761' title='bbox 1800 2116 1929 2153; x_wconf 88' lang='lat' dir='ltr'><em>malus,</em></span> <span class='ocrx_word' id='word_1_762' title='bbox 1951 2115 2032 2146; x_wconf 84' lang='lat' dir='ltr'><em>Ach.</em></span> <span class='ocrx_word' id='word_1_763' title='bbox 2060 2117 2117 2151; x_wconf 89' lang='grc'><strong>16,·</strong></span> <span class='ocrx_word' id='word_1_764' title='bbox 2131 2112 2204 2151; x_wconf 85' lang='lat' dir='ltr'><em>sri-</em></span> 
     </span>
     <span class='ocr_line' id='line_1_110' title="bbox 1224 2159 2205 2202; baseline -0.005 -8"><span class='ocrx_word' id='word_1_765' title='bbox 1224 2162 1324 2202; x_wconf 81' lang='lat' dir='ltr'><em>9idus</em></span> <span class='ocrx_word' id='word_1_766' title='bbox 1349 2162 1561 2194; x_wconf 82' lang='lat' dir='ltr'><em>citharoedus</em></span> <span class='ocrx_word' id='word_1_767' title='bbox 1585 2164 1617 2193; x_wconf 92' lang='lat' dir='ltr'><em>et</em></span> <span class='ocrx_word' id='word_1_768' title='bbox 1643 2162 1776 2200; x_wconf 78' lang='lat' dir='ltr'><em>tibicen,</em></span> <span class='ocrx_word' id='word_1_769' title='bbox 1794 2164 1852 2192; x_wconf 85' lang='lat' dir='ltr'><em>Av.</em></span> <span class='ocrx_word' id='word_1_770' title='bbox 1884 2164 1954 2199; x_wconf 81' lang='lat'><strong>858,</strong></span> <span class='ocrx_word' id='word_1_771' title='bbox 1970 2162 2005 2191; x_wconf 87' lang='lat' dir='ltr'><em>in</em></span> <span class='ocrx_word' id='word_1_772' title='bbox 2025 2159 2205 2198; x_wconf 81' lang='lat' dir='ltr'><em>sacrificiis</em></span> 
     </span>
     <span class='ocr_line' id='line_1_111' title="bbox 1226 2204 2205 2240; baseline -0.006 0"><span class='ocrx_word' id='word_1_773' title='bbox 1226 2217 1347 2240; x_wconf 90' lang='lat' dir='ltr'><em>canere</em></span> <span class='ocrx_word' id='word_1_774' title='bbox 1364 2209 1486 2240; x_wconf 86' lang='lat' dir='ltr'><em>solitus</em></span> <span class='ocrx_word' id='word_1_775' title='bbox 1500 2220 1510 2240; x_wconf 92' lang='lat'><strong>.·</strong></span> <span class='ocrx_word' id='word_1_776' title='bbox 1524 2209 1657 2240; x_wconf 86' lang='lat' dir='ltr'><em>timetur</em></span> <span class='ocrx_word' id='word_1_777' title='bbox 1674 2217 1713 2239; x_wconf 90' lang='lat' dir='ltr'><em>ne</em></span> <span class='ocrx_word' id='word_1_778' title='bbox 1732 2207 1861 2239; x_wconf 80' lang='lat' dir='ltr'><em>accedat</em></span> <span class='ocrx_word' id='word_1_779' title='bbox 1877 2207 2044 2238; x_wconf 81' lang='lat' dir='ltr'><em>invocatus</em></span> <span class='ocrx_word' id='word_1_780' title='bbox 2056 2205 2096 2236; x_wconf 86' lang='lat' dir='ltr'><em>ad</em></span> <span class='ocrx_word' id='word_1_781' title='bbox 2112 2204 2205 2236; x_wconf 83' lang='lat' dir='ltr'><em>sacri-</em></span> 
     </span>
     <span class='ocr_line' id='line_1_112' title="bbox 1225 2251 2205 2295; baseline -0.005 -9"><span class='ocrx_word' id='word_1_782' title='bbox 1225 2255 1345 2294; x_wconf 90' lang='lat' dir='ltr'><em>ficium,</em></span> <span class='ocrx_word' id='word_1_783' title='bbox 1374 2259 1446 2286; x_wconf 86' lang='lat' dir='ltr'><em>Pac.</em></span> <span class='ocrx_word' id='word_1_784' title='bbox 1465 2259 1647 2293; x_wconf 80' lang='lat'><strong>951——9553</strong></span> <span class='ocrx_word' id='word_1_785' title='bbox 1674 2254 1765 2295; x_wconf 82' lang='lat' dir='ltr'><em>quod</em></span> <span class='ocrx_word' id='word_1_786' title='bbox 1782 2253 1903 2293; x_wconf 86' lang='lat' dir='ltr'><em>facere</em></span> <span class='ocrx_word' id='word_1_787' title='bbox 1928 2253 2076 2290; x_wconf 86' lang='lat' dir='ltr'><em>solebat;</em></span> <span class='ocrx_word' id='word_1_788' title='bbox 2102 2251 2143 2282; x_wconf 89' lang='lat' dir='ltr'><em>de</em></span> <span class='ocrx_word' id='word_1_789' title='bbox 2169 2258 2205 2281; x_wconf 87' lang='lat' dir='ltr'><em>eo</em></span> 
     </span>
     <span class='ocr_line' id='line_1_113' title="bbox 1225 2296 2204 2340; baseline -0.007 -6"><span class='ocrx_word' id='word_1_790' title='bbox 1225 2311 1342 2334; x_wconf 78' lang='lat' dir='ltr'><em>versus</em></span> <span class='ocrx_word' id='word_1_791' title='bbox 1365 2302 1600 2340; x_wconf 85' lang='lat' dir='ltr'><em>Pherecratis,</em></span> <span class='ocrx_word' id='word_1_792' title='bbox 1626 2304 1685 2333; x_wconf 87' lang='grc' dir='ltr'><em>Αυ.</em></span> <span class='ocrx_word' id='word_1_793' title='bbox 1707 2304 1777 2332; x_wconf 86' lang='grc'>858.</span> <span class='ocrx_word' id='word_1_794' title='bbox 1805 2300 1851 2331; x_wconf 87' lang='lat' dir='ltr'><em>Ab</em></span> <span class='ocrx_word' id='word_1_795' title='bbox 1868 2300 1927 2331; x_wconf 90' lang='lat' dir='ltr'><em>hoc</em></span> <span class='ocrx_word' id='word_1_796' title='bbox 1953 2300 2101 2335; x_wconf 87' lang='lat' dir='ltr'><em>tibicine,</em></span> <span class='ocrx_word' id='word_1_797' title='bbox 2124 2296 2204 2328; x_wconf 79' lang='lat' dir='ltr'><em>The-</em></span> 
     </span>
     <span class='ocr_line' id='line_1_114' title="bbox 1226 2344 2202 2390; baseline -0.008 -8"><span class='ocrx_word' id='word_1_798' title='bbox 1226 2351 1326 2390; x_wconf 82' lang='lat' dir='ltr'><em>bano,</em></span> <span class='ocrx_word' id='word_1_799' title='bbox 1344 2351 1486 2390; x_wconf 78' lang='grc' dir='ltr'><strong>ἀμούσῳ,</strong></span> <span class='ocrx_word' id='word_1_800' title='bbox 1510 2350 1593 2381; x_wconf 89' lang='lat' dir='ltr'><em>dicti</em></span> <span class='ocrx_word' id='word_1_801' title='bbox 1620 2349 1800 2386; x_wconf 61' lang='lat' dir='ltr'><em>Chzeridek,</em></span> <span class='ocrx_word' id='word_1_802' title='bbox 1822 2349 1843 2379; x_wconf 91' lang='lat' dir='ltr'><em>i.</em></span> <span class='ocrx_word' id='word_1_803' title='bbox 1873 2356 1890 2379; x_wconf 88' lang='lat' dir='ltr'><em>e</em></span> <span class='ocrx_word' id='word_1_804' title='bbox 1928 2346 2083 2378; x_wconf 75' lang='lat' dir='ltr'><em>Chaeridis</em></span> <span class='ocrx_word' id='word_1_805' title='bbox 2112 2344 2202 2385; x_wconf 88' lang='lat' dir='ltr'><em>pulli,</em></span> 
     </span>
     <span class='ocr_line' id='line_1_115' title="bbox 1224 2392 2201 2430; baseline -0.008 -1"><span class='ocrx_word' id='word_1_806' title='bbox 1224 2397 1305 2429; x_wconf 86' lang='lat' dir='ltr'><em>Ach.</em></span> <span class='ocrx_word' id='word_1_807' title='bbox 1321 2401 1391 2429; x_wconf 88' lang='lat'><strong>866.</strong></span> <span class='ocrx_word' id='word_1_808' title='bbox 1409 2398 1499 2428; x_wconf 89' lang='lat' dir='ltr'><em>Erat</em></span> <span class='ocrx_word' id='word_1_809' title='bbox 1515 2398 1619 2427; x_wconf 86' lang='lat' dir='ltr'><em>etiam</em></span> <span class='ocrx_word' id='word_1_810' title='bbox 1637 2395 1730 2426; x_wconf 89' lang='lat' dir='ltr'><em>atius</em></span> <span class='ocrx_word' id='word_1_811' title='bbox 1749 2395 1880 2426; x_wconf 83' lang='lat' dir='ltr'><em>Choeris</em></span> <span class='ocrx_word' id='word_1_812' title='bbox 1899 2392 2104 2430; x_wconf 79' lang='lat' dir='ltr'><em>citharoeda,</em></span> <span class='ocrx_word' id='word_1_813' title='bbox 2118 2393 2201 2422; x_wconf 89' lang='lat' dir='ltr'><em>Pac.</em></span> 
     </span>
     <span class='ocr_line' id='line_1_116' title="bbox 1224 2441 2144 2482; baseline -0.007 -8"><span class='ocrx_word' id='word_1_814' title='bbox 1224 2447 1298 2482; x_wconf 89' lang='grc'>951,</span> <span class='ocrx_word' id='word_1_815' title='bbox 1318 2445 1392 2475; x_wconf 76' lang='lat' dir='ltr'><em>sive</em></span> <span class='ocrx_word' id='word_1_816' title='bbox 1406 2443 1542 2481; x_wconf 86' lang='lat' dir='ltr'><em>tibicen,</em></span> <span class='ocrx_word' id='word_1_817' title='bbox 1558 2451 1580 2473; x_wconf 91' lang='lat' dir='ltr'><em>a</em></span> <span class='ocrx_word' id='word_1_818' title='bbox 1596 2443 1740 2473; x_wconf 88' lang='lat' dir='ltr'><em>Cratino</em></span> <span class='ocrx_word' id='word_1_819' title='bbox 1752 2442 1976 2478; x_wconf 88' lang='lat' dir='ltr'><em>memoratus,</em></span> <span class='ocrx_word' id='word_1_820' title='bbox 1990 2442 2048 2470; x_wconf 88' lang='grc' dir='ltr'><em>Αυ.</em></span> <span class='ocrx_word' id='word_1_821' title='bbox 2074 2441 2144 2469; x_wconf 86' lang='grc'>858.</span> 
     </span>
    </p>

    <p class='ocr_par' dir='ltr' id='par_1_27' title="bbox 1183 2487 2203 2623">
     <span class='ocr_line' id='line_1_117' title="bbox 1183 2487 2203 2528; baseline -0.007 -7"><span class='ocrx_word' id='word_1_822' title='bbox 1183 2490 1375 2528; x_wconf 82' lang='lat' dir='ltr'><em>Chalcedon,</em></span> <span class='ocrx_word' id='word_1_823' title='bbox 1396 2490 1550 2521; x_wconf 81' lang='lat' dir='ltr'><em>Thracice</em></span> <span class='ocrx_word' id='word_1_824' title='bbox 1565 2489 1647 2520; x_wconf 88' lang='lat' dir='ltr'><em>urbs</em></span> <span class='ocrx_word' id='word_1_825' title='bbox 1664 2496 1681 2519; x_wconf 93' lang='lat' dir='ltr'><em>e</em></span> <span class='ocrx_word' id='word_1_826' title='bbox 1698 2489 1832 2527; x_wconf 75' lang='lat' dir='ltr'><em>reqione</em></span> <span class='ocrx_word' id='word_1_827' title='bbox 1857 2487 2040 2525; x_wconf 73' lang='lat' dir='ltr'><em>Byzantii;</em></span> <span class='ocrx_word' id='word_1_828' title='bbox 2054 2493 2092 2516; x_wconf 91' lang='lat' dir='ltr'><em>eo</em></span> <span class='ocrx_word' id='word_1_829' title='bbox 2106 2492 2203 2523; x_wconf 83' lang='lat' dir='ltr'><em>expe-</em></span> 
     </span>
     <span class='ocr_line' id='line_1_118' title="bbox 1224 2532 2201 2575; baseline -0.006 -8"><span class='ocrx_word' id='word_1_830' title='bbox 1224 2536 1377 2567; x_wconf 82' lang='lat' dir='ltr'><em>ditionem</em></span> <span class='ocrx_word' id='word_1_831' title='bbox 1435 2536 1659 2575; x_wconf 79' lang='lat' dir='ltr'><em>suscepturum</em></span> <span class='ocrx_word' id='word_1_832' title='bbox 1709 2534 1821 2566; x_wconf 88' lang='lat' dir='ltr'><em>dicunt</em></span> <span class='ocrx_word' id='word_1_833' title='bbox 1860 2532 2077 2573; x_wconf 68' lang='lat' dir='ltr'><em>Hyperbolum</em></span> <span class='ocrx_word' id='word_1_834' title='bbox 2089 2554 2099 2570; x_wconf 91' lang='lat'><em>,</em></span> <span class='ocrx_word' id='word_1_835' title='bbox 2139 2533 2201 2571; x_wconf 85' lang='lat' dir='ltr'><em>Eq.</em></span> 
     </span>
     <span class='ocr_line' id='line_1_119' title="bbox 1228 2586 1368 2623; baseline -0.007 -9"><span class='ocrx_word' id='word_1_836' title='bbox 1228 2586 1304 2614; x_wconf 83' lang='lat'><strong>1303</strong></span> <span class='ocrx_word' id='word_1_837' title='bbox 1318 2591 1368 2623; x_wconf 85' lang='lat' dir='ltr'><em>sq.</em></span> 
     </span>
    </p>

    <p class='ocr_par' dir='ltr' id='par_1_28' title="bbox 1185 2623 2203 2892">
     <span class='ocr_line' id='line_1_120' title="bbox 1185 2623 2202 2667; baseline -0.006 -7"><span class='ocrx_word' id='word_1_838' title='bbox 1185 2629 1418 2667; x_wconf 82' lang='lat' dir='ltr'><em>Chalcidenses,</em></span> <span class='ocrx_word' id='word_1_839' title='bbox 1434 2628 1543 2660; x_wconf 83' lang='lat' dir='ltr'><em>coloni</em></span> <span class='ocrx_word' id='word_1_840' title='bbox 1561 2628 1819 2660; x_wconf 84' lang='lat' dir='ltr'><em>Atheniensium</em></span> <span class='ocrx_word' id='word_1_841' title='bbox 1845 2627 1881 2657; x_wconf 82' lang='lat' dir='ltr'><em>in</em></span> <span class='ocrx_word' id='word_1_842' title='bbox 1906 2624 2036 2656; x_wconf 84' lang='lat' dir='ltr'><em>Euboea</em></span> <span class='ocrx_word' id='word_1_843' title='bbox 2061 2623 2202 2662; x_wconf 88' lang='lat' dir='ltr'><em>insula;</em></span> 
     </span>
     <span class='ocr_line' id='line_1_121' title="bbox 1224 2670 2203 2713; baseline -0.007 -7"><span class='ocrx_word' id='word_1_844' title='bbox 1224 2676 1287 2706; x_wconf 87' lang='lat' dir='ltr'><em>alii</em></span> <span class='ocrx_word' id='word_1_845' title='bbox 1309 2677 1440 2706; x_wconf 84' lang='lat' dir='ltr'><em>suntin</em></span> <span class='ocrx_word' id='word_1_846' title='bbox 1457 2675 1616 2713; x_wconf 85' lang='lat' dir='ltr'><em>Thracia,</em></span> <span class='ocrx_word' id='word_1_847' title='bbox 1635 2674 1874 2705; x_wconf 81' lang='lat' dir='ltr'><em>Euboeensium</em></span> <span class='ocrx_word' id='word_1_848' title='bbox 1887 2671 2010 2708; x_wconf 89' lang='lat' dir='ltr'><em>coloni,</em></span> <span class='ocrx_word' id='word_1_849' title='bbox 2024 2670 2203 2701; x_wconf 86' lang='lat' dir='ltr'><em>Athenien-</em></span> 
     </span>
     <span class='ocr_line' id='line_1_122' title="bbox 1223 2715 2199 2761; baseline -0.008 -8"><span class='ocrx_word' id='word_1_850' title='bbox 1223 2722 1316 2753; x_wconf 89' lang='lat' dir='ltr'><em>sibus</em></span> <span class='ocrx_word' id='word_1_851' title='bbox 1328 2722 1494 2761; x_wconf 80' lang='lat' dir='ltr'><em>subjecti;</em></span> <span class='ocrx_word' id='word_1_852' title='bbox 1508 2721 1706 2760; x_wconf 75' lang='lat' dir='ltr'><em>defecerant</em></span> <span class='ocrx_word' id='word_1_853' title='bbox 1720 2720 1763 2751; x_wconf 85' lang='lat' dir='ltr'><em>ab</em></span> <span class='ocrx_word' id='word_1_854' title='bbox 1777 2717 2035 2750; x_wconf 84' lang='lat' dir='ltr'><em>Atheniensibus</em></span> <span class='ocrx_word' id='word_1_855' title='bbox 2053 2715 2199 2747; x_wconf 88' lang='lat' dir='ltr'><em>Euclide</em></span> 
     </span>
     <span class='ocr_line' id='line_1_123' title="bbox 1224 2762 2199 2808; baseline -0.009 -8"><span class='ocrx_word' id='word_1_856' title='bbox 1224 2769 1387 2800; x_wconf 88' lang='lat' dir='ltr'><em>archonte</em></span> <span class='ocrx_word' id='word_1_857' title='bbox 1400 2767 1470 2808; x_wconf 88' lang='lat' dir='ltr'><em>[sed</em></span> <span class='ocrx_word' id='word_1_858' title='bbox 1485 2767 1557 2798; x_wconf 78' lang='lat' dir='ltr'><em>vide</em></span> <span class='ocrx_word' id='word_1_859' title='bbox 1574 2766 1721 2806; x_wconf 89' lang='lat' dir='ltr'><em>annot.],</em></span> <span class='ocrx_word' id='word_1_860' title='bbox 1740 2768 1805 2806; x_wconf 82' lang='lat' dir='ltr'><em>Eq.</em></span> <span class='ocrx_word' id='word_1_861' title='bbox 1821 2767 1892 2796; x_wconf 88' lang='lat'><strong>237.</strong></span> <span class='ocrx_word' id='word_1_862' title='bbox 1914 2762 2149 2795; x_wconf 86' lang='lat' dir='ltr'><em>Chalcidenses</em></span> <span class='ocrx_word' id='word_1_863' title='bbox 2164 2764 2199 2792; x_wconf 82' lang='lat' dir='ltr'><em>in</em></span> 
     </span>
     <span class='ocr_line' id='line_1_124' title="bbox 1224 2808 2198 2846; baseline -0.009 0"><span class='ocrx_word' id='word_1_864' title='bbox 1224 2815 1355 2846; x_wconf 85' lang='lat' dir='ltr'><em>Euboea</em></span> <span class='ocrx_word' id='word_1_865' title='bbox 1370 2814 1412 2845; x_wconf 89' lang='lat' dir='ltr'><em>ab</em></span> <span class='ocrx_word' id='word_1_866' title='bbox 1425 2813 1684 2845; x_wconf 81' lang='lat' dir='ltr'><em>Atheniensibus</em></span> <span class='ocrx_word' id='word_1_867' title='bbox 1707 2812 1769 2843; x_wconf 88' lang='lat' dir='ltr'><em>sub</em></span> <span class='ocrx_word' id='word_1_868' title='bbox 1793 2810 1926 2843; x_wconf 89' lang='lat' dir='ltr'><em>Pericle</em></span> <span class='ocrx_word' id='word_1_869' title='bbox 1949 2809 2083 2846; x_wconf 87' lang='lat' dir='ltr'><em>obsessi,</em></span> <span class='ocrx_word' id='word_1_870' title='bbox 2109 2808 2198 2839; x_wconf 70' lang='lat' dir='ltr'><em>Nub.</em></span> 
     </span>
     <span class='ocr_line' id='line_1_125' title="bbox 1225 2865 1294 2892; baseline 0.014 -1"><span class='ocrx_word' id='word_1_871' title='bbox 1225 2865 1294 2892; x_wconf 82' lang='lat'><strong>213.</strong></span> 
     </span>
    </p>

    <p class='ocr_par' dir='ltr' id='par_1_29' title="bbox 1182 2905 1932 2946">
     <span class='ocr_line' id='line_1_126' title="bbox 1182 2905 1932 2946; baseline -0.009 -8"><span class='ocrx_word' id='word_1_872' title='bbox 1182 2908 1400 2939; x_wconf 87' lang='lat' dir='ltr'><em>Chalcidicum</em></span> <span class='ocrx_word' id='word_1_873' title='bbox 1416 2905 1766 2946; x_wconf 73' lang='lat' dir='ltr'><em>poculum‚fi9linum,</em></span> <span class='ocrx_word' id='word_1_874' title='bbox 1782 2905 1843 2942; x_wconf 86' lang='lat' dir='ltr'><em>Eq.</em></span> <span class='ocrx_word' id='word_1_875' title='bbox 1861 2905 1932 2932; x_wconf 85' lang='lat'><strong>237.</strong></span> 
     </span>
    </p>

    <p class='ocr_par' dir='ltr' id='par_1_30' title="bbox 1182 2951 1928 2992">
     <span class='ocr_line' id='line_1_127' title="bbox 1182 2951 1928 2992; baseline -0.011 -7"><span class='ocrx_word' id='word_1_876' title='bbox 1182 2955 1312 2992; x_wconf 75' lang='grc' dir='ltr'><strong>Χαλκοῖ,</strong></span> <span class='ocrx_word' id='word_1_877' title='bbox 1328 2955 1423 2984; x_wconf 87' lang='lat' dir='ltr'><em>numi</em></span> <span class='ocrx_word' id='word_1_878' title='bbox 1443 2954 1542 2983; x_wconf 87' lang='lat' dir='ltr'><em>erant</em></span> <span class='ocrx_word' id='word_1_879' title='bbox 1559 2953 1725 2991; x_wconf 70' lang='lat' dir='ltr'><em>arqentei,</em></span> <span class='ocrx_word' id='word_1_880' title='bbox 1748 2952 1840 2988; x_wconf 73' lang='lat' dir='ltr'><em>i&#39;esp.</em></span> <span class='ocrx_word' id='word_1_881' title='bbox 1856 2951 1928 2979; x_wconf 89' lang='grc'>795.</span> 
     </span>
    </p>

    <p class='ocr_par' dir='ltr' id='par_1_31' title="bbox 1181 2990 2197 3084">
     <span class='ocr_line' id='line_1_128' title="bbox 1181 2990 2197 3039; baseline -0.012 -8"><span class='ocrx_word' id='word_1_882' title='bbox 1181 3001 1334 3038; x_wconf 85' lang='lat' dir='ltr'><em>Chaones,</em></span> <span class='ocrx_word' id='word_1_883' title='bbox 1352 3008 1432 3039; x_wconf 75' lang='lat' dir='ltr'><em>qens</em></span> <span class='ocrx_word' id='word_1_884' title='bbox 1446 3000 1635 3038; x_wconf 83' lang='lat' dir='ltr'><em>Epirotica,</em></span> <span class='ocrx_word' id='word_1_885' title='bbox 1647 2997 1725 3029; x_wconf 87' lang='lat' dir='ltr'><em>Ach.</em></span> <span class='ocrx_word' id='word_1_886' title='bbox 1744 2998 1816 3033; x_wconf 86' lang='grc'>604,</span> <span class='ocrx_word' id='word_1_887' title='bbox 1834 2997 1912 3032; x_wconf 85' lang='grc'>613;</span> <span class='ocrx_word' id='word_1_888' title='bbox 1926 3000 2006 3032; x_wconf 73' lang='lat' dir='ltr'><em>qens</em></span> <span class='ocrx_word' id='word_1_889' title='bbox 2028 2990 2197 3028; x_wconf 81' lang='lat' dir='ltr'><em>Thracioe;</em></span> 
     </span>
     <span class='ocr_line' id='line_1_129' title="bbox 1222 3038 2196 3084; baseline -0.011 -7"><span class='ocrx_word' id='word_1_890' title='bbox 1222 3047 1284 3077; x_wconf 87' lang='lat' dir='ltr'><em>alii</em></span> <span class='ocrx_word' id='word_1_891' title='bbox 1300 3054 1352 3077; x_wconf 89' lang='lat' dir='ltr'><em>eos</em></span> <span class='ocrx_word' id='word_1_892' title='bbox 1371 3047 1406 3077; x_wconf 85' lang='lat' dir='ltr'><em>in</em></span> <span class='ocrx_word' id='word_1_893' title='bbox 1424 3047 1542 3084; x_wconf 74' lang='lat' dir='ltr'><em>Epiro,</em></span> <span class='ocrx_word' id='word_1_894' title='bbox 1560 3044 1621 3074; x_wconf 87' lang='lat' dir='ltr'><em>alii</em></span> <span class='ocrx_word' id='word_1_895' title='bbox 1639 3046 1674 3074; x_wconf 86' lang='lat' dir='ltr'><em>in</em></span> <span class='ocrx_word' id='word_1_896' title='bbox 1696 3042 1887 3081; x_wconf 88' lang='lat' dir='ltr'><em>Thesprotis</em></span> <span class='ocrx_word' id='word_1_897' title='bbox 1896 3039 2044 3078; x_wconf 81' lang='lat' dir='ltr'><em>ponunt,</em></span> <span class='ocrx_word' id='word_1_898' title='bbox 2062 3038 2126 3076; x_wconf 87' lang='lat' dir='ltr'><em>Eq.</em></span> <span class='ocrx_word' id='word_1_899' title='bbox 2145 3039 2196 3068; x_wconf 93' lang='lat'><em>78.</em></span> 
     </span>
    </p>

    <p class='ocr_par' dir='ltr' id='par_1_32' title="bbox 1184 3084 2125 3129">
     <span class='ocr_line' id='line_1_130' title="bbox 1184 3084 2125 3129; baseline -0.013 -5"><span class='ocrx_word' id='word_1_900' title='bbox 1184 3093 1337 3124; x_wconf 86' lang='lat' dir='ltr'><em>Chaonia</em></span> <span class='ocrx_word' id='word_1_901' title='bbox 1350 3102 1360 3122; x_wconf 96' lang='grc'><em>.·</em></span> <span class='ocrx_word' id='word_1_902' title='bbox 1374 3091 1420 3122; x_wconf 88' lang='lat' dir='ltr'><em>ibi</em></span> <span class='ocrx_word' id='word_1_903' title='bbox 1434 3091 1527 3121; x_wconf 74' lang='lat' dir='ltr'><em>bones</em></span> <span class='ocrx_word' id='word_1_904' title='bbox 1540 3089 1666 3129; x_wconf 79' lang='grc' dir='ltr'><strong>λαρινοὶ,</strong></span> <span class='ocrx_word' id='word_1_905' title='bbox 1684 3087 1831 3119; x_wconf 85' lang='lat' dir='ltr'><em>Cestrini</em></span> <span class='ocrx_word' id='word_1_906' title='bbox 1845 3085 1940 3123; x_wconf 89' lang='lat' dir='ltr'><em>dicti,</em></span> <span class='ocrx_word' id='word_1_907' title='bbox 1956 3085 2036 3114; x_wconf 89' lang='lat' dir='ltr'><em>Pac.</em></span> <span class='ocrx_word' id='word_1_908' title='bbox 2053 3084 2125 3113; x_wconf 84' lang='lat'><strong>925.</strong></span> 
     </span>
    </p>

    <p class='ocr_par' dir='ltr' id='par_1_33' title="bbox 1181 3130 2195 3315">
     <span class='ocr_line' id='line_1_131' title="bbox 1181 3130 2195 3177; baseline -0.013 -7"><span class='ocrx_word' id='word_1_909' title='bbox 1181 3139 1284 3170; x_wconf 91' lang='lat' dir='ltr'><em>Chaos</em></span> <span class='ocrx_word' id='word_1_910' title='bbox 1300 3138 1333 3169; x_wconf 89' lang='lat' dir='ltr'><em>in</em></span> <span class='ocrx_word' id='word_1_911' title='bbox 1354 3136 1510 3177; x_wconf 88' lang='lat' dir='ltr'><em>principio</em></span> <span class='ocrx_word' id='word_1_912' title='bbox 1523 3136 1604 3173; x_wconf 87' lang='lat' dir='ltr'><em>erat,</em></span> <span class='ocrx_word' id='word_1_913' title='bbox 1626 3137 1684 3165; x_wconf 84' lang='grc' dir='ltr'><em>Αυ.</em></span> <span class='ocrx_word' id='word_1_914' title='bbox 1705 3136 1776 3169; x_wconf 88' lang='grc'><strong>693,</strong></span> <span class='ocrx_word' id='word_1_915' title='bbox 1804 3134 1876 3169; x_wconf 82' lang='lat'><strong>6913</strong></span> <span class='ocrx_word' id='word_1_916' title='bbox 1895 3130 2032 3166; x_wconf 61' lang='lat' dir='ltr'><em>alatum</em></span> <span class='ocrx_word' id='word_1_917' title='bbox 2056 3136 2195 3167; x_wconf 87' lang='lat' dir='ltr'><em>quocum</em></span> 
     </span>
     <span class='ocr_line' id='line_1_132' title="bbox 1221 3176 2183 3223; baseline -0.014 -7"><span class='ocrx_word' id='word_1_918' title='bbox 1221 3185 1256 3215; x_wconf 91' lang='lat' dir='ltr'><em>in</em></span> <span class='ocrx_word' id='word_1_919' title='bbox 1271 3186 1403 3215; x_wconf 86' lang='lat' dir='ltr'><em>Tartaro</em></span> <span class='ocrx_word' id='word_1_920' title='bbox 1431 3182 1546 3213; x_wconf 86' lang='lat' dir='ltr'><em>mistus</em></span> <span class='ocrx_word' id='word_1_921' title='bbox 1565 3184 1661 3212; x_wconf 73' lang='lat' dir='ltr'><em>Amor</em></span> <span class='ocrx_word' id='word_1_922' title='bbox 1677 3179 1776 3210; x_wconf 88' lang='lat' dir='ltr'><em>edidit</em></span> <span class='ocrx_word' id='word_1_923' title='bbox 1800 3177 1909 3208; x_wconf 70' lang='lat' dir='ltr'><em>avium</em></span> <span class='ocrx_word' id='word_1_924' title='bbox 1929 3183 2040 3215; x_wconf 84' lang='lat' dir='ltr'><em>genus,</em></span> <span class='ocrx_word' id='word_1_925' title='bbox 2067 3176 2126 3204; x_wconf 89' lang='lat'><em>698</em></span> <span class='ocrx_word' id='word_1_926' title='bbox 2144 3182 2183 3223; x_wconf 73' lang='lat' dir='ltr'><em>sq</em></span> 
     </span>
     <span class='ocr_line' id='line_1_133' title="bbox 1222 3217 2195 3267; baseline -0.013 -6"><span class='ocrx_word' id='word_1_927' title='bbox 1222 3230 1335 3267; x_wconf 87' lang='lat' dir='ltr'><em>Chaos,</em></span> <span class='ocrx_word' id='word_1_928' title='bbox 1350 3228 1386 3259; x_wconf 87' lang='lat' dir='ltr'><em>id</em></span> <span class='ocrx_word' id='word_1_929' title='bbox 1399 3229 1449 3259; x_wconf 88' lang='lat' dir='ltr'><em>est</em></span> <span class='ocrx_word' id='word_1_930' title='bbox 1461 3235 1534 3266; x_wconf 89' lang='lat' dir='ltr'><em>aer,</em></span> <span class='ocrx_word' id='word_1_931' title='bbox 1547 3226 1669 3258; x_wconf 84' lang='lat' dir='ltr'><em>socrati</em></span> <span class='ocrx_word' id='word_1_932' title='bbox 1679 3225 1771 3264; x_wconf 89' lang='lat' dir='ltr'><em>deus,</em></span> <span class='ocrx_word' id='word_1_933' title='bbox 1786 3222 1876 3255; x_wconf 87' lang='lat' dir='ltr'><em>Nub.</em></span> <span class='ocrx_word' id='word_1_934' title='bbox 1897 3224 1970 3260; x_wconf 84' lang='lat'><strong>4243</strong></span> <span class='ocrx_word' id='word_1_935' title='bbox 2003 3220 2056 3260; x_wconf 88' lang='lat' dir='ltr'><em>qui</em></span> <span class='ocrx_word' id='word_1_936' title='bbox 2077 3227 2132 3259; x_wconf 90' lang='lat' dir='ltr'><em>per</em></span> <span class='ocrx_word' id='word_1_937' title='bbox 2161 3217 2195 3248; x_wconf 83' lang='lat' dir='ltr'><em>id</em></span> 
     </span>
     <span class='ocr_line' id='line_1_134' title="bbox 1218 3275 1452 3315; baseline -0.009 -9"><span class='ocrx_word' id='word_1_938' title='bbox 1218 3276 1304 3315; x_wconf 87' lang='lat' dir='ltr'><em>jurat</em></span> <span class='ocrx_word' id='word_1_939' title='bbox 1320 3275 1362 3306; x_wconf 88' lang='lat' dir='ltr'><em>ib.</em></span> <span class='ocrx_word' id='word_1_940' title='bbox 1381 3277 1452 3305; x_wconf 90' lang='lat'><strong>627.</strong></span> 
     </span>
    </p>

    <p class='ocr_par' dir='ltr' id='par_1_34' title="bbox 1180 3309 2193 3445">
     <span class='ocr_line' id='line_1_135' title="bbox 1180 3309 2192 3356; baseline -0.012 -3"><span class='ocrx_word' id='word_1_941' title='bbox 1180 3321 1371 3354; x_wconf 81' lang='lat' dir='ltr'><em>charadrius</em></span> <span class='ocrx_word' id='word_1_942' title='bbox 1381 3320 1559 3356; x_wconf 85' lang='lat' dir='ltr'><em>comestus,</em></span> <span class='ocrx_word' id='word_1_943' title='bbox 1571 3315 1758 3348; x_wconf 85' lang='lat' dir='ltr'><em>secundum</em></span> <span class='ocrx_word' id='word_1_944' title='bbox 1773 3316 1859 3347; x_wconf 84' lang='lat' dir='ltr'><em>alios</em></span> <span class='ocrx_word' id='word_1_945' title='bbox 1873 3315 2070 3354; x_wconf 84' lang='lat' dir='ltr'><em>conspectus</em></span> <span class='ocrx_word' id='word_1_946' title='bbox 2084 3309 2192 3346; x_wconf 79' lang='lat' dir='ltr'><em>moda,</em></span> 
     </span>
     <span class='ocr_line' id='line_1_136' title="bbox 1221 3359 2193 3405; baseline -0.012 -7"><span class='ocrx_word' id='word_1_947' title='bbox 1221 3367 1389 3405; x_wconf 77' lang='lat' dir='ltr'><em>auruqine</em></span> <span class='ocrx_word' id='word_1_948' title='bbox 1407 3365 1604 3396; x_wconf 88' lang='lat' dir='ltr'><em>laborantes</em></span> <span class='ocrx_word' id='word_1_949' title='bbox 1623 3364 1750 3393; x_wconf 82' lang='lat' dir='ltr'><em>sanat:</em></span> <span class='ocrx_word' id='word_1_950' title='bbox 1769 3370 1878 3402; x_wconf 85' lang='lat' dir='ltr'><em>quare</em></span> <span class='ocrx_word' id='word_1_951' title='bbox 1903 3359 2090 3392; x_wconf 77' lang='lat' dir='ltr'><em>venditores</em></span> <span class='ocrx_word' id='word_1_952' title='bbox 2116 3364 2193 3387; x_wconf 85' lang='lat' dir='ltr'><em>eum</em></span> 
     </span>
     <span class='ocr_line' id='line_1_137' title="bbox 1222 3408 2011 3445; baseline -0.011 0"><span class='ocrx_word' id='word_1_953' title='bbox 1222 3412 1398 3445; x_wconf 86' lang='lat' dir='ltr'><em>occultant</em></span> <span class='ocrx_word' id='word_1_954' title='bbox 1428 3419 1469 3442; x_wconf 85' lang='lat' dir='ltr'><em>ne</em></span> <span class='ocrx_word' id='word_1_955' title='bbox 1484 3410 1584 3442; x_wconf 86' lang='lat' dir='ltr'><em>sanet</em></span> <span class='ocrx_word' id='word_1_956' title='bbox 1601 3417 1665 3440; x_wconf 86' lang='lat' dir='ltr'><em>non</em></span> <span class='ocrx_word' id='word_1_957' title='bbox 1681 3408 1852 3445; x_wconf 84' lang='lat' dir='ltr'><em>venditus,</em></span> <span class='ocrx_word' id='word_1_958' title='bbox 1867 3409 1924 3438; x_wconf 78' lang='lat' dir='ltr'><em>Ac.</em></span> <span class='ocrx_word' id='word_1_959' title='bbox 1941 3409 2011 3436; x_wconf 88' lang='lat'><strong>266.</strong></span> 
     </span>
    </p>
   </div>
  </div>
 </body>
</html>
