2533 3808
240 245 308 278 158

233 341 247 355 α
266 316 460 368 ἐστιγμένος
483 312 533 350 ἔτι
554 308 613 348 καὶ
629 310 687 344 νῦν
710 306 744 342 ἐν
760 305 810 354 τῶ
836 298 1095 354 ἀργυροκοπείῳ
1115 296 1267 334 δουλεύει

234 399 250 413 a
268 381 317 430 τῷ
349 370 522 423 δημοσίῳ,
543 369 587 410 ὡς
613 364 648 403 δὲ
669 362 757 408 ξένος
783 359 829 398 ὢν
857 359 917 397 καὶ
947 357 1120 410 βάρὸαρος
1143 357 1270 406 λυχνο-

234 456 250 471 α
267 435 369 473 ποιεῖ.
399 450 412 464 »
438 427 647 475 Θεόπομπος
669 421 705 459 δέ
732 434 818 472 φησι
845 417 905 456 καὶ
928 415 986 453 τὸν
1014 413 1133 466 νεκρὸν
1164 414 1269 450 αὐτοῦ

233 489 560 532 καταποντωθῆναι,
598 479 739 533 γράφων
778 476 830 514 ὅτι
869 493 883 507 α
925 471 1181 524 ἐξωστράκισαν
1214 469 1271 506 τὸν

206 571 251 596 5«
270 546 483 599 Ὕπέρέολον
505 542 538 586 ἓξ
558 540 630 585 ἔτη·
651 541 668 576 ὃ
687 536 722 574 δὲ
738 531 983 574 καταπλεύσας
1005 532 1051 573 εἷς
1072 529 1192 578 Σάμον
1213 526 1273 564 καὶ

236 628 251 643 n
271 607 333 653 τὴν
351 605 482 650 οἴκησιν
503 602 606 637 αὐτοῦ
622 593 875 643 ποιησάμενος,
893 589 1056 627 ἀπέθανε.
1075 586 1134 624 καὶ
1153 584 1273 623 τούτου

237 666 327 703 «τὸν
352 661 470 713 νεκρὸν
498 659 544 700 εἷς
571 654 676 693 ἀσκὸν
703 650 886 703 ἆγαγόντες
909 649 954 691 εἷς
975 648 1014 684 τὸ
1038 644 1187 694 πέλαγος
1211 657 1276 679 κα-

238 744 254 758 «
273 722 505 761 τεπόντωσαν.
527 717 554 765 υ)

293 795 370 820 1009.
400 775 494 830 ‘Uim’
525 773 576 811 ἴτε
599 769 777 822 χαίροντες
807 778 816 805 2
842 767 956 803 Τοῦτο
984 759 1176 811 κομμάτιον
1210 772 1278 794 κα-

194 863 223 885 10
238 844 368 884 λεῖται,
383 836 467 886 ὅπερ
486 831 558 870 ἐστὶ
573 826 805 881 προκήρυγμα
822 826 883 868 τῆς
893 819 1139 871 παραῧάσεως.
1156 815 1230 853 ἔστι
1245 812 1280 850 δὲ

240 898 360 937 κώλων
374 890 612 946 χοριαμῧικῶν
632 880 914 935 ἐπιμεμιγμένων
929 875 1112 928 ἐπιτρίτοις
1128 873 1186 910 καὶ
1200 874 1280 922 βακ-

240 956 347 1009 χείοις
359 953 419 991 καὶ
431 946 693 998 παλιμὸάκχοις
710 942 752 988 ζ’,
766 935 812 978 ῶν
826 939 864 977 τὸ
877 939 1012 989 πρῶτον
1027 933 1206 986 τρίμετρον
1221 945 1283 966 κα-

241 1009 463 1059 ταληκτικὸν,
497 1006 535 1044 τὸ
567 1002 722 1053 δεύτερον
752 998 909 1049 δίμετρον
938 992 1194 1038 ἀκατάληκτον,
1224 987 1282 1024 τὸν

243 1074 378 1125 πρῶτον
393 1067 471 1118 ἔχον
485 1063 575 1102 πόδα
589 1055 883 1098 πεντασύλλαθον·
898 1053 936 1091 τὸ
950 1052 1112 1100 τέταρτον
1127 1047 1285 1098 δίμετρον

195 1153 226 1176 15
246 1127 501 1172 ἀκατάληκτον,
529 1120 645 1171 ὅμοιον
668 1119 717 1169 τῷ
740 1118 787 1167 β’,
813 1112 852 1150 τὸ
878 1112 902 1149 ε’
925 1110 1041 1160 ὅμοιον
1070 1109 1119 1158 τῷ
1147 1104 1285 1156 πρώτῳ.

244 1188 290 1226 τὰ
305 1186 341 1224 δὲ
355 1182 461 1223 λοιπὰ
476 1184 521 1223 ὡς
533 1179 572 1216 τὸ
590 1175 760 1227 δεύτερον.
780 1171 837 1209 ἐπὶ
850 1173 900 1221 τῷ
918 1168 1010 1206 τέλει
1028 1160 1289 1217 παρτ>ἱγρα’ρος,])1

303 1258 381 1284 1013.
415 1239 476 1291 (μὴ
506 1237 596 1287 πέσῃ
629 1233 769 1287 φαύλως
796 1243 805 1269 :
836 1226 1082 1269 Φυλάττεσθε,
1107 1222 1214 1275 φησὶ,
1241 1218 1288 1269 μὴ

249 1302 518 1356 ἐκφαυλισθῆναι
537 1293 600 1340 τὴν
629 1287 855 1329 διδασκαλίαν
878 1287 937 1322 τοῦ
959 1281 1133 1333 δράματος
1157 1276 1290 1315 τούτου.

249 1362 309 1401 καὶ
330 1359 397 1410 πρὸ
425 1356 494 1398 ἑνὸς
520 1352 587 1404 γὰρ
615 1350 769 1387 ἐνιαυτοῦ
798 1343 859 1386 τὰς
889 1341 1030 1393 πρώτας
1059 1337 1217 1389 Χεερέλας
1243 1336 1294 1372 δι-Α

198 1444 233 1469 20
252 1420 354 1463 δάξας
386 1412 567 1465 ἀπεκρίθη.
597 1431 649 1437 —-
677 1405 726 1456 μὴ
757 1403 901 1443 εὐτελῶς
931 1394 1049 1451 ὀφθείη
1081 1395 1103 1441 ἢ
1138 1391 1294 1444 ματαίως

253 1481 352 1531 ῥηθῇ.
372 1474 458 1524 ὑπὲρ
478 1474 535 1508 τοῦ
556 1468 700 1512 ποιητοῦ
720 1462 755 1500 δὲ
776 1464 793 1498 ὁ
809 1458 910 1512 χορός
927 1472 1024 1510 φησι.
1042 1455 1099 1505 V.)

309 1549 385 1574 1015.
419 1531 526 1582 (εἴπερ
548 1522 697 1576 καθαρόν
724 1535 732 1560 :
758 1513 1080 1570 Παρρησιαστικὸν,
1103 1508 1296 1562 εἰλικρινὲς,

253 1593 419 1647 γνήσιον.)
709 1633 729 1641 ...

310 1666 387 1690 1017.
418 1646 527 1699 (πολλ’
548 1641 668 1683 αὐτοὺς
694 1643 729 1676 εὖ
749 1632 948 1681 πεποιηκώς

204 1735 238 1760 25
258 1712 428 1765 δράμασιν
451 1706 554 1743 αὐτοῦ
575 1700 727 1750 ἐλέγχειν
748 1694 808 1737 τὰς
827 1689 959 1733 κλοπὰς
979 1687 1150 1736 ἑκάστου.)

312 1782 391 1808 1018.
423 1763 479 1815 (τὰ
505 1761 566 1812 μὲν
597 1760 634 1796 οὗ
664 1756 817 1809 φανερῶς
842 1765 850 1790 :
879 1751 957 1788 Οὐκ
982 1748 1021 1784 ἐκ
1046 1749 1106 1783 τοῦ
1133 1757 1258 1795 φανερο
1292 1771 1301 1787 ,

259 1827 374 1882 φησὶν,
393 1820 564 1872 ἐπικουρεῖ
580 1821 597 1855 ὃ
613 1812 758 1860 ποιητὴς
778 1811 846 1852 τοῖς
867 1811 1004 1848 θεαταῖς
1024 1806 1119 1854 ὑμῖν,
1144 1800 1235 1839 ἀλλὰ
1261 1799 1302 1837 δι’

261 1886 385 1938 ἑτέρων
419 1879 571 1925 ποιητῶν
605 1873 739 1925 λάθρα,
771 1865 890 1912 ἐπειδὴ
926 1863 982 1902 διὰ
1019 1859 1216 1900 Φιλωνίδου
1245 1857 1304 1895 καὶ

264 1938 528 1990 Καλλιστράτου
549 1931 660 1972 καθίει
678 1927 755 1967 τινὰ
774 1928 841 1963 τῶν
863 1921 1062 1975 δραμάτων.
1082 1920 1218 1971 πρῶτον
1238 1915 1304 1967 γὰρ

287 2009 381 2056 ρᾶμα
400 1998 442 2036 δι’
464 1996 585 2033 ἑαυτοῦ
609 1991 739 2042 καθῆκε
758 1983 835 2026 τοὺς
855 1979 1028 2027 Ἱππέας.)

320 2074 397 2099 1019.
427 2055 488 2102 τὴν
511 2046 727 2103 Εὐρυκλέους
749 2040 916 2095 μαντείαν
944 2051 953 2076 ζ
981 2035 1162 2088 Εὖρυκλῆς
1187 2032 1309 2093 μάντις

1031 2093 1134 2146 φασὶν
1170 2095 1226 2129 οὐν
1258 2090 1310 2128 ὅτι

975 1644 983 1669 2
1012 1628 1080 1668 Διὰ
1104 1627 1143 1665 τὸ
1171 1628 1204 1664 ἐν
1229 1630 1299 1667 τοῖς

1258 1745 1279 1753 ἰ

1264 1801 1279 1812 )

211 2005 282 2061 30ὃ

268 2121 308 2159 δι’
345 2117 466 2169 ἑτέρων
499 2109 621 2150 ἑαυτὸν
652 2107 757 2143 ποιῶν
790 2099 1000 2144 κατάδηλον.

267 2178 384 2228 ὥσπερ
409 2171 585 2224 Εὐρυκλῆς
607 2164 712 2205 οὕτως
731 2158 829 2210 κάγὼ
856 2156 985 2194 ἐδίδουν

268 2252 323 2280 τος
345 2237 391 2277 ὡς
419 2225 689 2282 ἐγγαστρίμυθος
713 2219 853 2270 λέγεται
880 2213 1041 2259 Ἀθήνησι
1064 2211 1198 2255 τάληθῆ
1221 2223 1312 2257 μαν-

236 2332 247 2339 ,
269 2294 449 2343 τευόμενος
471 2286 527 2325 διὰ
547 2288 607 2322 τοῦ
625 2278 874 2330 ἐνυπάρχοντος
895 2274 988 2323 αὐτῷ
1014 2268 1185 2318 δαίμονος.
1202 2269 1315 2303 τοιοῦ-

216 2332 250 2357 3⁰
866 2330 993 2384 τρόπον
1017 2326 1176 2372 ἐποίησεν
1202 2326 1248 2366 εἷς
1272 2321 1316 2360 τὰ

1012 2153 1148 2204 ἑτέροις.
1171 2158 1207 2187 Ιῖ.
1238 2151 1310 2199 (οὑ-

270 2369 327 2391 τον
350 2345 422 2399 οῦν,
445 2345 546 2400 φησὶ,
567 2341 626 2380 καὶ
652 2342 669 2377 ὁ
694 2334 840 2382 ποιητὴς

489 2402 614 2454 ἑτέροις
648 2395 816 2435 διακόνοις
850 2391 1051 2442 χρώμενος,
1084 2387 1130 2427 ὡς
1163 2385 1191 2421 εἷ
1223 2386 1316 2420 εἶπεν

274 2470 372 2522 ἔργον
390 2464 536 2510 ποιήσας
552 2463 618 2498 τῶν
640 2455 787 2507 ἐχόντων
806 2448 935 2500 ἀγαθὸν
954 2445 1114 2495 δαίμονα.
1134 2444 1317 2493 ἐγγαστρῖ-

507 2515 737 2570 Εὐρυκλεῖδαι
758 2510 941 2547 ἐκαλοῦντο
964 2505 1116 2542 ἐντεῦθεν
1139 2499 1267 2541 πάντες
1289 2499 1320 2534 οἳ

224 2619 259 2644 40
279 2581 544 2636 μαντευόμενοι,
564 2574 633 2613 ἀπὸ
655 2567 870 2622 Εὐρυκλέους
894 2561 1062 2615 [πρῶτον]
1090 2562 1191 2596 τοῦτο
1224 2555 1323 2600 ποιή-

279 2655 410 2682 σαντος.
443 2637 482 2674 τὸ
514 2633 568 2679 δὲ,
604 2632 649 2672 εἷς
681 2623 863 2676 ἀλλοτρίας
887 2618 1058 2671 γαστέρας
1093 2614 1204 2659 ἐνδὺς,
1246 2611 1322 2649 ἀντὶ

279 2703 340 2737 τοῦ
362 2700 481 2740 εἰπεῖν,
499 2692 551 2730 ὅτι
570 2688 735 2741 πρότερον
759 2683 875 2723 ἄλλοις
893 2678 1002 2716 ἐδίδου
1025 2674 1087 2717 τὰς
1112 2670 1321 2723 κωμῳδίας.)

339 2769 417 2794 1021.
450 2746 666 2802 (κινδυνεύων
684 2742 759 2782 καθ’
780 2737 900 2778 ἑαυτόν
924 2750 933 2774 z
959 2732 1027 2773 Διὰ
1043 2731 1109 2784 γὰρ
1131 2730 1188 2768 τὸν
1211 2728 1327 2766 κίνδυ-

283 2831 338 2854 νον
357 2811 465 2854 οὐδεὶς
485 2805 651 2858 ὑπεκρίθη
667 2801 743 2844 τοὺς
759 2796 953 2854 Ἱππέας)

339 2884 417 2911 1024.
450 2869 526 2919 (οὐκ
549 2861 728 2902 ἐκτελέσαι
749 2856 850 2911 φησίν
876 2868 884 2893 :
905 2856 1003 2898 Οἱον,
1023 2850 1061 2887 οὗ
1082 2847 1195 2885 τέλεον
1216 2847 1327 2896 ἐπαρ-

286 2935 403 2978 θῆναι,
423 2926 539 2980 φησὶν,
560 2921 710 2969 ἠθέλησε
733 2916 793 2955 καὶ
819 2915 882 2952 οὐκ
907 2911 964 2949 ἐπὶ
989 2909 1084 2950 τέλος
1107 2904 1217 2948 ἔδοξεν
1235 2904 1329 2954 αὐτῷ

288 2991 396 3028 ἐλθεῖν
417 2986 494 3024 οὔτε
509 2986 570 3029 τ’ἧς
586 2978 757 3024 ποιήσεως
775 2973 854 3013 οὔτε
869 2974 937 3009 τῶν
956 2966 1134 3014 ἐπαίνων.)

344 3046 452 3096 (1025).
482 3040 559 3080 οὐδὲ
577 3037 796 3087 παλαίστρας
823 3045 832 3071 :
857 3028 950 3068 Οὐδὲ
972 3029 1002 3064 εἷ
1021 3025 1213 3077 προσῆλθεν
1239 3020 1332 3070 αὐτῷ

290 3121 340 3148 τις
361 3103 506 3147 ἐξώλης,
524 3094 751 3148 ἀναστραφεὶς
766 3090 826 3130 καὶ
847 3087 1004 3138 δεόμενος
1022 3083 1069 3134 μὴ
1090 3080 1333 3131 κωμῳδεῖσθαι

298 3162 511 3214 ἐμαλάττετο
527 3155 603 3195 οὐδὲ
629 3153 792 3191 ἐπείθετο.
873 3146 1020 3186 Ἄλλως.
1038 3141 1079 3179 δι’
1105 3138 1272 3177 Εὔπολιν.
1299 3136 1334 3172 ἐν

287 3213 289 3215 ¹
298 3218 487 3269 Αὐτολύκῳ
514 3215 549 3252 δὲ
570 3210 712 3251 τοιαῦτά
741 3223 837 3261 φησι.
859 3207 976 3256 [τοῦτο
1004 3200 1039 3239 δὲ
1064 3199 1123 3236 καὶ
1145 3199 1178 3234 ἐν
1202 3193 1334 3244 Εἰρήνῃ

300 3280 373 3329 (702)
391 3275 508 3324 οὕτω]
525 3270 660 3324 περιῄει
675 3267 736 3311 τας
753 3263 971 3315 παλαίστρας
998 3253 1261 3307 σεμνυνόμενος,
1277 3250 1336 3288 καὶ

298 3343 368 3380 τοῖς
387 3333 507 3373 παισὶν
527 3329 647 3368 ἑαυτὸν
669 3327 769 3372 δῆλον
791 3324 898 3361 ποιῶν
919 3322 980 3365 τῆς
1000 3316 1096 3361 νίκης
1117 3312 1229 3350 ἕνεκα.

355 3407 435 3433 1026.
471 3386 629 3440 (παιδικὰ
645 3382 819 3428 ὀξυτόνως.
838 3379 911 3417 ἔστι
928 3376 963 3415 δὲ
983 3374 1159 3424 οὐδέτερον
1178 3371 1336 3415 πληθυν-

231 2909 266 2934 45

240 3196 276 3221 50

984 214 1245 255 SCHOLIA
1282 211 1340 249 IN
1376 207 1609 249 VESPAS.

1325 292 1433 331 τικόν.
1451 294 1552 328 τοῦτο
1576 288 1612 326 δέ
1636 302 1724 330 τινες
1744 286 1797 324 ἐπ’
1819 287 1947 336 ἀγαθοῦ
1965 283 2107 334 ἔρωτος,
2125 278 2212 323 τινὲς
2238 278 2290 316 ἐπ’
2308 279 2364 315 αἰ-

1328 354 1437 402 σχροῦ
1455 347 1687 396 λαμὸάνουσι.
1708 344 1747 382 τὸ
1767 342 1803 381 δὲ
1821 341 1968 380 παιδικὰ
1987 339 2184 392 ἐρώμενον.)

1385 420 1463 445 1028.
1494 404 1561 455 (ἵνα
1588 403 1648 446 τὰς
1670 401 1814 443 Μούσας
1837 398 2034 439 εΤουτέστι
2062 396 2107 434 τὰ
2136 394 2310 448 δράματα.
2339 393 2370 431 εἰ

1331 465 1398 518 γὰρ
1423 463 1470 514 μὴ
1497 461 1714 506 καταδήλους
1733 458 1864 509 ποιήσῃ
1883 457 1961 499 τοὺς
1984 455 2173 500 τοιούτους,
2194 452 2269 490 ἀλλ’
2292 453 2371 490 ἐπι-

1332 523 1468 575 κρύψῃ,
1489 519 1590 558 οἱονεὶ
1611 515 1806 568 μαστροποὶ
1825 517 1892 551 τῶν
1907 513 2068 552 τοιούτων
2082 509 2352 564 εὑρεθήσονται.)
2391 514 2409 539 5

1390 594 1470 618 1029.
1503 575 1706 629 (ἀνθρώποις
1728 587 1737 612 2
1762 572 1868 610 Ἀλλὰ
1888 572 2026 622 τέρασι,
2047 569 2150 623 φησὶ,
2175 567 2233 606 καὶ
2252 565 2378 616 δαίμο-

1335 654 1400 676 σιν.
1418 634 1523 689 ὀργὴν
1543 633 1579 671 δὲ
1598 635 1752 684 γενναῖον
1770 629 1955 683 φρόνημα.)

1391 708 1471 732 1031.
1504 693 1586 742 (τοῖς
1606 690 1780 741 μεγίστοις
1805 689 1987 738 ἐπιχειρῶν
2006 700 2014 724 ;
2037 685 2147 730 Δηλοῖ
2159 682 2212 720 ὅτι
2229 684 2265 719 αἳ
2278 681 2379 718 διδα-

1338 752 1481 791 σκαλίαι
1497 750 1582 792 ἴσως
1602 748 1744 801 φέρουσι
1763 745 1840 788 τοὺς
1861 745 1992 787 Ἱππεῖς
2015 741 2172 794 πρώτους
2191 740 2249 778 ὑπ’
2274 742 2379 787 αὐτοῦ

1339 810 1570 860 καθιεμένους.
1591 806 1671 858 περὶ
1688 804 1847 846 Κλέωνος
1867 801 1934 853 γὰρ
1951 798 2169 848 αἰνίσσεται.)
2403 802 2436 826 10

1395 882 1475 914 1031.
1509 864 1644 916 (ξυστάς
1676 877 1685 902 2
1720 862 1782 905 Ὡς
1809 861 1867 899 ἐπὶ
1895 861 1963 897 τῶν
1992 855 2241 905 παλαιόντων.)
2265 855 2385 905 -υτῷ

1344 926 1479 966 Κλέωνι
1495 924 1599 974 λέγει.
1617 929 1658 959 V.

1399 997 1477 1022 1032.
1510 982 1645 1025 Κύννης
1680 993 1689 1018 :
1726 976 1845 1017 Κύννα
1866 974 1990 1026 πόρνη,
2019 973 2095 1023 [Eq.
2124 983 2180 1008 765
2200 970 2229 1020 t]
2254 987 2271 1003 «ι
2299 967 2388 1018 μετὰ

1347 1043 1484 1083 Κύνναν
1513 1041 1574 1079 καὶ
1607 1034 1846 1086 Σαλαὸακχώ.
1875 1052 1890 1067 »
1918 1028 2173 1083 Ἐρατοσθένην
2199 1026 2235 1065 δὲ
2265 1025 2388 1078 ἀγνοή-

1348 1117 1455 1141 σαντα
1473 1101 1534 1145 τὴν
1548 1101 1685 1137 Κύνναν
1701 1094 1752 1132 ὅτι
1769 1093 1898 1145 πόρνη,
1916 1092 1960 1140 (οἱ
1974 1088 2034 1139 μέν
2053 1103 2142 1130 τινες
2156 1083 2390 1139 προφέρεσθαί
2413 1093 2443 1118 15

1348 1176 1432 1214 φασι
1446 1158 1561 1203 κυνὸς,
1576 1159 1621 1198 ὡς
1640 1156 1692 1192 ἐπ’
1714 1152 1887 1194 ἅναιδοῦς,
1908 1151 1938 1186 οἱ
1958 1147 1993 1185 δὲ
2009 1145 2126 1198 πυρός·
2143 1145 2206 1182 οὐκ
2219 1139 2268 1181 εὖ.
2283 1141 2390 1180 θέλων

1349 1212 1406 1256 οῦν
1421 1215 1639 1267 παραῧαλεῖν
1655 1211 1712 1249 τὸν
1731 1208 1878 1248 Κλέωνα
1890 1205 1966 1244 κυνὶ
1978 1203 2034 1242 διὰ
2045 1203 2084 1241 τὸ
2098 1200 2252 1248 ἀναιδὲς,
2270 1198 2393 1251 ἑτέρως

1351 1273 1602 1326 ἐσχημάτισεν.
1624 1271 1820 1320 ἐλιχμῶντο
1841 1265 1876 1302 δὲ
1896 1263 2059 1314 ἔλειχον.)

1407 1344 1488 1370 1031.
1523 1327 1652 1382 (φωνὴν
1668 1327 1695 1364 δ’
1709 1320 1781 1376 εἶχε
1792 1322 1993 1375 χαράδραςζ
2010 1317 2156 1364 Ἐπειδὴ
2169 1315 2273 1354 πλέον
2289 1330 2324 1352 τι
2335 1317 2395 1353 τοῦ

1353 1389 1545 1442 χειμάρρου
1563 1389 1609 1428 εἰς
1628 1383 1832 1438 τραχύτητα
1851 1380 1911 1418 καὶ
1931 1376 2134 1427 ἀνωμαλίαν
2155 1369 2259 1425 εἶχεν.
2282 1374 2398 1424 Φερε-
2415 1380 2451 1404 20

1355 1448 1485 1501 κράτης
1514 1449 1547 1484 ἐν
1571 1443 1813 1491 Ἐπιλήσμοσι
1840 1458 1856 1473 «
1884 1437 1949 1475 κᾶν
1977 1435 2039 1486 μὲν
2073 1435 2212 1479 σιωπῶ,
2239 1430 2398 1483 φέρεται,

1358 1526 1372 1540 «
1391 1506 1567 1556 πνίγεται,
1584 1502 1645 1540 καὶ
1669 1498 1771 1553 φησί,
1790 1496 1824 1534 τί
1846 1501 1999 1547 σιωπᾷς,
2021 1491 2061 1530 ἂν
2081 1491 2110 1528 δ’
2132 1490 2326 1542 ἀποκριθῶ,
2346 1486 2401 1525 οἷ-

1359 1585 1374 1599 α
1396 1580 1452 1615 μοι
1469 1563 1577 1604 τάλας
1589 1591 1598 1608 ,
1620 1558 1723 1612 φησὶ,
1740 1555 1903 1608 χαράδρα
1916 1550 2164 1597 κατελήλυθεν.
2187 1548 2216 1599 ν)

1415 1636 1493 1660 1035.
1524 1619 1660 1671 (φώκης
1684 1618 1712 1654 δ’
1738 1612 1850 1664 ὀσμήν
1872 1624 1881 1650 :
1900 1612 1963 1653 Εἷς
1984 1605 2182 1657 κακοσμίαν
2202 1603 2304 1643 αὐτὸν
2324 1603 2404 1640 δια-

1362 1681 1505 1726 ὂάλλει,
1523 1677 1580 1715 διὰ
1601 1676 1640 1714 τὸ
1667 1671 1882 1727 βυρσοδέψην
1904 1667 2007 1706 αὐτὸν
2029 1659 2128 1704 εἶναι.
2144 1662 2307 1716 ‘'Op-1190}
2327 1666 2404 1708 [Od.
2423 1667 2458 1692 25

1363 1749 1406 1787 Δ,
1422 1743 1488 1784 442]

1486 1828 1619 1871 φωκάων
1635 1824 1834 1866 ἁλιοτρεφέων
1849 1820 2023 1855 ὀλοώτατος
2036 1817 2130 1858 ὀδμή.

1365 1913 1425 1951 καὶ
1445 1912 1528 1964 [406]

1489 2003 1600 2044 πικρὸν
1616 1999 1840 2032 ἀποπνείουσαι
1861 1995 1932 2030 ἁλὸς
1947 1991 2148 2026 πολυὸενθέος
2161 1988 2270 2030 ὀδμήν.

1423 2085 1562 2137 Λαμίας
1586 2083 1699 2135 ὄρχεις
1721 2095 1730 2119 z
1759 2077 1883 2129 Λάμια
1912 2074 2040 2127 θηρίον,
2059 2071 2128 2110 ἀπὸ
2154 2073 2214 2108 τοῦ
2236 2068 2328 2121 ἔχειν
2349 2072 2412 2119 μὲ-
2432 2087 2467 2112 :30

1370 2163 1434 2200 γαν
1459 2143 1600 2194 λαιμὸν,
1620 2138 1747 2189 λαίμιά
1772 2153 1823 2180 τις
1839 2135 1898 2174 καὶ
1913 2133 2039 2183 λάμια.
2059 2127 2236 2183 δραστικοὶ
2250 2128 2286 2165 δὲ
2302 2129 2334 2165 οἱ
2353 2126 2416 2179 ὄρ-

1371 2222 1456 2259 χεις.
1479 2202 1694 2240 εἷδωλοποιεῑ
1721 2196 1757 2234 δέ
1782 2209 1878 2237 τινας
1902 2192 2018 2244 ὄρχεις
2040 2187 2193 2238 Λαμίας.
2221 2187 2307 2232 θῆλυ
2335 2184 2415 2236 γάρ.

1374 2267 1495 2315 Δοῦρις
1515 2260 1542 2298 δ’
1565 2262 1598 2297 ἐν
1619 2258 1649 2310 β’
1673 2254 1836 2295 Λιὸυκῶν
1857 2254 1988 2302 ἱστορεῖ
2012 2252 2161 2299 γυναῖκα
2183 2244 2295 2290 καλὴν
2319 2241 2419 2294 γενέ-

1375 2326 1455 2361 σθαι
1473 2319 1536 2366 τὴν
1560 2316 1716 2366 Λάμιαν,
1737 2309 1917 2364 μιχθέντος
1940 2307 1976 2346 δὲ
1997 2307 2085 2357 αὐτῇ
2109 2303 2206 2350 Διὸς,
2226 2301 2280 2355 ὑφ’
2304 2301 2420 2351 “Ηρας

1377 2374 1680 2426 ζηλοτυπουμένην
1700 2371 1722 2408 ἃ
1743 2370 1874 2408 ἔτικτεν
1894 2363 2102 2404 ἀπολλύναι.
2128 2360 2246 2412 διόπερ
2271 2358 2341 2397 ἀπὸ
2359 2360 2420 2404 τῆς
2439 2374 2473 2400 36

1376 2438 1488 2482 λύπης
1508 2434 1703 2484 δύσμορφον
1719 2426 1914 2479 γεγονέναι,
1929 2423 1990 2462 καὶ
2004 2421 2050 2460 τὰ
2068 2422 2138 2458 τῶν
2160 2419 2277 2457 ἄλλων
2295 2415 2421 2454 παιδία

1380 2493 1645 2545 ἀναρπάζουσαν
1667 2485 1886 2539 διαφθείρειν.

1432 2549 1593 2602 πρωκτὸν
1611 2546 1646 2584 δὲ
1666 2543 1828 2594 καμήλου
1849 2555 1857 2579 :
1877 2537 2158 2591 Θερμόπρωκτος
2172 2532 2240 2585 γὰρ
2256 2535 2278 2578 ἡ
2303 2531 2424 2581 κάμη-

1381 2613 1437 2652 λος
1457 2608 1516 2646 καὶ
1531 2606 1666 2656 λάγνος.
1683 2602 1829 2651 κάμιλος
1843 2597 1879 2635 δὲ
1897 2597 1935 2634 τὸ
1949 2593 2046 2646 παχὺ
2064 2590 2213 2644 σχοινίον
2230 2589 2288 2628 διὰ
2307 2593 2366 2627 τοῦ
2385 2589 2422 2639 ι.)

1439 2680 1517 2706 1036.
1548 2663 1827 2716 δωροδοκηθῆναι
1844 2655 1911 2693 ὑπὸ
1926 2657 1985 2692 τοῦ
2005 2651 2176 2693 Κλέωνος.
2195 2657 2236 2686 V.
2443 2662 2479 2688 ⁴0

1440 2739 1520 2764 10:17.
1553 2721 1629 2759 ἀντὶ
1653 2723 1711 2757 τοῦ
1744 2715 1912 2756 Κλέωνος.
1940 2713 2004 2762 οὐχ
2031 2710 2106 2760 ἅμα
2132 2707 2168 2746 δὲ
2196 2705 2426 2758 ἐκωμῴδησεν

1388 2787 1458 2823 ἐκεῖ
1479 2781 1590 2832 λέγων
1609 2780 1642 2816 ἐν
1660 2782 1734 2819 ταῖς
1757 2772 1942 2825 Νεφέλαις.
1959 2768 2130 2816 ἠπιάλους
2143 2766 2180 2804 δὲ
2196 2765 2275 2808 τοὺς
2287 2762 2427 2817 φιλοσό-

1388 2858 1468 2896 φους
1489 2838 1603 2893 φησίν.
1625 2835 1768 2882 ἠπίαλοι
1790 2831 1825 2869 δέ
1846 2832 1930 2867 εἰσιν
1947 2830 1978 2865 οἱ
1997 2825 2226 2880 ριγοπύρετοι.
2248 2831 2289 2861 V.

1445 2912 1523 2937 1038.
1557 2898 1637 2945 (τοῖς
1650 2891 1812 2939 ἠπιάλοις
1832 2902 1840 2927 :
1857 2886 2031 2928 Ἠπίαλος
2050 2884 2090 2922 τὸ
2108 2882 2176 2935 πρδ
2194 2884 2255 2919 τοῦ
2277 2881 2426 2931 πυρετοῦ

1389 2956 1502 3010 κρύος.
1523 2950 1768 3005 Ἀριστοφάνης
1787 2945 1960 2998 Νεφέλαις
1979 2942 2039 2980 καὶ
2065 2934 2430 2992 Θεσμοφοριαζούσαις
2448 2949 2483 2974 ⁴5

1391 3021 1445 3062 [fr.
1464 3018 1528 3059 315]
1552 3030 1565 3045 «
1591 3010 1665 3059 ἅμα
1680 3008 1708 3045 δ’
1725 3005 1873 3052 ἠπίαλος
1891 3004 2042 3054 πυρετοῦ
2061 2997 2267 3051 πρόδρομος.
2289 3013 2305 3028 u
2325 2993 2432 3032 Δίδυ-

1394 3088 1454 3123 μος
1473 3071 1508 3109 δέ
1523 3085 1606 3123 φησι
1621 3098 1630 3117 ,
1647 3065 1793 3115 δαίμων,
1807 3062 1843 3100 ὃν
1863 3059 2042 3104 Ἠπιάλην
2057 3056 2117 3095 καὶ
2128 3058 2242 3106 Τῖφυν
2258 3052 2318 3092 καὶ
2338 3049 2433 3090 Εὐό-

1393 3146 1463 3169 παν
1485 3130 1642 3167 καλοῦσι.
1661 3124 1699 3162 τὸ
1717 3123 1751 3160 δὲ
1772 3120 1967 3173 πυρετοῖσιν
1984 3115 2170 3165 ἐπήνεγκεν
2191 3111 2260 3150 ἀπὸ
2278 3113 2338 3148 τοῦ
2359 3107 2433 3146 πά·-

1395 3194 1483 3232 θους.
1566 3184 1712 3226 Ἄλλως.
1747 3180 1826 3222 τοὺς
1866 3177 2082 3229 βλάπτοντας
2117 3170 2180 3217 τὴν
2215 3168 2316 3207 πόλιν
2342 3165 2434 3216 λέγει

1395 3247 1564 3294 ἠπιάλους
1583 3243 1642 3282 καὶ
1660 3238 1836 3293 πυρετούς.
1856 3239 1968 3273 ταῦτα
1988 3232 2024 3270 δὲ
2042 3230 2116 3276 εἴδη
2132 3228 2301 3280 πυρετῶν.
2315 3223 2434 3274 ὥσπερ
2451 3234 2488 3261 50
2531 3239 2533 3243 ⁴

1397 3300 1454 3344 οῦν
1479 3299 1571 3342 οῦτοι
1591 3299 1784 3352 βλάπτουσι
1807 3294 1851 3333 τὰ
1871 3293 2040 3343 σώματα,
2063 3287 2154 3326 οὕτω
2174 3283 2235 3323 καὶ
2256 3277 2350 3322 οὗτοι
2371 3278 2434 3327 τὴν

1397 3363 1525 3413 πόλιν.)
