2533 3808
222 195 295 229 190

216 301 271 330 τος
296 285 335 323 τὸ
366 282 509 334 ἄγαλμα
539 283 600 326 τῆς
631 279 773 324 Ἀθηνᾶς
803 275 1068 318 κατασκευάσας
1097 273 1253 326 υιρείλετο

215 344 254 382 τὸ
284 341 422 395 χρυσίον
458 341 497 376 ἐκ
529 353 596 375 των
627 335 822 389 δρακόντων
854 337 915 379 τῆς
942 332 1256 386 χρυσελεφαντίνης

217 402 377 446 Ἀθηνᾶς,
398 398 447 457 ἐξ]
471 399 498 448 ᾧ
519 393 772 445 καταγνωσθεις
792 391 967 442 εζημιωθη
988 394 1091 444 φυγῆ-
1111 389 1254 460 γενόμε-

214 474 267 501 νος
287 457 321 495 δὲ
343 459 388 498 εἷς
415 455 528 499 Hm,
550 468 609 490 και
632 454 667 504 ἐρ
670 450 871 502 γολαὸήσας
893 449 990 501 παρὰ
1015 465 1082 486 των
1107 448 1206 487 ἐΗλ
1197 464 1255 485 ιων

179 529 195 554 ῠ
213 516 253 554 τὸ
271 515 414 565 ἄγαλμα
431 516 490 550 τοῦ
511 510 590 553 Διὸς
606 514 664 547 τοῦ
691 508 906 559 Ὀλυμπίου,
924 507 984 545 καὶ
1001 507 1257 558 καταγνωσθεὶς

213 573 269 612 ὑπ’
292 574 402 610 αὐτῶν
422 574 466 613 ὡς
486 568 732 622 νοσφισάμενος
752 567 929 619 ἀνῃρέθη.)

265 645 328 669 606.
361 623 447 678 (εἶτα
474 627 667 679 Περικλέης
696 626 858 678 φοὲηθεὶς
882 639 890 664 :
917 619 1007 664 Εἶτα
1036 627 1053 662 ὃ
1082 625 1258 677 Περικλῆς

214 689 331 732 δεδιὼς
357 688 404 739 μὴ
426 690 486 734 τῆς
512 686 618 738 τύχης
643 684 833 736 κοινωνήσῃ
864 686 974 736 αὐτῷ,
998 682 1173 721 τουτέστιν
1202 683 1258 719 εὖ-

211 748 426 798 λαῧούιιενος
447 745 495 796 μὴ
515 745 574 782 καὶ
596 743 695 787 αὐτος
716 746 873 794 ζημιωθῇ
898 758 941 795 <pu
944 745 1002 793 γῆ.
1027 741 1136 779 ἐδόκει
1155 740 1221 793 γὰρ
1241 742 1259 777 ὁ

164 817 194 841 10
214 808 390 859 Περικλῆς
407 802 655 855 συνεγνωκέναι
676 806 717 853 τῆ
739 803 905 853 κλοπῆ,
891 801 965 839 επεὶ
982 800 1039 838 καὶ
1058 803 1259 859 ἐργεπιστα-

213 870 283 904 τεῒν
309 865 374 902 υπὸ
399 880 465 901 των
490 861 675 909 Αθηναίι)ν
697 860 990 913 κεχειροτόνηται.
1013 858 1174 911 φοὸηθεις
1201 861 1258 895 οὖν

215 927 318 962 αὐτοῦ
345 924 585 974 διελεγχθῆναι
615 920 675 963 τὰς
699 919 850 970 κλοπὰς,
883 918 1020 965 ἐκίνησε
1050 933 1108 955 τον
1142 917 1258 955 Πελο-

215 981 444 1028 ποννησιακὸν
484 980 648 1030 πόλεμον,
693 978 837 1021 ἐλπίσας
879 980 1036 1030 ταραχῆς
1078 974 1261 1025 γενομένης

215 1040 369 1093 καὶπερὶ
392 1039 448 1077 τὸν
467 1038 619 1088 πόλεμον
643 1035 957 1088 ἀπασχοληθέντιι)ν
978 1039 1045 1073 τῶν
1072 1033 1259 1081 Ἀθηναίων

166 1116 196 1140 15
217 1100 353 1142 εὐθύνας
371 1098 417 1149 μὴ
438 1097 659 1150 παρασχεῖν.)
683 1117 725 1124 -
740 1100 798 1134 τοῦ
821 1094 976 1134 Φειδίου.
999 1102 1037 1131 R.

268 1172 333 1196 607.
362 1157 419 1194 τὸν
444 1154 589 1199 αὐτοδὰξ
623 1168 631 1193 2
665 1154 735 1193 Τὸν
762 1152 957 1204 ἐμπεσόντα
987 1152 1046 1190 καὶ
1071 1150 1262 1197 δάκνοντα,

217 1216 367 1262 αὐθάδη,
388 1214 536 1267 ὀργίλον.
557 1212 631 1250 ἐπεὶ
652 1215 682 1250 οἳ
700 1212 829 1265 ὀργίλοι
852 1211 1016 1249 δάκνουσι
1034 1213 1106 1253 τοῖς
1130 1210 1258 1246 ὀδοῦσι.

219 1274 363 1326 (οὐδὲν
344 1291 366 1320 η
388 1273 521 1311 δάκνειν
545 1271 742 1324 βλέποντα.)

270 1348 333 1372 609.
363 1331 526 1383 εμὸαλων
547 1333 719 1382 σπινθῆρα
743 1343 751 1368 1
775 1329 878 1368 Επει
900 1328 1065 1381 ψηφισμα
1092 1342 1172 1378 περι
1193 1340 1261 1362 των

165 1409 198 1433 20
217 1391 362 1443 Μεγαρέ
365 1407 411 1428 ωι
441 1393 458 1427 ὁ
485 1391 660 1439 Περικλῆς
688 1387 834 1440 ἔγραψε,
857 1387 945 1437 μήτε
967 1390 1030 1437 γῆς
1056 1385 1143 1435 υ.·Γ’,τε
1162 1382 1261 1433 λιμέ-

217 1466 282 1487 νων
312 1448 432 1491 αὐτους
460 1447 648 1485 ἐπιίαίνειν
682 1446 859 1493 ’Λττικων
887 1447 917 1482 εἰ
952 1445 987 1481 δὲ
1018 1443 1087 1499 μὴ’,
1116 1443 1174 1480 τὸν
1198 1423 1262 1488 λη·

196 1507 343 1561 ,φθέντα
386 1505 562 1557 ἀγώγιμον
598 1498 694 1542 εἶναι.
730 1505 794 1555 (ἐφ’
835 1508 863 1557 ᾧ
900 1493 1078 1549 κινηθεῖσα
1109 1508 1206 1539 πᾶσα
1241 1503 1263 1546 ἡ

218 1565 348 1609 (Ελλὰς
387 1565 444 1602 τὸν
486 1563 637 1614 πόλεμον
681 1562 836 1608 ἐποίησε.

218 1624 355 1669 ἔπλεξεν
377 1624 513 1672 αὐτοῖς,
535 1622 595 1659 καὶ
627 1621 865 1673 κατηγόρησεν
886 1622 998 1657 αὐτῶν
1017 1622 1062 1663 ὡς
1085 1617 1264 1671 ἁρπασάν-

165 1698 199 1722 25
217 1700 285 1722 των
304 1683 469 1734 γυναῖκας
490 1680 675 1728 Ἀθηναίων
697 1681 732 1717 ἐν
749 1682 862 1731 ἑορτῇ,
881 1678 1144 1729 συμὸουλεύσας
1156 1678 1265 1715 πολε-

219 1742 386 1793 μεῖσθαι.)

271 1815 332 1839 610.
363 1797 548 1852 ἐξεφύσησε
573 1796 678 1848 γὰρτ
710 1794 947 1842 Εξεκίνησεν,
982 1793 1156 1847 ἐτάραξεν.
1190 1792 1267 1838 ἑξῆς

220 1858 255 1897 δὲ
289 1858 357 1895 ἀπὸ
382 1860 441 1894 τοῦ
470 1858 654 1928 σπινθῆρος
681 1853 720 1891 τὸ
750 1856 904 1906 φυσῆσαι
933 1852 1051 1891 ἔλαὸε.
1078 1853 1201 1904 καπνῶ
1230 1849 1265 1888 δὲ

219 1931 390 1969 τροπικιι)ς
410 1914 529 1959 εἷπιι,)ν
551 1912 709 1962 ἐπέμεινε
735 1911 847 1949 διόλου
865 1913 908 1960 τῆ
928 1925 1052 1962 τροπῃ.

167 1995 202 2019 30
273 1988 337 2012 612.
372 1975 429 2023 (ως
454 1972 481 2009 δ’
512 1970 605 2015 ἅπαξ
633 1970 672 2008 τὸ
703 1983 876 2022 πρωτονζ

219 2047 391 2084 γεωργούς
410 2029 521 2081 λέγων
533 2028 708 2072 τοιαύταις
725 2033 868 2080 τροπαῖς
883 2027 1067 2079 ἐχρήσατο·
1083 2024 1267 2075 συμὸαίνει

876 1577 963 1604 τινες
1001 1576 1036 1598 05
1070 1576 1173 1612 φασιν
1212 1575 1264 1596 Οτι

902 1968 1048 2011 Οἷκείως
1077 1966 1162 2019 πρὸς
1190 1965 1267 2009 τοὺς

219 2091 285 2161 γὰρ
310 2092 342 2127 ἐν
371 2092 413 2141 τῆ
438 2087 591 2125 συνθέσει
619 2102 687 2124 των
717 2086 859 2123 πίθων
848 2101 907 2122 ενα
938 2086 1186 2156 διαρραγῆναι,
1208 2099 1267 2120 και

219 2148 339 2188 τούτου
357 2148 400 2185 τὰ
424 2146 578 2198 ὄστρακα
594 2145 873 2191 πλησιάζοντα
855 2143 1036 2196 οιαρρῆξαι
1059 2142 1111 2180 ἕετ
1118 2158 1186 2195 ρον,
1207 2157 1267 2179 και

221 2212 338 2246 τοῦτον
364 2205 469 2243 πάλιν
498 2204 555 2241 τὸν
588 2203 708 2255 ἐγγυς,
741 2201 832 2240 ὥστε
864 2201 997 2247 πολλην
1026 2201 1183 2251 γενέσθαι
1205 2216 1268 2246 την

169 2284 202 2308 35
225 2265 371 2317 βλάὸηψ
392 2265 430 2300 τὸ
452 2264 486 2300 δε
506 2264 545 2300 λε
532 2261 692 2313 εγόιιενον
713 2260 867 2298 τοιοῦτόν
889 2262 997 2306 ἐστιν,
1021 2276 1066 2302 ως
1085 2258 1212 2303 ἅπαξ
1199 2271 1268 2296 ε’κι-

221 2325 306 2370 νηθη
330 2338 390 2360 και
411 2321 665 2392 συνεταράχθη
672 2336 714 2357 τα
718 2321 928 2392 πράγματα
948 2322 1008 2356 τοῦ
1033 2317 1217 2368 πολεμου
1207 2333 1265 2368 γε-

221 2382 383 2432 νοαένου,
408 2379 519 2417 οὐκέτι
543 2395 584 2424 ην
606 2377 682 2415 οὐδε
705 2382 751 2421 εἷς
776 2377 810 2421 ὃς
835 2377 984 2423 ηδύνατο
1007 2376 1095 2414 αὐτὰ
1114 2380 1268 2423 παῦσαι,

222 2456 282 2477 και
302 2438 407 2481 ούτιι)ς
425 2441 447 2482 ἡ
469 2435 585 2488 εἷρηνη
607 2434 870 2488 παραπώλετο)

277 2510 339 2535 613.
373 2495 443 2545 (καὶ
470 2494 565 2537 πίθος
595 2493 740 2543 πληγεὶς
772 2507 780 2532 ;
811 2497 925 2532 Τοῦτο
951 2491 1052 2541 λόγον
1084 2494 1145 2529 οὐκ
1177 2492 1268 2542 ἔχει,

171 2571 206 2595 40
224 2555 301 2594 ἀλλ’
331 2553 364 2597 ἐξ
395 2554 497 2590 αὐτοῦ
528 2553 628 2598 δηλοῖ
652 2551 729 2594 τοὺς
754 2551 870 2595 πίθους
901 2550 967 2588 ὑπὸ
997 2553 1065 2587 τῶν
1094 2550 1269 2600 πολεμίων

224 2612 485 2663 κατάγνυσθαι.)

277 2684 340 2709 616.
372 2668 561 2721 (προσηκοι
594 2681 602 2707 :
634 2666 810 2718 Συγγενὴς
841 2666 906 2713 εἴη.
936 2667 975 2704 τὸ
1005 2665 1072 2718 γὰρ
1100 2665 1272 2718 προσήκοι

224 2729 360 2780 λέγεται
387 2744 443 2765 επι
465 2729 532 2764 τῶν
557 2742 741 2776 συγγενων.
763 2725 820 2763 διὰ
843 2729 942 2762 τοῦτο
963 2725 1163 2795 ἐπήνεγκεν,
1184 2729 1270 2761 οὖσα

226 2803 391 2838 συγγενης
417 2802 472 2824 εκε
477 2785 559 2823 ίνου.
582 2787 729 2857 συγγενῆ
760 2783 795 2822 δὲ
824 2783 925 2821 αὐτόν
955 2798 1070 2835 φησιν,
1093 2798 1166 2820 επει
1196 2782 1268 2833 ἅμα

173 2865 207 2889 45
227 2863 275 2884 τιι)
295 2850 430 2905 φυγεῖν
429 2843 530 2881 αὐτὸν
552 2846 572 2889 ἡ
594 2842 711 2894 εἷρηνη
734 2841 964 2893 ἀνεχώρησεν.
969 2844 978 2891 )

279 2919 341 2942 618.
378 2897 479 2949 (οῦσα
506 2900 703 2951 συγγενὴςε
733 2901 834 2939 Ἐπεὶ
854 2915 1030 2952 προειπεν,
1051 2918 1065 2933 «
1089 2898 1159 2936 ουδ’
1179 2898 1270 2941 ὅπως

228 2965 315 3012 αὐτῆ
343 2975 512 3013 προσηκοι
540 2959 686 3002 Φειδίας
705 2958 883 3005 ἧκηκόειν,
914 2973 1030 3009 »προς
1046 2957 1085 2994 τὸ
1102 2957 1271 3009 προσήκοι

226 3020 266 3058 τὸ
283 3018 440 3071 συγγενὲς
460 3018 625 3069 ἐπήγαγε·
643 3017 873 3070 προσήκοντες
889 3015 955 3068 γὰρ
973 3015 1130 3066 λέγονται
1147 3018 1176 3053 οἱ
1194 3031 1272 3066 συγ-

197 3127 199 3129 ,
227 3081 345 3128 γενεῖς.
371 3077 408 3114 τὸ
431 3076 465 3114 δὲ
482 3077 656 3123 ἠκηκόειν,
675 3075 764 3114 οὕτω
788 3076 844 3113 διὰ
863 3079 922 3113 τοῦ
945 3091 966 3120 η
988 3074 1164 3145 Φρύνιχος
1185 3076 1269 3111 ἀνα-

176 3153 211 3178 50
229 3135 401 3187 γινώσκει,
431 3137 578 3184 συγγενῆ
609 3133 644 3171 δὲ
673 3128 748 3171 εἶπε
776 3150 833 3172 τον
860 3132 1008 3172 Φειδίαν
1035 3136 1096 3179 τῆς
1115 3133 1269 3185 εἰρηνης,

230 3194 327 3232 καθὸ
323 3192 488 3243 τεχνίτης
508 3195 524 3229 ὁ
543 3191 707 3238 Φειδίας,
729 3192 897 3245 εὔμορφος
918 3190 953 3228 δὲ
973 3189 1149 3241 εἰσάγεται
1173 3206 1193 3235 -Γ,
1214 3192 1271 3227 Εἷ-

231 3267 317 3307 ρηνη
349 3254 447 3288 ουσα.
477 3252 522 3292 ὡς
541 3249 625 3302 πρὸς
647 3250 704 3287 τὸν
735 3250 882 3289 Φειδίαν
912 3253 969 3287 οὐν
997 3264 1018 3294 η
1050 3247 1182 3286 καλὰ
1168 3247 1270 3292 ςόανα

229 3310 404 3358 ποιοῦσα.)

284 3381 346 3405 619.
380 3360 467 3418 (κᾷτ’
493 3364 609 3411 ἐπειδὴ
633 3364 786 3416 ”γνιι)σαν
813 3380 821 3404 :

985 178 1238 218 SCHOLIA
1272 179 1330 217 ΙΝ
1368 179 1580 217 PACEM.

1315 273 1525 324 οἰκονομίαν,
1548 273 1608 311 καὶ
1633 274 1838 325 εκπλαγησῃ
1863 272 1979 313 αὐτόν.
2000 274 2115 312 πάντα
2139 273 2207 327 γὰρ
2232 274 2358 328 τρόπον

1314 327 1417 378 ἦλθεν
1447 349 1481 370 εν
1511 334 1603 384 ἀρχῆ
1634 336 1693 370 τοῦ
1722 348 1917 384 ποιηματος
1946 350 1994 381 μη
2024 338 2262 386 προσκροῦσαι
2289 349 2360 377 τοις

1316 390 1521 438 Αθηναίοις,
1539 390 1678 442 φάσκων
1697 391 1830 443 ἑτέρους
1856 396 1941 429 ειναι
1957 396 2015 429 τοῦ
2037 391 2191 442 πολέμου
2211 391 2358 440 αἰτίους,

1317 447 1486 491 Βοιωτούς
1519 464 1555 485 τε
1588 464 1648 485 και
1678 451 1870 499 Μεγαρεῖς,
1908 450 1958 496 οἳ,
1991 450 2094 502 ιρησὶ,
2129 453 2260 502 πρῶτοι
2296 466 2359 497 την

1317 505 1454 558 εἰρήνην
1490 506 1724 558 ε’σκορόδισαν.
1756 511 1813 544 νῦν
1848 507 1881 544 δὲ
1912 508 2017 545 πάλιν
2054 507 2130 552 τοὺς
2161 508 2359 555 Ἀθηναίους
2378 517 2395 541 5

1318 564 1547 617 ἀποφαίνεται
1581 565 1805 608 αἰτιωτάτους
1840 569 1899 602 τοῦ
1936 566 2110 616 πολέμου,
2143 568 2184 605 δι’
2219 562 2267 605 ὧν
2301 567 2358 606 τὸν

1318 622 1492 675 Περικλέα
1522 624 1606 675 φησὶ
1625 623 1756 675 γράψαι
1782 640 1821 661 το
1842 623 1933 660 κατὰ
1962 624 2150 677 Μεγαρέων
2176 625 2359 678 ψηφισμα,

1318 682 1377 719 καὶ
1408 680 1650 731 ἀδικουμένους
1675 697 1753 724 τους
1782 682 1986 733 συμμάχους
2018 685 2063 725 εἷς
2092 684 2284 722 ἀπόστασιν
2308 701 2362 722 κε-

1317 738 1530 811 χωρηκέναι
1549 739 1583 776 τί
1605 743 1662 777 οὖν
1687 756 1708 785 Γ]
1729 744 1790 777 τοῦ
1810 744 1953 786 ποιητοῦ
1974 740 2098 814 τέχνη,
2119 741 2174 779 ὅτε
2201 742 2262 792 μὲν
2288 742 2362 789 δέος

1319 814 1358 845 ην
1376 814 1437 844 της
1458 797 1594 849 εἰρήνης
1615 814 1738 841 αυτούς
1761 799 1949 850 ἐπιτυχεῖν,
1971 799 2027 836 ἐπὶ
2044 815 2120 842 τους
2136 800 2294 844 ἄλλους
2276 817 2361 848 ανη-
2383 813 2414 838 ιο

1319 873 1353 894 νε
1356 873 1418 909 γκε
1442 873 1504 902 την
1525 856 1648 894 αἰτίαν·
1677 856 1732 894 ότε
1761 856 1795 894 δὲ
1819 858 1934 900 αὐτοῖς
1961 857 2080 895 λοιπὸν
2109 860 2200 895 κατὰ
2219 859 2361 910 γνώμην

1318 914 1636 967 προκεχώρηκετὰ
1659 915 1874 967 πράγματα,
1900 915 1999 968 φήμη
2025 915 2059 953 δὲ
2083 915 2122 953 τὸ
2143 919 2205 962 τῆς
2227 917 2363 969 εἰρήνης

1319 977 1448 1025 τυχεῖν,
1468 974 1534 1020 ἤδη
1556 973 1614 1011 καὶ
1635 973 1718 1024 πρὸς
1739 972 1861 1016 αὐτοὺς
1876 973 2176 1026 παρρησιάζεται,
2193 977 2255 1012 οὐκ
2271 977 2363 1013 ὀνει-

1320 1032 1413 1069 δίσαι
1432 1032 1639 1084 βουλόμενος
1659 1033 1794 1081 αὐτοῖς,
1816 1032 1883 1078 ἤδη
1901 1032 1967 1083 γὰρ
1985 1031 2138 1082 ἔγνωσαν
2155 1032 2258 1076 ὄντως
2276 1027 2363 1071 εἶναι

1321 1089 1444 1137 αἴτιοι,
1481 1091 1556 1128 ἀλλ’
1600 1092 1798 1137 ἀποστῆσαι
1829 1089 2098 1143 προαιρούμενος
2135 1091 2258 1135 αὐτοὺς
2295 1095 2362 1130 τῶν
2386 1106 2416 1130 15

1320 1148 1482 1186 τοιούτων
1503 1150 1601 1195 ἐθῶν,
1618 1151 1664 1192 ὡς
1684 1148 1724 1186 ἂν
1753 1149 1801 1199 μὴ
1819 1155 1889 1192 τοῖς
1915 1151 2030 1192 αὐτοῖς
2049 1149 2254 1200 ἐμμένοντες
2279 1150 2364 1189 δύσ-

1321 1222 1395 1249 νους
1418 1206 1524 1258 ἔχωσι
1547 1207 1623 1250 τοὺς
1646 1207 1840 1258 ὑπηκόους.)

1374 1279 1438 1304 620.
1481 1265 1683 1317 (σεσηρότας
1715 1280 1723 1304 :
1762 1266 1854 1304 Ἀπὸ
1885 1267 1952 1303 τῶν
1979 1268 2088 1303 κυνῶν
2115 1269 2137 1312 ἡ
2172 1267 2363 1320 μεταφορά·

1322 1322 1402 1360 ὅταν
1423 1323 1490 1374 γὰρ
1510 1324 1733 1375 ὀργίζωνται,
1755 1340 1942 1376 σεσηρασιν
1962 1325 2149 1374 αλλήλοις.)

1375 1395 1438 1419 621.
1468 1381 1559 1432 (τους
1587 1381 1742 1435 φόρουςῑ
1778 1382 1942 1420 Ἐδόκουν
1969 1398 2036 1434 γαρ
2067 1385 2098 1420 οἱ
2125 1383 2296 1429 Ἀθηναῖοι
2329 1385 2363 1422 ἐν
2384 1399 2418 1424 20

1322 1456 1433 1493 καιριι)
1454 1444 1515 1478 τοῦ
1535 1439 1728 1491 πολέμου
1711 1452 1852 1487 απηνεις
1873 1445 1960 1478 εἰναι
1977 1441 2060 1493 πρὸς
2079 1456 2156 1484 τους
2173 1440 2294 1494 φόρους
2310 1442 2366 1486 οὓς

1323 1498 1458 1537 ἐτέλουν
1479 1515 1510 1536 οι
1528 1498 1686 1545 ὑπηκοοι.
1696 1500 1710 1551 )

1377 1571 1440 1597 622.
1473 1558 1770 1611 (αἰσχροκερδεῖςῖ
1787 1557 1873 1596 ‘'Oq-'v-
1884 1558 2141 1611 αἰσχροκερδεῖς
2154 1557 2214 1596 καὶ
2227 1573 2367 1612 σμικρο-

1323 1615 1419 1666 λόγοι
1439 1619 1469 1653 οἱ
1486 1616 1648 1659 Λάκωνες
1661 1646 1670 1662 ,
1689 1614 1864 1668 πρόδηλον
1881 1615 1941 1652 καὶ
1959 1617 1997 1652 ἐκ
2020 1620 2082 1653 τοῦ
2110 1620 2295 1668 χρησμοῦ,
2308 1636 2324 1651 «ι
2345 1617 2368 1654 ἁ

1324 1674 1584 1726 φιλοχρηματία
1611 1674 1781 1726 Σπάρταν
1817 1675 1908 1721 ὀλεῖ,
1936 1673 2022 1711 ἄλλο
2042 1673 2078 1711 δὲ
2107 1673 2216 1714 οὐδέν.
2239 1693 2254 1708 »
2276 1670 2367 1722 ἦσαν
2385 1696 2420 1721 25

1325 1732 1361 1770 δὲ
1387 1733 1446 1770 καὶ
1474 1732 1554 1785 περὶ
1592 1731 1669 1776 τοὺς
1699 1732 1810 1776 ξένους
1839 1731 2085 1784 ἀπάνθρωποι,
2107 1733 2167 1771 καὶ
2197 1735 2259 1771 οὐκ
2286 1734 2366 1781 ἐξῆν

1325 1789 1408 1842 ξένῳ
1421 1790 1484 1828 τινὶ
1507 1790 1561 1827 ἀεὶ
1580 1793 1641 1837 τῆς
1663 1790 1830 1842 Σπάρτης
1850 1789 2052 1837 ἐπιὸαίνειν,
2067 1790 2143 1828 ἀλλ’
2159 1791 2367 1843 ὡρισμέναις

1325 1849 1484 1901 ἡμέραις.

1379 1906 1649 1959 διειρωνόξενοι;
1670 1905 1937 1950 Ἐςαπατῶντες
1956 1922 2033 1949 τους
2050 1905 2161 1950 ξένους
2175 1937 2184 1954 ,
2202 1923 2262 1944 και
2281 1909 2368 1960 ψευ-

1327 1964 1462 2015 δόμενοι
1492 1965 1533 2002 δι’
1553 1964 1727 2017 εἰρωνείας
1754 1964 1813 2002 καὶ
1838 1964 2061 2038 ὗποκρίσειικ.
2085 1965 2144 2003 καὶ
2169 1965 2264 2003 οὐδὲν
2285 1970 2365 2004 θαυ-
2386 1985 2421 2010 30

1327 2023 1458 2074 μαστὸν
1480 2026 1626 2061 ἐνταῦθα
1647 2022 1794 2070 ἐποίουν,
1814 2022 1896 2074 παρ’
1914 2026 1962 2066 οἷς
1978 2039 2036 2060 και
2053 2025 2071 2059 ὁ
2086 2026 2148 2069 τῆς
2165 2022 2367 2070 ξενηλασίας

1326 2085 1440 2120 κεῖται
1457 2082 1570 2132 νόμος.
1575 2084 1584 2132 )

1951 2139 2020 2177 Καὶ
2042 2138 2139 2176 αὐτοὶ
2160 2138 2368 2178 ἀντέκοπτον

1327 2215 1387 2241 τας
1402 2214 1521 2245 συκας,
1535 2214 1653 2251 ωσπερ
1665 2200 1785 2236 ἐκεῖνοι
1800 2214 1859 2241 τας
1871 2197 2071 2247 ἀμπέλους’
2056 2213 2168 2247 ημιι)ν.
2223 2197 2367 2243 ’.Αλλως

1327 2257 1438 2309 κράδη
1457 2258 1542 2300 εἶδος
1569 2273 1635 2295 συκ
1637 2261 1686 2303 ης.
1709 2256 1782 2294 ἔστι
1803 2256 1838 2294 δε
1855 2272 1915 2294 και
1936 2255 2091 2308 μηχανή.
2117 2255 2303 2302 κατησθιον
2334 2257 2369 2296 δὲ
2386 2274 2420 2300 35

1328 2316 1404 2353 ἀντι
1421 2320 1481 2353 τοῦ
1499 2315 1740 2365 κατέκοπτον.)

1380 2154 1444 2178 627
1477 2140 1547 2190 (τὰς
1568 2139 1698 2192 κράδας
1714 2138 1899 2185 κατησθιον
1920 2153 1928 2178 :

1381 2389 1442 2413 628.
1473 2374 1535 2420 τὴν
1556 2373 1733 2426 κορώνεων
1763 2388 1771 2411 ;
1802 2372 1989 2425 Κορώνεως
2014 2374 2059 2415 ὡς
2089 2371 2273 2425 φιὸάλεως.
2295 2373 2370 2411 ἔστι

1329 2432 1364 2470 δὲ
1384 2427 1470 2476 εῗοος
1488 2436 1606 2478 συκῆς.
1629 2432 1688 2469 καὶ
1713 2433 1747 2469 ἐν
1765 2431 1972 2482 Ἀχαρνεῦσι
1993 2430 2088 2480 [802]
2108 2429 2238 2477 ταύτην
2256 2430 2291 2468 δὲ
2309 2432 2369 2470 καὶ

1328 2491 1507 2543 κοράκειον
1525 2489 1694 2540 λέγουσιν·
1721 2492 1738 2526 ὁ
1767 2488 1834 2540 γὰρ
1859 2488 1991 2540 καρπὸς
2007 2489 2113 2534 αὐτῆς
2131 2487 2255 2541 κόρακι
2279 2488 2369 2528 ἔοικε

1328 2549 1419 2586 κατὰ
1439 2548 1477 2585 τὸ
1497 2563 1638 2599 γριι)μα.
2387 2571 2422 2598 4⁰

1382 2619 1445 2643 629.
1477 2604 1728 2656 (εξεθρειράυην
1751 2617 1758 2641 :
1777 2603 1869 2646 Ως
1855 2603 1911 2640 επὶ
1931 2603 2071 2641 παιδίου
2092 2607 2184 2640 εἶπεν
2198 2621 2220 2649 Γ,
2239 2604 2369 2657 ἀνθρώ-

1329 2679 1395 2701 που
1410 2663 1448 2700 τὸ
1466 2662 1577 2715 ἐςεθρε
1562 2662 1715 2714 εψάμην,
1733 2662 1785 2712 ες)
1801 2665 1867 2698 ωτε
1887 2661 2010 2707 ἱκανὴν
2024 2654 2174 2699 διάθεσιν
2189 2663 2247 2699 καὶ
2265 2678 2369 2716 στορ-

1328 2722 1392 2772 γὴν
1413 2724 1615 2771 ἐμποιῆσαι.
1638 2719 1660 2765 ἢ
1676 2719 1731 2756 ἵνα
1748 2735 1912 2772 φαινηται
1934 2721 2139 2770 ἀγανακτῶν
2160 2722 2195 2758 ἐν
2210 2721 2351 2772 λόγοις.)

1382 2794 1445 2818 631.
1477 2778 1689 2829 (ἑξμέδιμνον
1707 2778 1859 2829 κυψέλην
1880 2792 1888 2816 ;
1905 2778 1974 2822 Ἳίξ
1990 2778 2173 2828 μεδίμνους
2187 2784 2368 2830 χωροῦσαν

1329 2838 1493 2891 κυψέλην.
1515 2837 1587 2874 ἔστι
1608 2838 1643 2874 δὲ
1663 2831 1748 2879 εἶδος
1770 2836 1907 2887 ἀγγείου
1928 2836 1949 2882 ἢ
1975 2836 2100 2888 μέτρου
2122 2838 2275 2889 δεκτικὸν
2302 2855 2369 2877 πυ-
2388 2860 2422 2885 45

1331 2901 1396 2950 ρῶν
1412 2896 1433 2942 ἢ
1452 2899 1589 2949 κριθῶν.
1611 2895 1717 2937 οὕτως
1737 2895 1771 2932 δὲ
1803 2895 1937 2946 εἴρηται
1966 2894 2022 2932 διὰ
2044 2895 2082 2933 τὸ
2102 2895 2292 2949 κεκρύφθαι
2308 2899 2370 2935 αὐ-

1329 2960 1389 2993 τοῦ
1409 2954 1471 3000 τὴν
1486 2954 1580 2999 ἕλην·
1599 2953 1671 2990 ἔστι
1692 2952 1758 3005 γὰρ
1777 2953 1959 2990 σκοτεινόν.
1982 2953 2135 3006 διαφέρει
2152 2954 2187 2992 δὲ
2205 2954 2290 3006 πρὸς
2306 2954 2370 3001 τὴν

1330 3012 1496 3065 κυψελίδα
1509 3042 1518 3057 ,
1534 3011 1610 3056 ἥτις
1631 3011 1721 3048 ἐστὶν
1742 3014 1759 3048 ὁ
1780 3013 1813 3048 ἐν
1838 3013 1907 3054 τοῖς
1923 3012 1986 3049 ὠσὶ
2011 3012 2129 3064 ῥύπος.
2147 3013 2185 3050 οὐ
2206 3011 2309 3062 μόνον
2332 3012 2368 3050 δὲ

1329 3070 1477 3109 πλεκταὶ
1496 3065 1585 3116 ῆσαν
1605 3072 1639 3106 αἱ
1656 3069 1804 3121 κυψέλαι
1815 3100 1823 3116 ,
1841 3069 1931 3107 ἀλλὰ
1948 3070 2006 3107 καὶ
2021 3071 2204 3122 κεραμέαι.
2217 3070 2268 3108 διὸ
2283 3070 2368 3122 λίθῳ

1331 3129 1433 3182 φησὶν
1451 3127 1558 3173 αὐτὴν
1580 3129 1799 3177 κλασθῆναι.)
2387 3154 2421 3179 60

1382 3201 1446 3226 632.
1477 3186 1645 3239 οὑργάτης
1661 3186 1745 3229 λεὼς
1766 3201 1774 3224 :
1793 3185 1860 3224 Διὰ
1881 3185 1948 3239 γὰρ
1967 3185 2029 3229 τὰς
2046 3186 2198 3237 συνεχεῖς
2218 3188 2286 3224 τῶν
2306 3202 2369 3224 πο-

1329 3245 1444 3295 λέμων
1461 3243 1620 3287 εἰσῧολὰς
1636 3244 1970 3295 ἐσκευα·,ἰι)γ·Γ’,σαντο
1986 3246 2033 3287 εἷς
2048 3243 2110 3290 τὴν
2131 3242 2230 3281 πόλιν
2247 3245 2278 3281 οἱ
2298 3243 2368 3281 ἀπὸ

1301 3311 1305 3368 ἱ
1329 3307 1396 3341 τῶν
1412 3305 1546 3356 αγρῶν.

847 3366 942 3418 ΕὈρα
965 3369 1026 3403 τοῦ
1043 3367 1186 3411 ποιητοῦ
1207 3362 1269 3410 τὴν
1302 3386 1304 3397 ι

1383 3375 1449 3400 633.
1480 3361 1700 3411 πωλούμενος
1728 3363 1790 3399 οὐκ
1815 3360 1997 3399 ἐλάνθανεν
2024 3372 2034 3399 2
2058 3357 2146 3399 Ἐὰν
2170 3352 2275 3410 μὲν-ᾗ
2303 3359 2364 3397 οὐκ
