2517 3792
1052 155 1267 194 NUBIUM.

111 246 367 284 definitionem
398 248 614 284 Graecornm
649 243 847 293 expressit.
888 241 981 278 Vide
1013 243 1125 278 etiam

112 308 210 341 Sext.
242 305 376 354 Enipir
406 303 504 340 Adv.
532 302 712 339 Matlwm.
745 315 778 350 p.
807 301 855 336 66
868 329 878 346 ‚
905 299 971 336 ubi
995 300 1124 336 eadem

115 365 213 398 Artis
232 362 402 399 delinitio
419 360 591 396 traditur.
612 362 728 395 Kusr.

165 421 262 468 319,
289 422 336 456 30
357 418 512 455 λείπεται
540 417 671 454 codex.
695 446 735 452 ....
754 417 800 451 32
820 415 857 452 τὸ
879 414 913 452 δὲ
932 414 1126 459 πεπότηται

111 476 186 514 ἀντὶ
202 479 255 513 τοῦ
264 476 387 521 ἀνέστη
402 475 460 512 καὶ
476 479 518 512 V.
536 489 610 512 oni.
628 478 672 511 R.
687 505 727 511 .-
740 475 785 510 33
801 473 867 519 ἤδη
883 487 956 510 om.
971 477 1014 510 R.
1027 473 1086 522 [V.
1097 472 1126 522 ?]

162 534 253 579 320,
275 535 320 580 37
347 547 422 582 seq.
444 532 540 584 παρὰ
560 533 598 569 τὸ
619 533 920 584 μεταρσιολεσχεῖν
940 529 973 567 δὲ
988 530 1026 567 το
1044 545 1125 567 στε-

109 591 286 642 νολεσχεῖν
318 591 504 640 εἴληπται,
529 591 587 628 καὶ
614 591 652 627 τὸ
679 590 784 640 μηδὲν
806 590 888 626 Ald.
906 593 1124 627 Correctum

110 660 302 699 praeennte
315 651 431 688 Snida
448 664 475 686 5.
496 675 543 687 ...
528 650 640 686 τενο)
629 654 754 699 εσχεῖν.
770 679 809 684 -
826 650 872 685 38
888 648 926 684 τὸ
944 661 1126 697 μεταρσιο-

108 707 245 758 λεσχεῖν
265 738 306 744 -
324 707 565 757 ἀπολογ·π’σοντ
554 722 603 744 αι
625 706 862 751 om.Snidas,
881 706 946 754 qni
964 717 1125 753 sequen-

110 765 159 802 tia
176 766 365 815 excerpsit
389 779 416 802 5.
431 766 676 813 Λεπτολογεῐν.

141 825 189 860 32
200 823 293 860 ιάντὶ
305 827 362 860 τοῦ
375 837 449 860 om.
462 832 498 860 et
510 822 660 874 συνάψας
676 822 949 871 ρο5ῑάντιθεῖναι
963 820 1070 868 ponit
1081 822 1123 854 R.

143 883 216 918 323
230 912 240 929 ,
261 883 309 919 50
324 881 429 931 βλέπε
441 885 498 918 νῦν
516 880 654 930 ἡσύχως
672 879 763 929 δευρὶ
778 878 862 930 πρὸς
877 877 938 922 τὴν
955 876 1124 927 Πάρνηθα

107 943 148 976 Υ.
161 941 252 978 -51
274 941 416 992 Πάρνης
434 940 468 976 δὲ
482 939 557 992 ὄρος
569 941 629 983 τῆς
644 938 811 981 Ἀττικῆς.
825 939 926 972 τοῦτο
947 935 1004 972 καὶ
1026 937 1124 986 ἀρσε-

106 1000 209 1041 νικῶς
225 998 374 1048 λέγεται,
393 1000 438 1040 ὡς
451 998 509 1044 τὸ,
530 999 562 1038 ἐς
580 996 728 1047 κόρακας
748 993 820 1038 ἥξω
840 992 990 1044 φέρων*
979 1008 1007 1029 ε
1026 994 1124 1043 οεῦρο

107 1056 163 1093 τὸν
183 1055 353 1109 Πάρνηθα
369 1053 460 1092 ὅλον·
476 1070 535 1092 και
550 1054 705 1098 θηλυκῶς
719 1067 764 1093 ως
778 1032 924 1088 ἐντάῧθα
938 1051 1016 1087 Ald.
1034 1054 1126 1098 Quae
1152 1055 1155 1066 '

107 1117 239 1150 Musur
243 1127 284 1150 us
296 1112 522 1162 intcipolax
514 1120 542 1147 lt
559 1124 602 1147 ex
617 1109 810 1159 Stephano
825 1111 878 1158 B}
882 1123 910 1144 z.
927 1122 955 1144 5.
974 1108 1124 1160 Πάρνης.

161 1172 249 1216 324,
273 1185 291 1216 7
306 1169 396 1207 πάνυ
416 1168 543 1206 πολλαί
560 1181 636 1204 om.
651 1171 692 1205 V.
698 1168 791 1218 ,qui
808 1152 946 1204 deinde
962 1183 1020 1204 και
1042 1168 1125 1203 loco

105 1228 189 1281 πρὸς
207 1228 499 1279 praepositionis.
512 1257 554 1263 -.
571 1241 594 1276 9
608 1225 652 1263 τὰ
673 1224 758 1278 ὑπὲρ
772 1227 840 1262 τῶν
853 1225 1062 1276 κρινομένων
1080 1229 1124 1262 Υ.

159 1287 249 1333 327,
272 1288 332 1322 15-
346 1287 393 1323 23
408 1299 482 1323 om.
498 1289 542 1323 V.
561 1287 639 1337 ὁρᾷς
662 1282 764 1327 αὐτὰς
789 1282 947 1330 δηλονότι
961 1287 1006 1321 R.
1022 1312 1062 1318 -
1080 1284 1125 1320 16

105 1342 310 1386 κολοκύνθας
325 1347 370 1381 R.

159 1403 248 1450 328,
269 1403 318 1439 26
338 1401 527 1452 κατέχουσι
543 1402 588 1439 G.
606 1401 778 1439 Verbum
801 1415 876 1438 om.
894 1404 939 1438 R.

160 1461 252 1510 331,
274 1462 323 1497 28
341 1459 506 1513 σοφιστὰς
522 1459 656 1502 πάντας
674 1458 752 1501 τοὺς
770 1457 1062 1508 πεπαιδευμένους
1080 1463 1124 1496 V.

107 1519 152 1554 3ι
173 1516 347 1570 ἀγορεύειν
363 1518 446 1554 Ald.
462 1521 686 1556 Correctum
704 1532 749 1554 ex
765 1518 881 1555 Suida
895 1531 923 1554 5.
941 1517 1127 1569 Σοφιστής,
1154 1561 1156 1571 ‚

106 1576 173 1625 qui
193 1574 461 1628 προσαγορεύειν
481 1575 635 1621 ὤκνησεν
665 1575 749 1626 (sic)
772 1574 873 1612 οὕτω.
893 1603 934 1610 5-
950 1577 996 1619 34
1018 1591 1127 1612 κατα-

106 1636 305 1684 χρηστικῶς
318 1634 464 1671 Suidas.
483 1635 700 1686 κατα-χωρῶν
717 1634 800 1670 Ald.
815 1664 856 1670 ..-
875 1634 922 1670 35
943 1632 1000 1670 ἐπὶ
1011 1634 1124 1670 Dind.

105 1690 252 1728 addidit
269 1705 314 1729 ex
331 1692 472 1737 Suida,
501 1693 566 1741 qui
587 1691 642 1728 ἐπὶ
663 1707 702 1729 π.
723 1690 847 1742 τέχνης
866 1690 981 1728 ἔλαὲε.

104 1810 150 1844 V.
168 1811 262 1845 Cnm
285 1809 370 1845 Ald.
386 1810 574 1846 consentit
587 1809 723 1846 Suidas
743 1822 770 1845 5.
788 1809 1071 1860 Θουριομάντεις.
1078 1828 1128 1836 -

107 1873 151 1910 41
167 1880 249 1917 sqq.
264 1871 310 1904 V.
332 1867 447 1904 habet
461 1882 539 1910 τους
559 1869 606 1909 εἷς
621 1866 768 1918 Θούριον
792 1866 1009 1918 πεμφθέντας
1025 1867 1125 1904 πόλιν

105 1925 268 1968 Σικελίας
287 1924 385 1978 παρὰ
399 1925 618 1971 Ἀθηναίων’
603 1941 660 1962 επι
674 1941 723 1977 τῳ
741 1925 859 1962 κτίσαι
879 1925 998 1971 αὐτην.
1014 1955 1056 1962 -
1078 1934 1124 1970 42

105 1982 164 2021 καὶ
183 1983 280 2026 τίνας
297 1997 370 2021 om.
390 1984 537 2021 Suidas.
550 2014 592 2021 .-.
607 1989 656 2033 49
672 1992 759 2034 post
774 1983 923 2035 Θουρίας
944 1985 1126 2034 Stephani

107 2043 279 2091 Byzantii
309 2035 428 2080 verba
470 2042 512 2093 (s.
543 2041 698 2094 Θούριοι)
736 2042 898 2079 inseruit
935 2045 1124 2088 Musurns,

105 2098 244 2151 ὕστερον
261 2099 298 2137 δὲ
319 2099 436 2137 Ἀπίαι
458 2099 616 2151 (Κωπίαι
641 2114 701 2149 ap.
721 2101 882 2150 steph.).
904 2099 1043 2150 λέγεται
1067 2101 1124 2137 καὶ

105 2156 239 2209 Θουρία
252 2157 311 2195 καὶ
325 2157 474 2211 Θούριον
488 2173 496 2181 ·
515 2160 561 2199 ὡς
576 2159 610 2194 ἐν
621 2160 671 2210 τῷ
684 2156 871 2208 Ἡροδότου
886 2159 1126 2210 ἐπιγράμματι

106 2215 321 2268 «(Ηρόδοτον
341 2215 461 2260 Αύξεω
480 2215 625 2268 κρύπτει
644 2216 736 2259 κόνις
754 2215 815 2261 ἥδε
834 2218 999 2262 θανόντα,
1018 2217 1126 2259 Ἰάδος

105 2273 253 2325 ἀρχαίης
271 2275 447 2325 ἱστορικῆς
472 2277 638 2325 πρῧτανιν
651 2303 661 2321 ,
697 2273 857 2326 Δωριέων
886 2274 1020 2327 πάτρης
1036 2277 1127 2326 βλα-

105 2331 220 2369 στόντ,
240 2331 330 2379 ἄπο,
358 2347 409 2369 τὺ)
432 2331 497 2403 ’γὰρ
514 2331 666 2377 ἅπλΤτΟν
693 2347 814 2381 μῡὶμῦν
838 2348 882 2369 UA
860 2347 991 2385 ’ἴεχῗῗρῧ
996 2348 1124 2385 ’.Ταίῦΐϋ

105 2389 253 2442 Θούριον
281 2389 364 2441 ἔσχε
391 2389 568 2443 πάτρην.»
598 2389 637 2427 τὸ
657 2389 787 2426 ἐθνικὸν
813 2391 1005 2440 ὁμωνύμως
1027 2391 1124 2429 Θού-

106 2462 185 2498 ριοι,
202 2447 261 2484 καὶ
276 2448 479 2517 Θουριακοί.
499 2463 557 2484 και
572 2448 737 2499 Θουρῖνος
752 2451 860 2494 οἰκος,
877 2449 922 2490 ὡς
940 2449 1122 2500 Στράοων.

106 2504 309 2547 Παυσανίας
330 2505 366 2542 δὲ
386 2504 543 2543 Ἄνθειαν
563 2504 669 2550 αὐτὴν
689 2506 862 2542 καλεῖ-
889 2506 936 2541 5ο
967 2506 1122 2543 μάντεων

105 2563 312 2600 Emestius.
352 2564 397 2604 εἷς
418 2562 569 2615 Θουρίαν
593 2563 676 2600 Ald.
694 2592 735 2600 5-
755 2565 823 2600 1-3
850 2562 965 2600 habet
988 2565 1124 2602 Suidas

51 2616 55 2619 ’
103 2632 132 2654 5.
147 2617 291 2671 Ἰατρός,
312 2622 381 2670 qui
397 2629 485 2671 post
499 2619 608 2672 ἀέρων
626 2621 733 2657 addit
746 2620 864 2672 ὀρέων.
883 2625 948 2658 Est
964 2622 1123 2660 sortasse

104 2675 362 2727 dittographia
389 2678 638 2729 praecedentis
672 2679 858 2715 vocabuli.
892 2683 1008 2716 Drxn.
1029 2710 1071 2717 ..-
1100 2682 1120 2717 5

103 2734 385 2784 κεκοσμημένους
405 2741 449 2773 V.
473 2768 513 2774 -
539 2751 556 2783 7
577 2736 758 2788 ἐπιμελείᾳ
777 2740 822 2774 G.
839 2767 880 2773 ..-
899 2740 919 2773 8
943 2737 1063 2780 αὐτοὺς
1085 2740 1122 2776 ἐκ

102 2793 163 2827 τοῦ
200 2791 444 2840 ἐγκαλύπτειν,
473 2808 496 2842 9
518 2793 614 2844 μόνοι
636 2797 680 2831 V.
700 2794 917 2831 «Tibicines
945 2796 1122 2846 intelligit

105 2849 325 2897 Lessingius
344 2850 383 2886 in
403 2853 585 2900 Epistolis
604 2853 842 2901 antiquariis,
863 2866 923 2902 ep.
941 2855 1002 2890 23.
1022 2856 1120 2892 Vide

104 2907 201 2943 Pl'm.
218 2909 266 2943 H.
286 2910 332 2944 N.
352 2908 414 2955 37,
437 2910 472 2946 3.
486 2926 502 2942 ι,
526 2913 657 2946 Hssmu.

159 2966 248 3010 333,
263 2979 276 3000 1
289 2980 315 3002 1.
346 2968 404 3002 De
425 2967 632 3004 Philoxeno
650 2978 808 3019 propter
822 2979 1036 3020 temporum
1055 2986 1117 3009 ra-

106 3023 248 3060 tionem
264 3023 425 3072 cogitari
438 3037 514 3061 non
532 3039 642 3075 posse
658 3027 822 3064 ostendit
838 3029 1002 3065 Meinek.
1021 3030 1118 3066 Hist.

106 3083 213 3119 Com.
232 3096 269 3131 p.
291 3082 362 3130 89,
395 3083 463 3131 qni
493 3083 540 3119 de
564 3084 709 3121 Cinesia
737 3099 891 3134 quoque
911 3086 1061 3123 dubitat
1078 3101 1116 3137 p.

106 3139 194 3176 228.
213 3143 346 3189 Itaque
365 3140 460 3176 illud
474 3154 628 3190 quoque
646 3142 777 3178 salsum
798 3151 855 3179 est
876 3144 980 3192 quod
1000 3145 1116 3182 schol.

104 3197 153 3234 ad
163 3210 197 3234 v.
212 3199 285 3234 335
298 3197 528 3234 vocabulum
539 3199 788 3251 στρεπταίγλαν
804 3201 852 3236 ab
863 3202 1116 3251 Aristophane

105 3267 152 3292 ex
171 3255 380 3292 Philoxeno
411 3256 538 3292 afferri
569 3257 703 3295 credit.
735 3261 894 3295 Eri-ores
924 3269 1049 3296 autem
1077 3262 1114 3298 hi

105 3313 389 3352 scholiastarum
410 3315 565 3351 sortasse
581 3327 626 3351 eo
651 3323 736 3351 sunt
758 3317 832 3352 orti
856 3317 976 3365 quod,
997 3332 1113 3366 quum

1053 1730 1157 1767 *tl

160 1750 256 1795 332,
275 1757 324 1793 4ο
342 1749 411 1787 ἀπὸ
430 1749 466 1787 δὲ
488 1754 549 1787 τοῦ
569 1754 702 1800 γενικοῧ
720 1751 890 1800 προ-ἦλθεν
912 1751 958 1791 εἷς
973 1748 1015 1787 τὰ
1035 1751 1126 1786 ἷοικα
1154 1778 1155 1797 3

1154 1802 1156 1814 Ι

2128 162 2201 193 429

1189 241 1411 290 hujtlsmodi
1445 241 1680 277 locutionum
1714 243 1887 292 exempla
1925 254 1971 279 ex
2006 241 2202 279 Philoxeni

1187 299 1437 348 dithyrambis
1458 307 1703 348 cognossent,
1729 300 1774 336 ad
1807 300 1885 336 haec
1905 300 2092 350 respicere
2114 300 2203 338 Ari-

1186 359 1407 407 stophanem
1426 357 1688 406 conjecerunt,
1705 370 1817 407 quem
1832 359 2088 408 antiquiorum
2107 372 2202 408 poe-

1187 424 1309 451 tarum
1330 415 1429 451 dicta
1453 416 1490 451 in
1516 423 1638 451 niente
1661 415 1836 452 habuisse
1858 424 2072 466 temporum
2105 416 2202 452 ratio

1186 473 1308 508 docet.
1329 476 1423 508 Nam
1440 472 1667 508 Philoxenus
1687 487 1764 521 quo
1783 482 1954 523 tempore
1970 473 2097 510 Nubes
2113 481 2202 509 acta:

1186 538 1271 566 sunt
1291 529 1487 566 duodecim
1513 543 1700 565 annornm
1728 544 1821 579 puer
1851 533 1930 568 suit.
1959 536 2074 568 Dixn.
2095 563 2135 568 -
2154 534 2200 569 13

1185 589 1359 624 κυκλικυν
1380 593 1440 635 Υ.,
1459 589 1523 637 qui
1545 588 1845 638 ᾀσματοκάμπτας
1861 589 1908 634 δὲ,
1929 590 1980 626 ὅτι
2001 604 2075 627 om.
2095 621 2134 626 -.
2156 598 2198 635 ι4

1185 646 1242 684 διὰ
1260 646 1295 684 δὲ
1312 651 1356 683 Υ.
1375 678 1416 684 .-
1431 661 1443 682 1
1457 660 1474 691 7
1497 646 1546 682 διὸ
1569 645 1627 682 καὶ
1643 646 1726 682 Ald.
1749 655 1785 682 ct
1812 648 1958 684 Snidas.
1979 663 2004 683 5.
2026 649 2199 686 Κυκλίων.

1236 719 1282 753 19
1298 703 1494 755 προσελθὼν
1513 704 1644 752 μᾶλλον
1663 706 1737 739 αὐτ.
1759 707 1804 739 Υ.

1184 778 1235 798 νιν
1251 776 1325 799 om.
1345 767 1384 798 V.
1408 793 1448 798 -
1471 768 1516 804 24
1534 760 1592 797 καὶ
1610 761 1721 798 Καλλ.
1746 764 1791 797 Υ.

1186 821 1406 858 Callimachi
1440 819 1554 856 verba
1583 832 1657 854 om.
1682 822 1726 854 V.

1184 882 1434 916 Hei-mannus.
1461 876 1763 929 ᾀσματοκάμπτας
1792 878 1894 928 φησιν
1922 880 2026 916 addit
2046 885 2090 918 V.
2113 897 2202 932 καμ-

1821 735 1861 740 -
1876 718 1922 740 22
1936 704 1993 746 τὰς
2009 707 2096 742 κατα
2110 708 2205 757 ‘pr'-

1811 792 1852 798 ..
1873 764 1920 798 26
1944 763 2038 800 νόθαι
2054 765 2202 801 Suidas.

1755 850 1796 855 5-
1825 833 1870 865 27
1897 821 2204 873 διθυραμέοποιοὺς

1152 930 1155 959 l
1184 935 1271 978 πτὰς
1287 938 1331 974 G.
1347 940 1390 973 R.
1407 964 1444 970 -
1468 937 1514 973 35
1534 950 1606 987 φεν.
1621 933 1685 986 γάρ
1701 950 1774 971 εστι
1791 951 1829 972 το
1850 938 1984 975 ἀπάταν
2005 943 2047 975 Υ.
2066 940 2111 990 [1³]

1239 996 1327 1041 335,
1341 996 1387 1031 38
1398 994 1611 1031 hwa-affl
1622 1023 1661 1028 -.
1676 993 1767 1042 39ςἫ
1741 1009 1772 1030 5ε
1787 995 1820 1030 ἐν
1837 995 2056 1046 διθυράμόοις
2070 1002 2112 1034 Υ.
2127 1013 2188 1051 στρ

1185 1050 1220 1088 οὲ
1238 1068 1299 1097 την
1319 1066 1393 1089 om.
1413 1056 1456 1088 R.
1473 1082 1514 1088 .-
1533 1058 1580 1095 4ο
1601 1050 1680 1101 αἷγ)
1674 1067 1723 1097 ην
1747 1055 1791 1088 V.
1813 1061 1850 1089 et
1870 1055 2205 1108 ὃιιίι135.5.Στρε-

1184 1109 1311 1159 πταίγλ
1316 1125 1369 1146 αν.
1385 1125 1413 1146 ει
1396 1103 1478 1145 Ὗπεν
1496 1123 1571 1145 non
1590 1110 1688 1145 clare
1705 1110 1900 1159 scriptum.
1915 1141 1956 1148 .-
1970 1113 2017 1156 45
2034 1127 2087 1162 sq.
2105 1129 2205 1151 τουτο

1185 1166 1467 1211 οεΦιλόςενοςοο
1455 1167 1623 1219 ιθ5ραμο
1626 1182 1737 1209 οποιος
1750 1172 1843 1205 εἶπεν
1867 1171 1901 1206 ἐν
1921 1170 2122 1224 διθυράμοι)
2138 1173 2206 1210 τινί

1185 1230 1231 1265 Υ.
1249 1235 1299 1274 et,
1314 1227 1509 1263 οη1ὶ55ἰ5ἐν
1525 1224 1819 1277 διθυράμοωτινὶ,
1835 1227 1980 1264 Suidas.
1993 1260 2033 1265 -
2049 1224 2204 1273 46ουτος

1187 1257 1436 1322 Herniannns.
1465 1284 1565 1326 αὐτὸς
1594 1285 1680 1322 Ald.
1702 1316 1742 1322 .-
1759 1285 1808 1322 48
1841 1286 2002 1332 τοιαύτης
2022 1292 2068 1324 Υ.
2091 1320 2132 1326 -
2156 1297 2204 1338 49

1186 1343 1242 1381 διὰ
1283 1343 1322 1381 τὸ
1351 1341 1627 1396 ἐξεστραμμένον
1660 1344 1809 1381 Suidas.
1850 1347 1900 1396 τῷ
1937 1344 2205 1399 ἐξεστραμμένῳ

1184 1403 1270 1440 Ald.
1295 1401 1554 1454 ἐξεστραμμένη
1580 1401 1636 1438 διὰ
1658 1401 1720 1447 τὴν
1741 1406 1787 1439 Υ.
1805 1434 1846 1440 .-

1186 1461 1335 1499 Suidas.
1365 1460 1503 1497 ἐκείνων
1529 1461 1563 1497 ἐν
1584 1463 1628 1496 Υ.
1651 1459 1783 1506 ἐκείνην
1802 1462 1835 1497 ἐν
1857 1465 1901 1498 G.
1917 1465 2090 1501 Correxit
2107 1467 2205 1502 Din-

1186 1519 1283 1555 dorf.
1305 1533 1352 1556 ex
1367 1518 1513 1555 scholio
1532 1521 1761 1554 Ravennate.
1779 1519 1814 1554 ἐν
1836 1524 1905 1561 τοῖς
1943 1521 2113 1565 συνθέτοις
2129 1539 2202 1562 om.

1866 1405 1914 1439 50
1933 1403 2062 1441 τούτων
2083 1409 2151 1444 τῶν
2170 1409 2204 1445 ἐν

1154 1573 1156 1577 ’
1185 1580 1246 1622 Υ.,
1268 1576 1382 1613 habet
1398 1576 1535 1613 Suidas
1555 1588 1642 1612 cum
1661 1576 1776 1612 schol.
1794 1580 1888 1613 Rav.
1905 1607 1946 1613 -.
1967 1593 1981 1614 1
1999 1580 2109 1618 ἑνικὸν
2123 1585 2204 1619 Do-

1186 1635 1322 1671 braeus.
1338 1632 1409 1675 ἑνὸς
1428 1633 1511 1670 Ald.

1241 1694 1328 1740 336,
1347 1693 1368 1728 5
1383 1695 1428 1728 Υ.
1446 1691 1562 1728 habet
1594 1690 1767 1742 συστροφὴ
1783 1691 1909 1740 ἀνέμου
1937 1696 1958 1739 ἡ
1986 1693 2110 1732 θύελλα

1186 1751 1260 1788 ἀντὶ
1287 1754 1346 1788 τοῦ
1372 1763 1446 1786 om.
1467 1753 1512 1787 R.
1533 1753 1575 1785 V.
1598 1779 1637 1785 ..
1663 1762 1683 1795 7
1705 1747 1840 1801 λαύρως
1869 1753 1933 1797 Υ.,

1185 1809 1293 1846 ἱστίον
1313 1823 1386 1846 om.

1242 1869 1330 1914 337,
1348 1882 1393 1904 10
1417 1884 1450 1918 γ.
1469 1867 1504 1904 δὲ
1524 1865 1601 1909 τοὺς
1617 1867 1797 1916 πλαγίους.
1816 1866 1909 1916 λέγει
1929 1867 1964 1905 δὲ
1985 1868 2044 1912 τὰς
2064 1871 2206 1924 νεφέλας

1185 1931 1230 1964 V.
1247 1941 1319 1962 —1
1330 1928 1349 1963 3
1364 1926 1468 1963 addit
1483 1926 1563 1962 Ald.
1581 1925 1761 1977 εΌμηρος,
1779 1926 1977 1964 οἷωνοῖσίτε
1994 1935 2094 1966 πᾶσι.
2108 1946 2171 1967 -1
2184 1939 2203 1976 4

1186 1988 1385 2038 ἀερονηχεῖς
1405 1984 1440 2022 δὲ
1456 1983 1519 2029 τὰς
1536 1989 1581 2021 V.

1241 2045 1328 2092 339,
1346 2045 1392 2080 23
1410 2043 1487 2080 ἀλλ’
1501 2045 1531 2080 οἱ
1549 2041 1612 2092 μὲν
1626 2048 1687 2085 τὰς
1703 2042 1852 2080 Suidas.
1869 2057 1897 2080 s.
1916 2045 2086 2095 Κεστρᾶν.
2100 2078 2142 2085 -
2156 2055 2202 2093 24

1185 2104 1215 2138 οἱ
1243 2101 1279 2138 δὲ
1303 2103 1341 2138 οὐ
1363 2100 1507 2147 ταύτας,
1534 2099 1622 2137 ἀλλά
1636 2116 1669 2137 τι
1686 2100 1846 2152 διάφορον
1863 2100 1947 2139 ἄλλο
1960 2103 2056 2152 γένος
2075 2106 2203 2157 ἰχθύων

1185 2160 1331 2197 Suidas.
1351 2189 1392 2196 .-
1408 2161 1454 2196 25
1475 2159 1618 2210 κεστρὰς
1641 2157 1677 2195 δέ
1696 2159 1856 2195 καλοῖσιν
1882 2161 1977 2210 ἰχθῦς
2000 2178 2031 2198 τ.
2053 2178 2086 2200 κ.
2103 2169 2146 2201 V.
2164 2194 2204 2199 -

1187 2232 1234 2266 29
1252 2218 1285 2253 δὲ
1298 2222 1343 2254 Υ.
1362 2220 1480 2269 πειρῶν
1503 2218 1649 2254 suidas.
1672 2231 1699 2253 5.
1721 2218 1901 2268 Κεστρᾶν,
1933 2222 2044 2258 πισῶν
2067 2236 2096 2259 s.
2131 2225 2204 2261 Τε-

1186 2276 1298 2327 μάχη.
1311 2280 1449 2312 Parnm
1465 2285 1639 2312 accurate
1654 2276 1716 2312 hic
1730 2278 1996 2324 grammaticus
2011 2283 2202 2332 praecipit:

1185 2344 1285 2371 recte
1309 2335 1546 2383 Phrynichus
1570 2348 1604 2383 p.
1626 2347 1669 2369 21
1691 2349 1699 2371 :

1184 2396 1323 2434 κοῧντος
1337 2391 1358 2437 ἢ
1373 2392 1437 2444 οἷρτ
1440 2409 1476 2429 ου
1496 2393 1557 2430 οὔκ
1571 2394 1712 2443 ὀρθῶς
1697 2398 1766 2443 ερεῖ
1784 2409 1852 2440 τις,
1874 2394 1964 2432 ἀλλα
1976 2395 2080 2446 τόμος
2094 2398 2202 2449 κρέως

1957 1752 2021 1800 qui
2049 1754 2070 1789 8
2099 1756 2203 1804 μέσον

1726 2334 1890 2386 Τέμαχος
1922 2336 2030 2409 κρέως
2062 2338 2084 2384 ἢ
2114 2343 2203 2378 πλα-

1183 2450 1204 2496 ἢ
1225 2452 1436 2492 πλακοῦντος
1447 2450 1549 2487 ·τοδ
1532 2466 1567 2487 οε
1585 2465 1735 2501 τεμαχςο
1758 2450 1860 2499 μόνοι
1883 2452 1939 2489 ἐπὶ
1964 2454 2079 2504 ἰχθύος
2104 2455 2203 2502 λέγε-

1184 2524 1251 2545 ται.
1270 2510 1397 2546 -30-
1403 2510 1450 2557 39
1470 2509 1522 2545 sic
1550 2509 1589 2544 in
1608 2513 1654 2544 Υ.
1672 2509 1822 2559 κιγηλαν
1843 2507 1878 2545 δε
1896 2510 1972 2547 ἀντὶ
1991 2527 2050 2549 του
2069 2514 2200 2563 κιχλων

1184 2567 1268 2612 δηλο
1270 2566 1353 2603 νότι.
1379 2568 1673 2617 καταχρηστικῶς
1700 2581 1760 2603 και
1781 2566 1834 2603 ἐπ
1851 2568 1923 2618 ὄρνι
1916 2567 1993 2604 ἰθωι
2011 2569 2094 2621 κρέα
2115 2575 2143 2607 εἰ
2147 2587 2201 2608 πε.

1184 2624 1266 2674 βελτ
1271 2640 1318 2661 ιον
1334 2640 1391 2662 ουν
1409 2640 1705 2676 καταχρηστικι)ς
1721 2624 1843 2662 αὐτὸν
1842 2625 1940 2675 [αὐτο
1960 2629 2015 2677 G.
2009 2627 2017 2648 l
2033 2631 2091 2665 νῧν
2107 2629 2200 2666 εκδέ-

1181 2686 1304 2734 χεσθαι
1320 2698 1378 2720 και
1401 2685 1456 2735 υςῖ
1473 2682 1507 2720 ἓν
1524 2699 1586 2719 ανα
1590 2682 1770 2733 γινώσκειν
1785 2698 1844 2735 κρε
1831 2684 2002 2735 5ατορνίθε
2007 2701 2052 2733 ια,
2070 2702 2122 2723 ινα
2139 2688 2200 2737 μό-

1181 2757 1236 2784 νος
1251 2721 1479 2791 μνημονεύειν
1497 2741 1580 2791 δοκῇ
1601 2747 1675 2784 ταῖς
1699 2741 1855 2793 νεφέλαις
1877 2717 2198 2794 προσοικειωμένων

1181 2831 1219 2837 .-
1233 2802 1386 2843 πτηνῶν.
1410 2803 1511 2835 τοῖτο
1534 2798 1567 2835 δὲ
1589 2800 1634 2841 εἷς
1647 2797 1724 2841 τοὺς
1744 2799 2000 2849 εὐωχουμένους
2021 2802 2055 2837 ἐν
2072 2817 2200 2852 πρυτα-

1180 2856 1258 2908 νείῳ
1279 2855 1590 2907 διθυραμοοποιους
1610 2856 1712 2892 τείνει
1742 2855 1800 2892 καὶ
1827 2856 1911 2925 προς
1929 2856 2006 2899 τοὺς
2031 2860 2198 2908 ἑστιωμέ-

1179 2930 1282 2956 νους
1272 2929 1369 2966 παρα
1393 2919 1463 2954 τοῖς
1484 2928 1589 2965 χορη
1576 2919 1647 2955 κοῖς
1665 2912 1805 2962 μάντεις
1835 2928 1893 2950 και
1922 2914 2194 2965 χρησμολόγους.

1234 2975 1298 3016 34’
1288 2995 1327 3018 ,,
1355 2986 1368 3007 1
1389 2987 1446 3008 ουν
1476 2969 1539 3007 ὅσα
1576 2972 1626 3017 ἐν,
1663 2972 1683 3007 3
1712 2972 1856 3012 ἑστωτες
1875 2971 1933 3007 καὶ
1953 2971 2195 3023 κρυπτόμενοι,

1181 3037 1201 3075 4
1217 3029 1343 3076 ἠκούετ
1332 3045 1361 3067 ο
1376 3033 1435 3074 Υ.,
1452 3053 1493 3059 -
1509 3029 1529 3064 5
1549 3033 1766 3065 καταστᾶσαι
1782 3032 1826 3065 G.
1849 3044 1956 3078 μηπω
1973 3032 2016 3066 V.

1233 3089 1318 3134 346,
1338 3090 1358 3125 8
1375 3086 1526 3136 γίνεσθαι
1539 3090 1742 3134 om.V.-—9
1755 3085 1945 3134 διηγήσατο
1958 3090 2018 3133 Υ.,
2034 3090 2097 3138 qui
2109 3103 2195 3140 per-

1177 3149 1231 3198 git
1251 3163 1289 3184 π
1312 3145 1378 3197 γὰρ
1397 3146 1479 3182 {3222
1502 3160 1605 3196 φησιν
1626 3143 1927 3216 παρωμοιωμένας
1947 3143 2045 3189 ζώοις
2063 3163 2151 3185 τισιν
2171 3149 2192 3195 ἢ

1176 3210 1276 3257 φυτοῖ
1278 3220 1291 3246 ς
1307 3203 1329 3249 ἢ
1346 3203 1606 3253 ἀνθρωποειδεῖς
1623 3201 1805 3251 γινομένας
1818 3200 1840 3247 ἢ
1857 3202 1966 3248 ἄλλην
1949 3204 2058 3242 ντινὰ
2072 3206 2191 3244 τοιαύ-

1174 3279 1235 3308 ,ης
1252 3261 1363 3314 ὅρεως
1380 3259 1494 3297 εἰκόνα
1516 3259 1715 3311 5αινούσας·
1733 3275 1835 3312 φησιν
1853 3263 1922 3297 οὖν.
1940 3286 1981 3294 —
2000 3268 2043 3306 14
2062 3263 2191 3301 τούτων

1196 3319 1343 3368 εμόνων
1366 3318 1598 3368 ἐμνημόνευσε
1619 3317 1663 3354 δι
1681 3320 1741 3365 ὧν,
1768 3319 1811 3354 16
1831 3318 1968 3369 λεγεται
1987 3324 2033 3360 Υ,
2072 3335 2078 3339 ·
