2517 3792
1109 182 1270 221 PLUTI.
2169 180 2243 212 603

159 279 270 334 φέρεις
286 309 295 326 ,
314 277 362 314 38
380 274 439 314 καὶ
454 273 578 325 μέτρον
598 271 725 317 κοτύλη
742 275 783 307 V.
800 270 859 308 καὶ
875 269 1011 320 μέλιτος
1024 269 1172 313 κοτύλην
1230 261 1321 304 εἶπεν
1339 270 1356 304 ὃ
1377 267 1447 308 θεὸς
1469 270 1513 303 V.
1536 270 1628 316 ch.
1653 264 1864 317 προηροσίαν
1879 268 1922 300 V.
1938 278 2130 316 προηροσια
2152 262 2242 298 Sui-

159 343 282 376 Etvm.
303 340 354 374 M.
373 349 401 372 s.
423 332 614 384 Εἶρεσιώνη
634 344 669 379 p.
691 331 777 376 303,
801 344 862 375 27,
880 338 915 365 ct
938 328 1105 364 liustatli.
1127 326 1173 363 ad
1229 325 1306 361 dus.
1322 325 1404 376 πρὸς
1423 324 1570 376 εἰρεσίαν
1591 324 1673 360 ΑΙιΙ.
1693 326 1835 368 ποιῆσαι
1851 327 1893 360 R.
1908 325 1951 373 τῇ
1972 325 2058 368 Δηοῖ
2072 322 2242 359 additum

161 382 313 433 Homer.
333 407 371 443 p.
401 392 516 436 1283‚
535 390 599 438 qui
617 388 753 424 deinde
783 388 887 438 ε’λαίῳ
910 385 1173 438 ἐπικρήσασθαι.
1229 396 1275 418 Ο(
1299 384 1430 421 Suida.
1465 386 1564 419 θῦσαι
1582 381 1656 422 τοὺς
1680 384 1742 419 ΑΟ.
1761 380 1846 432 ὑπὲρ
1869 380 2020 418 πάντων.
2039 379 2098 417 καὶ
2114 379 2243 425 ταύτην

158 452 405 503 ἀποψήσασθαι
425 451 484 491 V„
502 447 638 484 Suid.·s
659 454 694 482 ct
714 449 835 494 Etym.
857 449 909 484 M.
929 444 1176 496 ὑπο-’ρησασθαι
1228 439 1289 485 τὴν
1309 440 1506 492 εἰρεσιώνην
1529 439 1694 481 ἐποίησαν
1714 439 1815 476 οἱονεὶ
1843 439 1981 476 πάντων
2007 439 2075 474 τῶν
2101 439 2243 488 καρπῶν

160 510 238 547 ΑΙιί,
255 505 499 558 ἁναψῆσασθαι
518 505 616 542 Plut.
634 507 679 541 Y.
700 504 833 539 Thesei
854 517 890 553 p.
914 516 969 545 ιο,
996 507 1036 542 Β,
1057 501 1174 537 schol.
1201 508 1205 539 1
1230 499 1390 550 ἀπαρχάς
1418 503 1508 547 Reg.
1524 523 1562 529 -
1582 500 1627 540 [ὦ
1662 497 1767 540 οὕτως
1792 498 1987 543 Ἀθηναίους
2008 502 2050 534 R.
2079 495 2173 533 ἕνεκε
2197 497 2239 535 Θ.

159 567 207 604 ad
221 566 347 615 Equit.
372 564 462 611 725,
483 563 600 600 Clem.
623 562 730 598 Alex.
757 566 896 598 Strom.
922 567 955 604 s„
977 573 1014 609 p.
1037 559 1174 595 5(›6.—-
1232 558 1355 605 Pergit
1384 558 1522 605 Regius
1540 571 1546 591 ε
1567 556 1664 592 ἄλλοι
1684 555 1718 591 δέ
1744 571 1845 607 νρασιν
1868 557 1913 596 ὡς
1935 556 2057 604 λοιμοῦ
2076 569 2160 591 ποτε
2191 555 2245 590 ἐν-

163 627 210 673 39
229 622 320 664 ὅπως
335 623 410 671 μεθ.
427 621 575 658 Suidas.
594 620 726 668 μεθύων
748 620 794 656 Θ.
814 618 963 655 Deinde
983 615 1178 665 legebatur
1232 614 1428 666 σκήψαντος
1449 613 1656 658 Ἀθηναίοις,
1676 611 1819 654 ἕκαστος
1843 614 1908 663 πρὸ
1928 614 1996 648 τῶν
2012 614 2120 663 θυρῶν
2136 610 2243 655 ἔστη-

160 680 327 725 καθεύδης
340 693 425 716 cum
441 679 569 716 Suida.
589 682 778 714 Mutatum
797 690 842 714 ex
857 677 972 713 schol.
986 675 1032 711 ad
1048 673 1176 722 Equit.
1231 688 1294 709 σαν
1315 671 1511 723 εἰρεσιώναις
1528 673 1573 714 εἷς
1596 670 1796 721 ἀποτροπὴν
1820 673 1878 706 τοῦ
1896 671 2030 719 λοιμοῦ.
2052 670 2108 707 καὶ
2130 669 2247 715 διέμε-

162 742 207 776 In
226 723 348 787 Etyffl.
375 736 435 773 καὶ
450 734 564 772 κύλικ’
580 734 726 787 εὐζώρου
741 734 833 771 οἴνου
855 733 1028 782 μεθύουσα
1050 729 1178 768 καθεύ-
1203 749 1208 807 1
1231 746 1286 767 νεν
1310 732 1356 772 εἰς
1377 729 1543 766 ἐνιαυτόν.
1570 729 1611 773 ἦν
1637 729 1694 766 καὶ
1726 728 1948 779 ξηρανθεῖσαν
1978 727 2082 764 πάλιν
2106 727 2247 770 κατέτος

162 799 224 837 δει.
250 797 453 847 Sequentia
471 795 588 832 hahet
612 799 704 843 Reg.
734 819 765 824 -
782 801 829 838 4ο
855 792 1032 841 εἰρεσιώνη
1056 790 1180 831 κλάδος

163 859 209 893 V.
225 860 316 905 Reg.
340 853 456 896 ἐλαίας
476 852 566 904 ἔχων
585 851 687 903 οἷρτον
704 849 934 901 ἐξηρτημένον
953 849 1011 886 καὶ
1032 847 1178 891 κοτύλην

163 913 291 951 ἐλαίου.
306 912 472 964 ἐξήρτητο
485 914 528 948 V.
547 915 641 956 Quae
659 923 704 946 ex
723 909 866 945 scholio
881 907 1079 956 superiore
1093 913 1179 942 sunt

163 973 278 1009 illata.
292 995 333 1002 —
352 978 400 1014 40
424 970 526 1005 αὐτοῦ
548 976 634 1017 post
648 968 760 1017 ὡραῖα
780 966 889 1014 pouit
906 967 952 1002 Θ.
978 964 1036 1000 καὶ
1055 966 1117 1015 ὡρ.
1134 966 1178 1001 V.

163 1055 205 1065 ...-
225 1035 273 1072 42
293 1027 442 1065 παλαιὸν
468 1028 514 1064 Θ.
536 1033 573 1061 et
605 1023 751 1061 SuidaS.
778 1023 818 1059 τὸ
837 1022 986 1059 παλαιὸν
1011 1022 1093 1060 Ald.
1122 1021 1180 1058 τὸν
1235 1022 1293 1060 καὶ
1313 1022 1445 1074 Ἵὶραις
1475 1023 1694 1074 ἑορτάζουσιν
1726 1022 1925 1066 Ἀθηναῖοι·
1954 1033 2076 1069 neque
2102 1020 2171 1057 alia
2194 1027 2250 1056 est

164 1089 251 1124 παλ.
272 1090 364 1135 Reg.
391 1082 539 1121 παλαιόν
574 1097 607 1118 τι
633 1081 752 1118 schol.
783 1081 828 1116 ud
861 1081 987 1130 Equit.
1021 1078 1180 1131 χρησμόν
1234 1084 1255 1127 ἡ
1271 1079 1452 1126 Ἀθήνησιν
1468 1079 1518 1118 ἔτι
1535 1080 1595 1117 καί
1615 1084 1674 1117 νῦν
1691 1078 1848 1131 δρωμένη
1863 1077 1988 1127 πομπὴ
2009 1077 2129 1115 Ἡλίου
2141 1092 2178 1113 τε
2193 1076 2250 1113 καὶ

1233 789 1339 825 ἐποίει
1358 787 1476 838 ἑτέραν
1498 788 1726 838 χλοάζουσαν.
1744 812 1784 818 --
1802 794 1850 835 49
1872 786 1984 837 Ἡλίῳ
2001 786 2058 823 καὶ
2077 787 2213 823 absunt
2227 799 2247 823 a

1234 848 1378 883 cunctis
1394 846 1477 883 edd.
1495 846 1649 882 Suidam
1675 845 1883 882 rescribere
1902 846 2112 881 scholiastae
2129 845 2247 893 jussi,

1234 905 1337 954 quod
1365 905 1418 941 illi
1439 913 1634 954 acceptum
1661 904 1796 940 tulerat
1820 920 1827 940 ε
1856 904 2058 940 concordat
2077 903 2247 939 scholion

1234 965 1279 1003 ad
1296 966 1424 1014 Equit.
1445 979 1481 1003 ν.
1501 965 1573 1010 725
1595 979 1601 999 :
1620 963 1830 1016 Πυανεέρίοις
1843 963 1901 1000 καὶ
1913 963 2124 1014 Θαργηλίοις
2138 961 2249 1012 Ἡλίῳ

165 1150 253 1194 Reg.
272 1152 310 1181 et
326 1142 473 1181 Suidas.
498 1143 542 1182 ὡς
565 1142 668 1189 λιμοῦ
692 1141 738 1178 Θ.
767 1143 860 1188 Reg.
879 1138 964 1176 Ald.
993 1140 1039 1180 ὡς
1058 1139 1182 1187 λοιμοῦ
1235 1138 1353 1190 Ὡρῶν
1381 1139 1481 1189 apud
1507 1139 1698 1188 Porpliyr.
1732 1137 1820 1188 Περὶ
1843 1137 1890 1173 Ἀ.
1910 1137 1965 1174 ’E.
1984 1138 2024 1173 Z.
2044 1137 2064 1184 §
2098 1149 2132 1181 7.
2159 1138 2252 1171 Sunt

165 1206 212 1240 R.
227 1201 280 1239 ὅτι
293 1202 416 1250 λοιμοῦ
433 1202 475 1238 V.
495 1224 535 1229 -—-
555 1201 601 1241 43
620 1200 650 1235 οἱ
666 1197 700 1235 δὲ
719 1197 779 1235 καὶ
801 1197 853 1234 ὅτι
867 1198 990 1246 λοιμοῦ
1005 1211 1051 1234 ex
1066 1197 1182 1233 schol.
1235 1206 1360 1235 autem
1382 1196 1426 1234 τὰ
1446 1194 1766 1249 προκατειλεγμένα
1787 1194 1958 1245 ἀκρόδρυα
1971 1223 1980 1240 ,
1997 1207 2080 1243 quae
2095 1193 2251 1238 librario

165 1260 213 1298 ad
230 1260 357 1310 Equit.
377 1257 527 1295 addidit
556 1259 714 1301 Hemst.,
733 1257 840 1306 cujus
869 1256 948 1292 haec
980 1265 1036 1292 est
1059 1269 1181 1292 anno-
1237 1256 1424 1292 debentur
1445 1256 1654 1304 pleniorem
1683 1252 1996 1302 descriptionem,
2023 1251 2110 1300 quia
2140 1262 2253 1299 supe-

167 1311 289 1355 tatio':
311 1332 326 1349 κ
344 1313 568 1354 Orationem
598 1329 673 1350 non
707 1316 796 1350 satis
819 1314 1003 1364 quadrare
1033 1314 1183 1363 perspi—
1237 1314 1401 1351 rim-ihm
1424 1322 1505 1350 erat
1535 1312 1691 1357 similis,
1723 1310 1929 1355 recidenti,
1951 1323 2025 1345 non
2040 1339 2049 1355 ,
2069 1311 2134 1344 illa
2150 1311 2255 1356 prius

167 1389 279 1413 cuum
303 1382 384 1411 est:
411 1387 498 1410 narn
525 1375 555 1409 οἷ
589 1371 650 1422 μὲν
672 1371 738 1424 γὰρ
763 1374 895 1422 utique
928 1373 1050 1422 poscit
1075 1373 1106 1408 οἱ
1130 1370 1184 1417 δὲ,

167 1433 273 1484 quod
301 1432 375 1470 sibi
407 1431 658 1481 respondeat,
690 1439 726 1467 et
749 1431 970 1467 sententiam
998 1431 1183 1479 integram

168 1498 414 1528 consummet.
433 1489 567 1526 Suidas
586 1489 739 1539 quidem
757 1489 890 1526 eodem
906 1489 1054 1525 laborat
1075 1488 1184 1533 vitio,

167 1549 242 1587 hoc
262 1556 408 1584 tantum
429 1547 600 1584 diversus
613 1576 623 1592 ‚
643 1548 744 1596 quod
766 1549 847 1583 vice
871 1548 975 1596 λιμοῦ
992 1545 1112 1596 λοιμὸν
1130 1547 1184 1582 in-

169 1607 284 1644 ducat
302 1620 309 1641 :
333 1619 455 1655 neque
471 1605 510 1642 id
526 1606 661 1642 mirum
678 1614 733 1641 est
755 1605 794 1642 in
819 1613 893 1642 tam
916 1605 1106 1654 frequenti
1122 1618 1187 1640 vo—

170 1667 224 1703 cis
249 1666 449 1715 utriusque
483 1666 764 1714 permutatione
779 1693 789 1710 ,
826 1664 934 1713 cujus
968 1665 1185 1714 exemplum

170 1724 314 1775 praebet
331 1725 366 1760 in
385 1724 456 1760 hoc
474 1724 558 1773 ipso
580 1721 776 1774 εἷρεσιώνης
803 1724 961 1760 articulo
980 1724 1063 1760 cod.
1077 1727 1184 1759 LBa-

171 1791 305 1828 tavus3
323 1782 470 1832 quippe
491 1782 579 1831 qui,
601 1781 667 1817 ubi
688 1782 802 1831 paulo
823 1790 911 1817 ante
931 1781 1110 1818 scribitur
1130 1780 1186 1817 ἐπὶ

171 1841 353 1890 ἀποτροπῇ
381 1840 513 1888 λοιμῶν
534 1839 574 1875 in
604 1838 702 1885 edd.,
724 1840 868 1887 λειμῶν,
892 1839 930 1875 id
956 1848 1032 1885 est,
1055 1840 1187 1888 λιμῶν,

172 1907 212 1935 ut
235 1897 326 1934 alibi
346 1910 500 1946 quoque
520 1898 633 1941 solet,
654 1898 848 1946 praeserat3
865 1897 970 1946 quod
984 1911 1068 1934 cum
1087 1900 1186 1933 Pau-

171 1956 274 1993 sania
288 1955 465 2005 congruit
475 1954 577 2004 apud
595 1955 765 1992 Eustath.
782 1969 817 2005 p.
838 1957 950 2002 1283,
970 1969 983 1990 1
997 1969 1029 1991 1.
1044 1958 1188 1991 Verum

172 2014 381 2052 scholiastae
399 2022 531 2049 nostro
549 2013 581 2049 si
599 2013 760 2049 alterum
779 2014 890 2050 etiam
910 2014 1049 2050 horum
1071 2026 1188 2049 voca-
1302 2017 1412 2062 1056,
1436 2021 1476 2058 ll,
1501 2013 1607 2054 οὕτως
1629 2011 1664 2050 δὲ
1680 2016 1739 2057 V„
1769 2013 1833 2061 qui
1855 2012 1928 2048 hoc
1962 2011 2134 2047 scholion
2164 2011 2259 2046 iufra

171 2072 351 2110 bulon-um
377 2071 576 2108 commode
597 2071 798 2107 suffultum
820 2072 975 2117 reddas,
998 2072 1190 2120 integrita-
1215 2092 1218 2096 ⁴
1245 2074 1409 2123 ponitad
1427 2087 1463 2111 V.
1492 2073 1587 2119 1057
1618 2080 1704 2121 post
1733 2070 1823 2121 ἔχων
1846 2071 1879 2106 ἐν
1908 2073 1950 2118 τῇ
1971 2069 2062 2119 χειρί
2086 2071 2107 2105 l.
2132 2082 2191 2114 27.
2212 2091 2259 2095 -

175 2139 250 2168 tem
270 2129 506 2166 reddideris:
527 2130 557 2164 οἱ
577 2128 639 2178 μὲν
661 2128 727 2180 γάρ
746 2144 847 2179 φασιν
864 2159 873 2176 ,
889 2132 933 2171 ὡς
953 2130 1068 2177 λιμοῦ,
1088 2131 1116 2165 οἱ
1135 2128 1190 2174 δὲ,
1215 2098 1218 2201 ¹
1250 2132 1292 2167 15
1314 2130 1552 2183 παροξυτόνως
1574 2130 1685 2166 etiam
1716 2128 1850 2165 Suidas
1872 2142 1898 2163 s.
1920 2127 2063 2164 Παιδία.
2095 2126 2259 2170 ὀξυτόνως

173 2190 217 2230 ὡς
244 2190 367 2236 λοιμοῦ
390 2193 504 2223 πᾶσαν
532 2186 594 2232 τὴν
619 2189 682 2236 γ’ἧν
716 2187 952 2238 κατασχόντος
983 2196 1053 2225 etc.
1080 2189 1188 2224 Cous.
1216 2208 1219 2222 ι
1243 2190 1325 2226 Ald.
1343 2190 1507 2237 Etymol.
1527 2192 1578 2224 M.
1604 2201 1640 2237 p.
1662 2187 1734 2233 657
1750 2217 1759 2232 ,
1781 2186 1827 2222 50
1845 2201 1851 2221 :
1871 2185 1922 2222 Τὸ
1941 2185 2005 2236 γὺρ
2033 2191 2202 2234 σημαῖνον
2221 2186 2260 2221 το

174 2255 433 2284 enarratorem
451 2246 630 2294 Equitum
650 2259 686 2281 v,
704 2246 791 2291 725,
811 2247 875 2295 qui
897 2246 1048 2282 disertis
1062 2246 1190 2282 'verbis
1216 2258 1220 2272 ¹
1243 2248 1402 2296 παίγνιον
1425 2246 1481 2284 διὰ
1495 2250 1554 2284 τοῦ
1573 2262 1581 2281 ι
1599 2245 1767 2296 γρςίςεται
1784 2260 1791 2267 ·
1817 2243 1874 2280 καὶ
1895 2243 1980 2293 παρ’
1994 2246 2077 2290 ἡμῖν
2099 2242 2161 2292 μὲν
2178 2243 2257 2286 ὀξύ-

176 2305 309 2343 scribit
328 2319 336 2341 z
356 2306 387 2341 οἱ
404 2302 466 2353 μὲν
483 2303 549 2355 γάρ
570 2319 673 2356 φασιν
689 2334 697 2350 ,
720 2303 772 2340 ὅτι
791 2306 893 2354 λιμοῦ
907 2334 915 2349 ,
935 2306 965 2340 οἱ
987 2303 1040 2348 δὲ,
1064 2303 1115 2340 ὅτι
1132 2303 1189 2340 καὶ
1244 2321 1338 2342 νεται
1352 2336 1360 2351 ,
1383 2300 1451 2342 οἷον
1469 2304 1591 2341 παιδιά
1609 2319 1615 2325 ·
1638 2302 1731 2352 παρὰ
1751 2300 1785 2337 δὲ
1804 2307 1872 2342 τοῖς
1896 2300 2084 2346 Ἀθηναίοις
2112 2300 2258 2350 βαρύνε-

176 2365 299 2411 λοιμοῦ
328 2360 391 2407 τὴν
415 2367 530 2398 πᾶσαν
555 2361 790 2411 κατασχόντος
822 2361 1046 2411 οἰκουμένην·
1076 2363 1191 2412 idque
1244 2379 1325 2409 ται,
1342 2358 1410 2400 οἷον
1438 2362 1574 2398 παιδία.
1606 2361 1703 2397 Vide
1722 2361 1940 2396 Athenaeum
1970 2373 1987 2404 7
2010 2388 2019 2405 ,
2039 2372 2075 2408 p.
2104 2360 2198 2406 323,
2217 2363 2257 2395 C.

176 2435 310 2459 verum
329 2428 386 2457 est
405 2421 471 2470 [In
494 2422 568 2457 fine
582 2434 665 2469 quae
684 2429 770 2470 post
789 2422 818 2457 οἱ
846 2420 907 2469 μὲν
927 2421 1192 2458 desiderantur
1247 2422 1301 2458 ll).
1321 2424 1475 2471 παιγμοῦ
1492 2422 1537 2458 Θ.

177 2480 283 2518 addit
300 2479 460 2528 Regius,
479 2478 526 2515 de
545 2492 622 2528 quo
642 2478 728 2515 vide
743 2480 789 2516 ad
809 2480 834 2516 l.
858 2480 920 2523 [05.
945 2483 985 2516 F.
1006 2480 1191 2529 D.];num
1305 2481 1398 2525 1057
1432 2480 1505 2515 lioc
1525 2477 1656 2514 ordine
1688 2477 1727 2512 in
1747 2478 1804 2521 V„
1834 2473 1909 2511 ἀντὶ
1933 2477 1994 2510 τοῦ
2011 2473 2192 2511 πόσα-ἐν
2216 2477 2258 2525 τῇ

177 2547 219 2576 ut
233 2542 363 2576 Crates
374 2536 531 2590 ἀφορίαν,
547 2538 626 2573 sive
642 2538 873 2574 sterilitatem
889 2546 1086 2587 ortamque
1103 2539 1191 2575 inde
1244 2538 1346 2590 χειρί.
1380 2538 1455 2574 ἀντὶ
1487 2540 1546 2573 τοῦ
1584 2537 1691 2572 εἰπεῖν
1728 2532 1820 2570 πόσα
1850 2534 1962 2583 κάρυα
1995 2532 2103 2582 ἔχεις,
2135 2531 2260 2574 πόσους

177 2596 314 2632 famem
343 2595 440 2631 sacri
469 2594 625 2630 deorum
664 2595 811 2630 monitu
839 2595 1001 2631 instituti
1024 2609 1189 2632 ‘cansam
1244 2595 1382 2636 ὀδόντας
1404 2594 1494 2645 ἔχεις
1512 2587 1605 2630 εἶπεν
1625 2594 1669 2633 ὡς
1685 2591 1768 2643 πρὸς
1783 2595 1901 2642 γραῦν.
1919 2589 2033 2633 παίζει
2048 2588 2083 2626 δὲ
2100 2590 2196 2632 εἰδὼς
2208 2590 2259 2627 ὅτι

178 2654 293 2690 fuisse
313 2653 430 2696 dixit,
448 2653 503 2689 sic
522 2661 656 2689 contra
674 2656 861 2702 Harpocr.
878 2654 916 2688 in
936 2652 1099 2704 Ἀὅαριᾳ
1118 2655 1191 2691 λοι-
1245 2654 1376 2705 απάρτι
1394 2652 1530 2696 ἐξέλιπε
1547 2653 1616 2687 τῶν
1636 2649 1794 2686 ὀδόντων.
1817 2663 1906 2685 —22
1923 2649 1980 2685 καὶ
1999 2650 2148 2700 περισσὰ
2166 2653 2257 2699 Reg.

1237 1377 1352 1410 electa
1363 1374 1520 1423 frugum
1534 1386 1674 1422 genera
1686 1400 1697 1416 ‚
1719 1380 1761 1408 ut
1781 1371 1946 1407 Meursio
1962 1369 2092 1406 Latine
2108 1377 2255 1404 vertere

1238 1433 1382 1482 placuit
1398 1433 1437 1469 in
1459 1431 1641 1483 Πυανέψια
1655 1460 1663 1476 ,
1684 1430 1747 1466 sed
1767 1439 1855 1466 ante
1874 1432 2040 1464 recensiti
2056 1440 2254 1463 enumera—

1239 1494 1491 1539 tiquesructus
1507 1490 1661 1526 arbutei.
1680 1491 1827 1525 HmisT.
1846 1513 1887 1517 —
1906 1488 1951 1522 52
1972 1485 2005 1521 δὲ
2032 1483 2255 1536 χαριστήριον

1239 1558 1275 1586 et
1292 1551 1416 1598 λοιμοῦ
1443 1550 1488 1587 Θ.

1298 1608 1394 1644 1055
1411 1637 1420 1653 ,
1443 1621 1466 1656 9
1488 1605 1680 1643 ἀκολασίαν
1699 1606 1742 1640 Θ.
1766 1607 1845 1641 «Ut
1865 1611 2064 1639 structurae
2088 1601 2198 1637 simul
2220 1609 2256 1637 et

1240 1667 1436 1704 sententiae
1468 1666 1622 1702 satisfiat
1636 1694 1644 1710 ‚
1670 1676 1812 1713 repone
1829 1665 1997 1707 ζητοῦσαν
2014 1676 2020 1683 ·
2041 1661 2181 1697 scilicet
2196 1659 2256 1705 τὴν

1239 1728 1358 1775 γραῦν.
1383 1742 1396 1755 »
1412 1727 1559 1760 mes'r.
1575 1748 1615 1753 —-
1634 1737 1647 1758 1
1663 1737 1675 1758 1
1693 1719 1892 1772 παῖξαιγὰρ
1906 1719 1944 1755 το
1961 1725 2086 1756 παῖσαι
2102 1722 2146 1754 V.
2166 1721 2259 1755 Cor-

1241 1792 1382 1819 rectum
1399 1796 1446 1818 ex
1464 1785 1509 1818 G.
1527 1806 1566 1810 —
1589 1795 1631 1817 12
1655 1780 1749 1816 παίω
1768 1783 1813 1816 G.
1839 1778 1934 1815 παίω
1961 1778 2034 1815 ἐστὶ
2060 1782 2186 1813 παῖσαι
2215 1780 2256 1813 V.

1241 1844 1356 1890 Reg.:
1384 1839 1434 1877 T»
1463 1845 1587 1876 παῖσαι
1609 1838 1680 1875 ἔστι
1713 1836 1774 1886 μὲν
1795 1836 1855 1873 καὶ
1887 1836 1962 1873 ἀντὶ
1978 1839 2038 1872 τοῦ
2065 1834 2170 1886 τύψαι
2192 1834 2259 1871 ἀπὸ

1241 1901 1300 1935 τοῦ
1317 1898 1410 1935 παίω
1426 1914 1433 1920 ·
1452 1896 1525 1934 ἔστι
1544 1896 1580 1933 >s
1603 1896 1660 1933 καὶ
1681 1896 1755 1932 ἀντὶ
1770 1899 1829 1932 τοῦ
1849 1893 1988 1940 παῖξαι,
2014 1895 2059 1935 ὥς
2085 1894 2231 1929 ἐνταῦθα
2248 1922 2257 1938 ,

1243 1956 1311 1994 ἀπὸ
1325 1960 1384 1993 τοῦ
1398 1956 1522 1999 παίζω·
1535 1949 1572 1991 οἷ
1586 1957 1602 1992 ὃ
1619 1953 1755 2004 μέλλων
1770 1953 1887 1990 παίσω
1900 1952 1958 1989 καὶ
1973 1950 2258 2003 δωρικῶςπαίξω.

180 2714 246 2761 μοῦ
265 2710 301 2748 δέ
319 2725 403 2762 φασι
425 2708 515 2746 κατὰ
538 2716 654 2748 πᾶσαν
680 2709 742 2756 τὴν
764 2711 970 2759 οἰκουμένην
1000 2710 1189 2760 γεγονότος.
1244 2712 1355 2762 κάρυα
1374 2716 1466 2748 εἶπεν
1484 2711 1558 2746 ἀντὶ
1577 2713 1635 2745 τοῦ
1652 2709 1735 2745 Ald.
1751 2734 1790 2739 -
1809 2710 1854 2743 23
1877 2707 1947 2758 ἔχω
1969 2712 2009 2743 R.
2031 2711 2076 2745 V.
2094 2710 2139 2744 Θ.
2154 2733 2195 2737 -
2211 2711 2257 2743 26

179 2768 265 2805 Pari
286 2768 362 2804 fere
379 2768 492 2804 modo
511 2769 651 2805 AEacus
669 2777 794 2805 utrum
817 2769 951 2805 samen]
967 2799 977 2814 ,
1006 2784 1052 2805 an
1078 2772 1191 2819 pesti·
1245 2770 1396 2806 ἀποτίνει
1410 2771 1455 2807 Θ.
1473 2778 1510 2804 et
1528 2767 1673 2805 Suidas.
1686 2765 1855 2802 ἀποτείνει
1874 2769 1916 2801 R.
1931 2768 1975 2799 V.
1992 2765 2073 2800 Ald.
2089 2768 2105 2801 ὁ
2120 2778 2194 2800 om.
2210 2766 2255 2802 Θ.

178 2826 333 2863 lentiam
361 2825 541 2877 precibus
566 2840 637 2876 pro
662 2828 841 2864 universo
874 2831 1092 2864 Graecorum
1115 2843 1189 2878 po—
1219 2856 1222 2861 .
1303 2829 1412 2875 1059,
1428 2830 1489 2863 31.
1506 2826 1723 2874 Ducangius
1739 2825 1777 2859 in
1794 2829 1894 2872 App.
1916 2838 1923 2858 :
1943 2822 2118 2858 Γωνιακὸν
2134 2852 2143 2868 ,
2182 2824 2253 2858 Cu-

181 2883 273 2932 pulO
306 2883 502 2931 conceptis
534 2886 794 2923 aven-runcant
816 2913 826 2930 ,
862 2886 1048 2923 incertum
1086 2896 1141 2923 est
1181 2902 1188 2922 :
1245 2901 1345 2932 neas,
1363 2889 1507 2937 γόμφος,
1525 2888 1643 2920 Gallis
1660 2897 1711 2918 un
1727 2883 1832 2918 Coin.
1851 2884 1989 2917 Glossoe
2007 2884 2257 2917 interlineares

181 2953 395 2989 quanquam
425 2940 550 2988 plures
566 2941 699 2991 αὐχμὸν
715 2951 751 2978 et
768 2943 942 2995 ἀκαρπίαν
960 2958 1189 2981 commemo-
1246 2946 1359 2979 MSS.
1389 2948 1424 2978 ιἰι
1455 2943 1711 2989 Aristophanis
1742 2942 1891 2974 Plutum
1920 2953 1931 2972 .·
1960 2936 2018 2973 ἕνα
2051 2937 2116 2989 γὰρ
2152 2939 2254 2987 μόνον

183 2997 486 3042 rant,.Libanius
512 3006 636 3035 tamen
658 3001 761 3036 Decl.
793 3002 827 3046 3,
853 3014 891 3050 p.
919 3004 992 3044 243
1009 3031 1019 3046 ‚
1038 3005 1066 3038 B
1082 3017 1090 3037 :
1106 3003 1191 3051 εὐχῇ
1245 3001 1389 3052 γόμφιον
1409 3005 1524 3052 φορεῖ,
1544 2995 1724 3046 γωνιακόν.
1750 2996 1851 3042 Quid
1879 2997 1985 3031 cunei
2014 2997 2153 3032 mentio
2182 2997 2256 3034 huc

181 3055 239 3092 τὸν
256 3054 376 3104 λοιμὸν
393 3053 524 3092 ἔλυσεν.
546 3057 621 3101 Qui
638 3057 825 3094 dissensus
845 3060 1073 3107 scriptorum
1093 3060 1191 3096 haud
1248 3060 1377 3103 faciat,
1395 3072 1469 3094 non
1489 3057 1599 3092 video
1622 3071 1629 3091 z
1646 3055 1824 3091 dicuutur
1844 3054 1941 3089 enim
1965 3053 2000 3089 hi
2034 3053 2163 3090 dentes
2177 3084 2186 3098 ,
2215 3064 2255 3092 ut

185 3114 402 3162 infrequens
419 3126 496 3149 non
516 3114 602 3149 ideo
623 3115 741 3151 solum
761 3116 921 3152 invaluit
938 3145 947 3161 ,
965 3117 1052 3165 quia
1073 3118 1192 3153 literae
1247 3130 1379 3153 rex-era
1399 3124 1485 3151 sunt
1502 3144 1510 3160 ‚
1532 3119 1707 3163 γωνιαῖοι,
1729 3110 1913 3160 γωνιακοὶ,
1935 3124 2019 3159 quae
2052 3112 2171 3150 forma
2192 3127 2253 3150 re-

184 3185 323 3209 vocum
343 3185 472 3208 earum
486 3185 597 3220 quam
614 3173 809 3209 minimum
829 3175 925 3210 inter
942 3187 981 3210 se
996 3174 1191 3222 disserunt,
1247 3176 1424 3211 centioris
1447 3174 1515 3209 aevi
1531 3202 1541 3217 ,
1572 3171 1679 3220 quasi
1705 3171 1920 3219 angulares,
1954 3171 2012 3205 vel
2042 3172 2223 3219 angularii
2246 3187 2252 3208 ε

183 3231 249 3267 sed
282 3229 384 3279 quod
411 3230 575 3265 numinis
596 3231 659 3265 irae
680 3232 966 3267 conunissorum
996 3244 1124 3280 poenas
1146 3233 1192 3269 ab
1246 3233 1299 3268 sic
1328 3237 1487 3281 γωνιαῖον
1519 3239 1627 3265 vetus
1657 3228 1930 3265 Onosmaticon
1959 3228 2252 3276 interpretatur;

184 3289 350 3324 humano
391 3299 527 3336 genere
566 3290 776 3336 expetentis
814 3298 1016 3337 utrumque
1051 3290 1191 3326 malum
1247 3291 1361 3339 idque
1381 3289 1607 3325 vocabulum
1632 3287 1765 3323 leviter
1785 3287 1822 3322 in
1852 3286 2039 3333 Hesychia
2062 3285 2248 3335 deprava-

182 3356 289 3394 aeque
305 3345 564 3382 attribuerent.
583 3363 596 3375 n
618 3345 672 3381 lb.
689 3348 752 3394 γῆν
770 3346 1002 3395 κρατήσαντος
1023 3350 1068 3382 R.
1087 3372 1124 3377 -
1141 3354 1183 3391 47.
1251 3357 1325 3384 tum
1348 3362 1355 3381 τ
1381 3348 1584 3395 Κεραλῆται
1597 3375 1606 3391 ,
1620 3347 1649 3381 οἱ
1668 3346 1828 3396 γωνιαροί
1844 3343 1940 3379 λίθοι.
1965 3346 2107 3379 HEMST.
