2533 3808
123 1521 126 1525 .
163 1506 197 1529 20

221 223 293 254 242

219 311 252 346 ἐν
273 309 322 360 τῷ
342 307 489 357 στόματι
519 305 649 359 ψήφους
673 305 824 356 ἔχουσιν.

217 365 283 418 γὰρ
306 381 366 404 και
387 364 620 436 στηρίγματος
639 363 740 401 ἑνεκα
755 363 978 416 περιφέρουσι
994 380 1072 408 τους
1087 365 1200 409 λίθους
1217 368 1253 403 αἱ

217 424 351 476 γέρανοι
368 423 452 474 πρὸς
471 424 510 460 τὸ
534 420 582 472 μὴ
603 420 867 474 παραφέρεσθαι
888 421 1038 472 ἀνέμοις.

270 494 349 519 1432.
379 481 440 518 οὐκ
455 479 645 529 ἐπίσταμαι
663 491 672 518 t
693 479 781 517 Ἀντὶ
794 483 852 517 τοῦ
867 481 905 517 οὐ
923 479 1086 530 δύναμαι.
1108 480 1254 533 (εἴρηται

182 553 197 574 5
219 538 252 576 δὲ
270 537 366 591 παρὰ
382 537 444 584 τὴν
463 536 655 590 παροιμίαν

414 633 488 669 πεζῆ
504 630 630 671 βαδίζω·
645 634 706 662 νεῖν
720 630 777 671 γὰρ
790 631 847 662 οὐκ
860 631 1056 672 ἐπίσταμαι.)

271 732 348 758 1435.
379 718 401 765 ἢ
422 719 639 771 δικορραφεῖν
661 731 669 757 :
693 718 976 764 Κατασκευάζειν
996 719 1104 763 δίκας.
1133 728 1218 758 Vict.

269 790 348 816 1442.
378 780 396 814 ὃ
419 776 537 837 Διιτρε
521 790 635 829 ,φηςῖ
667 777 770 815 Ἔπει
796 777 958 822 πλούσιος
980 794 1040 816 και
1068 779 1256 829 δυνάμενος

215 838 438 889 ἱπποτροφεῖν
471 839 580 879 οὗτος.
615 851 751 888 ειρηται
781 835 815 873 35
840 852 918 890 περι
956 838 1062 875 αὐτοῦ
1095 837 1256 890 ἀνωτέρω

167 905 196 929 10
216 895 245 945 [7
248 895 356 945 99]‚‘'
336 910 388 932 οτι
413 896 430 931 ὅ
446 894 630 948 Διιτρέφης
649 893 941 938 πυτινοπλόκος
920 911 968 932 ων
988 896 1106 947 γέγονε
1126 897 1256 949 φύλαρ-

214 967 274 1003 χος
293 952 352 990 καὶ
368 951 556 1005 ἵππαρχος.
637 951 781 995 Ἄλλως.
802 952 979 1005 ἵππαρχος
994 954 1061 1006 γὰρ
1077 955 1257 1005 γενόμενος

215 1011 274 1048 καὶ
294 1011 488 1062 εὐτυχήσας
505 1011 729 1049 συνεέούλευε
746 1011 806 1048 καὶ
829 1011 945 1055 ἄλλοις
965 1014 1166 1066 ἱππαρχεῖν.

269 1088 348 1114 1444.
380 1076 481 1119 ἄλλος
499 1074 536 1113 δέ
555 1091 616 1119 τις.
639 1083 678 1113 R.

269 1147 348 1173 1453.
379 1134 454 1171 ἐπεὶ
475 1133 686 1185 ἁρπακτικά.
706 1142 747 1172 R.

268 1192 387 1244 [1455]
417 1187 493 1244 xsst'
520 1192 738 1242 ἐγκεκληκὼς
765 1204 774 1231 :
803 1191 1016 1244 (Ἔγκλημα
1039 1195 1115 1232 κατ’
1141 1196 1254 1233 αὐτῶν

213 1251 432 1304 γραψάμενος
451 1252 673 1304 βραδυτῆτος.
695 1252 808 1289 ἐνθαδὶ
825 1251 878 1298 δὲ,
899 1252 1014 1303 ἤγουν)
1037 1255 1083 1296 εἰς
1099 1253 1137 1291 τὸ
1155 1254 1253 1291 δικα-

216 1309 368 1360 στήριον.

164 1211 195 1236 15

903 1365 996 1418 [Ἵνα
1019 1367 1124 1405 πάλιν
1144 1384 1255 1406 πετα-

216 1426 306 1469 σθεὶς
325 1427 359 1463 ἐν
378 1429 454 1468 ταῖς
471 1425 584 1471 νήσοις
600 1425 736 1476 ταχέως
757 1425 893 1476 ἄλλους]
914 1426 1200 1477 προκαλέσωμαι.

270 1381 348 1406 1456.
380 1361 457 1420 κᾷτ’
484 1362 528 1404 αῧ
551 1366 714 1417 πέτωμαι
739 1366 843 1404 πάλιν
868 1380 876 1405 :

768 1489 859 1528 Ἀντὶ
878 1494 937 1527 τοῦ
964 1491 1254 1539 καταδικασθείη,

215 1548 312 1600 [Γπριν
334 1547 498 1600 φθάσαι
484 1563 518 1584 εν
539 1551 581 1598 τῇ
601 1547 773 1598 Ἀττικῇᾎῆ
793 1547 947 1585 τοιουτόν
969 1564 1002 1584 τι
1021 1548 1111 1585 θέλει
1130 1549 1254 1600 λέγειν·

272 1504 349 1529 1457.
380 1489 472 1533 ὅπως
498 1489 537 1527 ἂν
559 1488 704 1541 ὠφλήκῃ
729 1502 737 1527 Ζ

213 1605 269 1643 ίνα
289 1604 525 1655 καλεσάμενος
548 1621 625 1642 τινα
643 1607 690 1648 εἷς
711 1604 822 1652 δίκην,
842 1621 882 1642 συ
905 1604 966 1655 μὲν
985 1608 1030 1649 ὡς
1048 1623 1089 1644 αν
1106 1608 1256 1659 πετόμε-

214 1679 267 1706 νος
295 1663 428 1717 φθάσῃς
453 1679 520 1716 προ
549 1679 677 1710 αυτου,
705 1667 780 1700 εἶτα
812 1664 1053 1708 καταδικάσας
1083 1666 1186 1704 αυτὸν
1222 1668 1254 1712 ἐξ

214 1720 356 1774 ἐρήμου,
373 1721 447 1759 πάλ
451 1737 478 1758 ιν
495 1721 552 1759 ἐπι
565 1720 609 1759 τὰ
623 1723 755 1759 αὐτου
745 1721 845 1773 πέτῃ,
863 1738 896 1760 εν
913 1738 982 1760 οσω
999 1724 1124 1767 ἐκεῖνος
1141 1725 1254 1763 πλεων

161 1798 194 1822 25
215 1781 332 1818 ἐνθάδε
350 1780 593 1832 παραγίνεται.

272 1852 350 1878 1459.
380 1839 517 1876 κᾶπειθ’
539 1840 556 1875 ὁ
581 1836 642 1888 μὲν
671 1839 751 1875 πλεῖ
776 1851 784 1876 :

216 1898 398 1940 ὑπεύθυνος
419 1896 480 1934 καὶ
502 1896 621 1948 ἑτέρας
647 1896 742 1941 δίκης
773 1898 790 1933 ὃ
814 1896 904 1939 ξένος
931 1897 1074 1947 γένηται
1103 1900 1169 1938 ὑπὸ
1195 1906 1254 1939 τοῦ

218 1955 378 2007 βράδους,
401 1958 460 1992 σοῦ
476 1954 667 2007 φθάσαντος
684 1954 786 1991 αὐτὸν
807 1954 936 1992 ἐνθάδε.

811 1836 909 1885 Ἵνα,
930 1839 1046 1891 φησὶν,
1066 1842 1176 1879 ἐκεῖσε
1196 1841 1256 1890 ὢν,

275 2032 353 2057 1461.
386 2017 550 2070 βέμδικος
578 2016 673 2055 οὐδὲν
705 2019 804 2070 διαφε
809 2033 876 2070 ρειν
918 2034 925 2057 ;
962 2020 1162 2075 Εὔστροφον
1197 2041 1256 2062 και

217 2076 394 2124 εὐκίνητον
414 2077 464 2114 δεῖ
481 2080 578 2114 εἰναι.
599 2079 616 2113 ὃ
636 2076 670 2113 35
694 2075 852 2127 βέμὲιξ’
838 2092 873 2147 ερ
877 2078 944 2127 για)
948 2079 1014 2115 εῖόν
1033 2081 1093 2117 ἐστ
1081 2096 1137 2127 ιν,
1155 2081 1172 2118 3
1193 2083 1258 2132 μά-

215 2152 305 2187 στιγι
326 2135 528 2188 στρέφουσιν
547 2136 578 2172 οἱ
601 2135 733 2176 παῖδες.
755 2133 777 2180 ἢ
799 2134 958 2184 παίγνιον
974 2153 1041 2175 των
1062 2139 1196 2178 παίδων
1211 2144 1257 2185 ὡς

214 2194 353 2246 τροχὸς,
373 2194 408 2237 ὃς
430 2193 571 2243 μάστιγι
593 2191 772 2244 δερόμενος
796 2193 990 2246 στρέφεται.

277 2271 354 2296 1463.
386 2259 588 2308 Κορκυραῖα
611 2269 619 2294 :
644 2255 795 2306 Λέγεταί
820 2272 870 2299 τις
895 2259 1097 2310 Κορκυραία
1117 2260 1255 2311 μάστιξ.

216 2318 366 2368 συνεγῶς
391 2315 426 2352 δε
455 2330 550 2374 παρα
582 2314 809 2366 Κορκυραίοις
838 2315 976 2360 ἂταξίαι
1004 2317 1170 2367 γίνονται.
1200 2322 1256 2359 διὰ

162 2390 194 2414 35
214 2373 253 2412 τὸ
282 2372 479 2417 στασιάζειν
506 2375 563 2409 οὖν
590 2372 787 2410 ἐπεπόλασε
815 2374 898 2425 παρ’
925 2376 1040 2418 αὐτοῖς
1063 2379 1083 2422 ἡ
1112 2378 1255 2427 μάστιξ,

215 2431 304 2468 ι’)στε
328 2431 466 2473 διπλαῖς
489 2433 642 2482 χρησθαι
667 2430 837 2480 μεγάλαις
857 2431 964 2480 (και’
950 2434 988 2469 ελ
981 2448 1256 2485 ιειραντοκωποις.

215 2488 360 2531 Ἄλλως.
396 2487 536 2538 λέγεταί
575 2503 625 2529 τις
669 2488 874 2540 Κορκυραία
904 2489 1042 2539 μάστιξ.
1081 2493 1257 2546 Φρύνιχος

218 2546 386 2598 Σατύροις
402 2565 415 2578 «
429 2548 645 2597 Κορκυραῖαι
657 2546 686 2582 δ’
700 2546 795 2582 οὐδὲν
807 2547 1034 2585 ἐπιὸάλλουσι
1049 2550 1225 2602 μάστιγες,
1242 2572 1256 2586 11

217 2605 307 2642 ὥστε
323 2604 383 2642 καὶ
400 2605 445 2646 εἷς
461 2603 655 2654 παροιμίαν
676 2603 744 2649 ἤδη
763 2605 885 2641 ἐλθεῖν.
905 2605 1142 2657 Ἀριστοτέλης
1163 2610 1198 2647 δὲ
1217 2611 1257 2648 τὸ

220 2662 418 2714 Κερκυραία
442 2660 568 2712 μάστιξ
588 2660 697 2712 λέγων
723 2661 826 2713 φησὶν
855 2662 974 2706 οὕτως·
997 2682 1010 2697 «
1030 2666 1080 2702 διὸ
1110 2667 1169 2704 καὶ
1199 2667 1257 2711 τὰς

218 2740 231 2754 ‹
252 2721 372 2763 κώπας
391 2722 502 2757 αὐτῶν
523 2719 782 2771 ελεφαντίνας
769 2720 978 2766 εποιήσαντο
998 2723 1058 2759 καὶ
1078 2740 1126 2760 τ(1
1154 2741 1195 2774 με
1200 2725 1256 2775 γέ-

219 2782 300 2816 κθει
316 2777 489 2831 περιττάς.
510 2777 583 2815 ὅθεν
617 2780 638 2823 ἢ
670 2778 872 2847 Κορκυραία
893 2780 1089 2818 ἐπεπόλασε
1110 2782 1255 2831 μάστιξ,

218 2856 231 2870 «
250 2852 309 2875 και
338 2838 384 2879 εἷς
412 2835 602 2888 παροιμίαν
628 2830 722 2881 ηλθε.
750 2854 765 2869 υ
790 2840 901 2873 ταῦτα
931 2836 965 2874 35
995 2837 1105 2888 λέγων
1136 2839 1256 2879 τύπτει

218 2894 346 2945 αὐτόν.)
369 2917 419 2924 -
441 2895 463 2939 ἢ
487 2893 540 2930 ὅτι
569 2895 599 2931 οἱ
628 2895 838 2946 Κορκυραῖοι
866 2897 1030 2946 χαλεπῶς
1057 2896 1254 2937 τύπτουσιν.

165 2966 198 2988 45
219 2952 322 2990 εἰπὼν
340 2951 375 2990 δὲ
394 2955 494 2989 τοῦτο
514 2951 634 2989 τύπτει
652 2951 764 2990 αὐτόν.
782 2964 818 2993 R.

163 2095 197 2119 30

163 2677 197 2700 41)

269 3016 381 3067 [1464].
412 3013 527 3068 πτερὼ
555 3014 616 3065 μὲν
640 3009 697 3051 οὖν
721 3029 729 3053 :
760 3017 930 3066 (Δυϊκως.)
956 3016 1032 3054 ἀντι
1061 3034 1121 3056 του
1146 3019 1257 3073 πτερὰ

217 3091 265 3111 τω
284 3074 430 3123 μάστιγε
445 3073 690 3125 παρέλαίῗεν.”
679 3089 758 3116 ισ(1ς
776 3073 811 3111 35
828 3070 976 3120 διπλῆ·
954 3091 1007 3121 ην.

273 3145 349 3170 1465.
381 3130 457 3167 ἀντὶ
476 3145 536 3167 του
558 3146 654 3182 στρε
623 3129 773 3168 έεοεσθαι.
795 3138 831 3167 R.

704 3194 845 3233 Συντόψ
837 3210 882 3238 ὀς
896 3196 1253 3267 ἀναγζο1ρήσειςλωιι.

166 3266 198 3289 5¹¹
217 3252 316 3295 λιόὰς
336 3255 357 3298 ἡ
377 3250 527 3302 σταγών·
556 3255 596 3297 ἧς
624 3251 718 3289 ουδὲν
749 3251 939 3304 ταχύτερον
970 3255 1003 3291 ἐν
1024 3271 1072 3291 τι)
1102 3255 1253 3295 πίπτειν.

217 3310 237 3355 ἢ
257 3312 318 3346 03x
337 3312 370 3353 ἐς
387 3309 535 3362 κόρακας
551 3309 610 3346 καὶ
630 3310 764 3355 Λιὲύην
785 3313 915 3363 ἀποφθε
903 3314 984 3362 τρεῖ.

272 3208 351 3233 1467.
369 3194 431 3231 οὐκ
446 3193 687 3237 &nonestus

275 3387 351 3412 1105,
384 3373 826 3425 στρεψοδικοπανουργίανε
853 3376 988 3425 Διχῶς,
1015 3377 1252 3428 στρουθοδικο-

1005 215 1260 253 SCHOLIA
1292 216 1352 255 IN
1385 217 1546 257 AVES.

908 306 1051 349 Ἄλλως.
1083 307 1252 351 πολλάκις
1278 324 1282 353 ι
1310 310 1536 362 πανουργίαν.
1573 311 1867 364 ἀναχωρήσαντος
1901 311 1938 352 35
1976 315 2081 354 αὐτοῦ
2116 316 2218 354 τουτό
2255 319 2352 370 φησι.

1311 370 1475 413 συνέθηκε
1501 368 1536 405 δὲ
1556 385 1618 414 την
1638 369 1728 414 λέξιν
1752 371 1847 424 παρὰ
1867 388 1905 410 το
1923 374 2063 425 στρείῗλ
2055 390 2090 411 ον
2112 369 2191 421 ἦθος
2209 391 2268 413 και
2289 391 2354 414 συ-

1311 425 1516 476 κοφαντικὸν
1539 428 1642 464 αὐτου
1659 428 1718 465 καὶ
1737 428 1800 474 τὴν
1818 429 1915 476 δίκην
1932 447 1991 468 και
2009 432 2071 478 τὴν
2088 433 2315 505 πανρυργίαν.

1367 494 1444 520 1470.
1477 482 1648 534 [πολλὰ
1631 483 1671 530 οὴ
1689 500 1749 522 και
1765 486 1892 525 καινὰς
1913 487 1956 526 Ἣ
1974 489 2104 542 στροφὴ
2128 490 2214 536 αυτη
2232 491 2355 530 κωὶων

1312 539 1386 576 ἐστὶ
1411 543 1607 591 τροχαϊκῶν
1636 541 1695 579 καὶ
1721 545 1895 593 ἷααδικῶν
1922 546 1965 582 ιδ’
1976 575 1985 592 ,
2009 547 2069 584 καὶ
2099 551 2120 594 ἡ
2146 549 2354 602 ἀντιστροφὴ

1311 596 1495 636 τοσούτων.
1518 613 1578 635 και
1599 598 1748 649 ἰαμὸικὰ
1769 600 1830 651 μὲν
1855 602 2001 655 δίμετρα
2024 605 2068 642 τὰ
2099 607 2156 652 ς’,
2188 607 2242 644 ιδ.
2267 608 2311 645 τὰ
2329 607 2357 645 3'

1313 654 1404 692 ἄλλα
1434 655 1624 707 τρογαϊκὰ,
1650 660 1692 709 τῇ
1718 657 1781 729 μὲν
1811 658 1974 711 δίμετρα,
2006 665 2049 712 τῇ
2080 664 2108 700 δ’
2137 665 2353 717 Γῦριπίδεια.

1312 712 1368 749 ἐπὶ
1397 729 1446 749 τω
1474 713 1564 751 τελει
1594 718 1655 759 τ7,ς
1687 714 1748 765 υὲν
1780 720 1928 770 στροφῆς
1957 720 2205 774 παράγραφος,
2233 727 2294 770 τῆς
2321 723 2358 762 δὲ

1314 773 1540 825 ἀντιστροφῆς
1556 773 1734 826 κορωνίς]

1372 843 1450 868 1471.
1480 831 1558 868 αντὶ
1585 846 1645 869 του
1677 832 1831 883 ἔπτημεν
1861 835 1908 877 εἷς
1931 834 2063 883 πολλὰ,
2091 836 2152 874 καὶ
2180 840 2368 892 παράδοξά

1314 886 1447 937 ειδομεν
1462 904 1522 926 και
1543 890 1735 940 θαυμάσια.
1757 891 1920 943 βούλεται
1935 892 1970 931 35
1991 896 2208 947 κωμωδῆσαί
2224 913 2329 942 τινας.

1370 959 1447 984 1473.
1479 946 1550 984 εστι
1567 947 1649 1001 γὰρ
1678 948 1816 1001 δένδρον
1847 951 1999 1003 πεφυκὸς
2032 966 2041 991 :
2080 955 2220 1026 Δένδρῳ
2256 957 2358 995 αὐτὸν

1314 1004 1538 1049 ἀπεικάζει
1520 1022 1542 1051 τ,
1563 1008 1608 1049 ὡς
1630 1006 1739 1057 μέγαν
1768 1006 1790 1053 ἢ
1818 1010 1864 1051 ὡς
1889 1009 2097 1057 ἀναίσθητον
2123 1013 2183 1050 καὶ
2214 1013 2358 1065 ξύλινον,

1313 1065 1389 1106 ὡςὸ
1405 1063 1551 1109 ποιητὴς
1571 1070 1623 1110 [11.
1643 1073 1688 1111 N,
1706 1071 1772 1112 437]

2372 561 2392 586 0(

2380 850 2411 875 10

1458 1155 1522 1187 ἀ>>’
1538 1158 1620 1187 ὥστε
1637 1158 1782 1197 arist-qv*
1768 1170 1787 1197 η
1805 1159 1942 1201 δένδρεον
1956 1162 2156 1200 ὑψ.ιπέτηλον
2381 1169 2413 1193 15

1314 1235 1431 1280 ἔπαιξε
1455 1237 1489 1274 35
1511 1239 1556 1280 ὡς
1578 1239 1636 1275 ἐπὶ
1656 1238 1797 1290 ὀρνίθων
1818 1241 2017 1290 νεμομένων
2044 1258 2125 1295 περι
2150 1243 2195 1281 τὰ
2224 1244 2358 1299 δένδρα.

1314 1297 1386 1330 εἶτα
1408 1294 1630 1363 διηγούμενος
1650 1299 1747 1334 ποῖον
1776 1291 1903 1335 εἰδεν”
1885 1315 2031 1337 εκτοπον
2058 1300 2206 1352 δενδρον,
2237 1304 2360 1354 ἐπάγει

1312 1351 1369 1389 τὸν
1390 1354 1444 1390 Κ)
1447 1352 1612 1402 ε(’1νυμον.
1632 1354 1775 1406 καρδίας
1796 1355 1830 1392 35
1846 1356 2033 1409 ἀπωτέρω,
2054 1361 2100 1402 ὡς
2119 1359 2160 1397 ἄν
2180 1376 2230 1403 τις
2246 1362 2354 1410 εἴποι,

1314 1410 1435 1461 μικρὸν
1455 1411 1623 1463 ἀπωτέρω
1643 1412 1788 1456 πόλεως.
1812 1413 1886 1464 ἅμα
1909 1414 1945 1452 35
1971 1431 2031 1453 και
2056 1419 2103 1460 εἰς
2125 1417 2166 1455 τὸ
2189 1419 2352 1473 ἀκάρδιον

1313 1467 1372 1504 καὶ
1393 1466 1537 1514 ἀνόητον
1556 1470 1674 1507 αὐτου.

1370 1538 1447 1563 1474.
1479 1526 1624 1577 καρδίας
1646 1528 1816 1582 ἀπωτέρω
1837 1543 1846 1568 :
1868 1529 1937 1569 Διὰ
1962 1531 2000 1569 τὸ
2025 1532 2159 1585 μακρὸν
2188 1538 2275 1572 εἰναι
2301 1552 2360 1574 και

1314 1584 1348 1621 δε
1355 1583 1436 1622 ιλόν.
1461 1583 1535 1634 ἅμα
1567 1584 1600 1622 35
1625 1587 1798 1639 Καρδία’
1784 1604 1878 1626 εστιν
1898 1589 2008 1639 ὄνομα
2034 1591 2179 1636 πόλεως.
2201 1600 2361 1644 μιμεῖται

1312 1645 1369 1679 οὖν
1389 1646 1511 1680 τοποθε
1499 1642 1608 1682 σίαν.
1631 1643 1653 1689 ἢ
1673 1645 1733 1682 καὶ
1761 1648 1807 1688 ὡς
1828 1645 1918 1690 ξένον
1940 1648 2042 1685 αὐτὸν
2063 1652 2237 1703 κωμῳδεῖ.
2264 1655 2362 1704 Καρ·

1313 1699 1368 1737 δία
1385 1700 1451 1753 γὰρ
1471 1700 1568 1744 πόλις
1583 1702 1778 1755 Θράκης,
1760 1720 1800 1750 ης
1816 1707 1846 1742 οἱ
1860 1707 2000 1744 πολῖται
2019 1709 2222 1760 Καρδιανοί.
2279 1707 2379 1749 ''Ax-⁷

1312 1759 1390 1800 λως.
1413 1774 1447 1795 εν
1468 1757 1530 1808 μὲν
1551 1776 1593 1812 τῃ
1625 1761 1744 1813 εἷρηνῃ
1767 1778 1810 1813 με
1813 1778 1875 1833 γας
1903 1764 1964 1802 καὶ
1983 1766 2178 1837 λαμπρὸςζ
2183 1770 2218 1805 ἐν
2244 1768 2279 1806 35
2309 1786 2359 1806 τω
2376 1785 2410 1810 25

1312 1815 1456 1868 πολέμῳ
1482 1816 1662 1869 ῥίψασπις.
1688 1819 1752 1868 (διο
1773 1821 1832 1857 καὶ
1852 1822 1995 1873 καρδίας
2022 1824 2125 1861 αὐτὸν
2146 1829 2240 1862 εἶπεν
2262 1828 2359 1864 ἀπω-

1312 1874 1422 1926 τέρω,
1443 1874 1619 1913 τουτέστιν
1639 1877 1783 1949 καρξίαν
1805 1881 1867 1916 οὐκ
1888 1879 2039 1930 ἔχοντα.)

1368 1946 1415 1970 147
1418 1948 1445 1971 8.
1476 1949 1577 1972 τουτο
1610 1934 1672 1985 μὲν
1698 1939 1807 1988 ἣροςῑ
1837 1940 1899 1991 ''Jlo
1925 1937 1992 2010 γὰρ
2025 1942 2246 1993 Μουνυγιῶνι
2276 1945 2360 1994 μηνὶ

1313 1994 1373 2028 τοῦ
1395 1990 1493 2043 ἔαρος
1511 1992 1708 2036 δικάζονται
1730 1997 1764 2032 αἱ
1783 1995 1868 2045 πρὸς
1885 2011 1962 2040 τους
1979 1996 2092 2041 ξένους
2109 1999 2214 2039 δίκαι.

1368 2062 1446 2088 1480.
1476 2054 1576 2087 τουτο
1596 2050 1631 2088 35
1648 2056 1850 2103 γειμῶνος.
1874 2054 1900 2103 (⁹
1903 2055 2003 2094 On*
1985 2072 2018 2093 εν
2038 2072 2107 2094 τισι
2126 2057 2171 2096 τὰ
2187 2059 2246 2097 δύο
2261 2061 2359 2098 κῶλα

1313 2123 1347 2144 εν
1366 2107 1438 2143 ἐστι
1447 2107 1599 2157 ,λέγω
1582 2108 1651 2146 απὸ
1673 2128 1686 2142 «
1706 2114 1805 2148 τοῦτο
1826 2111 1861 2148 35
1880 2127 2052 2163 χειμωνος
2066 2132 2082 2146 11
2097 2114 2159 2158 ἕως
2171 2120 2231 2154 τοῦ
2243 2120 2359 2170 ‚4qu-

1312 2166 1473 2217 λορροει)
1512 2165 1632 2212 ἐπειδὴ
1665 2167 1831 2220 §ipone-mg
1862 2172 1879 2206 ὃ
1915 2170 2135 2222 Κλεώνυμος.
2169 2147 2288 2220 ἔπαίξε
2323 2175 2359 2213 δὲ

1313 2222 1466 2269 πάλιν,
1452 2239 1528 2261 επει
1547 2223 1590 2261 τὰ
1610 2224 1731 2277 δένδρα
1752 2228 2032 2280 φυλλορροοῦσιν.

1369 2294 1446 2319 1485.
1477 2280 1574 2332 [ἔνθα
1594 2289 1664 2326 τοῖς
1683 2283 1796 2337 ἥρωσι
1818 2298 1827 2323 2

1313 2341 1382 2382 τοῖς
1398 2355 1509 2389 ηρωσι
1524 2340 1644 2378 συνδιά
1648 2357 1731 2391 γειν.
1736 2343 1750 2393 ]
2379 2369 2412 2394 35

1369 2411 1447 2436 1487.
1479 2397 1604 2441 ξύνεισι
1633 2399 1724 2446 πλὴν
1758 2404 1820 2447 τ7,ς
1847 2401 1996 2456 ἑσπέρας
2025 2417 2034 2442 :
2068 2404 2159 2443 Ἀντι
2178 2421 2260 2456 του,
2291 2407 2358 2459 (τῇ)

1315 2455 1450 2508 σκοτίᾳ.
1478 2455 1670 2494 πέπαικται
1701 2458 1736 2496 35
1765 2459 1833 2497 ἀπὸ
1859 2476 1917 2498 του
1948 2463 2092 2500 Σκυθῶν
2119 2464 2260 2516 ἐρημία.
2291 2480 2359 2516 χα-

1315 2512 1452 2564 ριέντως
1481 2512 1516 2550 δὲ
1537 2518 1660 2563 τοῦτο,
1692 2531 1744 2552 οτι
1765 2516 1908 2560 σκότους
1932 2517 2027 2561 ὄντος
2054 2520 2223 2571 Ὀρέστης
2248 2524 2265 2558 ὁ
2290 2524 2358 2560 Ἰι-

1315 2570 1509 2622 μοκράτους
1527 2572 1721 2610 λωποδυτεῖ
1746 2589 1825 2616 τους
1850 2576 2187 2626 προστυγγάν.οντας
2209 2577 2269 2622 τὰς
2295 2579 2358 2616 νύ-

1316 2643 1399 2670 κτας
1418 2644 1485 2680 γαρ
1508 2629 1615 2678 μόνας
1635 2630 1817 2680 ελῃστευεν
1838 2631 2021 2683 Ὀρέστης.

1370 2699 1450 2724 1489.
1481 2687 1702 2738 ἐντυγχάνειν
1724 2689 1839 2726 αὐτόν.
1862 2701 1897 2729 R.

1370 2756 1447 2780 1490.
1477 2745 1506 2780 εἰ
1526 2743 1593 2795 γὰρ
1614 2744 1751 2796 ἐντύχοι
1772 2762 1820 2789 τις
1847 2746 1937 2799 ἥρωϊ
1957 2761 1967 2786 :
1993 2748 2120 2801 ἽΙρωα
2149 2750 2252 2788 αὐτόν
2272 2766 2356 2804 φησι

1315 2799 1372 2837 διὰ
1398 2799 1459 2846 τὴν
1487 2801 1690 2851 ὁμωνυμίαν
1717 2801 1780 2849 τὴν
1808 2803 1892 2855 πρὸς
1920 2804 1976 2841 τὸν
2006 2805 2259 2856 Ἀγαμέμνονος
2283 2809 2355 2847 υἱὸν

1314 2857 1398 2910 Ὀρέ
1400 2874 1497 2905 στην.
1526 2861 1556 2896 οἱ
1588 2860 1698 2911 ἥρωες
1727 2861 1761 2897 35
1795 2862 1998 2913 δυσόργητοι
2026 2864 2086 2901 καὶ
2114 2866 2263 2916 χαλεποι
2286 2871 2356 2912 τοῖς

1315 2917 1427 2964 ἑμπελ
1431 2917 1549 2961 άζουσι
1569 2918 1742 2968 γίνονται,
1773 2919 1930 2972 καθάπερ
1956 2920 2195 2976 Μένανδρος’
2179 2941 2214 2962 εν
2244 2926 2353 2964 Συνε-
2373 2945 2408 2970 45

1314 2974 1447 3026 φηὲοις.
1470 2976 1487 2993 *
1510 2976 1528 2994 *
1549 2977 1565 2992 *
1595 2974 1647 3012 ὅτι
1679 2976 1806 3025 ἀγαθὸν
1833 2977 1945 3028 γάμον
1970 2994 2140 3030 γειμωνος
2167 2983 2185 3019 ὁ
2209 2981 2283 3025 θεὸς
2310 2982 2355 3020 δί-

1314 3034 1430 3079 δωσιν,
1455 3033 1524 3070 οὐδ’
1544 3033 1674 3085 ἥρωσιν
1704 3036 1749 3077 εἰς
1776 3038 1875 3072 τοῦτο
1900 3035 2058 3087 δύναμιν,
2085 3039 2162 3076 ἀλλ’
2191 3034 2355 3086 ἀποπλή-

1313 3106 1412 3133 κτους
1431 3092 1492 3141 μὲν
1511 3093 1620 3130 ποιεῖν
1643 3092 1824 3138 δύνανται,
1838 3095 1877 3132 τὸ
1897 3094 1932 3132 35
1949 3095 2076 3149 ὠφελὲς
2095 3099 2133 3134 οὗ
2153 3097 2351 3145 κέκτηνται.

1313 3149 1364 3186 διό
1384 3165 1442 3198 μοι
1463 3150 1600 3187 δοκοῦσι
1620 3152 1679 3189 καὶ
1699 3153 1730 3188 οἱ
1753 3151 1796 3188 τὰ
1817 3155 1915 3205 ἡρυα
1934 3153 2116 3204 παριόντες
2135 3155 2266 3206 <ny->01⁹
2247 3172 2350 3207 εχειν,

1315 3208 1372 3255 (ὡς
1404 3208 1578 3260 Μυρτίλος
1608 3211 1642 3246 ἐν
1675 3210 1894 3249 Ιιταιοπασί
1925 3211 2041 3261 φησίν.
2067 3215 2085 3249 ὁ
2116 3213 2151 3250 δὲ
2183 3212 2352 3266 Ὀρέστης
2369 3232 2405 3257 50

1311 3264 1543 3313 λωποδύτης).

2378 2081 2412 2106 30

1857 2285 1926 2323 Διὰ
1945 2286 1984 2324 τὸ
2004 2286 2114 2339 ὄνομά
2133 2304 2236 2342 φησιν
2256 2290 2360 2329 αὐτὸν

2375 2656 2410 2682 40

1368 3335 1446 3361 1493.
1476 3323 1590 3360 πάντα
1610 3323 1653 3361 τὰ
1669 3324 1841 3369 ’πιδέξιαε

1862 3326 2086 3378 Ὀςρθαλμοὶις
2103 3326 2162 3364 καὶ
2181 3328 2349 3380 κεφαλήν.

1311 3383 1380 3416 οἷον
1409 3378 1452 3418 τὰ
1470 3380 1561 3424 δεξιὰ
1588 3385 1648 3428 τ7ς
1667 3383 1789 3434 ὅρεως.
1812 3383 2024 3430 επληττοντο
2047 3383 2113 3452 γὰρ
2130 3387 2161 3422 οἷ
2198 3400 2359 3438 συντυγ,
