2517 3792
1086 182 1251 222 PLUTI.

128 269 207 306 dita
227 282 274 306 ex
291 272 336 306 V.
352 269 429 305 -8
451 264 487 304 δέ
509 280 585 303 om.
609 269 653 304 R.
675 268 766 304 ἐστιν
789 281 864 305 om.
890 270 935 307 Θ.
962 270 1080 318 ἀμογ.,
1098 271 1145 311 ὡς

129 329 193 366 ἀπ.
216 331 315 365 Y.—
331 342 354 376 9
376 325 460 363 αὐτὸ
479 329 523 363 R.
543 326 623 362 sine
638 324 684 363 δὲ.
716 329 758 363 In
781 327 865 363 loco
888 328 1072 364 Herodoti
1095 328 1142 364 li—

129 385 204 432 bri,
228 385 296 422 ἀπὸ
316 384 439 422 τούτου
460 383 525 422 εἶσὶ
554 384 688 422 στάδιοι
706 385 812 435 χίλιοι
834 387 880 428 εἰς
901 385 959 423 τὸν
986 385 1144 438 Ἀράδιον

126 442 270 489 κόλπον,
286 444 427 480 omisso
448 442 591 495 ἀπαρτὶ,
606 443 710 492 quod
738 452 824 492 post
846 444 954 494 χίλιοι
986 445 1145 481 inseruit

131 502 418 551 W'esselingius.
440 530 490 536 ..-.
514 514 556 537 10
574 501 707 538 στάδιοι
740 505 783 539 Β.
805 511 842 539 et
875 504 1145 552 grammaticus

127 559 164 596 in
190 560 345 597 Bekkeri
363 559 505 596 Anecd.
524 573 560 609 p.
582 561 672 606 418,
699 562 755 596 16.
774 560 900 598 στάδιοι
927 565 968 597 V.
988 563 1033 598 Θ.
1054 561 1142 598 Ald.

127 615 156 655 o‘
190 619 304 654 ctiam
335 618 483 655 Suidas.
528 618 770 668 ἑῧδομήκοντα
803 622 850 659 Θ.
900 620 1008 672 χίλιοι
1043 629 1146 659 recte

127 688 285 725 gramm.
299 677 468 713 Bekkeri.
486 677 740 715 scribendum
754 679 869 728 igitur
889 696 938 732 ἀ.
960 683 1076 716 Dixi).
1096 701 1144 706 —

132 748 146 770 1
159 748 173 770 1
197 736 460 787 κραπαττάλοις
488 739 533 772 R.
555 738 749 788 κραταλοῧς
768 741 810 774 Υ.
829 739 1067 775 Plierecratis
1084 737 1143 773 lo-

127 806 213 830 cum
233 795 482 844 integriorem
512 795 623 831 affert
647 809 804 844 gramm.
838 798 1007 843 Bekkeri,
1038 801 1081 833 A.
1113 795 1147 832 τί

126 851 203 898 δαί,
222 852 256 889 τί
280 852 406 890 σαυτὸν
438 852 610 890 ἀποτίνειν
626 854 707 904 τῷδ’
722 853 842 900 &imm
866 856 994 906 φράσον
1011 869 1082 903 μοι.
1105 857 1145 890 Β.

126 911 255 963 ἀπαρτὶ
277 911 388 957 δήπου
411 911 623 963 προσλαὸεἷν
643 911 738 963 παρὰ
759 912 851 948 τοῦδ’
872 912 982 961 ἔγωγε
999 913 1144 962 μᾶλλον.

127 990 175 997 -
198 983 240 1006 12
277 969 317 1015 δὴ
355 974 414 1007 τοῦ
445 969 633 1022 προλαὸεῖν
661 973 707 1007 R.
744 970 957 1021 προσλαὸεῑν
985 984 1144 1020 gramm.

125 1029 298 1067 Bekkeri.
314 1029 503 1081 προλαὸεῖν
519 1033 561 1066 R.
582 1028 664 1065 Ald.
686 1027 871 1079 προλαὲών
888 1034 932 1066 V.
952 1035 1146 1079 συνωνυμεῖ

127 1084 163 1123 δὲ
182 1088 270 1126 Ald.
294 1092 490 1137 συνωνυμοῖ
513 1086 549 1124 δὲ
565 1089 611 1125 Θ.
632 1105 670 1111 -
691 1090 733 1124 13
753 1101 823 1136 pro
843 1089 889 1129 ὡς
909 1088 966 1124 καὶ
989 1088 1144 1138 Καλλίμ.

127 1145 163 1180 10
181 1147 224 1181 V.
240 1145 424 1195 scriptum
447 1144 581 1196 οἷρτιθεν
599 1144 621 1181 ἃ
643 1144 796 1197 βράλλει.
818 1149 952 1195 Neque
982 1147 1057 1183 lioc
1075 1159 1145 1183 ne-

124 1214 200 1251 que
218 1203 263 1244 ὡς
282 1202 343 1239 καὶ
358 1202 588 1254 Καλλίμαχος
608 1202 724 1239 habet
742 1207 788 1240 G.
802 1223 842 1228 —
856 1208 899 1240 ¹6
918 1204 1144 1257 διερθορυίας,

125 1260 181 1296 sic
218 1261 369 1298 correxi
412 1261 641 1311 scripturam
678 1262 822 1298 codicis
858 1262 1032 1315 διαφορᾶς.
1056 1262 1144 1313 Περὶ

124 1318 382 1372 παρεφθορυίας
400 1318 524 1363 λέξεως
538 1320 599 1357 hic
613 1319 710 1357 liber
728 1330 887 1358 vocatur
899 1322 947 1358 al)
967 1323 1145 1359 Athenaeo

124 1393 162 1428 9,
180 1392 216 1429 p.
241 1380 329 1426 368,
344 1379 403 1416 vel
418 1380 540 1430 ipsius
557 1380 616 1416 vel
632 1379 777 1417 librarii
794 1394 936 1419 errore.
955 1384 996 1417 In
1013 1381 1145 1433 διεφθο-

124 1438 221 1493 ρυίας
241 1441 430 1477 consentit
450 1441 652 1477 scholiasta
669 1442 807 1477 Avium
825 1442 913 1487 768.
944 1446 1063 1479 Dia-n.

181 1499 272 1547 394,
295 1499 343 1536 3ο
361 1500 430 1548 leg.
449 1498 608 1536 ἀπελθὼν
627 1500 790 1551 φθάρηθι,
810 1509 849 1536 ut
867 1504 958 1551 Reg.

180 1558 255 1604 395
278 1556 404 1595 Ἑστία
433 1556 495 1594 θεὰ
517 1551 558 1603 ἦν
589 1558 743 1609 θυγάτηρ
768 1557 904 1609 Κρόνου
938 1560 1007 1610 (sic
1030 1560 1144 1597 etiam

123 1616 234 1665 Reg.)
254 1634 293 1640 —
308 1615 416 1668 τούλαξ
436 1616 553 1653 habet
571 1619 690 1653 Dorv.
705 1634 746 1640 —
764 1617 810 1654 35
837 1616 873 1654 ὃν
901 1619 949 1660 εἷς
969 1620 1083 1655 Paris.
1101 1619 1146 1660 εἰς

123 1673 160 1711 ὃν
186 1678 290 1711 Junt.
310 1676 357 1716 εἷς
375 1673 411 1712 ὃν
432 1676 478 1717 εἷς
492 1679 582 1725 Reg.
597 1693 639 1700 —
657 1676 703 1712 38
726 1676 883 1713 fortasse
897 1675 935 1713 τὸ
956 1676 1076 1725 λέγεις.
1101 1679 1146 1712 10

123 1733 225 1770 libro
251 1746 365 1783 quem
402 1734 527 1771 scriba
569 1734 861 1778 transcribebat‚
888 1736 972 1772 voci
1002 1734 1146 1777 Ἑστίας

124 1790 284 1827 verbum
319 1790 448 1841 λέγεις,
480 1800 560 1829 uta
580 1801 694 1842 poeta
723 1794 924 1842 scriptum,
947 1794 1043 1831 male
1075 1793 1144 1830 ad-

123 1849 306 1886 haerebat.
328 1850 372 1886 ld
401 1850 583 1888 librarius
616 1851 711 1888 dicit
740 1865 779 1888 se
805 1851 1018 1889 delevisse:
1043 1862 1146 1890 recte

121 1909 224 1945 enim
247 1909 383 1946 habuit
398 1923 468 1959 pro
498 1909 760 1948 additamento
785 1912 1019 1961 glossatoris,
1042 1912 1145 1962 quod

121 1966 294 2004 debebat
318 1966 390 2004 ἅνω
422 1970 570 2014 κεῖσθαι,
599 1969 624 2005 1.
660 1982 692 2006 e.
720 1970 1025 2020 superscriptum
1066 1985 1146 2009 esse

121 2026 210 2063 voci
230 2025 386 2068 Ἑστίας.
401 2030 598 2066 Senum.

177 2085 266 2134 396,
289 2091 333 2129 41
358 2083 462 2122 αὐτὸν
480 2098 555 2122 om.
577 2086 625 2124 Θ.

176 2145 265 2191 397,
299 2149 346 2187 44
374 2144 425 2196 ἐφ’
444 2145 516 2190 ἑκ.,
551 2143 599 2188 45
633 2143 871 2196 περιτρέπειν,
895 2147 942 2190 46
973 2146 1052 2199 περί
1086 2163 1146 2185 του

120 2202 349 2241 Schaeferus.

177 2262 264 2308 398,
288 2266 334 2307 47
365 2259 585 2297 Dindorfius
624 2259 767 2296 addidit
805 2260 1026 2309 διαπέμπεις.
1059 2262 1146 2300 ”Οτι

121 2332 196 2355 om.
211 2321 255 2355 V.
272 2337 313 2343 —
329 2320 378 2362 48
399 2319 453 2356 Οὐ
471 2316 540 2369 γὰρ
557 2320 602 2356 V.
622 2311 797 2363 οὔ-ἧλθε
816 2332 890 2356 om.
908 2321 953 2356 Θ.
975 2319 1146 2369 μετέστει-

120 2376 186 2413 λαν
207 2377 293 2414 Ald.
314 2375 371 2413 διά
389 2375 466 2413 ἀντὶ
480 2378 543 2420 τῆς
560 2375 649 2425 μετά
673 2375 790 2412 habet
814 2380 859 2415 R.
883 2381 979 2414 Tum
1003 2380 1141 2428 pergit,

120 2433 165 2472 τὰ
183 2433 377 2487 πράγματα
394 2435 429 2471 ἐν
446 2434 570 2486 τούτῳ.
589 2433 642 2471 ὅτι
661 2435 699 2470 οὐ
725 2432 1143 2484 μετεστείλαντο--ἦλοε.

176 2494 252 2542 399
276 2495 339 2530 οὐκ
357 2493 432 2530 ἐστὶ
451 2492 496 2530 τὰ
523 2491 718 2545 πράγματα
745 2492 852 2535 οὕτως
875 2495 908 2530 ἐν
933 2493 1143 2545 διαπέμπειν

121 2553 213 2600 ἡμᾶς
221 2555 268 2588 V.
280 2551 475 2602 πράγματα
490 2552 524 2588 ἐν
536 2550 646 2602 τούτῳ
659 2552 692 2587 ἐν
708 2553 757 2603 τῷ
769 2551 978 2601 διαπέμπειν
996 2555 1090 2602 ἡμᾶς
1098 2558 1143 2591 G.

177 2616 265 2656 401,
289 2624 303 2646 1
321 2609 422 2652 αὐτός
435 2611 549 2647 etiam
572 2609 696 2647 Suidae
712 2610 754 2660 (s.
772 2609 849 2660 Nos)
867 2610 953 2647 libri
972 2624 1058 2648 mss.
1076 2613 1142 2648 αὐ-

120 2665 178 2704 τόν
193 2668 277 2705 Ald.
298 2677 336 2705 et
363 2668 479 2717 vulgo
499 2668 601 2718 apud
619 2668 792 2705 Suidam.
808 2687 850 2694 -—
869 2681 889 2703 2
912 2683 936 2719 χ
953 2683 1069 2719 super
1095 2669 1143 2706 νώ

121 2726 289 2774 positum
308 2728 346 2763 in
362 2727 472 2764 codd.
484 2729 554 2764 -3
569 2725 627 2763 καὶ
640 2725 715 2763 ἀντὶ
729 2727 789 2773 Θ.,
806 2727 872 2776 qui
887 2734 904 2770 4
917 2726 1142 2778 εἴρηταιοω.

177 2790 266 2828 402,
289 2785 310 2820 5
329 2783 487 2822 Ἔὸλεπε
503 2785 723 2823 Schaeferus.
738 2804 778 2810 —
796 2786 818 2821 6
836 2785 928 2832 Τινὶ,
946 2785 1050 2835 ἤγουν
1065 2800 1140 2824 om.

120 2844 236 2877 Dorv.
259 2847 323 2893 μιᾷ
341 2857 380 2891 γε
393 2843 460 2880 τινὶ
481 2847 574 2892 Reg.

175 2901 263 2947 403,
295 2903 317 2938 8
337 2901 376 2938 τὸ
394 2902 557 2954 λαμπρὸν
573 2903 619 2940 Θ.

173 2963 246 3001 404
266 2958 305 2995 10
319 2961 364 2996 R.
377 2959 456 2996 haec
478 2967 623 2996 tantum
642 2959 717 3009 legi
734 2968 896 3009 possunt
918 2989 924 2996 .
945 2988 952 2996 .
972 2991 979 2998 .
999 2989 1007 3005 .
1024 2989 1032 2997 .
1052 2991 1060 2997 .
1079 2964 1142 2999 οὐκ

120 3014 254 3066 ἀλόγως
281 3044 634 3054 ..............
644 3033 688 3054 τα
709 3033 849 3071 συναιρε
871 3048 878 3054 .
897 3047 905 3054 .
935 3019 1034 3069 (fort-
1051 3020 1142 3058 κατὰ

120 3074 334 3127 συναίρεσιν)
360 3102 502 3113 ......
512 3074 601 3116 υτός.
617 3097 669 3103 -
695 3090 738 3113 10
758 3076 852 3114 Ἀντὶ
880 3079 940 3114 τοῦ
968 3078 1030 3114 οὐκ
1053 3078 1140 3116 ἀλό-

118 3147 187 3182 γως
203 3137 263 3180 V.‚
281 3134 347 3183 qui
366 3133 388 3179 ἢ
409 3147 485 3170 om.
505 3151 547 3159 -
564 3147 579 3169 1
591 3147 604 3169 1
626 3147 682 3183 sq.
695 3134 875 3187 ἐπίρρημα
890 3135 1029 3172 ἀπὸτοῦ
1051 3136 1141 3178 ἕτεὸς

119 3191 357 3243 συνῃρημένον
380 3196 424 3229 V.
447 3193 550 3233 ἐτεῶς
568 3191 637 3228 ἀπὸ
653 3196 712 3228 τοῦ
729 3193 820 3234 ἔτεος
839 3193 885 3230 Θ.

173 3255 264 3296 407,
279 3251 326 3286 25
341 3248 417 3292 τοὺς
433 3248 590 3291 διδόντας
605 3250 652 3288 Θ.
669 3250 754 3287 Ald.
772 3251 932 3298 Regius:
947 3250 1139 3288 Ameana

117 3304 184 3358 γὰρ
205 3306 285 3349 τοὺς
307 3307 506 3354 Ἀθηναίους
535 3308 683 3344 ἐνταῦθα
712 3310 757 3350 ὡς
781 3306 828 3356 μὴ
855 3307 934 3358 περὶ
958 3307 1001 3344 τὰ
1033 3309 1138 3356 μείζω

119 3364 413 3416 ἀσχολουμένους,
432 3366 510 3402 ἀλλ’
524 3367 571 3408 εἷς
587 3365 721 3407 οὐδενὸς
742 3364 832 3408 ἄξια.

2148 201 2222 233 563

1261 278 1303 315 41
1320 287 1348 319 1,
1366 274 1410 317 34
1434 275 1638 312 καταθύσειν
1661 277 1707 314 Θ.
1730 279 1844 314 Paris.
1866 279 2059 323 καταῡῆσαι
2080 282 2171 330 Reg.

1260 337 1333 376 414
1354 346 1427 369 om.
1453 335 1567 370 etiam
1600 336 1646 373 Θ.
1669 355 1704 360 -
1731 343 1789 379 40.
1818 336 2037 386 Ὁμαλισμὸς
2053 352 2072 373 a
2094 351 2224 387 gram-

1206 391 1353 427 niaticis
1370 392 1525 438 (licitur,
1544 407 1661 442 quum
1684 408 1758 430 vox
1775 394 1900 444 aliqua
1930 408 2005 432 non
2026 409 2112 432 cum
2134 405 2224 433 tono

1205 448 1263 484 vel
1285 459 1456 496 accentu,
1478 451 1543 487 sed
1574 452 1716 502 absque
1744 466 1802 498 eo,
1830 454 1932 490 velut
1957 456 2151 504 appendix
2171 456 2225 492 al-

1206 506 1336 553 terius,
1374 510 1657 557 pronuntiatur,
1688 511 1790 559 quod
1812 512 1998 549 encliticis
2027 514 2079 550 sic
2113 514 2225 552 dictis

1205 565 1403 615 contingit.
1423 567 1486 603 Vel
1506 569 1617 604 etiam
1649 582 1766 617 quum
1787 583 1860 605 vox
1887 571 2058 619 quaedam
2089 572 2224 610 eodem

1206 635 1293 658 cum
1313 625 1446 660 ceteris
1468 633 1598 662 tenore
1613 625 1755 674 absque
1780 626 1899 676 figura
1917 628 2224 679 interrogationis

1206 680 1263 716 vel
1301 681 1590 719 exclamationis
1626 685 1911 733 pronuntiatur.
1956 688 2048 722 Nam
2096 688 2225 736 ssgurae

1206 736 1393 786 ejusmodi
1416 740 1560 776 faciunt
1577 749 1619 777 ut
1639 755 1715 777 vox
1737 742 1861 791 aliqua
1883 752 1973 779 tono
1995 753 2030 780 et
2049 758 2224 793 pronun-

1207 795 1363 832 tiatione
1384 810 1460 846 prae
1482 798 1635 847 reliquis
1651 799 1815 835 emineat
1836 813 1842 834 :
1865 798 1970 848 quod
1991 803 2224 839 contrarium

1206 861 1262 889 est
1282 855 1331 905 τῷ
1350 856 1539 906 ὁμαλισμῷ
1553 886 1561 902 ,
1589 865 1726 905 utpote
1745 856 1848 905 quod
1870 860 2029 907 proprie
2057 863 2225 908 compla-

1205 916 1389 948 nationem
1424 913 1483 949 vel
1518 919 1762 961 oeqzcationem
1786 923 1905 951 notat.
1940 916 2081 952 Confer
2113 918 2226 954 etiam

1206 968 1433 1007 scholiasten
1455 971 1503 1007 ad
1524 975 1618 1008 Rau.
1640 985 1675 1007 V.
1699 979 1794 1021 490,
1819 972 1884 1009 ubi
1905 972 1943 1009 τὸ
1963 974 2039 1010 κατ’
2057 975 2224 1026 ἐρώτησιν

1206 1034 1243 1062 et
1257 1027 1336 1064 καθ’
1352 1029 1548 1078 ὁμαλισμὸν
1575 1031 1674 1066 inter
1697 1043 1735 1066 se
1756 1040 2021 1080 opponuntur.
2042 1036 2162 1070 Kcs'r.
2187 1059 2226 1064 -

1208 1091 1253 1129 44
1272 1090 1330 1123 νῖν
1353 1103 1389 1124 τε
1408 1088 1766 1140 περισπ.-χρονιχόν
1784 1105 1790 1112 ·
1814 1089 1830 1126 ὃ
1853 1089 1986 1141 μακρὸν
2006 1091 2057 1127 ἀεὶ
2082 1092 2198 1128 Paris.

1261 1144 1350 1189 415,
1374 1148 1495 1192 47-51
1521 1160 1595 1183 om.
1617 1148 1729 1183 etiam
1752 1148 1798 1185 Θ.
1817 1177 1856 1180 -
1878 1149 1924 1184 52
1949 1147 2143 1199 παράδοξον
2165 1164 2224 1185 so-

1205 1202 1281 1238 lum
1302 1203 1416 1241 habet
1431 1205 1568 1241 Suidas
1583 1206 1620 1241 in
1639 1205 1792 1257 Θερμόν.
1814 1209 1890 1242 Cur
1910 1206 2086 1251 εὐκίνητον
2107 1214 2228 1256 ex'po—

1206 1269 1271 1297 nat
1288 1262 1419 1307 schol„
1442 1264 1625 1299 rationem
1645 1262 1753 1299 dabit
1768 1263 1931 1312 Etymol.
1953 1276 1991 1312 p.
2008 1269 2096 1309 447,
2113 1265 2174 1310 30,
2191 1274 2228 1301 et

1206 1331 1243 1367 p.
1269 1320 1344 1357 453
1362 1350 1372 1367 ,
1395 1326 1468 1364 44:
1492 1320 1600 1371 ταύτῃ
1631 1325 1709 1369 γοῖν
1744 1319 1823 1364 τοὺς
1853 1319 1914 1370 μὲν
1939 1327 2057 1371 ταχεῖς
2084 1321 2229 1374 Θερμοὺς

1205 1376 1364 1427 λέγουσι,
1386 1378 1463 1421 τοὺς
1485 1378 1519 1416 δὲ
1541 1380 1676 1431 βραδεῖς
1705 1378 1871 1431 ψυχρούς.
1890 1379 1988 1416 Vide
2008 1379 2056 1416 ad
2081 1394 2115 1416 V.
2141 1382 2226 1418 561.

1205 1439 1350 1473 mes‘r.
1385 1440 1429 1474 In
1464 1441 1509 1474 V.
1539 1439 1610 1474 hoc
1642 1437 1798 1483 ordine,
1831 1437 2223 1489 Πενία-Βλεψίδημον.

1206 1494 1330 1544 Οερμὸν
1356 1493 1392 1531 δὲ
1424 1494 1500 1531 ἀντὶ
1530 1499 1589 1531 τοῦ
1617 1495 1810 1546 παράδοξον
1837 1493 1859 1539 ἢ
1895 1494 2085 1539 εὐκίνητον.
2102 1520 2143 1526 -
2168 1511 2182 1532 1
2204 1499 2225 1540 ἡ

1205 1552 1307 1589 πενία
1326 1552 1360 1589 δὲ
1384 1554 1428 1591 Θ.
1446 1552 1533 1590 Ald.
1552 1552 1605 1590 ὅτι
1624 1555 1646 1598 ἡ
1667 1568 1706 1589 π.
1730 1556 1821 1602 Reg.
1843 1552 2100 1604 παραὸαλοῧσα
2118 1558 2160 1589 R.
2177 1555 2228 1592 ἐν·

1205 1614 1320 1648 τεῧθεν
1343 1613 1567 1664 παρελθοῦσα
1586 1615 1677 1661 Reg.
1695 1611 1783 1649 Ald.

1259 1671 1349 1717 423,
1372 1684 1417 1718 19
1437 1670 1520 1708 Ἐπ.
1537 1669 1599 1715 τὴν
1621 1669 1677 1707 διὰ
1695 1669 1757 1715 τὴν
1776 1671 1822 1708 Θ.
1843 1668 1983 1707 Ald.—-
2005 1683 2051 1706 20
2073 1671 2226 1722 Εὐριπί-

1207 1730 1265 1767 δου
1283 1728 1304 1775 ἢ
1324 1730 1496 1767 additum
1512 1744 1558 1767 ex
1578 1731 1625 1768 V.
1641 1754 1682 1760 —
1698 1743 1718 1766 2
1730 1744 1742 1765 1
1762 1729 2011 1782 παρεισάγεται
2026 1733 2070 1766 G.
2087 1730 2123 1767 δὲ
2141 1731 2227 1780 μετὰ

1205 1789 1287 1825 Ald.
1311 1788 1561 1825 δεινοπαθοῧσα
1578 1791 1622 1826 G.
1639 1812 1680 1818 —
1701 1801 1748 1824 22
1768 1787 1827 1824 καὶ
1842 1789 1875 1824 ἐν
1896 1787 2069 1839 Εὐριπίδῃ
2089 1792 2135 1826 V.
2153 1805 2228 1843 νερ-

1205 1846 1313 1898 τέρων
1337 1849 1385 1886 Θ.
1404 1847 1492 1884 Ald.
1521 1846 1642 1899 ἱέρειαι
1658 1845 1747 1883 libri
1763 1860 1905 1887 omnes.
1927 1871 1967 1876 —
1983 1847 2030 1882 23
2046 1845 2068 1891 ἢ
2083 1847 2141 1884 καὶ
2159 1848 2228 1884 ἄλ-

1205 1906 1274 1947 λως
1294 1906 1339 1943 Θ.
1361 1904 1502 1942 εἰώθασι
1519 1903 1585 1956 γὰρ
1599 1908 1698 1941 V.-
1718 1914 1764 1946 24
1788 1903 1846 1940 καὶ
1865 1902 1931 1955 γὰρ
1952 1902 1995 1940 τὰ
2014 1905 2063 1942 Θ.
2085 1905 2171 1942 Ald.
2190 1907 2228 1942 ἐκ

1205 1963 1401 2016 τραγῳδίας
1417 1978 1425 1985 ·
1450 1962 1494 2000 τὰ
1513 1961 1580 2014 γὰρ
1599 1967 1643 2000 R.

1261 2028 1351 2069 424,
1374 2035 1495 2070 27-29
1514 2035 1588 2057 om.
1607 2023 1652 2060 Θ.
1673 2045 1712 2052 --
1732 2021 1779 2057 23
1801 2019 1871 2071 εὕρ.
1894 2017 1960 2071 γὰρ
1988 2022 2102 2057 Paris.
2118 2050 2157 2055 --
2180 2023 2226 2059 3ο

1206 2080 1264 2118 καὶ
1283 2079 1356 2118 οἷ’-,ιν
1377 2084 1522 2118 Hemst.

1261 2140 1350 2183 425,
1371 2140 1417 2176 36
1439 2137 1642 2190 εἰσ-ἤρχοντο
1663 2138 1774 2174 etiam
1801 2137 1938 2175 Suidas
1959 2150 1988 2173 s.
2022 2139 2222 2190 Τραγῳδία.

1207 2197 1385 2247 εἰσήγοντο
1406 2197 1492 2234 Ald.
1506 2222 1546 2227 —
1567 2198 1610 2242 37
1634 2199 1694 2232 τοῦ
1716 2198 1858 2232 Hemst.
1880 2197 1930 2246 τῷ
1946 2195 2029 2232 Ald.
2048 2220 2088 2225 -
2109 2202 2157 2239 40
2170 2211 2224 2246 sq.

1206 2257 1259 2293 sic
1277 2257 1315 2292 in
1337 2259 1399 2302 V„
1423 2256 1479 2291 διὰ
1496 2258 1598 2291 τοῦτο
1620 2253 1656 2290 δὲ
1677 2253 1735 2290 καὶ
1757 2252 1795 2289 τὸ
1823 2252 1871 2301 μὴ
1890 2247 1979 2289 εἶναι
2007 2252 2114 2299 αὐτὴν
2136 2254 2225 2291 κατὰ

1206 2312 1307 2363 φύσιν
1328 2312 1475 2364 φοῗερὰν
1490 2341 1500 2359 ,
1522 2312 1611 2348 ἀλλὰ
1634 2310 1745 2360 μάτην
1773 2311 1964 2346 ἀπατῶσαν
1985 2313 2088 2358 ἡμᾶς.
2110 2312 2224 2360 οἰμώ-

1206 2373 1300 2415 ζεται
1323 2369 1478 2407 κλαύσει.

1260 2431 1334 2474 426
1354 2430 1434 2466 sine
1452 2429 1528 2464 ulla
1546 2428 1624 2463 fere
1646 2427 1857 2463 mutatione
1873 2425 2075 2475 descripsit
2089 2427 2225 2463 Suidas·

1205 2490 1243 2526 in
1265 2485 1550 2537 Πανδοκεύτρια,
1579 2494 1614 2522 et
1637 2485 1885 2534 posteriorem
1916 2492 2063 2532 partem
2082 2484 2122 2520 in
2146 2486 2225 2522 Κα-

1204 2546 1321 2593 πηλίς.
1351 2546 1548 2595 Originem
1578 2544 1683 2579 vocis
1714 2541 1867 2591 ἄμπελος
1895 2555 1972 2578 000
2004 2542 2225 2579 dissimilem

1205 2603 1538 2652 tradiditEtymol.
1560 2616 1597 2652 p.
1617 2602 1680 2647 86,
1701 2602 1762 2647 37,
1777 2600 1842 2636 ubi
1861 2599 2023 2636 delenda
2038 2601 2225 2649 particula

1204 2677 1364 2714 negans,
1387 2666 1408 2709 ἦ
1425 2662 1554 2712 ἔχουσα
1575 2661 1611 2696 ἐν
1642 2661 1746 2709 ἑαυτῇ
1768 2658 1826 2695 τὸν
1847 2657 1978 2704 πηλὸν,
2003 2671 2119 2707 quum
2134 2659 2225 2695 eda-

1204 2732 1278 2769 tur,
1297 2725 1318 2767 ἡ
1336 2720 1384 2771 μὴ
1404 2720 1542 2771 ἔχουσα.
1563 2721 1708 2755 Hmisr.
1722 2742 1763 2747 —
1785 2723 1832 2760 42
1853 2715 1949 2768 παρὰ
1966 2715 2003 2752 τὸ
2018 2719 2062 2752 R.
2083 2716 2223 2753 ἀπὸτοῦ

1202 2782 1283 2818 Ald.
1294 2781 1555 2830 ἐτυμολογεῑται
1568 2776 1603 2814 δὲ
1613 2774 1884 2827 πανδοκεύτριαν
1897 2781 2043 2825 ζ-τριοι
2055 2775 2116 2823 G.)
2126 2773 2222 2824 παρὰ

1201 2840 1240 2877 τὸ
1262 2843 1301 2878 V.
1321 2865 1362 2872 -
1381 2840 1427 2882 43
1454 2837 1590 2888 εἴρηται
1619 2834 1655 2872 δὲ
1679 2839 1723 2872 R.
1754 2834 1836 2872 Ald.
1862 2832 2011 2877 καπηλὶς
2039 2835 2080 2866 V.
2108 2856 2148 2861 —
2171 2832 2220 2873 45

1201 2899 1348 2948 ἔμπελος
1373 2901 1415 2934 V.
1445 2910 1523 2933 non
1554 2898 1599 2932 G.
1623 2895 1657 2930 ἐν
1687 2895 1793 2942 ἑαυτῇ
1815 2892 1862 2928 Θ.
1880 2915 1918 2921 -
1939 2896 1985 2934 47
2019 2889 2219 2934 καπήλιο-αν

1203 2957 1318 2993 Paris.

1256 3023 1328 3060 427
1363 3014 1401 3049 10
1434 3016 1479 3049 V.
1509 3012 1583 3047 hoc
1613 3010 1767 3055 ordine,
1797 3006 2170 3056 κυρίως-κεχῶσθαι.
2196 3006 2218 3052 ἢ

1201 3074 1269 3111 ἀπὸ
1286 3070 1550 3110 τοῧ-ὠόπωλιν
1570 3068 1646 3105 ἀντὶ
1674 3071 1733 3104 τοῦ
1752 3065 1804 3102 ὠὰ
1823 3063 2088 3115 πιπράσκουσαν
2104 3093 2114 3110 ,
2149 3064 2218 3100 ἀπὸ

1201 3132 1323 3184 μέρους
1342 3129 1382 3167 τὸ
1401 3128 1490 3166 ὅλον.
1511 3128 1532 3174 ἢ
1551 3125 1799 3177 ὂσπριόπωλιν.
1819 3121 1954 3164 λέκιθος
1978 3120 2044 3174 γάρ
2073 3123 2147 3159 ἐστι
2165 3115 2218 3158 εἷ-

1200 3186 1426 3240 δος-γραός.
1448 3212 1488 3218 -
1507 3190 1553 3229 48
1574 3185 1735 3221 alterum
1755 3184 1814 3218 τοῦ
1839 3194 1912 3217 00].
1934 3181 1979 3218 Θ.
1997 3180 2083 3216 Ald.
2108 3197 2123 3213 «
2142 3184 2215 3216 Ho-

1198 3262 1282 3285 rum
1303 3247 1495 3283 minimam
1517 3251 1663 3294 partem
1680 3270 1690 3287 ‚
1708 3239 1843 3277 ceteris
1863 3238 1923 3274 vel
1943 3237 2138 3286 neglectis,
2156 3237 2214 3273 vol

1198 3307 1235 3342 in
1258 3318 1327 3341 500
1347 3304 1448 3340 libro
1471 3315 1547 3338 non
1565 3299 1727 3349 repertis
1742 3327 1751 3344 ,
1772 3296 1912 3333 Lexico
1944 3295 2081 3333 Suidas
2107 3295 2212 3331 inse—

1198 3365 1285 3401 ruit.
1303 3381 1317 3394 )»
1336 3365 1482 3399 Huzzsr.
1499 3384 1540 3389 —
1559 3365 1606 3407 49
1626 3356 1764 3398 λέκυθος
1784 3357 1829 3394 Θ.
1847 3380 1888 3386 -
1905 3354 1952 3390 50
1976 3353 2070 3390 λίπει
2086 3354 2211 3389 κεκεῦ-

2019 3430 2067 3462 36.
