2533 3808
332 178 406 215 548

330 266 397 299 τῶν
427 259 612 312 ἀνθρώπων
643 258 756 294 πάντα
770 285 778 300 ,
810 256 893 291 Α1ι1.
925 255 963 292 το
1001 254 1036 291 δὲ
1068 256 1169 305 μῶροι
1200 252 1341 303 μεταξύ.

387 334 397 354 1
411 333 470 364 21,
490 331 512 365 9
532 316 648 356 νόστος
664 315 835 351 additum
856 326 903 349 ex
919 313 1034 349 Suida
1052 326 1080 349 s.
1108 314 1339 364 ΙΙερινοστεῖν.

328 376 453 426 κυρίως
474 374 508 411 δὲ
529 378 574 412 G.
596 377 617 418 ἡ
638 372 690 409 ἐπ’
715 377 758 409 V.
775 396 814 402 -
838 384 882 407 10
907 369 1016 422 ἄφιξις
1041 371 1123 407 Ald.
1152 374 1211 407 τοῦ
1235 371 1341 408 τόπου

326 438 370 469 V.
388 458 426 463 —
449 446 461 469 1
476 446 488 467 1
513 430 636 480 μετοίέ.
652 430 710 466 καὶ
726 429 847 480 πορεία
861 442 935 464 om.
954 428 1101 466 Suidais.

381 503 464 534 122,
502 503 542 534 17
575 487 595 524 ὅ
618 486 966 539 {cri—y.s'poqi11fi·a
993 488 1015 523 1.
1039 500 1086 522 22
1113 496 1201 536 post
1226 487 1340 538 ἱδροῦν

324 549 437 584 insert
460 550 502 582 V.
519 547 578 583 Sic
597 547 709 582 etiam
728 545 861 584 Suidas
879 559 908 581 s.
929 545 1104 597 Ὀρρωοεῖ
1120 575 1129 591 ,
1152 547 1216 594 qui
1242 546 1342 582 inter

323 606 435 656 ἱξροῧν
455 613 491 641 et
509 603 613 641 ὅέστι
634 614 736 641 recte
754 604 987 653 interponit,
1009 602 1082 640 ἔστι
1099 602 1134 640 δὲ
1161 602 1200 640 τὸ
1221 603 1341 655 φοέεῖ-

323 667 422 709 σθαι,
443 663 511 700 ἀπὸ
530 666 588 700 τοῦ
606 662 719 715 ὄρρον.
743 663 835 699 Post
862 661 964 713 μέρος
984 671 1109 699 autem
1130 665 1171 699 V.
1192 664 1340 712 pergit,

323 719 448 762 ἄλλως.
467 719 592 771 κυρίως
610 720 772 771 ὀρρωδεῖν
791 718 849 755 ἐπὶ
867 721 934 755 τῶν
960 718 1093 766 ἀλόγιι1ν
1112 721 1179 754 τῶν
1197 717 1259 764 τὴν
1282 721 1341 755 οὐ-

324 778 382 830 ρὰν
401 777 562 814 σειόντων
580 779 614 814 ἐν
633 780 682 829 τῷ
700 777 880 829 <pegam-m
898 775 958 812 καὶ
985 774 1028 813 τὰ
1050 777 1163 813 αἰδοῖοι
1198 777 1341 828 ἐπικρύ-

321 853 418 874 πτειν
437 835 732 889 (ἐπικρυπτόντων
751 837 812 885 G.)
837 835 925 886 μετὰ
940 838 1000 881 τῆς
1017 839 1131 887 οὐρᾶς.
1160 836 1215 873 Ib.
1233 853 1341 887 μεγο-

321 894 462 945 πάγειον
480 899 525 931 G.
543 921 583 927 —
609 897 651 932 18
675 893 735 943 μὲν
754 908 829 931 om.
848 899 945 931 V.—-
980 909 1023 943 ¹9
1054 894 1208 938 σείοντας
1234 899 1279 934 V.
1301 921 1341 926 —

325 967 373 989 2ο
400 953 433 989 ἐν
460 951 572 1002 τούτῳ
600 955 658 998 R„
685 965 763 987 non
780 951 928 988 Suidas.
946 977 984 983 -
1006 964 1054 988 22
1074 955 1208 1003 πρῶτος
1241 956 1284 989 R.
1305 962 1341 989 et

325 1010 470 1048 Suidns.
500 1012 637 1060 πρῶτον
667 1009 764 1053 Α1(1.,
789 1017 826 1045 et
850 1018 938 1046 ante
968 1009 1085 1046 εἴωθεν
1114 1014 1160 1048 V.
1191 1010 1295 1059 ἤγουν
1325 1012 1341 1047 ὁ

322 1068 479 1121 πρωκτὸς
494 1068 615 1104 codex
633 1067 788 1104 Tam-in.
814 1067 885 1110 145
907 1068 1010 1116 apud
1026 1071 1185 1116 Peyron.
1204 1073 1339 1104 Anno-

324 1136 388 1163 tat.
420 1127 467 1163 ad
502 1130 626 1175 Etym.
654 1129 703 1162 M.
731 1139 767 1175 p.
798 1139 887 1174 991.
914 1125 991 1171 ἤτοι
1017 1128 1033 1162 ὃ
1056 1126 1214 1178 πρωκτὸς
1231 1130 1340 1175 Reg„

322 1188 444 1228 Junt.‚
463 1197 547 1234 quae
563 1184 675 1234 ἱδροῦν
691 1196 766 1220 om.
784 1208 824 1215 —
845 1184 893 1220 28
913 1182 930 1220 ὃ
951 1185 981 1220 οἱ
1009 1183 1116 1221 κοινοὶ
1140 1183 1339 1235 κολορράήδιν

324 1243 426 1294 φασίν
444 1247 536 1292 Reg.

381 1302 450 1337 123
472 1305 516 1338 R.
534 1300 650 1337 habet
664 1299 739 1336 ἀντὶ
767 1303 827 1336 τοῦ
842 1299 947 1340 ὄντως
966 1300 1142 1341 Ἀττικῶς.
1160 1325 1200 1330 -
1216 1313 1264 1349 29
1283 1315 1339 1350 sq.

323 1359 362 1396 τὸ
376 1358 493 1401 ὄντως.
513 1358 669 1396 Ἀττικὸν
686 1357 721 1395 δὲ
742 1361 854 1395 τοῦτο’
873 1359 996 1404 ἄληθες
1014 1358 1336 1410 προπαροξυτόνως.

324 1416 396 1454 ἔστι
418 1415 452 1452 δὲ
470 1419 514 1452 V.
535 1420 630 1453 Cum
655 1417 737 1453 Ald.
760 1418 947 1453 consentit
971 1417 1106 1453 Suidas
1127 1418 1165 1453 111
1185 1414 1338 1463 Ἄληθες.

324 1475 422 1520 δηλοῖ
436 1474 584 1511 Snidas.
601 1475 688 1525 δηλῇ
701 1474 785 1511 Ald.
800 1498 840 1504 -
859 1476 878 1511 3
890 1489 901 1511 1
922 1475 1158 1525 θαυμαστικὸν
1177 1476 1234 1513 καὶ
1252 1492 1341 1529 προ-

322 1531 550 1584 παροξύτονον
572 1531 736 1574 Ἀττικῶς
754 1532 838 1569 Ald.
854 1555 894 1560 —-
912 1533 958 1569 33
977 1532 1098 1570 τούτου
1116 1537 1160 1571 V.

382 1592 466 1638 126,
485 1592 532 1636 34
553 1590 611 1627 καὶ
628 1605 701 1627 0111.
719 1594 766 1628 R.
787 1594 831 1628 V.
856 1590 895 1628 τὸ
926 1590 985 1628 ἐὰν
1007 1595 1065 1629 νῦν
1092 1596 1138 1630 R.
1165 1618 1205 1625 -
1224 1593 1271 1630 35
1296 1595 1342 1636 ὡς

324 1664 382 1685 σπ.
402 1651 449 1685 V.

380 1721 448 1752 127
476 1721 550 1744 0111.
573 1712 617 1745 G.

380 1767 466 1812 133,
488 1767 535 1809 45
551 1765 673 1816 Ἅπερ,
693 1766 739 1809 46
762 1768 872 1802 ταῦτα
896 1767 941 1801 R.
960 1766 1046 1802 Ald.

381 1822 466 1869 134,
489 1824 533 1860 51
555 1823 613 1859 καὶ
634 1822 805 1859 additum
825 1835 872 1859 ex
896 1824 957 1869 R.‚
981 1824 1047 1872 qui
1064 1826 1125 1861 τοῦ
1145 1838 1218 1860 0111.
1238 1826 1338 1863 Idem

325 1879 464 1930 ἀντικρὺ
486 1880 543 1917 καὶ
560 1879 832 1932 παραιλαπάρην
850 1880 929 1917 Ald.
949 1881 1090 1933 ἀντικρὺ
1113 1883 1285 1927 δηλονότι.

383 1940 467 1985 137,
487 1939 507 1975 5
527 1937 586 1975 καὶ
603 1939 773 1975 additum
793 1953 840 1975 ex
865 1943 912 1976 V.
930 1941 1004 1975 -6
1036 1940 1153 1989 μέντοι
1173 1942 1257 1980 Α1(1.
1279 1945 1341 1978 θυ-

325 1996 479 2045 μιάσειεν
503 2000 543 2033 V.
567 1997 699 2033 Ald.-
714 1999 735 2034 8
756 1997 790 2034 δὲ
812 2011 885 2035 om.
902 2001 945 2035 V.
968 1998 1051 2036 αὐτὸ
1066 1998 1105 2036 τὸ
1122 1998 1207 2037 πόπ.
1232 2004 1339 2051 Reg.,

324 2056 391 2104 qui
414 2070 426 2091 1
441 2069 454 2091 1
477 2056 661 2097 ἰδιωτικῶς
679 2055 880 2106 λαλάγγιον.

383 2114 466 2162 139,
492 2115 534 2149 13
555 2116 675 2150 ὑποστ.
698 2116 785 2166 ἐρεῖς
808 2119 903 2164 Reg.
934 2117 1054 2152 Dorv.
1075 2121 1204 2153 νοεῖται
1222 2121 1338 2155 Dorv.

324 2175 449 2222 Pergit
467 2178 555 2222 Reg.
570 2189 578 2210 ε
596 2175 625 2210 εἰ
647 2173 682 2210 δὲ
704 2173 924 2224 συνημμένον
945 2177 994 2226 τῷ
1017 2174 1150 2227 ἐφεξῆς,
1178 2177 1252 2214 ἀντὶ
1281 2182 1340 2216 τοῦ

324 2230 395 2268 ὅτι·
418 2230 509 2268 &mk
531 2237 696 2283 κρεῖττον.

383 2291 467 2336 143,
485 2291 531 2326 32
552 2288 623 2326 οὔτι
642 2304 708 2326 που
731 2292 823 2338 Reg.
844 2297 1015 2326 10010...-
1030 2291 1076 2327 33
1099 2305 1179 2342 sqq.
1205 2296 1263 2330 De
1281 2294 1340 2331 his

324 2348 472 2384 diversa
494 2348 669 2397 praecipit
685 2351 776 2397 Reg.
800 2362 808 2384 :
835 2349 862 2384 εἰ
883 2346 918 2384 δὲ
938 2348 1234 2401 προπαροξύτονός
1248 2353 1339 2389 ἐστιν

325 2409 345 2450 ἡ
362 2406 564 2455 ἐγκλίνουσα
578 2405 677 2451 λέξις,
695 2406 864 2456 φυλάσσει
882 2405 942 2455 μὲν
957 2406 1017 2443 καὶ
1034 2407 1123 2445 οὕτω
1142 2408 1198 2446 τὸν
1217 2412 1340 2447 ἑαυτοῦ

324 2463 440 2508 τόνον,
461 2463 725 2515 προσλαμὸοίνει
745 2462 780 2500 δὲ
800 2465 864 2500 κάν
886 2467 933 2515 τῷ
951 2464 1042 2502 τέλει
1064 2467 1182 2519 ἑτέραν
1208 2468 1318 2511 ὀξεῖαν
1331 2498 1340 2513 ,

326 2516 394 2558 οἷον
411 2520 509 2558 ἕνεκα
525 2522 591 2558 σου
603 2520 855 2570 θανατούμεθα.
867 2548 907 2554 -
923 2530 969 2566 40
989 2525 1025 2559 οὐ
1042 2524 1155 2561 καινὸν
1178 2528 1246 2563 etsi
1263 2541 1340 2564 non

325 2579 552 2628 improbem,
568 2579 665 2614 malo
686 2587 810 2615 tamen
832 2581 892 2615 οὐκ
910 2579 1064 2631 ἄκαιρον.
1086 2585 1232 2620 HEMST.

386 2637 469 2682 145,
496 2637 543 2680 45
571 2638 601 2673 οἱ
628 2635 692 2686 γὰρ
717 2636 863 2674 Ἀττικοὶ
884 2640 930 2672 G.
962 2640 998 2673 οὐ
1028 2639 1094 2690 γὰρ
1126 2639 1273 2677 Ἀττικοὶ
1294 2646 1338 2679 V.

327 2695 592 2744 ἀναπέμπουσι,
614 2695 694 2731 scil.
718 2694 775 2732 τὸν
797 2694 961 2732 τόνον...
977 2697 1024 2739 46
1047 2696 1158 2733 κοινὸν
1189 2712 1262 2734 0111.
1291 2704 1337 2737 G.

385 2761 470 2799 147,
491 2754 537 2790 52
566 2751 751 2803 πολύτιμοι
769 2762 807 2790 et
825 2753 1022 2797 ἕξευτελίζει
1051 2758 1150 2793 V.-
1177 2757 1222 2792 53
1259 2771 1338 2807 sqq.

326 2814 364 2849 in
394 2813 521 2849 codice
549 2813 720 2848 Parisino
744 2813 870 2849 versui
898 2814 968 2849 128
989 2813 1176 2863 adscripta
1207 2816 1256 2851 ita
1284 2817 1339 2852 le—

326 2879 493 2920 guntur:
516 2869 627 2907 ἰστέον
654 2868 706 2906 ὅτι
734 2869 843 2920 ἔγωγε
873 2871 1072 2919 ἀντωνυμία
1104 2871 1256 2924 διαφέρει
1280 2877 1339 2910 τοῦ

327 2926 407 2974 ἐγώ.
429 2927 490 2973 τὴν
514 2926 574 2976 μὲν
600 2927 708 2977 ἔγωγε
728 2927 784 2964 ἐπὶ
815 2929 925 2979 ἀρχῆς
952 2930 1054 2978 μόνον
1085 2929 1260 2978 τίθεσθαι,
1281 2932 1340 2967 καί

328 2986 418 3022 ἐστιν
452 2985 623 3022 Ἀττικόν·
654 2984 716 3030 τὴν
743 2984 778 3022 δὲ
796 2985 865 3035 ἐγώ
892 2985 950 3022 ἐπὶ
976 2988 1085 3038 ἀρχῆς
1108 2987 1254 3037 μεταξὺ,
1281 2989 1340 3026 καί

328 3045 401 3080 ἐστι
432 3043 613 3081 κοινόν.-
640 3058 660 3081 2
692 3044 910 3082 διστακτικὸν
941 3047 1117 3096 reposui,
1147 3057 1341 3097 praeeunte

327 3105 512 3143 Kustem,
543 3116 613 3151 pro
633 3102 870 3140 διαστατικόν.
903 3104 1077 3153 Apollon.
1098 3109 1154 3142 De
1180 3117 1277 3154 synt.
1301 3108 1339 3152 3,

329 3172 364 3207 p.
388 3160 476 3204 261,
495 3160 728 3206 ὓποτακτικὴν
748 3161 899 3211 ἔγκλισιν
921 3163 968 3199 ab
990 3162 1072 3199 aliis
1088 3164 1271 3212 appellari
1291 3165 1341 3201 δι-

314 3216 514 3263 ,στακτικὴν
536 3219 648 3256 tradit
667 3236 674 3256 ε
693 3221 922 3264 διστακτικῶς
947 3226 1121 3259 Ammon.
1145 3224 1182 3259 in
1206 3223 1338 3261 Βούλει.

326 3279 472 3313 11111151.

1109 168 1405 205 ΑΙ)ΝΟΤΑΤΙΟ
1435 171 1487 207 ΙΝ
1518 172 1690 212 SCHOL.

1397 255 1499 307 ρι’νθῳ
1518 261 1649 311 ἑταῖραι
1667 266 1940 312 μνημονεύονται
1961 264 2066 314 Λαῒς,
2087 268 2244 321 Κυρήνη,
2262 269 2409 319 Λέαινα,

1398 315 1540 362 Σινώπη
1555 346 1563 362 5
1588 320 1763 371 Πυρρίνη,
1788 323 1962 371 Σικυώνη.
1995 326 2163 377 Στράὸων
2185 328 2220 363 δὲ
2246 327 2280 364 ἐν
2300 328 2411 380 ὀγδόῳ

1395 375 1462 409 τῶν
1483 378 1801 437 γεωγραφουμένων
1822 375 1909 419 εἶναί
1926 398 2029 435 φησιν
2054 386 2087 421 ἐν
2110 384 2267 436 Κορίνθῳ
2289 383 2413 438 Ἀφρο-

1396 431 1491 477 δίτης
1508 433 1616 484 ἱερὸν,
1638 435 1672 471 ἐν
1690 439 1718 488 ᾧ
1734 438 1831 474 πλεῖν
1849 438 1870 484 ἢ
1887 440 2001 490 χιλίας
2016 442 2189 494 ἑταιρίὸας
2203 442 2412 494 ἀφωσιωμέ-

1394 504 1455 532 νας
1473 493 1516 541 τῇ
1535 494 1595 544 θεᾷ
1612 497 1816 544 προκεῖσθαι
1832 503 1901 539 τοῖς
1922 499 2158 549 βουλομένοις,
2179 499 2327 537 ἕκαστον
2343 503 2411 537 τῶν

1394 549 1653 599 ἀφικνουμένων
1672 552 1870 602 ὑπαγούσοις
1882 585 1891 601 ,
1910 556 2043 604 μηδένα
2058 558 2176 607 μέντοι
2194 560 2262 595 τῶν
2282 557 2330 609 μὴ
2348 559 2412 610 βίῳ

1395 606 1623 658 διαφερόντων
1646 609 1898 660 προσιεμένας·
1919 612 1991 650 ὅθεν
2024 614 2061 652 τὸ
2086 615 2271 666 λεγόμενον
2295 631 2413 653 πεπα-

1396 665 1618 715 ροιμιάσθαι,
1640 684 1653 699 «
1676 670 1714 704 οὐ
1735 669 1863 711 παντὸς
1893 671 2015 723 ἀνδρὸς
2043 674 2075 714 ἐς
2102 673 2269 726 Κόρινθόν
2297 674 2366 711 ἐσθ’
2396 677 2413 711 ὃ

1394 725 1510 765 πλοῦς.
1531 742 1544 756 »
1567 725 1720 763 Φωκίων
1738 727 1903 777 (corrige
1921 729 2079 780 Σωτίων)
2097 730 2132 767 δὲ
2150 734 2167 768 ὃ
2186 747 2414 784 περιπατητι-

1394 781 1450 823 κὸς
1469 783 1502 818 ἐν
1521 784 1570 833 τῷ
1587 782 1704 835 κέρατι
1723 787 1784 830 τῆς
1802 784 2007 834 Ἀμαλθείας
2023 787 2248 838 Δημοσθένην
2266 792 2413 840 ἱστορεῖ,

1395 840 1521 882 Λαΐδος
1535 841 1637 879 αὐτὸν
1660 843 1784 895 μυρίας
1802 844 1962 896 δραχμὰς
1976 846 2214 896 αἰτησαμένης
2229 848 2276 890 εἷς
2293 847 2413 897 μισθὸν

1394 899 1614 949 παννυχίδος,
1630 918 1643 932 «
1657 902 1718 938 οὐκ
1735 902 1919 951 ὠνοῦμαι»
1937 902 2042 954 φάναι
2060 922 2073 935 «
2088 903 2220 956 μυρίων
2246 904 2413 954 δραχμῶν

1395 958 1640 1007 μεταμέλειαν.
1662 978 1675 992 »
1696 960 1776 1012 περὶ
1794 959 1830 997 δὲ
1857 958 1985 1004 Λαΐδος
2010 963 2044 998 ἐν
2071 967 2142 1004 τοῖς
2171 961 2248 1008 ἑξῆς
2273 961 2415 1014 empne&-

1394 1031 1511 1067 στερον
1532 1016 1719 1067 εἰρήσεται.
1749 1019 1931 1055 Scholion
1952 1020 2203 1056 recentissimi
2227 1033 2415 1069 gramma-

1395 1075 1478 1120 tici,
1503 1076 1756 1124 compositum
1780 1090 1826 1112 ex
1847 1077 2036 1114 Strabone
2052 1080 2089 1124 8,
2111 1091 2147 1127 p.
2167 1077 2258 1128 378,
2277 1086 2315 1114 et
2331 1078 2416 1114 Gel-

1394 1133 1446 1168 lio
1469 1146 1503 1181 1,
1519 1134 1554 1170 8.
1577 1137 1750 1170 Dm).-
1769 1135 1812 1170 13
1844 1134 2021 1187 Πυρρίνη,
2049 1135 2198 1182 Σκιώπη
2227 1140 2274 1173 R.
2303 1136 2414 1172 Conf.

1395 1191 1550 1227 Suidam
1571 1205 1599 1227 s.
1630 1190 1791 1243 Ἑταῖραι
1816 1192 2010 1244 Κορίνθιαι.
2026 1219 2067 1225 —-
2086 1196 2130 1230 16
2153 1194 2226 1231 ἐστὶ
2257 1207 2331 1231 0111.
2362 1196 2409 1231 G.

1394 1274 1434 1279 -
1454 1263 1495 1295 ¹7
1531 1262 1586 1298 sq.
1620 1250 1760 1298 Regius
1784 1251 1844 1295 A.,
1880 1250 2046 1302 Κυρήνη,
2069 1253 2134 1299 Λ.,
2155 1252 2213 1300 Σ.,
2234 1250 2391 1304 Πυρρίνη
2405 1281 2416 1298 ,

1395 1307 1571 1352 Σικυών-η.

1454 1380 1467 1402 1
1480 1366 1543 1412 51,
1565 1379 1612 1401 22
1627 1364 1712 1403 ςὈτι
1730 1366 1768 1402 οὗ
1791 1365 1907 1414 μόνον.
1924 1370 1969 1403 G.
1987 1368 2041 1404 Οὖ
2064 1382 2100 1417 μ.
2115 1366 2169 1404 ὅτι
2189 1368 2228 1404 οὗ
2245 1367 2416 1419 προσδια-

1394 1423 1582 1474 λέγονται,
1602 1424 1678 1460 ἀλλ’
1696 1423 1773 1461 οὐδὲ
1792 1427 1898 1476 ὁρῶσι
1920 1423 2042 1475 σχεδόν
2064 1429 2110 1463 R.
2129 1425 2213 1462 Ald.

1454 1483 1541 1527 152,
1565 1484 1611 1518 28
1632 1482 1707 1519 ἀντὶ
1730 1486 1789 1520 τοῦ
1809 1483 1969 1534 ἐρεθίζειν
1988 1487 2032 1520 R.
2056 1482 2096 1520 τὸ
2124 1482 2159 1520 δὲ
2184 1482 2321 1536 τρέπειν
2340 1484 2416 1521 ἀντὶ

1394 1544 1454 1578 τοῦ
1480 1540 1704 1593 ἀντερεθίζειν
1721 1545 1767 1577 V.
1782 1566 1823 1572 -
1840 1555 1888 1590 29
1921 1543 1958 1578 οὐ
1988 1541 2120 1594 σφόδρα
2143 1544 2190 1580 Β.
2207 1546 2253 1578 V.
2279 1540 2415 1592 ἄσημον

1394 1604 1438 1636 V.
1460 1600 1543 1637 Ald.
1568 1600 1729 1650 ἄσχημον
1749 1604 1952 1637 Kusterus.

1453 1659 1538 1703 153,
1560 1658 1606 1693 33
1627 1660 1815 1710 ἱερωτικῶς
1835 1658 2029 1695 codex.—
2043 1657 2090 1700 34
2112 1665 2339 1707 corruptum
2360 1666 2417 1694 est

1395 1714 1532 1775 ἔτυχον.
1567 1719 1670 1752 Fort.
1701 1715 1837 1768 ἔφυγον.
1872 1719 2048 1753 D1ND.—
2071 1716 2119 1753 36
2147 1709 2237 1761 ἦσαν
2265 1718 2412 1753 Hemst.

1395 1777 1499 1810 οὖσαν
1518 1775 1651 1811 codex.
1669 1799 1710 1805 -
1727 1776 1771 1820 37
1793 1774 1952 1811 ἅπειστοι
1971 1776 2017 1812 G.

1454 1833 1541 1879 155,
1564 1839 1613 1876 42
1639 1831 1716 1875 τοὺς
1742 1831 1887 1884 πόρνους
1917 1833 2105 1884 ἀρσενικῶς
2133 1834 2180 1869 R.
2195 1856 2230 1863 —
2251 1831 2300 1875 45
2324 1831 2415 1868 κατά

1394 1906 1471 1927 τινα
1489 1894 1531 1926 V.

1454 1949 1524 1984 156
1552 1948 1648 1984 Ain}
1663 1947 1721 1985 καὶ
1749 1949 1911 1997 αἰτοῦμαι
1931 1950 2077 1996 Reg.-
2094 1953 2143 1997 49
2159 1945 2195 1984 δὲ
2215 1960 2291 1984 om.
2316 1950 2362 1984 R.
2377 1972 2416 1978 —

1397 2008 1445 2043 50
1467 2007 1523 2044 διὰ
1537 2006 1719 2057 διφθόγγου
1738 2006 1909 2058 γράφουσι
1932 2010 1976 2042 V.
1994 2005 2047 2042 διὰ
2066 2004 2251 2058 διφθόγγου
2272 2007 2415 2056 γραφῶν

1394 2068 1439 2102 R.
1461 2065 1805 2116 διφθογγογραφεῖται
1828 2064 1913 2101 Ald.
1935 2065 1997 2102 Sic
2026 2072 2153 2101 autem
2180 2064 2339 2113 Regius,
2359 2063 2415 2099 διὰ

1394 2122 1456 2169 τὴν
1466 2127 1526 2160 τοῦ
1539 2121 1878 2174 προσδιαλεγομένου
1888 2121 2047 2159 ἔνστασιν
2057 2123 2415 2174 διφθογγογραφεῖται,

1454 2181 1540 2229 159,
1562 2194 1581 2226 7
1609 2178 1714 2218 Οὕτω
1747 2183 1795 2231 τῷ
1815 2180 1944 2232 πρόσθε
1969 2183 2019 2232 τῷ
2044 2185 2111 2226 V.‚
2142 2194 2218 2217 11011
2246 2181 2362 2226 male,
2385 2179 2416 2217 si

1395 2239 1585 2276 scribatur
1605 2238 1694 2276 οὕτω
1712 2238 1751 2276 τὸ
1775 2242 1823 2290 τῷ
1843 2238 2036 2291 προσθέτω.
2061 2240 2267 2276 Dum-8
2288 2241 2416 2288 θεσμο-

1395 2297 1511 2350 φόροις
1533 2297 1669 2334 Ald..-
1683 2312 1706 2346 9
1728 2295 1780 2333 ὅσ’
1801 2292 1842 2343 ’ἦν
1872 2297 2025 2350 περίεργ’
2044 2301 2189 2334 Hemst.
2209 2297 2310 2347 apud
2331 2300 2415 2333 Do-

1395 2356 1538 2393 braeum
1559 2365 1617 2403 et,
1637 2365 1677 2392 ut
1697 2356 1861 2401 videtur,
1881 2359 1928 2394 V.
1960 2355 1994 2399 ὃς
2011 2351 2053 2403 ἦν
2075 2355 2254 2408 περίεργος
2269 2355 2354 2392 Ald.
2375 2380 2416 2387 -

1400 2429 1444 2451 10
1462 2414 1558 2457 ὅσαις
1583 2430 1619 2451 τε
1649 2418 1842 2451 Porsonus
1872 2422 1928 2461 et,
1955 2423 1994 2451 ut
2015 2414 2178 2460 videtur,
2199 2413 2243 2449 V.
2264 2409 2344 2449 δ’σαι
2365 2411 2414 2449 ἔτι

1395 2474 1481 2512 Ald.
1515 2471 1621 2514 αὑτὰς
1647 2473 1835 2522 Toupius.
1872 2472 1996 2514 ἑαυτὰς
2023 2476 2070 2509 V.
2097 2472 2178 2508 Ald.
2208 2469 2338 2522 πρόσθε
2363 2474 2409 2507 V.

1395 2532 1578 2581 Sequitur
1596 2531 1634 2567 in
1655 2531 1735 2566 Α1ι1.
1757 2530 1777 2574 ἢ
1800 2529 2064 2581 περιπέττουσιν
2084 2529 2158 2566 ἀντὶ
2180 2532 2239 2566 τοῦ
2265 2543 2413 2578 περικα-

1394 2587 1563 2625 λύπτουσι
1583 2587 1644 2632 τὴν
1662 2586 1903 2636 ἀσέλγειαν.-
1923 2601 1967 2623 12
1982 2585 2198 2636 περιπέττειν
2218 2583 2254 2621 δὲ
2274 2588 2331 2629 V.‚
2347 2585 2412 2633 qui

1400 2652 1443 2686 14
1465 2645 1523 2681 καὶ
1547 2658 1673 2681 0111.-
1695 2645 1736 2679 13
1762 2644 1849 2680 libri
1876 2643 2207 2695 παραπετάσματος.
2237 2643 2413 2679 Correxit

1395 2707 1558 2749 Hemst.,
1580 2704 1717 2739 collato
1744 2703 1944 2739 Eustathio
1969 2716 2005 2752 p.
2026 2716 2120 2749 722,
2143 2703 2190 2738 32
2208 2716 2215 2738 :
2235 2700 2412 2749 ‘toxa-tot-

1395 2760 1572 2810 πέτασμα,
1594 2760 1677 2811 ὅπερ
1698 2763 1714 2797 ὅ
1734 2760 1886 2809 κωμικὸς
1905 2762 2010 2809 (Rau,
2025 2761 2116 2809 938)
2149 2758 2411 2811 παραπέτασμα

1393 2819 1500 2869 λέγει,
1510 2819 1710 2868 δυνάμενον,
1730 2820 1773 2860 ὡς
1791 2819 1889 2864 εἰκὸς,
1910 2821 2055 2870 ῥηθῆναι
2070 2818 2129 2855 καὶ
2152 2816 2410 2869 περιπέτασμα,

1394 2878 1440 2920 ὡς
1458 2878 1556 2922 δηλοῖ
1569 2879 1585 2912 ὃ
1603 2875 1860 2925 ἐξηγησάμενος
1876 2876 1961 2929 παρ’
1978 2878 2069 2928 αὐτῷ
2089 2876 2142 2924 τὸ,
2164 2875 2333 2931 Ὀνόματι
2351 2891 2411 2912 πε-

1396 2934 1593 2986 ριπέττουσι
1621 2933 1680 2979 τὴν
1710 2934 1916 2985 μοχθηρίαν.
1934 2960 1973 2965 -
1999 2935 2043 2971 15
2077 2934 2219 2972 εἰώθασι
2246 2933 2332 2986 γὰρ,
2364 2936 2410 2970 16

1394 2998 1502 3029 ποιεῖν
1523 2992 1636 3043 ἄρτον.
1656 2992 1747 3028 δοκεῖ
1767 2992 1851 3030 Ald.
1881 2991 2272 3045 εἰώθασι-μοχθηρίαν
2295 2991 2411 3030 habet

1395 3051 1528 3088 Suidas
1557 3065 1583 3086 s.
1614 3049 1850 3100 Περιπέττειν.
1868 3075 1909 3080 -
1938 3065 1979 3097 17
2015 3049 2139 3090 ἵππου.
2165 3051 2338 3101 Respicit
2363 3050 2411 3087 ad

1395 3123 1429 3146 v.
1455 3124 1467 3145 1
1479 3110 1538 3157 57.

1454 3169 1538 3212 160,
1557 3168 1604 3203 25
1625 3168 1670 3206 Οἱ
1689 3167 1923 3218 μηχανοποιοὶ
1936 3171 1978 3205 V.
1998 3167 2121 3205 πλοίου
2140 3165 2343 3212 κατασκευή
2361 3169 2407 3203 R.

1394 3225 1523 3263 πλοίων
1539 3226 1598 3262 καὶ
1620 3226 1735 3263 ἄλλων
1753 3228 1856 3262 τινῶν
1876 3230 1922 3263 V.
1937 3227 2018 3264 sine
2034 3240 2183 3263 κατασκ.

1454 3286 1537 3330 160,
1559 3285 1605 3320 30
1624 3284 1762 3334 λέγουσι
1781 3285 1951 3322 additum
1968 3299 2015 3322 ex
2036 3286 2082 3323 Θ.
2095 3309 2135 3316 -
2153 3287 2197 3322 31
2219 3281 2410 3334 μαθήματα

387 3340 469 3383 149.
493 3335 551 3373 Ad
573 3336 672 3373 hunc
694 3351 730 3376 v.
755 3339 870 3376 habet
900 3341 982 3377 Ald.
1011 3339 1175 3390 ἐπίσημοι
1206 3342 1240 3377 ἐν
1269 3341 1342 3379 Κο-
1396 3342 1510 3381 πάντα
1532 3343 1618 3380 Ald.
