2533 3808
287 211 358 244 514

285 289 397 341 ἕτερόν
415 304 446 325 τι
474 285 633 335 αἰσχρὸν,
656 283 944 321 ἀποσκώπτοντος
963 282 1021 315 τοῦ
1040 280 1184 321 ποιητοῦ
1211 275 1287 314 τού-

283 363 341 384 του
360 345 482 382 ἕνεκεν.

337 405 383 439 25
408 402 495 440 Ἀντὶ
513 403 571 436 τοῦ
592 412 668 434 om.
691 401 736 434 R.
761 395 912 446 βαστάζῃ
932 397 979 432 Υ.

338 463 396 506 28,
421 461 466 494 28
486 457 589 505 τομὰ
606 460 647 492 V.
668 456 715 492 Θ.

333 520 391 560 Ἔα,
416 518 433 551 3
446 531 456 551 1
482 529 534 564 sq.
554 511 777 551 Ἀντὶ-κατά
795 527 827 548 τι
845 509 966 562 μέρος,
984 509 1007 554 ἢ
1027 522 1103 546 om.
1125 510 1167 544 V.
1183 531 1222 539 —
1240 510 1286 544 32

282 574 463 625 βάσταξον.
485 577 530 610 Y.
557 571 737 621 βαστάζων
763 574 795 606 G

335 634 394 675 ⁴33,
414 632 460 667 35
482 629 690 680 Ἀντιγένους
710 628 867 666 Petitus.
886 626 1054 664 Ἀντινόου
1069 628 1114 662 V.
1133 623 1287 662 Ἀντίνου

280 690 324 726 Θ.
348 692 399 724 Μ.
422 688 504 724 Ald.
526 686 582 724 ὅτε
603 685 682 738 περὶ
708 685 793 723 Ald.
821 684 876 721 ὅτε
900 697 974 720 0111.
999 687 1042 721 V.
1072 680 1290 733 Ἀργινούσας

278 746 413 783 Suidas
434 760 461 782 s.
483 745 601 794 Οἴμοι.
621 765 671 771 --
687 744 733 780 36
752 742 870 780 ἐνίκων
895 739 929 778 δὲ
958 745 997 778 V.
1027 739 1223 790 ναυμαχίαν
1241 739 1287 776 Θ.

280 808 327 841 Μ.
344 803 529 856 συμμαχία
552 804 620 840 τῶν
648 800 775 839 δούλων
798 800 946 838 Suidas.
965 827 1016 833 --
1033 800 1080 835 38
1101 797 1193 848 λέγει
1214 811 1288 834 om.

278 866 320 899 V.
341 877 423 914 φησι
444 876 524 913 χαρ.
545 857 1066 909 5111ι135.-39ἐναυμαχήκειν
1086 860 1131 893 V.
1147 865 1184 893 et
1201 857 1289 892 Sui-

278 921 354 957 das.
379 941 428 947 --
456 926 502 962 40
527 917 749 970 Ἀρχίννουσα
779 921 833 956 M.
862 919 906 952 In
931 915 1064 952 eodem
1094 915 1141 965 gl.
1172 922 1228 951 est
1254 914 1288 950 ἐν

280 976 531 1029 Ἀργιννούσαις
554 975 722 1021 δηλονότι.
738 997 787 1002 -
806 986 847 1018 41
880 971 1020 1025 ἀντικρὺ
1050 974 1097 1011 Θ.
1131 970 1290 1022 ἀντικρὺς

278 1036 403 1072 ceteri.
426 1034 563 1075 Μαλιάς
583 1037 635 1070 Μ.
652 1033 775 1070 Ceteri
805 1030 941 1072 Μανίας
968 1031 1050 1066 Ald.
1077 1029 1285 1066 Tzschuck.

277 1094 323 1130 ad
342 1092 518 1128 strabon.
539 1092 614 1128 vol.
639 1091 673 1131 5.
696 1105 731 1140 p.
755 1091 827 1136 376
847 1090 937 1125 citat
956 1088 1132 1125 Dindorf.

335 1152 396 1195 35,
424 1151 470 1192 46
491 1148 713 1201 βλασφημίας
733 1152 776 1186 V.
796 1149 842 1186 Θ.
861 1155 897 1184 et
918 1147 1048 1184 Suidas
1070 1160 1098 1183 s.
1124 1147 1288 1196 Πανοῧρ-

277 1224 346 1259 γος.
365 1209 504 1258 ἀτιμίας
521 1209 604 1245 Ald.

333 1268 394 1312 38,
415 1267 534 1312 47-51
557 1264 797 1316 Πρῶτον-τίς
811 1263 862 1308 εἴη
876 1276 952 1299 om.
970 1263 1083 1299 etiam
1100 1265 1165 1305 M.,
1184 1262 1291 1298 scho-

278 1326 328 1361 lio
345 1326 520 1375 proximo
536 1325 735 1374 postponit
754 1328 799 1360 V.
815 1343 864 1352 --
880 1328 925 1368 47
942 1320 1115 1373 Πρότερον
1130 1324 1173 1358 V.
1186 1345 1227 1352 —
1242 1323 1290 1364 48

277 1386 326 1434 τῷ
341 1383 426 1420 add.
446 1384 490 1420 Θ.
508 1386 526 1419 ὁ
545 1396 618 1419 om.
641 1386 700 1427 V.‚
720 1382 784 1431 qui
802 1379 893 1422 ὅστις
911 1375 1050 1416 εἷ’.--53
1080 1378 1168 1421 τινὲς
1187 1378 1223 1415 δὲ
1242 1381 1288 1415 R.

268 1443 445 1494 γράφεται
462 1442 548 1479 Ald.
570 1441 738 1493 γράφεται
759 1441 794 1477 δὲ
822 1444 868 1478 V.
890 1441 936 1478 Θ.
959 1444 1010 1477 Μ.
1040 1440 1070 1476 οἳ
1095 1437 1130 1475 δὲ
1156 1439 1290 1475 Suidas

277 1515 306 1536 s.
333 1501 584 1552 Κενταυρικῶς.
602 1524 641 1529 -
669 1512 684 1535 1
710 1496 872 1550 τρυφερός
897 1497 981 1536 Ald.
1008 1496 1162 1534 Addunt
1187 1498 1231 1535 Θ.
1254 1504 1291 1533 et

279 1561 370 1607 Reg.
391 1558 648 1594 narrationem
670 1556 716 1592 de
742 1556 939 1593 Centauris
955 1585 963 1601 ,
984 1556 1014 1591 οἱ
1045 1553 1225 1607 κένταυροι
1255 1553 1290 1591 δὲ

279 1615 369 1653 κατὰ
395 1615 451 1652 τὸν
483 1618 587 1664 μῦθον
618 1614 734 1666 ἄνδρες
765 1607 854 1659 ἦσαν
884 1615 1010 1664 διφυεῖς
1037 1612 1069 1656 ἐξ
1095 1611 1211 1649 ἵππων
1230 1612 1290 1649 καὶ

280 1673 466 1725 ἀνθρώπιον
476 1672 706 1722 συγκείμενοι,
721 1673 751 1709 οἳ
763 1670 865 1708 ἵπποι
884 1670 943 1720 μὲν
960 1670 1068 1720 (ὄντες
1079 1671 1164 1707 add.
1177 1670 1288 1720 Reg.)

280 1731 323 1768 τὰ
342 1732 460 1777 κάτω,
479 1730 652 1783 ἅνθρωποι
677 1729 712 1766 δὲ
732 1728 775 1766 τὰ
806 1729 876 1766 ἄνω
893 1744 900 1751 ·
926 1727 1015 1765 ὥστε
1045 1729 1104 1766 καί
1132 1744 1182 1770 τις
1211 1727 1290 1765 ἰδὼν

282 1788 401 1831 αὐτοὺς
417 1788 478 1834 τὴν
503 1787 613 1839 ἀρχὴν
634 1787 711 1838 ἔφη,
725 1786 828 1828 ἵππος
849 1785 1074 1838 ἀπερεύγεται
1098 1785 1290 1837 ἄνθρωπον,

280 1847 338 1884 καὶ
361 1847 534 1898 ἄνθρωπος
557 1844 787 1897 ἀποπέρδεται
812 1844 931 1881 ἵππον.
949 1843 1150 1894 μυθεύονται
1171 1842 1206 1880 δὲ
1234 1843 1292 1881 καὶ

282 1908 403 1951 τοῦτο,
428 1907 473 1946 ὡς
504 1904 571 1940 ἀπὸ
594 1906 654 1948 τῆς
685 1901 827 1955 νεφέλης
861 1900 1034 1951 ἐγένοντο,
1062 1901 1104 1946 ἣν
1138 1902 1223 1943 Ζεὺς
1248 1904 1290 1953 τῆ

282 1962 377 2015 “Hpq
398 1962 579 2013 παρῄκασε
606 1960 712 1997 θέλων
731 1960 792 2005 τὴν
822 1959 905 2011 πρὸς
931 1958 1037 2004 αὐτὴν
1069 1962 1128 1996 τοῦ
1160 1959 1293 2002 Ἰξίονος

274 2023 401 2069 μαθεῖν
424 2020 545 2071 ἔρωτα.
565 2018 622 2057 καί
644 2016 709 2069 γὰρ
737 2020 783 2059 ὡς
809 2012 896 2054 οἶδεν
926 2011 1032 2063 (εἶδεν
1054 2021 1144 2066 Reg.
1169 2023 1293 2066 recte)

281 2077 390 2121 Ἰξίων
408 2076 469 2122 τὴν
490 2078 704 2114 εἰκασθεῖσαν
732 2078 774 2126 τῇ
790 2072 887 2127 τἭρα
912 2073 1057 2127 νεφέλην
1075 2104 1084 2121 ,
1107 2073 1222 2125 “Ι·Ιραν
1244 2077 1293 2126 τῷ

281 2136 354 2173 ὅντι
367 2134 495 2181 ταύτην
510 2128 596 2171 εῖναι
607 2132 958 2183 νομίσας,συνεγένετο
975 2131 1084 2182 ταύτῃ
1100 2132 1157 2168 καὶ
1170 2131 1291 2182 ἔγημε.

280 2192 551 2243 ἱπποκένταυρον
570 2186 636 2228 ὧδε
656 2191 774 2240 (Reg.
796 2199 896 2226 recte
923 2189 980 2226 καὶ
1009 2188 1123 2226 ἔτεκεν
1145 2189 1227 2225 ἱππ.
1251 2183 1292 2234 ἦν

283 2250 317 2286 δὲ
338 2250 395 2295 τὸ)
417 2249 485 2286 ἀπὸ
505 2250 624 2287 τούτου
644 2247 740 2296 γένος
758 2247 834 2285 λίαν
853 2247 1024 2298 μάχιμον.

335 2315 396 2353 4ο,
413 2309 434 2342 6
456 2309 547 2358 αὐτῷ
566 2310 610 2344 R.
627 2331 666 2338 -
680 2307 702 2342 8
719 2304 827 2342 δειλὸν
843 2304 901 2342 καὶ
917 2304 1117 2356 σχηματίαν
1137 2305 1182 2342 Θ.
1202 2319 1292 2341 καυ-

283 2372 458 2416 χηματιᾶν
484 2371 530 2402 V.

336 2429 397 2468 41,
421 2437 464 2459 12
489 2425 567 2474 Ἣρ.
589 2421 678 2459 ἀλλὰ
696 2421 743 2472 μὴ
766 2426 809 2459 R.
826 2422 848 2467 ἢ
867 2421 972 2463 οὕτως
988 2421 1036 2471 μὴ
1060 2422 1106 2458 Θ.
1130 2421 1212 2457 Ald.

338 2481 407 2524 46,
428 2486 469 2522 14
487 2479 563 2531 φόρ.
580 2478 757 2530 κροκωτὴν
776 2479 955 2516 Α1(1.-15
977 2477 1013 2515 δὲ
1030 2491 1105 2514 om.
1126 2482 1171 2515 R.
1191 2477 1295 2530 φοὸε-

287 2534 339 2586 ρὸς
359 2536 504 2572 addidit
519 2537 735 2572 Dindorssus
756 2550 803 2572 ex
821 2535 1065 2584 sequentibus
1087 2544 1292 2584 sumptum.

286 2592 485 2643 Ἡρακλέως
504 2592 569 2644 γὰρ
593 2596 639 2629 R.
670 2597 759 2629 Post
784 2594 904 2636 λεοντῆ
924 2592 1010 2628 libri
1036 2592 1182 2627 addunt
1213 2607 1295 2642 κρο-

286 2649 400 2694 κωτὴν
424 2649 616 2700 (κροκωτὸς
645 2653 690 2685 R.
712 2650 772 2697 V.)
799 2647 854 2694 δὲ,
883 2648 939 2685 ἵνα
972 2642 1169 2699 ἦφοὸερός.
1196 2648 1252 2684 lb.
1273 2648 1295 2692 ἢ

287 2710 450 2759 κροκωτῷ
469 2708 607 2744 ΑΙ(1.-
632 2721 671 2752 17
700 2705 847 2755 μετάξης
866 2706 1079 2756 κροκοειδοῦς
1108 2709 1200 2753 Reg.
1228 2721 1296 2753 μα-

285 2763 387 2809 τάξης
405 2768 448 2803 Ε.

341 2827 401 2867 47,
423 2835 464 2858 21
499 2822 663 2872 Κόθορνος
682 2820 716 2858 δὲ
736 2820 788 2857 ὅτι
803 2822 844 2858 V.
866 2819 952 2858 “Ort
971 2822 988 2857 ὃ
1014 2821 1060 2857 Θ.
1081 2823 1132 2855 Μ.
1155 2819 1238 2856 Ald.
1259 2842 1298 2849 -

289 2891 335 2914 22
358 2881 388 2915 οἱ
409 2878 650 2931 δὲ-ἁρμόττει
666 2877 829 2930 (ἁρμόζει
848 2877 919 2926 Θ.)
947 2885 1033 2926 post
1060 2875 1202 2912 δύναται
1226 2889 1298 2925 po-

287 2945 383 2972 nunt
402 2940 445 2972 V.
468 2938 513 2974 Θ.
534 2940 584 2973 Μ.
603 2936 683 2973 Ald.
699 2960 739 2966 —
759 2938 805 2973 23
832 2934 969 2986 λέγεται
991 2936 1038 2973 Θ.
1063 2938 1117 2971 Μ.
1142 2932 1178 2970 δὲ
1197 2933 1296 2982 λέγε-

288 3008 345 3029 ται
362 2997 403 3029 V.
419 3019 458 3024 -
479 2995 526 3030 25
547 2993 647 3031 αὐτὸν
669 2992 829 3045 ἁρμόζειν
860 2994 925 3039 Θ.,
950 2993 1015 3042 qui
1036 3005 1109 3028 om.
1139 2991 1189 3027 26
1211 3004 1294 3040 sqq.

288 3050 704 3103 ἐκπλήττεται-ἀνδρῷα.
731 3051 871 3100 Regius
903 3065 910 3086 :
933 3049 1101 3101 Κόθορνος
1119 3047 1243 3100 κυρίως
1262 3047 1300 3085 τὸ

290 3108 570 3159 ἀμφοτεροδέξιον
597 3109 782 3159 ὑπόδημα·
821 3110 968 3146 ἐνταῦθα
995 3107 1030 3144 δὲ
1061 3121 1300 3158 καταχρηστι-

289 3166 356 3206 κῶς
385 3165 423 3201 τὸ
445 3171 652 3213 γυναικεῖον,
687 3164 707 3201 ὅ
737 3181 840 3218 φασιν
867 3166 1048 3206 ἰδιωτικῶς
1079 3163 1299 3215 φελλοκάλη-

290 3237 366 3270 γον·
392 3221 604 3271 γυναικώδης
623 3222 687 3273 γὰρ
710 3220 756 3259 ὢν
783 3222 944 3264 Διόνυσος
962 3221 1021 3258 καὶ
1048 3219 1215 3268 ἐνδύμασι
1241 3219 1298 3256 καὶ

292 3280 489 3328 ὑποδήμασι
509 3279 712 3328 γυναικείοις
727 3281 865 3331 ἐχρῆτο.
884 3305 924 3312 --
939 3281 1001 3325 31,
1021 3284 1068 3327 49
1086 3276 1164 3323 νηὸς
1178 3279 1224 3315 V.
1246 3281 1297 3313 M.

294 3357 330 3367 ι-
352 3336 400 3373 50
432 3335 517 3373 κατὰ
550 3343 741 3389 μεταφορᾶς
769 3339 813 3375 Θ,
841 3338 879 3376 ἐκ
909 3341 1104 3388 μεταφορᾶς
1124 3338 1227 3372 M.—-
1250 3336 1297 3371 33

1028 191 1327 230 ADNOTATIO
1357 192 1409 230 IN
1438 191 1612 232 SCHOL.

1343 274 1523 331 σύὸυρτίου
1548 279 1628 328 (sic)
1646 281 1690 314 R.
1712 277 1873 328 σὸυρτίου
1891 281 1935 314 V.
1963 279 2146 330 συραντίας
2165 278 2209 315 Θ.
2235 293 2353 330 σιρυν-

1341 335 1415 373 τίου
1447 341 1500 374 Μ.
1534 334 1745 387 συμὸυρτίου
1777 335 1860 375 Ald.
1877 361 1917 368 —
1951 336 1997 383 37
2033 337 2094 373 ἀπ.
2111 365 2120 382 ,
2152 335 2352 373 Κλεισθένει

1342 395 1477 432 Suidas
1501 407 1530 431 s.
1552 396 1634 432 Ποῖ.

1396 453 1440 488 51
1457 480 1466 498 ‚
1490 453 1537 495 43
1558 450 1651 501 λέγει
1671 463 1746 487 om.
1769 451 1829 495 Θ.,
1855 459 1941 499 post
1967 450 2146 503 Ἡρακλῆς
2171 451 2281 501 ponit
2301 454 2348 488 R.

1341 508 1380 547 τὸ
1398 508 1472 561 σφώ
1492 508 1659 545 additum
1675 521 1720 544 ex
1740 511 1784 545 R.
1804 511 1850 544 V.
1874 509 1922 545 Θ.
1948 509 2063 553 M.,in
2084 507 2223 558 quibus
2245 515 2300 545 est
2313 507 2353 545 τὸ

1343 569 1448 620 σφῶε.
1466 567 1594 616 Pergit
1604 570 1649 603 V.
1665 565 1724 602 καὶ
1742 563 1806 617 γὰρ
1823 564 1882 602 δύο
1902 564 2071 609 στίζουσιν
2092 567 2139 608 εἷς
2158 565 2215 603 τὸν
2231 564 2354 603 Ἀπόλ-

1342 626 1436 662 λωνα
1463 623 1523 661 καὶ
1560 625 1604 665 εἷς
1632 622 1671 660 τὸ
1700 621 1816 674 ἐξηγρ.
1851 622 1909 659 lb.
1930 622 1989 660 δύο
2014 625 2155 662 0111.Θ.
2171 627 2225 661 Μ.
2242 648 2281 655 -
2303 629 2350 669 47

1343 683 1426 735 φασὶ
1446 682 1538 720 Διόν.
1557 685 1604 719 R.
1622 686 1666 719 V.
1684 680 1787 733 φασὶν
1804 682 1848 722 ὡς
1864 679 2027 718 Διόνυσον
2046 680 2156 731 λέγειν
2177 685 2286 718 ταῦτα
2300 685 2352 718 Μ.

1342 765 1382 771 -
1399 747 1447 790 49
1464 739 1658 786 δηλούντων
1674 738 1806 775 Suidas
1827 751 1855 775 s.
1872 731 1958 790 Kffoe'
1980 738 2100 788 ἔγωγε.

1400 799 1446 836 53
1462 829 1472 845 ,
1503 804 1523 841 4
1547 797 1583 834 δὲ
1607 810 1682 834 om.
1715 799 1762 833 R.
1777 825 1816 829 -
1835 797 1856 833 5
1886 795 2110 848 εΥιῙνιπιίλην,
2139 797 2330 839 Φοινίσσας
2345 827 2354 844 ,

1343 855 1525 902 Ἀντιόπην
1545 860 1590 893 R.
1607 859 1698 892 V.-
1713 856 1735 891 6
1756 856 1979 906 προεισῆλθεν
1999 855 2231 892 Dindorfius.
2246 861 2354 907 προσ·

1344 915 1446 961 ἦλθεν
1481 917 1526 950 R.
1558 915 1755 965 προσῆκται
1780 915 1822 948 V.
1841 913 1887 950 Θ.
1917 928 1932 944 «
1953 915 2053 949 Fort.
2076 914 2322 964 προεισῆκται.
2341 929 2356 945 »

1345 976 1462 1010 Dum.
1479 996 1519 1003 --
1541 985 1558 1017 7
1582 970 1778 1020 legebatur
1798 969 2059 1022 συκοφαντητέα
2084 968 2127 1006 τὰ
2143 985 2174 1006 τ.
2194 972 2240 1006 R.
2255 984 2358 1006 συκο-

1345 1036 1524 1083 φαντεῖται
1543 1028 1603 1075 δὴν
1618 1028 1662 1066 τὰ
1681 1044 1712 1065 τ.
1730 1029 1778 1066 Θ.
1801 1025 2062 1079 συκοφαντητέα
2076 1021 2118 1073 ῆν
2137 1029 2260 1064 ταῦτα.

1401 1089 1462 1133 55,
1485 1102 1508 1136 9
1526 1086 1648 1124 ἔστιδὲ
1670 1088 1771 1124 Θ.-
1795 1087 1838 1122 13
1860 1085 1931 1122 νυνὶ
1961 1085 2132 1123 additum
2156 1097 2204 1121 ex
2223 1087 2271 1122 R.
2299 1086 2358 1120 ν’ὕν

1344 1144 1505 1196 λέγεσθαι
1532 1149 1577 1181 V.
1607 1144 1723 1182 Addit
1753 1144 1839 1181 Ald.
1868 1156 1953 1193 quae
1973 1143 2021 1180 ab
2047 1146 2208 1180 Musuro
2234 1142 2359 1178 aliove

1344 1205 1482 1241 infimae
1499 1204 1616 1241 aetatis
1633 1202 1878 1252 grammatico
1889 1201 2037 1250 adjecta
2052 1213 2134 1237 esse
2152 1200 2278 1250 ipsum
2297 1211 2361 1235 ex-

1344 1263 1495 1300 ordium
1516 1262 1640 1308 docet,
1658 1259 1804 1301 Ἄλλως.
1819 1259 1987 1311 γράφεται
1998 1257 2141 1310 μακρός.
2159 1256 2217 1294 ἵνα
2229 1260 2247 1294 ὃ
2266 1258 2361 1308 Κρο-

1344 1320 1515 1366 τωνιάτης
1545 1321 1693 1365 νοῆται,
1726 1316 1812 1369 ἀνὴρ
1841 1317 1984 1368 μεγάλῳ
2010 1315 2148 1366 σώματι
2181 1313 2278 1366 παρὰ
2296 1316 2359 1359 τῆς

1345 1378 1475 1429 φύσεως
1492 1374 1763 1426 κεκοσμημένος,
1779 1376 1824 1416 ὡς
1837 1379 1906 1416 τοῖς
1924 1375 2027 1426 ἐρῶσι
2045 1373 2212 1424 παρέχειν
2230 1372 2361 1417 ἔκπλη-

1346 1435 1407 1479 ξιν.
1430 1453 1444 1468 «
1461 1434 1616 1484 ἐγένοντο
1633 1432 1669 1470 δὲ
1689 1434 1784 1483 αὐτῷ
1805 1431 1839 1476 ἓξ
1865 1433 1899 1468 ἐν
1920 1430 2105 1482 Ὀλυμπίᾳ
2128 1430 2225 1481 πάλῃ
2240 1435 2335 1467 νῖκαι
2350 1443 2357 1451 ·

1346 1492 1408 1542 μία
1429 1492 1456 1530 δ’
1474 1494 1508 1530 ἐν
1526 1491 1646 1529 παισὶν
1667 1489 1702 1534 ἐξ
1727 1491 1855 1527 αὐτῶν.
1874 1491 1986 1527 Πυθοῖ
2007 1487 2042 1526 δὲ
2067 1487 2101 1526 ἔν
2129 1503 2167 1525 τε
2193 1486 2359 1540 ἀνδράσιν

1345 1550 1392 1594 ἓξ,
1406 1549 1464 1587 καὶ
1484 1548 1545 1599 μία
1566 1549 1713 1585 ἐνταῦθα
1730 1549 1763 1585 ἐν
1780 1544 1914 1582 παισίν.
1927 1545 2068 1597 ἀφίκετο
2083 1544 2118 1582 δὲ
2135 1544 2195 1582 καὶ
2213 1543 2360 1594 ἕὸδομον

1344 1608 1525 1647 παλαίσων
1544 1608 1579 1649 ἐς
1594 1605 1794 1655 Ὀλυμπίαν
1811 1634 1820 1652 ,
1840 1602 1928 1641 ἀλλὰ
1955 1602 2021 1655 γὰρ
2040 1604 2101 1640 οὐκ
2129 1601 2264 1652 ἐγένετο
2294 1595 2363 1642 οἷός

1343 1683 1381 1705 τε
1406 1667 1669 1704 καταπαλαῖσαι
1697 1661 1909 1712 Τιμασίθεον
1929 1661 2074 1707 πολίτην
2092 1676 2129 1698 τε
2151 1660 2236 1698 ὄντα
2256 1661 2361 1697 αὐτοῦ

1344 1724 1403 1763 καὶ
1427 1724 1547 1775 ἡλικίᾳ
1571 1723 1659 1760 νέον.
1689 1721 1828 1772 λέγεται
1854 1720 1890 1757 δὲ
1919 1719 1976 1757 καὶ
2000 1721 2046 1762 ὡς
2065 1718 2240 1769 κομίσειεν
2261 1716 2363 1759 αὐτὸς

1346 1785 1449 1820 αὑτοῦ
1469 1781 1525 1818 τὸν
1548 1780 1734 1832 ἀνδριάντα
1765 1780 1798 1821 ἐς
1814 1778 1943 1816 Ἄλτιν.
1975 1776 2114 1826 λέγεται
2139 1775 2175 1813 δὲ
2196 1777 2230 1818 ἐς
2257 1775 2360 1812 αὐτὸν

1345 1838 1458 1877 καὶτὸ
1482 1838 1538 1875 ἐπὶ
1558 1840 1601 1888 τῆ
1623 1840 1699 1888 ῥοιᾷ
1726 1836 1785 1874 καὶ
1814 1835 1871 1872 ἐπὶ
1894 1837 1944 1886 τῷ
1964 1833 2086 1885 δίσκῳ.
2116 1831 2211 1884 ῥοιὰν
2236 1831 2298 1882 μὲν
2319 1831 2360 1878 δὴ

1346 1896 1453 1938 οὕτως
1472 1890 1545 1946 εἶχε
1565 1893 1775 1946 βιαζομένην
1789 1923 1800 1943 ,
1821 1892 1911 1930 ὥστε
1929 1891 2029 1934 αὐτὸς
2045 1890 2267 1941 λυμήνασθαι
2280 1889 2361 1926 πιέ-

1346 1956 1424 1998 ζων.
1442 1953 1624 2003 ἱστάμενος
1641 1951 1676 1988 δὲ
1694 1950 1750 1989 ἐπὶ
1775 1947 2004 2000 ἀληλιμμένῳ
2021 1951 2071 2000 τῷ
2090 1948 2198 1998 δίσκῳ
2225 1947 2362 1997 γέλωτα
2379 1986 2381 1991 .

1346 2013 1495 2049 ἐποιεῖτο
1521 2010 1599 2053 τοὺς
1620 2007 1855 2060 ἐμπίπτοντάς
1869 2022 1906 2044 τε
1924 2006 1984 2045 καὶ
2009 2007 2182 2047 ὠθοῦντας
2205 2003 2273 2041 ἀπὸ
2302 2007 2362 2041 τοῦ

1347 2069 1478 2107 δίσκου.
1501 2071 1684 2106 ἀποθανεῖν
1701 2066 1737 2104 δὲ
1758 2065 1825 2103 ὑπὸ
1841 2065 1967 2116 θηρίων
1984 2062 2087 2115 φασὶν
2102 2061 2217 2100 αὐτόν.
2235 2063 2360 2099 ἐπιτυ-

1346 2133 1420 2177 χεῖν
1441 2126 1505 2179 γὰρ
1524 2125 1623 2164 αὐτὸν
1641 2127 1675 2163 ἐν
1693 2127 1736 2176 τῇ
1755 2122 2007 2175 Κροτωνιάτιδι
2021 2120 2238 2171 αὐαινομένῳ
2258 2117 2360 2169 ξύλῳ·

1347 2187 1470 2238 σφῆνες
1493 2183 1529 2221 δὲ
1558 2183 1749 2234 ἐγκείμενοι
1774 2181 1941 2218 δίστασαν
1965 2179 2006 2217 τὸ
2035 2177 2155 2222 ξύλον
2182 2180 2200 2215 ὁ
2232 2175 2268 2213 δὲ
2296 2176 2363 2213 ὑπὸ

1347 2241 1569 2294 φρονήματος
1583 2244 1601 2279 ὁ
1619 2240 1742 2278 Μίλων
1765 2237 1908 2284 καθίησι
1924 2235 1983 2279 τὰς
1997 2241 2118 2288 χεῖρας
2133 2237 2167 2278 ἐς
2182 2233 2222 2273 τὸ
2239 2232 2337 2278 ξύλον
2354 2248 2361 2255 ·

1347 2299 1566 2337 ὀλισθάνουσί
1588 2314 1625 2336 τε
1645 2298 1686 2344 δὴ
1708 2300 1739 2335 οἱ
1774 2301 1910 2349 σφῆνες.
1929 2295 1988 2333 καὶ
2015 2293 2181 2346 ἐχόμενος
2210 2292 2277 2329 ὑπὸ
2304 2293 2363 2328 τοῦ

1349 2357 1448 2402 ξύλου
1464 2357 1580 2401 λύκοις
1597 2357 1731 2408 ἐγένετο
1752 2354 1900 2407 εὕρημα.
1921 2353 2074 2404 μάλιστα
2095 2352 2131 2390 δέ
2146 2366 2221 2392 πως
2237 2348 2276 2386 τὸ
2297 2351 2364 2394 θη-

1350 2415 1419 2467 ρίον
1437 2419 1535 2453 τοῦτο
1552 2415 1586 2451 ἐν
1617 2416 1659 2464 τῆ
1681 2410 1935 2464 Κροτωνιάτιδι
1957 2409 2045 2447 πολύ
2068 2424 2106 2445 τε
2137 2407 2278 2457 νέμεται
2304 2404 2365 2442 καὶ

1349 2473 1507 2526 ἄφθονον.
1529 2491 1544 2506 1>
1568 2475 1678 2509 ταῦτα
1695 2470 1732 2507 δέ
1748 2485 1832 2521 φησι
1848 2467 1939 2505 κατὰ
1958 2466 2048 2510 λέξιν
2069 2463 2273 2505 Παυσανίας
2292 2463 2339 2513 (6
2355 2491 2365 2509 ,

1354 2536 1398 2573 14
1417 2531 1428 2579 )
1458 2531 1491 2566 ἐν
1525 2528 1673 2580 δευτέρῳ
1707 2526 1868 2564 Ἠλείων.
1900 2523 2095 2562 Pausaniae
2123 2523 2209 2558 loco
2243 2520 2365 2557 utitur

1349 2587 1485 2624 Suidas
1505 2600 1531 2623 s.
1555 2586 1699 2632 Μίλων,
1721 2585 1786 2634 qui
1808 2596 1884 2619 non
1913 2595 1961 2618 ex
1989 2580 2189 2618 scholiasta
2215 2577 2364 2614 Aristo-

1350 2645 1486 2694 phanis
1502 2672 1512 2690 ‚
1532 2644 1598 2680 sed
1618 2657 1664 2679 ex
1682 2641 1869 2679 Pausania
1884 2640 1970 2689 ipso
1987 2637 2188 2686 excerpsit.
2204 2638 2325 2672 Dum.

1405 2703 1468 2747 56,
1491 2702 1535 2737 15
1551 2699 1629 2737 ὅλον
1648 2699 1732 2752 φασὶ
1750 2702 1796 2736 R.
1814 2699 1861 2736 Θ.
1883 2696 1970 2738 ὅλως
1991 2694 2076 2748 φησὶ
2092 2697 2139 2731 V.
2160 2707 2264 2746 φασιν
2285 2690 2364 2729 ὅλον

1352 2760 1436 2796 Ald.
1455 2758 1512 2795 τὸν
1531 2757 1651 2809 στίχον
1676 2756 1755 2808 Ἡρ.
1772 2760 1975 2792 Kusterus.
1993 2752 2152 2805 Ἥρακλῆ
2165 2781 2174 2797 ,
2205 2751 2249 2787 16
2272 2748 2363 2802 ἡρά-

1351 2819 1416 2862 σθη
1431 2818 1531 2854 Θ.-
1556 2829 1595 2861 17
1618 2812 1763 2851 ἀτταταῖ
1785 2817 1830 2851 R.
1846 2816 1891 2849 G.
1910 2813 1954 2850 Θ.
1972 2811 2051 2847 Ald.
2076 2811 2242 2846 ἀππαπαῖ
2257 2811 2305 2845 V.
2328 2834 2367 2840 -

1354 2875 1401 2910 28
1419 2876 1570 2925 ἧρᾶσθαι
1588 2875 1631 2908 V.
1659 2873 1704 2909 Θ.

1407 2933 1467 2978 57,
1485 2945 1530 2979 ¹9
1543 2932 1603 2981 Γρ.
1618 2929 1674 2966 καὶ
1684 2928 1820 2965 ἀπαπαί
1836 2928 1880 2965 Θ.
1892 2926 2016 2968 ἄλλως.
2033 2924 2072 2962 τὸ
2080 2925 2245 2964 ἀππαπαῖ
2256 2925 2314 2969 V.‚
2330 2930 2368 2958 et

1353 2991 1404 3026 sic
1415 2990 1579 3026 hocloco
1592 2990 1636 3025 G.
1654 3000 1819 3036 quoque,
1835 2986 1899 3034 qui
1915 2997 2030 3033 supra
2043 2980 2203 3019 ἀτταταί.
2220 2978 2368 3017 ἀτταταί

1353 3055 1390 3083 et
1402 3045 1568 3083 ἀππαπαί
1581 3053 1746 3093 oxytona
1758 3043 1842 3080 Ald.
1859 3040 1913 3078 διὰ
1922 3040 2044 3078 τούτου
2056 3042 2187 3077 om.V.
2198 3036 2254 3074 διὰ
2266 3039 2367 3074 τοῦτο

1353 3106 1399 3142 Θ.
1421 3107 1471 3140 Μ.
1493 3104 1530 3139 οὐ
1552 3100 1787 3150 καταθεμένου
1812 3099 1896 3136 Ald.
1918 3106 1981 3145 et,
2002 3098 2144 3134 omisso
2164 3097 2218 3141 οὐ,
2236 3097 2282 3131 V.
2308 3087 2366 3130 οὖν

1354 3159 1586 3209 καταθεμένου
1602 3163 1656 3195 Μ.
1675 3152 1731 3194 οὖν
1746 3154 2014 3205 κατατιθεμένου
2031 3156 2079 3193 Θ.
2099 3152 2274 3192 Correxit
2289 3155 2368 3188 Ku-

1355 3227 1475 3254 sterus
1489 3246 1498 3264 ,
1521 3217 1656 3253 collata
1678 3214 1802 3251 Suidae
1830 3215 1975 3263 glossa,
1996 3210 2177 3250 Ἀππαπαί
2204 3223 2211 3245 :
2234 3221 2367 3256 συγκα-

1354 3274 1532 3312 ταθετικὸν
1553 3273 1744 3326 ἐπίρρημα.
1771 3271 1947 3323 εἰρηκότος
1974 3268 2041 3320 γὰρ
2071 3272 2131 3305 τοῦ
2155 3262 2368 3316 Ἡρακλέους

1360 3333 1495 3385 (ιοῖνδρὸς
1509 3331 1692 3384 ἠράσθηςς»
1704 3334 1804 3368 τοῦτο
1816 3326 2129 3379 ἐπεφθέγξατο.-2
2140 3338 2151 3360 1
2172 3327 2230 3360 τοῦ
2242 3325 2365 3359 om.V.
