2485 3808
874 272 1087 311 CHOLIA
1125 274 1184 312 IN
1224 275 1421 314 NUBES.
2152 294 2197 325 83

71 361 258 411 νευόμινος.
277 374 336 397 του
358 359 637 408 Ἀλκμαιωνιδῶν
657 356 692 395 δὲ
713 353 883 396 οἷτοίείσι
902 359 1028 410 γέν.ους
1048 361 1105 396 αὐ-

70 419 126 462 τὸς
148 417 183 456 δὲ
202 416 434 456 διεδοίλλετοξ
417 433 463 459 ως
488 417 616 458 δουλος.
641 418 658 453 6
677 431 810 468 πρωτος
832 420 890 454 οὐν
917 420 1105 468 Μεγακλῆς

71 475 269 535 Κοισύρας
269 478 311 521 ἠν
343 474 429 520 υἱὸς,
461 477 537 520 ητις
568 478 609 520 ἣν
641 474 897 526 ὑπερδαίνουσα
929 475 1018 525 γένει
1046 492 1105 513 και

69 533 220 586 πλούτῳ.
246 537 287 579 ἠν
308 531 343 570 ’δὲ
371 533 405 576 εξ
430 532 623 584 Ἐρετρίας.
649 533 712 602 διὸι
719 549 778 570 και
804 536 1037 585 κοισυρεῖσθαι
1065 533 1103 571 τὸ

34 606 51 629 5
71 592 159 643 μέγα
179 594 327 645 φρονεῖν,
348 590 429 642 παρ’
448 590 489 628 Ἐ
478 594 713 660 ρετριεῦισινᾞ

68 653 136 688 τῶν
153 650 443 699 Ἀλκμαιωνιδῶν.
471 650 570 686 ἐδιπλ
574 648 696 686 ασίασε
727 649 761 686 δὲ
787 649 825 687 τὸ
847 649 968 699 ὄνομα.
984 658 1022 687 R.
1045 653 1104 687 τοῦ

710 592 830 634 οὗτος
851 595 909 628 τοῦ
929 592 1044 642 γένους
1061 595 1101 637 ἠν

69 707 159 746 κατὰ
175 707 262 746 πολὺ
287 707 435 752 ἐνδόξου.
457 708 505 751 δὶς
523 707 557 745 δὲ
586 708 625 745 τὸ
655 708 739 745 αὐτὸ
759 703 852 746 εἶπεν
880 708 1103 760 εἰρωνευόμε-

67 781 136 809 νος.
154 767 200 805 Θ.

120 838 166 863 ⁴7.
196 824 399 877 [ἀδελφιδῆν

18 899 50 924 ιο
70 902 114 908 -
125 883 282 935 ἄγροικος
296 880 342 919 ὢν
360 882 394 926 ἐξ
410 882 529 924 ἄστεος
546 896 554 920 :
573 883 649 920 Οὐκ
664 883 776 933 ἀργῶς
790 884 832 932 τῇ
844 880 1034 932 παραθέσει
1045 884 1103 917 νῦν

69 942 256 995 ἐχρήσατο.
285 942 322 978 οὐ
343 940 409 991 γὰρ
433 939 596 978 ὀνειδίσαι
617 940 822 990 βουλόμενος
848 938 967 977 ἑαυτὸν
988 939 1103 990 ἅγροι·

69 1016 127 1038 κον
144 999 260 1037 καλεῖ·
281 998 424 1044 ἀνόητον
445 997 511 1049 γὰρ
531 998 590 1034 καὶ
616 997 776 1049 ἄγροικον
802 997 1006 1034 παντάπασι
1027 998 1104 1034 δια-

429 837 438 862 z
464 825 536 862 Τοῦ
558 824 706 875 ἀδελφοῦ
727 824 830 860 αὐτοῦ
856 823 1038 874 θυγατέρα.
1055 824 1103 861 Θ.

70 1059 209 1096 ὅάλλειν
229 1056 367 1094 ἑαυτόν·
389 1055 479 1093 ἀλλὰ
495 1058 629 1106 πρῶτον
654 1055 716 1104 μὲν
737 1055 931 1101 λεληθότως
950 1055 1007 1092 διὰ
1026 1055 1105 1093 τού-

67 1132 127 1154 του
150 1116 212 1161 τῆν
237 1114 399 1166 εὐπορίαν
422 1113 572 1150 δείκνυσι
597 1113 659 1158 τὴν
677 1115 812 1151 ἑαυτοῦ.
837 1115 874 1151 οὐ
904 1113 971 1166 γὰρ
999 1112 1054 1159 ἂν,
1075 1115 1104 1150 εἰ

18 1188 49 1212 15
69 1173 117 1225 μὴ
137 1174 228 1211 πάνυ
250 1167 291 1219 ἦν
310 1170 490 1217 πλούσιος,
514 1170 745 1209 ἐπεδικάσατο
763 1170 803 1209 ἂν
830 1175 934 1210 αὐτοῦ
954 1175 975 1218 ἡ
997 1171 1104 1223 γυνὴ,

67 1231 128 1270 καὶ
145 1234 189 1282 τῇ
207 1230 285 1282 δόξῃ
304 1231 460 1281 αὐχοῧσα
485 1232 544 1267 τοῦ
561 1228 677 1280 γένους
707 1229 767 1267 καὶ
785 1233 828 1282 τῇ
854 1232 887 1268 ἐν
909 1230 1007 1268 ἄστει
1031 1231 1106 1267 δια-

66 1289 182 1343 τριδῇ.
203 1288 302 1333 δόξαν
324 1287 391 1340 γὰρ
419 1287 578 1325 εἰώθασιν
608 1290 639 1325 οἱ
669 1288 788 1341 ἄνδρες
812 1288 903 1340 ἔχειν
927 1291 992 1340 οὐχ
1011 1289 1105 1335 ἥττω

66 1351 134 1386 τῶν
161 1349 346 1398 γυναικῶν.
366 1349 384 1384 6
402 1346 437 1384 δὲ
463 1349 506 1399 τῇ
528 1346 796 1406 ἀντιπαραθέσει
820 1348 880 1384 καὶ
904 1351 1007 1385 τοῦτο
1031 1349 1104 1385 ἐπι-

67 1405 244 1452 στώσατο,
262 1404 374 1457 φήσας
393 1403 496 1442 αὐτὸν
520 1406 680 1456 ἀγροῖκον
697 1409 803 1451 εἶναι,
819 1404 881 1451 τὴν
903 1403 938 1442 δὲ
958 1406 1104 1456 γυναῖκα

14 1475 49 1500 20
67 1463 261 1510 πολιτικήν.
279 1461 480 1512 θαυμαστὸν
494 1461 562 1514 γὰρ
581 1461 690 1509 οὐδὲν,
706 1465 735 1500 εἷ
754 1462 931 1515 ἄνθρωπον
948 1463 1106 1515 ἰδιοπρά-

66 1537 179 1573 γμονα
199 1521 258 1560 καὶ
279 1521 416 1572 μέτριον
442 1519 520 1564 τοὺς
538 1520 686 1572 τρόπους
705 1524 747 1573 τῇ
769 1521 825 1559 ἐπὶ
844 1524 905 1567 τῇς
930 1521 1106 1573 ἀγροικίας

66 1580 182 1633 διαίτῃ
198 1580 336 1632 γύναιον
352 1578 499 1622 ὑπέταξε
515 1579 692 1616 πολιτικὸν
708 1579 767 1616 καὶ
785 1581 1104 1632 κατεδουλώσατο.]3

118 1652 164 1677 48.
194 1636 323 1688 σεμνὴν
342 1651 351 1677 :
373 1639 445 1676 Νῦν
467 1639 504 1674 οὐ
533 1636 595 1682 τὴν
617 1636 799 1690 σώφρονα,
817 1640 855 1675 οὐ
881 1638 948 1690 γὰρ
970 1640 1106 1676 ἐπαινεῖ

66 1695 188 1743 αὐτὴν,
204 1694 295 1733 ἀλλὰ
311 1693 373 1740 τὴν
396 1693 547 1738 ἀλαζόνα
567 1710 627 1732 και
645 1694 833 1746 ὑπέρογκον
854 1695 932 1747 [καὶ
952 1695 1105 1747 σοδαρὰν

13 1767 48 1792 25
64 1756 114 1807 τῷ
139 1754 234 1792 εἴδει·
256 1768 442 1813 τρυφῶσαν
461 1751 497 1790 δε
514 1753 681 1803 ἱματίοις,
704 1769 764 1791 και
783 1756 826 1804 τῇ
846 1754 972 1806 αΛλῃ
954 1754 1104 1805 οαπάνῃ.

66 1833 110 1839 -
127 1811 278 1864 σοδαρὰν
295 1811 334 1849 τὸ
349 1805 442 1858 ἠθος.
457 1811 503 1849 Θ.
525 1819 588 1850 Br.
592 1811 610 1863 ]]

118 1867 454 1922 ἐγκεκοισυρωμένην
488 1883 496 1907 :
532 1871 714 1921 Περισσῶς
747 1869 1027 1920 κεκοσμημένην.
1063 1870 1105 1921 (ἢ

66 1929 158 1974 ἔθνος
177 1932 199 1975 ἡ
226 1927 480 1980 Κοισυρόπολις
505 1928 730 1978 ὀνομάζεται,
757 1928 848 1966 πάνυ
875 1929 1020 1981 αἰσχρὸν
1047 1945 1106 1967 και

68 1986 233 2040 μυσαρόν.
247 1985 270 2032 ἢ
289 1985 335 2023 τὰ
349 1988 410 2032 τῇς
428 1985 601 2045 Κοισύρας
618 2002 818 2039 φρονουσαν.
822 1986 873 2037 )”
854 2003 927 2024 εστι
945 1988 980 2024 δὲ
1002 1988 1106 2040 Ἔρε-

14 2055 49 2082 30
66 2045 206 2098 τριακὸν
236 2044 276 2083 τὸ
301 2044 422 2094 ὄνομα.
444 2047 536 2082 οὗτοι
564 2044 600 2082 δὲ
623 2047 670 2088 εἰς
685 2061 816 2098 τρυφην
846 2045 1105 2084 διαδοίλλονται.

67 2103 154 2151 αὕτη
173 2102 209 2141 δὲ
232 2101 392 2154 ἐγαμηθη
418 2102 662 2156 Πεισιστράτῳ
687 2102 953 2156 ἐπιχειρ·κ’σαντι
981 2121 1105 2158 τυραν-

66 2163 149 2201 νεῖν.
181 2181 228 2187 -
254 2161 426 2213 περισσῶς
448 2160 726 2211 κεκοσμημένην,
759 2163 1106 2212 κεκαλλωπισμένην,

66 2219 191 2270 ὁμοίως
209 2223 252 2272 τῇ
267 2217 438 2270 Κοισύρᾳ.
461 2217 550 2265 αὕτη
571 2220 606 2256 δὲ
629 2213 671 2266 ἦν
696 2219 782 2270 γυνή
799 2235 850 2262 τις
866 2220 957 2257 πάνυ
980 2221 1106 2267 ἑαυτὴν

66 2281 245 2328 κοσμοῦσα
264 2275 415 2327 ἱματίοις
434 2275 493 2313 καὶ
512 2280 555 2328 τῇ
573 2277 662 2329 ἄλλῃ
687 2277 821 2329 διαίτῃ,
841 2280 889 2321 ὡς
903 2277 981 2321 τοὺς
1000 2281 1108 2331 ὁρῶν-

14 2351 49 2377 35
67 2351 128 2379 τας
147 2334 412 2382 ἐκπλήττεσθαι.
429 2341 480 2372 Br.

119 2407 165 2432 50.
193 2393 278 2445 πρὸς
296 2392 340 2430 τὰ
361 2395 464 2432 αὐτοῦ
493 2391 783 2442 πλεονεκτήματα
811 2392 871 2430 ἴσα
898 2393 957 2430 καὶ
979 2393 1023 2431 τὰ
1046 2397 1108 2440 τῇς

66 2451 225 2502 γυναικὸς
241 2450 438 2498 ἀντέθηκεν.
465 2449 569 2488 εἰπὼν
585 2449 652 2503 γὰρ
675 2453 778 2502 τριῶν
800 2450 903 2488 αὐτὸν
921 2452 1103 2499 ὀδωδέναι,

66 2508 205 2561 τρυγὸς,
239 2508 413 2547 τουτέστιν
451 2509 560 2556 οἴνου,
587 2514 750 2560 τρασιᾶς,
784 2508 941 2546 τουτέστι
975 2508 1104 2555 σύκων,

67 2566 179 2619 ἐρίων,
195 2566 273 2621 τρία
289 2566 349 2604 καὶ
364 2567 408 2605 τὰ
419 2569 550 2613 ἐκείνης
567 2565 733 2617 ἐπήγαγε.
747 2567 994 2618 (διελεγκτικὸν
1014 2567 1049 2606 δὲ
1066 2569 1103 2606 τὸ

16 2640 52 2666 ⁴0
69 2629 218 2664 τοιοῦτον
241 2627 365 2677 σχῆμα
385 2629 443 2664 τοῦ
463 2625 578 2676 λόγου.
599 2628 642 2695 τῇ
663 2624 729 2677 γὰρ
753 2625 1018 2678 ἀντιπαραθέσει
1046 2631 1106 2664 τοῦ

68 2681 237 2730 ἥττονος-ἣ
249 2683 402 2721 εὐτέλεια
413 2684 597 2721 δείκνυται
607 2683 646 2721 τὸ
657 2682 719 2721 δὲ
705 2684 804 2733 ερίων
818 2684 1017 2736 περιουσίας
1029 2686 1104 2724 ἀντι

18 2783 20 2785 ,
68 2744 127 2779 τοῦ
146 2740 262 2779 πόκων
279 2741 430 2787 πληθους
449 2741 511 2779 ειτ’
528 2746 586 2780 οὐν
606 2740 789 2793 πλούτου.)
811 2743 938 2795 τρασιὰ
953 2742 988 2780 δὲ
1003 2743 1105 2795 λέγε-

68 2813 127 2835 ται
139 2797 242 2842 τόπος
257 2800 291 2836 ἐν
307 2802 336 2851 ῳ
356 2798 505 2851 ψύχεται
527 2799 571 2838 τὰ
585 2803 687 2838 σῧκα.
713 2808 752 2837 V.
771 2808 809 2837 R.
828 2800 932 2853 [ὄζων
948 2802 1102 2854 τρυγὸς;

69 2854 161 2894 Νέου
175 2871 276 2893 οινου-
295 2855 318 2902 ἢ
334 2860 394 2903 τῆς
414 2858 652 2908 ὕποστάθμης.
667 2858 819 2910 τρασιὰ
809 2859 877 2896 δὲ)
876 2859 1000 2911 έγεται
1017 2863 1034 2898 6
1049 2860 1106 2898 τό·

17 2927 53 2953 45
70 2929 132 2956 πος
151 2912 207 2959 ἢ“’
187 2929 271 2951 οπου
287 2913 436 2966 ψυγεται
447 2932 492 2954 τα
507 2932 598 2954 συκα
618 2916 677 2954 καὶ
693 2916 934 2969 ταριχεύεται,
955 2917 977 2964 ἢ
999 2918 1104 2962 σανίς.

70 2969 150 3023 τρία
166 2970 202 3008 δὲ
224 2974 300 3008 εἰπε
318 2971 363 3009 τὰ
387 2975 504 3011 αὐτοῦ·
522 2975 662 3027 τρυγὸς,
684 2991 828 3027 τρασιας
851 2977 938 3026 (αντὶ
960 2981 1019 3014 τοῦ
1040 2976 1105 3014 σύ-

70 3030 152 3079 κων)
172 3028 232 3066 καὶ
251 3028 351 3081 ἐρίων
369 3031 576 3083 περιουσίας.
599 3033 658 3070 καὶ
676 3032 721 3070 τὰ
735 3033 866 3080 ἐκείνης
886 3036 934 3073 δέ.
952 3036 1019 3073 ελε·
1009 3051 1106 3086 γκτι-

71 3085 130 3124 κὸν
166 3085 235 3124 ὲτὸ
253 3091 402 3125 τοιοῦτον
420 3103 555 3140 σγημα.
557 3089 603 3149 ]]

67 3158 72 3162 ’
121 3150 266 3196 τρασιας
295 3157 304 3183 :
334 3144 468 3192 Ξύλου,
508 3150 542 3185 ἐν
578 3151 606 3200 ᾡ
638 3147 700 3192 τὰς
737 3149 875 3202 ὀπώρας
916 3150 1103 3204 ἐξήραινον.

20 3215 54 3240 50
71 3209 131 3240 Br.
150 3203 301 3249 σανίδος,
327 3205 362 3240 ἐν
377 3208 399 3255 ᾖ
413 3203 457 3241 τὰ
474 3208 562 3242 σῦκα
579 3207 800 3259 ταριχεύουσι
816 3209 901 3261 πρὸς
919 3210 977 3247 τὸν
993 3210 1103 3257 ηλιον.

73 3259 143 3298 ἀπὸ
161 3259 281 3298 τούτου
301 3260 336 3298 δὲ
355 3261 418 3307 τὴν
438 3261 550 3311 ὀσμὴν
571 3264 668 3310 δηλοῖ
688 3264 749 3311 τὴν
768 3282 808 3304 εκ
826 3283 894 3305 των
915 3268 1030 3306 σύκων
1046 3269 1106 3306 καὶ

69 3318 139 3355 ’τῶν
159 3319 289 3356 λοιπῶν
305 3320 373 3355 τῶν
389 3319 552 3356 τοιούτων
571 3320 764 3370 γινομένην.
786 3324 834 3362 Θ,

125 3374 224 3427 ἐρίων
243 3375 440 3428 περιουσίας
455 3390 464 3414 :
477 3377 567 3414 Ἀντὶ
579 3381 651 3424 τοῦ,
669 3379 830 3418 πλούτου.
848 3381 1016 3432 [τοιοῦτος
1034 3383 1070 3421 δὲ
1088 3387 1106 3421 6

73 3433 256 3485 γεωργικὸς
275 3433 356 3485 βίος.
375 3434 444 3472 ἀπὸ
464 3433 499 3472 δὲ
516 3439 575 3472 τοῦ
594 3437 741 3475 καθόλου
759 3438 816 3476 ἐπὶ
831 3439 875 3477 τὰ
892 3440 982 3478 κατὰ
1003 3441 1107 3495 μέρος

1163 354 1258 406 ἦλθε.
1278 362 1423 399 καθόλου
1441 361 1507 415 γὰρ
1531 365 1564 400 ἐν
1584 364 1653 407 τοῖς
1672 365 1789 403 ἐπανω
1815 365 1921 404 εἰπων
1943 367 2005 414 τὴν
2033 371 2198 421 εὐδαιμο-

1163 419 1237 456 νίαν
1254 418 1348 466 τὴν
1335 424 1458 457 εαυτοῦ

1266 513 1367 553 (ἐρύων
1380 513 1549 554 μελίτταις,
1563 516 1615 545 καὶ
1633 516 1796 556 προδάτοις
1806 541 1814 556 ,
1826 519 1878 548 καὶ
1892 519 2074 560 στεμφύλοις
2084 545 2092 559 ,

1163 593 1268 630 πάλιν
1288 594 1510 646 καταυ.ερίζει
1533 595 1634 635 αὐτοί.
1660 597 1728 635 ἀπὸ
1747 598 1809 647 μὲν
1833 599 1899 652 γὰρ
1926 617 1993 638 των
2015 603 2199 663 προδατων

1163 650 1206 688 τὰ
1225 651 1321 703 ἔρια,
1343 652 1449 690 ἀπὸδ
1431 668 1466 689 οε
1495 670 1564 690 των
1585 655 1789 707 στεμρύλιιι
1814 657 1894 708 τρυξ
1918 659 1976 696 καὶ
2002 665 2104 709 οἰνος,
2131 664 2199 701 ἀπὸ
2219 683 2235 706 5

1164 709 1199 746 δὲ
1219 716 1363 762 τρασιᾶς
1378 711 1420 747 τὰ
1439 715 1538 749 συκα.
1543 712 1559 763 Ἦ

1216 781 1262 805 51.
1293 783 1382 805 κατα
1386 769 1697 819 γλιι)ττισματων;
1722 766 1824 815 Εἶδος
1841 775 2046 825 φιλιημάτιιν
2063 793 2158 837 περιε
2164 795 2201 830 ρ-

1163 825 1301 877 γότερον
1320 824 1358 862 τὸ
1374 826 1681 877 καταγλώττισμα·
1711 828 1733 873 ἢ
1754 831 1816 866 κολ
1820 831 2038 880 ακευαοίτων.
2061 872 2077 885 4
2061 834 2100 879 Tr,
2117 830 2201 878 εἶδος

1164 883 1310 934 αἷσγροῧ
1337 883 1530 935 φιλήματος
1552 884 1590 921 τὸ
1610 901 1699 922 κατα
1703 885 1917 937 γλώττισμα.
1938 890 2060 942 κυρίως
2082 892 2117 929 δὲ
2137 909 2201 930 κα-

1163 940 1431 1003 ταγλώττισμα,
1451 942 1532 979 ὅταν
1552 944 1586 980 ἐν
1604 959 1652 995 τῳ
1667 960 1777 996 καιρω
1797 961 1857 991 της
1879 948 2060 992 συνουσίας
2078 952 2133 987 6
2115 967 2201 1004 ανηρ
2224 969 2254 992 10

1163 1006 1226 1043 την
1239 999 1398 1048 γλῶτταν
1416 1003 1519 1037 αὑτοῦ
1536 1017 1585 1038 τι)
1603 986 1664 1048 τῇς
1682 1003 1843 1053 γυναικὸς
1863 1005 2021 1058 εμδοίλλῃ
2041 1007 2199 1058 στόματι.

1166 1056 1304 1101 [εστὶ
1273 1066 1308 1094 οε
1329 1072 1388 1094 και
1407 1060 1425 1094 6
1443 1060 1548 1111 λαφυ·
1538 1059 1624 1110 γμὸς
1643 1060 1734 1098 κατὰ
1752 1061 1813 1098 μέν
1833 1079 1927 1106 τινας
1943 1064 1982 1101 τὸ
1997 1065 2090 1103 αὐτό·
2111 1067 2202 1105 κατὰ

1165 1113 1200 1151 δε
1226 1130 1321 1158 τινας
1339 1119 1361 1161 ἠ
1382 1115 1506 1168 ἄλογος
1531 1118 1590 1155 καὶ
1625 1119 1701 1156 καθ’
1727 1119 1921 1172 ὑπερδολὴν
1949 1123 2101 1170 δαπάνη.
2133 1127 2202 1177 δικ]

1164 1171 1236 1209 ἔστι
1252 1171 1319 1223 γὰρ
1338 1173 1431 1211 λοίπτ
1412 1190 1461 1211 -ω
1480 1175 1540 1212 καὶ
1560 1176 1729 1229 λαφύσσω
1745 1178 1784 1215 τὸ
1807 1181 1899 1232 ῥοφῶ
1919 1180 2043 1232 κυρίως
2067 1183 2124 1220 ἐπι
2142 1199 2204 1220 κυ-

1163 1246 1229 1267 νων
1249 1231 1308 1268 καὶ
1336 1231 1476 1284 χοίρων.
1497 1233 1572 1271 ὅθεν
1598 1235 1795 1287 παράγεται
1819 1253 1878 1275 και
1898 1240 1915 1275 6
1937 1240 2128 1291 λαφυγμός.
2151 1243 2202 1279 εἷ·
2224 1259 2254 1283 15

1164 1288 1226 1326 κότ
1228 1305 1272 1333 ως
1293 1289 1329 1327 δὲ
1351 1306 1463 1329 ταυτα
1483 1292 1615 1330 καταλε
1600 1309 1686 1344 γει,
1709 1294 1839 1338 δεικνὺς
1855 1295 1908 1333 ὅτι
1925 1300 1960 1334 αἱ
1976 1299 2121 1349 εὐγενεῖς
2139 1316 2204 1350 γυ-

1163 1353 1278 1391 ναῖκες
1294 1348 1360 1386 ὑπὸ
1374 1365 1434 1395 της
1451 1350 1538 1402 ἄγαν
1558 1367 1686 1404 τρυφης
1710 1368 1853 1391 τοιαυτα
1872 1370 2094 1408 πραττουσιν.
2099 1358 2116 1409 t*

1218 1419 1264 1444 59.
1295 1407 1399 1456 λαρυ·
1389 1412 1510 1458 γμοῧε
1534 1409 1786 1462 Τηςπερὶτα
1771 1411 1947 1462 εδεσματα
1970 1415 2203 1459 πολυτελείας·

1164 1463 1337 1502 τουτέστιν
1365 1467 1529 1509 ἀσωτίας.
1550 1468 1734 1519 λαφυγμὸν
1755 1469 1821 1522 γὰρ
1841 1469 1934 1521 λέγει
1956 1471 1994 1508 τὸ
2018 1473 2205 1519 ἀπλήστως

1165 1522 1299 1562 ἐσθίειν.
1323 1523 1494 1576 [Εὔπολις
1512 1526 1545 1562 ἐν
1567 1525 1699 1570 Κόλαξι
2224 1547 2258 1571 20

1288 1617 1476 1658 λαφύσσεται
1491 1619 1647 1659 λαφυγμὸν
1659 1619 1793 1660 ἀνδρεῖον
1807 1620 1899 1651 πάνυ.

1163 1696 1326 1751 (Όμηρος
1346 1704 1449 1746 [Iliad.
1469 1708 1517 1747 A,
1537 1713 1604 1747 1763
1622 1709 1664 1748 Ρ,
1681 1706 1727 1747 61]

1275 1822 1279 1828 ,
1305 1792 1422 1832 ἔγκατα
1432 1792 1533 1823 πάντα
1548 1786 1729 1838 λαφύσσει]

1220 1872 1400 1916 Κωλιάδος
1421 1886 1429 1912 z

1166 1930 1234 1968 ἀπὸ
1257 1930 1390 1968 νεανίου
1408 1930 1562 1969 Ἀττικοῦ
1581 1932 1793 1984 ἀποδράντος
1814 1932 1882 1970 ἀπὸ
1900 1934 2037 1985 λῃστῶν
2059 1951 2204 1985 συμμα-
2226 1955 2259 1979 25

1165 1987 1226 2039 χία
1241 1991 1302 2034 τῇς
1324 1992 1399 2025 θεοῦ
1417 1988 1477 2025 καὶ
1504 1988 1611 2032 οὕτως
1631 1989 1739 2035 αὐτὴν
1772 1990 2027 2040 ὀνομάσαντος,
2049 1993 2207 2046 καθάπερ

1166 2047 1266 2090 αὐτὸς
1288 2047 1394 2090 δεθεὶς
1412 2049 1480 2084 τῶν
1499 2047 1620 2085 κώλων
1641 2048 1795 2095 ἀπελύθη
1817 2049 1883 2087 ὑπὸ
1902 2050 2073 2100 γυναικὸς,
2092 2054 2123 2089 οἱ
2145 2051 2180 2089 δὲ
2196 2083 2205 2099 ,

1165 2104 1330 2157 θυγατρὸς
1349 2109 1408 2142 τοῦ
1435 2106 1648 2157 ἀρχιλῃστοῦ
1672 2106 1714 2143 δι’
1734 2106 1858 2158 ἔρωτα.
1879 2110 1909 2145 οἱ
1936 2107 1989 2155 δὲ,
2012 2110 2118 2147 τόπον
2141 2112 2209 2147 ἔοι-

1165 2163 1250 2201 κότα
1279 2162 1402 2205 κόλοις
1425 2164 1564 2215 ἀνδρὸς,
1598 2164 1678 2201 ἔνθα
1705 2167 1726 2210 ἡ
1757 2167 1830 2208 Θεὸς
1859 2172 2017 2216 τιμᾶται.
2048 2167 2130 2205 ἔνιοι
2153 2167 2206 2216 δε,

1165 2218 1283 2264 Ἴωνος
1299 2220 1453 2267 Θύοντος,
1470 2221 1603 2274 κόρακα
1621 2222 1779 2274 ἁρπασαι
1799 2225 1896 2261 κωλ·
1866 2241 1929 2271 ην,
1955 2225 2014 2263 καὶ
2035 2227 2069 2263 ἐν
2087 2226 2206 2280 εκείνῳ
2226 2248 2260 2273 30

1165 2282 1214 2330 τῷ
1239 2278 1335 2331 τόπῳ
1360 2278 1564 2317 ἀποθέσθαι·
1585 2278 1659 2317 οθεν
1683 2280 1791 2325 ούτως
1807 2282 2007 2332 ωνοιιασθη.
2063 2282 2205 2328 Ἄλλως.

1167 2336 1306 2380 Κω)ιας
1327 2337 1405 2381 ναός
1431 2339 1523 2374 ἐστιν
1547 2338 1765 2391 Ἀφροδίτης,
1793 2339 1882 2378 οὕτω
1906 2341 2116 2392 καλούμενος
2138 2343 2208 2381 ἀπό

1165 2411 1253 2439 τινος
1271 2397 1450 2433 νεανίσκου
1472 2396 1650 2443 Ἀττικοῦ,
1679 2397 1819 2441 ἁλόντος
1843 2401 1875 2435 6.
1865 2399 1910 2436 -τὸ
1933 2402 2123 2451 Τυρρηνων
2148 2402 2207 2438 καὶ

1167 2454 1318 2497 δεθέντος
1330 2453 1374 2491 τα
1391 2455 1506 2492 κιολ·α
1529 2459 1603 2493 εἶτα
1622 2456 1825 2508 ερασθείσης
1842 2458 1946 2495 αὐτου
1963 2473 2025 2503 της
2042 2459 2208 2511 θυγατρὸς

1163 2528 1223 2549 του
1242 2514 1423 2565 Τυρρηνου
1437 2529 1496 2550 και
1512 2513 1678 2560 λυσασης,
1694 2513 1889 2552 ἐπανελθων
1908 2517 1953 2558 εἷς
1964 2515 2105 2561 Ἀθήνας
2117 2547 2126 2564 ,
2139 2533 2206 2569 χα·

1166 2586 1339 2643 ριστῃριον
1363 2573 1406 2622 τῇ
1430 2571 1612 2652 Ἀφροδίτῃ
1635 2572 1715 2610 ναὸν
1738 2573 1903 2625 ἱδρύσατο
1926 2573 2126 2622 Κωλιάδος,
2150 2575 2207 2613 διὰ

1164 2629 1202 2667 τὸ
1222 2628 1265 2666 τὰ
1287 2630 1385 2666 κῶλα
1405 2628 1602 2681 λελύσθαιῇ
1625 2630 1764 2673 Κωλιὰς
1783 2629 1861 2674 ναός
1879 2632 1951 2668 ἐστι
1972 2647 2034 2677 της
2051 2631 2112 2670 Aa
2098 2633 2207 2684 ροδί-

1164 2704 1237 2734 της,
1255 2687 1345 2725 οὕτω
1361 2687 1602 2738 καλούμενος
1583 2688 1652 2726 απὸ
1665 2703 1724 2726 του
1740 2689 2002 2739 συμδεδηκότος
2018 2690 2081 2735 τὶν
2097 2706 2207 2742 προσ-

1163 2746 1306 2799 ηγορίαν
1329 2745 1459 2784 λαδών.
1480 2747 1618 2790 νεανίας
1643 2747 1710 2799 γάρ
1741 2764 1790 2791 τις
1823 2748 1974 2791 Ἀττικὸς
2001 2748 2105 2792 ἁλοὺς
2139 2749 2206 2786 ὑπὸ

1164 2807 1354 2856 Τυρρηνῶν
1370 2804 1430 2842 καὶ
1450 2804 1630 2855 δεσμώτης
1658 2804 1826 2843 δουλεύων
1850 2807 1934 2858 παρ’
1960 2807 2095 2853 αὐτοῖς,
2126 2809 2204 2859 ἐρα·-
2223 2827 2259 2852 40

1164 2863 1302 2908 σθείσης
1318 2865 1422 2900 αὐτοῦ
1450 2866 1511 2934 τῇς
1531 2861 1696 2914 θυγατρὸς
1713 2878 1772 2899 του
1791 2879 1804 2900 ε
1807 2878 1926 2914 χοντος
1944 2863 2004 2900 καὶ
2024 2865 2115 2900 ἀπολ
2117 2879 2205 2900 υσα-

1165 2936 1244 2967 σης,
1264 2915 1366 2967 ἦλθεν
1388 2923 1434 2964 εἷς
1448 2937 1510 2966 την
1533 2920 1662 2958 οἰκείαν
1683 2920 1742 2957 καὶ
1769 2936 1876 2963 ουτως
1895 2921 2132 2973 ε)ευο.ρωθε·ς
2145 2938 2205 2959 ευ-

1163 2993 1388 3029 χαριστηριον
1421 2981 1464 3029 τῇ
1484 2977 1665 3030 Ἀρροδίτῃ
1695 2977 1752 3015 ἐπὶ
1785 2981 1847 3024 τῇς
1875 2980 1984 3023 ἀκτης
2015 2979 2066 3030 ἐφ’
2093 2983 2206 3032 ἧσπερ

1164 3034 1306 3088 ἡρπάμ,
1323 3035 1403 3072 ναὸν
1421 3035 1599 3087 ἱδρύσατο.
1623 3036 1833 3074 Κωλιάδα
1815 3051 1850 3073 οε
1870 3036 2127 3089 προσηγόρευσε
2146 3037 2204 3075 τὸν

1164 3094 1266 3131 τόπον
1286 3093 1353 3131 ἀπὸ
1373 3097 1441 3131 τῶν
1461 3094 1595 3139 κώλων,
1617 3093 1639 3130 ἃ
1659 3096 1693 3131 ἐν
1710 3100 1780 3137 τοῖς
1806 3095 1945 3145 δεσμοῖς
1965 3097 2201 3135 κατεπσνεῒτο.
2223 3121 2257 3145 45

1454 1873 1520 1926 [Οἱ
1544 1872 1605 1923 μὲν
1631 1874 1800 1913 Κωλιάδα
1830 1873 1892 1920 τὴν
1922 1875 1996 1912 θεὸν
2025 1877 2204 1928 καλοῦσιν,

2226 2544 2259 2568 35

1166 3156 1200 3199 [ἡ
1217 3151 1252 3189 δὲ
1270 3152 1470 3195 Γενετυλλὶς
1486 3152 1619 3203 δαίμων
1636 3152 1715 3204 περὶ
1731 3151 1794 3199 τὴν
1813 3152 2012 3205 Ἀφροδίτην
2029 3156 2089 3200 τῇς
2109 3153 2204 3205 γενέ-

1165 3226 1249 3253 σεως
1265 3209 1394 3262 ἔφορος.
1412 3211 1425 3260 ]
1443 3215 1480 3246 R.
1501 3216 1542 3245 V.

1216 3267 1492 3310 Γενετυλλίδος·
1485 3298 1492 3306 .
1516 3267 1737 3319 [ΓΓενετυλλὶς
1762 3272 1783 3314 ἡ
1810 3285 1871 3315 της
1896 3284 2059 3318 γενεσεως
2086 3268 2205 3321 ἔφορος

1165 3326 1356 3387 Ἀφροδίτη.
1360 3325 1436 3378 Έοὶ
1431 3342 1492 3363 υ.εν
1508 3342 1576 3363 των
1588 3342 1669 3379 περι
1681 3326 1744 3372 τὴν
1756 3327 1956 3387 Ἀφροδίτην
1972 3326 2102 3369 ἀξιοῦσι
2117 3328 2202 3363 θεων

1165 3384 1247 3435 μίαν
1266 3389 1353 3422 εἶναι
1371 3384 1427 3422 δια
1450 3384 1489 3422 τὸ
1507 3384 1674 3436 γενέσεως
1696 3385 1803 3431 αὐτὴν
1821 3389 1907 3422 εἰναι
1927 3385 1995 3426 τοῖς
2012 3383 2202 3435 ἀνθρώποις
2221 3410 2255 3435 50

1166 3442 1280 3480 αἰτίαν
1301 3442 1593 3495 πρθϊστᾱμξνην
1576 3459 1643 3481 ’ων
1659 3443 1780 3493 *(άαωΙ
1800 3459 1859 3480 και
1875 3458 1942 3479 των
1962 3441 2017 3478 ἐπ’.
2040 3447 2108 3483 τοῖς
2130 3456 2194 3490 γα·

2031 3510 2056 3534 6.
