2533 3808
146 251 193 282 78

627 318 692 355 VI.

197 414 311 450 Τοῦτο
329 405 452 446 ταυτόν
469 406 541 442 ἐστι
557 404 605 454 τῷ
618 399 787 454 προτέρῳ.
810 397 1050 436 διεσκεύασται
1067 396 1102 434 δὲ
1119 397 1182 434 ἐπι

147 473 285 526 μέρους,
312 473 356 512 ὡς
385 468 423 505 ἂν
451 466 491 512 δὴ
521 462 722 506 ἀναδιδάξαι
750 461 812 512 μὲν
843 461 926 498 αὐτὸ
950 464 1010 499 τοῦ
1037 462 1181 506 ποιητοῦ

146 533 436 590 προθυμηθέντος,
466 528 579 567 οὐκέτι
606 526 642 564 δὲ
669 530 769 564 τοῦτο
798 526 841 562 δι’
872 524 914 571 ἥν
948 539 1033 562 ποτε
1068 522 1181 560 αἰτίαν

147 598 362 644 ποιήσαντος.
385 593 533 632 καθόλου
563 590 625 641 μὲν
652 583 709 626 οῦν
728 588 851 641 σχεδὸν
872 586 968 639 παρὰ
993 592 1062 623 πᾶν
1083 584 1185 638 μέρος

113 682 128 704 5
147 658 357 714 γεγενημένη
378 656 567 708 διόρθωσις.
588 653 632 691 τὰ
653 653 714 704 μὲν
732 651 805 704 ’γὰρ
833 650 1064 703 περιῄρηται,
1085 648 1129 686 τὰ
1148 647 1185 685 δὲ

147 722 451 776 παραπέπλεκται,
462 718 522 756 καὶ
536 719 570 755 ἐν
582 719 625 768 τῇ
639 715 733 759 τάξει
743 715 802 753 καὶ
815 716 848 752 ἐν
859 717 901 766 τῇ
912 715 979 750 τῶν
990 711 1184 765 προσώπων

149 790 318 839 διαλλαγῇ
339 782 676 836 μετεσχημάτισται.
697 779 741 818 τὰ
762 778 796 817 δὲ
814 780 1016 830 ὁλοσχεροῦς
1031 779 1091 822 τῆς
1108 776 1187 813 δια-

149 854 273 897 σκευῆς
284 852 427 887 τοιαῦτα
439 847 520 885 ὄντα
531 844 731 896 τετύχηκεν.
746 841 870 880 αὐτίκα
881 845 902 887 ἧ
917 839 1117 893 παράὸασις
1128 842 1186 876 τοῦ

149 917 254 967 χοροῦ
271 913 438 963 ἤμειπται
455 909 514 947 καὶ
531 908 615 946 ὅπου
632 910 649 944 ὃ
669 906 798 948 δίκαιος
815 904 914 955 λόγος
930 903 1015 956 πρὸς
1030 902 1086 940 τὸν
1109 901 1188 938 ἅδι-

100 995 133 1019 10
152 994 210 1017 κον
240 979 357 1023 λαλεῖ,
390 974 449 1012 καὶ
480 975 676 1011 τελευταῖον
706 969 791 1007 ὅπου
820 968 956 1006 καίεται
978 970 1000 1013 ἡ
1028 964 1186 1018 διατριὸὴ

154 1040 374 1094 Σωκράτους.

626 1110 713 1150 VII.

206 1202 282 1249 Τὴν
316 1201 376 1252 μὲν
408 1197 593 1252 κωμῳδίαν
625 1199 755 1243 καθ’ἧκε
783 1193 874 1232 κατὰ
907 1191 1113 1244 Σωκράτους
1147 1192 1192 1233 ὡς

154 1269 297 1305 τοιαῦτα
318 1263 511 1314 νομίζοντος
527 1260 587 1299 καὶ
607 1258 765 1311 Νεφέλας
782 1257 842 1295 καὶ
862 1256 961 1309 Ἀέρα
986 1254 1045 1292 καὶ
1070 1253 1103 1291 τί
1126 1252 1192 1305 γὰρ

105 1347 135 1371 15
156 1329 230 1367 ἄλλ’
250 1327 271 1374 ἢ
297 1326 406 1371 ξένους
429 1324 622 1375 εἰσάγοντος
642 1321 823 1371 δαίμονας
842 1321 937 1371 χορῷ
957 1318 991 1355 δὲ
1018 1315 1193 1368 ἐχρήσατο

156 1392 320 1443 Νεφελῶν
349 1387 432 1440 πρὸς
460 1386 521 1431 τὴν
549 1388 609 1422 τοῦ
639 1382 759 1435 ἀνδρὸς
786 1380 1012 1433 κατηγορίαν,
1044 1377 1105 1416 καὶ
1137 1375 1193 1414 διὰ

107 1461 111 1463 ’
154 1458 255 1492 τοῦτο
283 1451 389 1493 οὕτως
420 1446 597 1501 ἐπεγράφη
623 1446 662 1483 τὸ
682 1447 812 1498 δρᾶμα.
839 1442 950 1481 διτταὶ
974 1441 1009 1479 δὲ
1036 1440 1194 1493 φέρονται

156 1515 321 1569 Νεφέλαι.
352 1516 383 1551 οἳ
411 1511 447 1551 δὲ
473 1509 774 1562 κατηγορήσαντες
803 1506 1030 1559 Σωκράτους,
1057 1503 1195 1557 Ἄνυτος

155 1580 212 1618 καὶ
231 1578 402 1625 Μέλητος.
417 1575 456 1613 τὸ
474 1574 508 1613 δὲ
523 1576 640 1626 δρᾶμα
656 1575 717 1619 τῆς
731 1572 812 1619 ὅλης
825 1570 998 1617 ποιήσεως
1011 1566 1195 1606 κάλλιστόν

105 1659 140 1684 20
158 1658 242 1696 φασι
260 1641 320 1679 καὶ
339 1637 605 1691 τεχνικώτατον.

625 1727 732 1766 VIII.

369 1829 516 1867 ΘΩΜΑ
544 1826 646 1864 ΤΟΥ
675 1822 980 1862 ΜΑΓΙΣΤΡΟΥ.

212 1927 366 1981 [Ἄνυτος
380 1925 605 1972 καὶΜέλητος
616 1921 797 1975 Σωκράτει
815 1923 864 1972 τῷ
879 1918 1123 1972 Σωφρονίσκου
1137 1921 1199 1970 βα-

163 1993 347 2040 σκήναντες
373 1990 432 2028 καὶ
462 1988 562 2026 αὐτὸν
593 1985 640 2037 μὴ
669 1985 851 2036 δυνάμενοι
882 1982 1014 2035 βλάψαι
1039 1981 1198 2035 ἀργύριον

162 2055 277 2094 ἱκανὸν
295 2051 528 2106 Ἀριστοφάνει
553 2045 757 2095 δεδώκασιν,
780 2047 836 2085 ἵνα
857 2048 973 2099 δρᾶμα
994 2047 1070 2084 κατ’
1095 2048 1199 2084 αὐτοῦ

164 2117 392 2164 συστήσηται.
414 2114 473 2152 καὶ
493 2113 527 2157 ὃς
553 2111 701 2154 πεισθεὶς
720 2109 864 2163 γέροντά
883 2125 960 2147 τινα
980 2108 1198 2161 Στρεψιάδην

164 2180 376 2230 καλούμενον
408 2175 585 2215 ἐπλάσατο
616 2174 683 2212 ὑπὸ
714 2176 826 2227 χρεῶν
858 2171 1071 2222 πιεζόμενον,
1103 2171 1125 2208 ἃ
1158 2170 1198 2217 δὴ

112 2261 145 2285 05
166 2244 336 2291 ἀνηλώκει
360 2241 440 2294 περὶ
460 2240 521 2287 τὴν
550 2243 608 2277 τοῦ
634 2238 756 2281 παιδὸς
776 2235 1007 2275 Φειδιππίδου
1036 2237 1202 2286 ἱπποτρο-

166 2308 258 2360 φίαν.
279 2306 368 2344 οὕτω
392 2304 426 2342 δὲ
442 2303 571 2341 τούτων
589 2301 751 2353 ἐχόντων,
772 2299 819 2350 μὴ
842 2299 930 2350 ἔχων
947 2301 964 2336 ὃ
984 2298 1202 2351 Στρεψιάδης

165 2370 198 2408 τί
222 2368 358 2415 ποιήσει
386 2366 466 2418 περὶ
491 2364 535 2403 τὰ
555 2364 660 2416 χρέα,
682 2362 880 2415 βουλεύεται
901 2363 1135 2414 προσαγαγεῖν
1152 2362 1202 2412 τῷ

169 2430 350 2483 Σωκράτει
371 2428 428 2466 τὸν
449 2430 568 2465 ἑαυτοῦ
589 2427 716 2472 παῖδα,
729 2424 787 2461 ἵνα
807 2424 889 2476 παρ’
912 2425 1017 2460 αὐτοῦ
1042 2423 1099 2460 τὸν
1125 2422 1202 2459 ἅδι-

168 2512 226 2534 κον
247 2494 339 2546 μάθῃ
358 2492 472 2543 λόγον,
500 2491 560 2529 καὶ
578 2489 667 2528 οὕτω
685 2489 762 2531 τοὺς
784 2487 961 2529 δανειστὰς
983 2485 1203 2537 ἀποκρούση-

116 2580 151 2605 30
169 2574 237 2597 ται.
259 2555 493 2601 Φειδιππίδης
511 2552 571 2603 μὲν
585 2548 657 2602 οῧν,
671 2549 785 2589 πολλὰ
799 2548 972 2595 δεηθέντος
984 2551 1043 2585 τοῦ
1056 2547 1202 2599 πατρὸς,

170 2621 367 2674 προσελθεῖν
383 2620 444 2656 οὐκ
464 2616 621 2662 ἐπείσθη·
642 2612 825 2665 ἀποτυχὼν
843 2611 878 2650 δὲ
895 2615 912 2650 ὁ
929 2611 1124 2664 πρεσὸύτης
1142 2614 1204 2656 τῆς

171 2687 224 2723 ἐπ’
251 2686 377 2722 ἐκεῖνον
403 2681 538 2724 ἐλπίδος
565 2679 623 2718 καὶ
645 2680 707 2716 οὒκ
731 2676 819 2728 ἔχων
845 2675 938 2719 ὅστις
962 2675 1021 2713 καὶ
1045 2675 1203 2725 γένηται,

172 2750 218 2791 εἷς
237 2746 392 2798 δεύτερον
413 2738 479 2782 εἶδε
501 2744 620 2781 πλοῦν.
641 2739 736 2779 οὐδὲν
755 2735 813 2777 οὖν
831 2741 894 2784 τῆς
913 2737 1049 2784 ἡλικίας
1069 2736 1203 2790 φροντί-

174 2826 234 2853 σας
254 2809 323 2848 οὖδ’
341 2806 538 2858 ἐνθυμηθεὶς
551 2805 580 2843 εἴ
594 2819 683 2842 τισιν
700 2802 824 2845 ἄτοπος
841 2800 963 2844 δόξειεν
982 2800 1067 2853 ἀνὴρ
1087 2801 1120 2836 ἐν
1137 2798 1203 2850 γή-

122 2901 155 2926 35
176 2889 253 2927 ραος
270 2875 358 2925 οὐδῷ
378 2870 560 2922 μανθάνειν
578 2868 735 2919 καθάπερ
754 2866 880 2917 κομιδῆ
900 2865 971 2907 νέος
994 2863 1204 2916 ἀρχόμενος,

176 2938 250 2975 ἀλλ’
270 2939 315 2980 εἰς
342 2936 376 2973 ἓν
397 2933 608 2988 ἀφεωρακὼς
635 2931 735 2983 μόνον
758 2933 883 2976 ἐκεῖνο,
904 2928 962 2967 ἐὰν
988 2928 1056 2980 ἄρα
1083 2922 1149 2970 οἶός
1169 2942 1206 2964 τε

175 2999 316 3051 γένηται
348 2998 425 3041 τοὺς
452 2995 630 3038 δανειστὰς
657 2993 713 3032 διὰ
748 2996 883 3035 πειθοῦς
910 2993 1145 3042 ἀποστερῆσαι
1163 2989 1207 3026 τὰ
1235 2987 1241 2998 ’

176 3062 360 3115 χρήματα,
388 3060 486 3103 αὐτὸς
506 3059 662 3111 πρόσεισι
687 3060 735 3109 τῷ
759 3056 949 3109 Σωκράτει.
976 3056 1038 3092 οὐκ
1063 3053 1151 3105 ἔχων
1172 3052 1207 3090 δὲ

875 226 1248 268 ARGUMENTA
1284 225 1531 265 NUBIUM.

1241 314 1336 357 θηκε.
1360 310 1564 348 συνίσταται
1579 311 1614 348 δὲ
1636 311 1674 349 τὸ
1694 312 1810 364 δρᾶμα
1826 314 1864 350 ἐκ
1883 316 1986 365 χοροῦ
2007 315 2182 365 Νεφελῶν,
2204 314 2278 366 ἔχει

1243 372 1278 410 δὲ
1295 372 1504 426 κατηγορίαν
1519 378 1578 412 τοῦ
1599 374 1824 426 Σωκράτους,
1845 374 1898 413 ὅτι
1916 375 1994 419 τοὺς
2013 377 2167 423 συνήθεις
2189 376 2283 421 θεοὺς

1245 435 1342 487 ἀφεὶς
1360 435 1463 473 καινὰ
1481 437 1614 488 ἐνόμιζε
1636 437 1815 488 δαιμόνια,
1839 438 1940 491 Ἀέρα
1962 439 2022 477 καὶ
2041 440 2198 493 Νεφέλας
2222 441 2282 479 καὶ

1243 497 1287 536 τὰ
1305 502 1448 536 τοιαῦτα
1454 499 1479 549 ]

1728 588 1794 624 IX.

1299 675 1520 729 [Πρεσὸύτης
1536 693 1585 720 τις
1602 677 1819 730 Στρεψιάδης
1835 679 1902 716 ὑπὸ
1914 679 2055 717 δανείων
2068 680 2287 718 καταπονού-
2306 696 2323 720 5

1249 755 1347 790 μενος
1367 739 1423 778 διὰ
1447 738 1509 786 τὴν
1532 740 1764 792 ἱπποτροφίαν
1782 744 1844 778 τοῦ
1866 741 2008 787 παιδὸς,
2034 743 2143 780 δεῖται
2166 742 2300 791 τούτου,

1248 803 1460 856 φοιτήσαντα
1479 806 1524 847 εἷς
1537 803 1595 842 τὸν
1614 803 1807 857 Σωκράτην
1825 807 1946 854 μαθεῖν
1968 805 2026 842 τὸν
2041 804 2157 843 ἄδικον
2173 805 2287 856 λόγον,

1248 868 1338 911 ὅπως
1361 867 1483 918 μηδενὶ
1505 870 1573 905 τῶν
1594 868 1779 905 δανειστῶν
1800 866 1907 918 μηδὲν
1929 867 2110 917 ἀποδώσῃ.
2132 866 2181 918 μὴ
2204 870 2288 919 βου-

1247 930 1392 980 λομένου
1410 930 1446 968 δὲ
1470 934 1529 968 τοῦ
1549 929 1689 976 παιδὸς,
1715 929 1908 981 εἰσέρχεται
1934 929 2046 973 αὐτός.
2069 930 2130 968 καὶ
2157 929 2206 980 μὴ
2233 930 2292 967 δυ-

1252 993 1395 1043 νάμενος
1418 995 1539 1043 μαθεῖν
1564 992 1621 1030 διὰ
1644 992 1683 1030 τὸ
1702 995 1810 1044 γῆρας
1832 991 2046 1030 ἐκδιώκεται.
2075 991 2292 1044 ὑποστρέψας
2315 1009 2348 1033 10

1254 1055 1289 1094 δὲ
1309 1056 1369 1093 καὶ
1386 1058 1436 1108 τῷ
1455 1058 1518 1107 υἱῷ
1543 1054 1666 1098 πείσας
1685 1055 1815 1106 ἤγαγεν
1841 1055 1944 1092 αὐτὸν
1963 1057 2013 1108 τῷ
2034 1055 2233 1108 Σωκράτει,
2258 1053 2295 1098 ὃς

1252 1117 1403 1161 καλέσας
1427 1117 1485 1155 τὸν
1506 1116 1635 1155 δίκαιον
1663 1117 1764 1168 λόγον
1783 1117 1844 1155 καὶ
1868 1117 1985 1155 ἄδικον
2003 1118 2063 1156 καὶ
2087 1117 2217 1171 αἵρεσιν
2241 1119 2293 1170 τῷ

1252 1181 1316 1233 νέῳ
1330 1180 1406 1224 δοὺς
1426 1179 1647 1227 ἐκλέξασθαι,
1662 1180 1816 1218 διδάσκει
1833 1182 1960 1218 ἐκεῖνον
1973 1180 2032 1218 τὸν
2046 1180 2163 1218 ἄδικον
2175 1179 2292 1231 λόγον.

1255 1243 1373 1295 μαθὼν
1394 1243 1430 1280 δὲ
1448 1244 1466 1280 ὃ
1491 1242 1560 1286 υἱὸς
1579 1242 1663 1295 ὅπερ
1684 1242 1844 1281 ἐὸούλετο
1870 1245 1887 1280 ὁ
1906 1242 2023 1296 πατὴρ
2048 1242 2108 1281 καὶ
2135 1242 2199 1289 τὴν
2218 1258 2292 1280 πα-

1252 1306 1388 1358 χύτητα
1416 1304 1544 1343 ἐκείνου
1576 1305 1767 1355 καταγνοὺς
1794 1305 1916 1343 τύπτει
1943 1306 2000 1343 τὸν
2028 1304 2164 1358 πατέρα
2190 1305 2291 1343 αὐτὸν
2315 1323 2347 1347 15

1254 1370 1433 1406 ἑστιῶντα.
1462 1370 1480 1404 ὃ
1500 1366 1535 1404 δὲ
1560 1367 1715 1418 ἀλγήσας
1738 1366 1794 1405 διὰ
1817 1366 1880 1413 τὴν
1902 1371 1961 1405 τοῦ
1984 1367 2107 1411 παιδὸς
2131 1367 2293 1406 ἀσέὸειαν

1258 1429 1414 1468 ἀπελθὼν
1431 1428 1614 1467 κατακαίει
1632 1429 1672 1467 τὸ
1689 1429 1960 1482 φροντιστήριον,
1980 1429 2124 1480 νομίσας
2144 1429 2296 1482 Σωκρά-

1254 1509 1317 1540 την
1339 1492 1447 1530 αἴτιον
1464 1495 1526 1538 τῆς
1541 1490 1701 1534 ἀσεὸείας
1715 1494 1775 1529 τοῦ
1794 1492 1916 1535 παιδὸς
1935 1486 2033 1530 εἶναι.
2049 1492 2237 1544 κατηγορεῖ
2257 1491 2295 1529 δὲ

1257 1557 1404 1594 ἐνταῦθα
1425 1557 1486 1593 τοῦ
1513 1554 1722 1606 Σωκράτους
1744 1556 1789 1597 ὡς
1808 1553 1953 1597 ἀσεὸοῦς
1977 1554 2037 1592 καὶ
2062 1553 2174 1598 ξένους
2203 1552 2297 1597 θεοὺς

1257 1620 1518 1667 ἐπεισάγοντος,
1548 1616 1691 1670 ἀφέντος
1711 1616 1789 1660 τοὺς
1811 1617 1976 1663 συνήθεις.
2002 1616 2230 1671 ἐπιγράφεται
2261 1617 2297 1655 δὲ
2316 1631 2351 1655 20

1257 1680 1429 1734 Νεφέλαι,
1457 1680 1542 1718 διότι
1573 1680 1824 1734 παρεισάγεται
1847 1681 1948 1733 χορὸς
1973 1682 2136 1734 Νεφελῶν
2166 1681 2297 1731 ὁμιλῶν

1258 1749 1306 1799 τῷ
1324 1745 1526 1798 Σωκράτει,
1548 1745 1588 1788 ἃς
1605 1745 1736 1796 ἐνόμιζε
1754 1744 1847 1792 θεὰς,
1866 1747 1911 1788 ὡς
1931 1744 2177 1798 Ἀριστοφάνης
2194 1760 2300 1791 κατη-

1258 1809 1360 1860 γορεῖ.
1377 1812 1395 1846 ὁ
1411 1807 1478 1860 γὰρ
1497 1807 1636 1851 Ἄνυτος
1651 1808 1712 1846 καὶ
1728 1807 1888 1854 Μέλητος
1904 1810 2101 1859 φθονοῦντες
2117 1805 2298 1858 Σωκράτει

1259 1872 1318 1910 καὶ
1350 1871 1398 1923 μὴ
1435 1871 1617 1922 δυνάμενοι
1653 1871 1767 1914 ἄλλως
1798 1870 1930 1923 βλάψαι
1947 1869 1970 1916 ἢ
1999 1872 2153 1923 φανερῶς
2184 1885 2298 1916 κατη-

1257 1938 1405 1988 γορῆσαι
1449 1934 1600 1985 μεγάλου
1633 1934 1729 1977 ὄντος
1758 1934 1874 1972 ἱκανὸν
1910 1933 2070 1986 ἀργύριον
2108 1931 2298 1971 δεδώκασιν
2317 1945 2351 1969 25

1259 1997 1496 2050 Ἀριστοφάνει
1516 1996 1645 2043 ταύτην
1665 1996 1727 2042 τὴν
1747 1995 1932 2049 κωμῳδίαν
1959 1998 2035 2034 κατ’
2057 1995 2187 2034 ἐκείνου
2209 1994 2297 2048 γρά-

1258 2063 1335 2113 ψαι.
1356 2059 1399 2097 τὰ
1422 2058 1457 2097 δὲ
1473 2059 1643 2112 πρόσωπα
1662 2058 1896 2111 Στρεψιάδης,
1914 2059 2166 2106 Φειδιππίδης,
2186 2061 2301 2108 μαθηὴ

1259 2123 1320 2171 τὴς
1345 2123 1574 2175 Σωκράτους,
1602 2122 1811 2175 Σωκράτης,
1830 2122 1933 2174 χορὸς
1960 2123 2138 2174 Νεφελῶν,
2168 2121 2298 2164 δίκαιος

1259 2186 1374 2239 λόγος,
1395 2185 1511 2229 ἄδικος
1528 2184 1646 2237 λόγος,
1663 2184 1803 2228 Πασίας
1819 2183 2015 2233 δανειστὴς,
2035 2183 2196 2237 μάρτυς.]

1751 2278 1800 2316 Χ.

1313 2370 1380 2421 [Τὸ
1394 2371 1510 2422 δρᾶμα
1521 2371 1588 2406 τῶν
1600 2371 1764 2422 Νεφελῶν
1781 2369 1871 2408 κατὰ
1885 2368 2094 2423 Σωκράτους
2103 2370 2298 2422 γέγραπται
2317 2388 2354 2415 30

1261 2437 1322 2471 τοῦ
1342 2433 1527 2486 φιλοσόφου
1553 2433 1728 2480 ἐπίτηδες,
1755 2436 1800 2476 ὡς
1823 2434 2198 2477 κακοδιδασκαλοῦντος
2223 2432 2302 2476 τοὺς

1261 2497 1353 2540 νέους
1387 2497 1564 2543 Ἀθηνησι,
1595 2499 1662 2534 τῶν
1691 2499 1853 2546 κωμικῶν
1881 2496 1966 2548 πρὸς
1994 2496 2071 2540 τοὺς
2101 2495 2302 2549 φιλοσόφους

1263 2561 1423 2610 ἀπεχθῶς
1442 2557 1604 2609 ἐχόντων.
1632 2558 1731 2595 ἄλλοι
1753 2557 1790 2595 δέ
1808 2573 1892 2610 φασι
1917 2558 1975 2595 τὸν
1996 2557 2242 2610 Ἀριστοφάνην
2260 2557 2300 2596 τὸ

1261 2624 1329 2659 τῶν
1366 2622 1529 2674 Νεφελῶν
1557 2620 1788 2664 συντάξασθαι
1819 2621 1937 2672 δρᾶμα
1964 2620 2030 2658 ὑπὸ
2064 2619 2204 2659 Ἀνύτου
2238 2620 2299 2659 καὶ

1263 2682 1426 2728 Μελήτου
1445 2681 1709 2734 παροξυνθέντα.
1732 2682 1933 2733 βουλόμενοι
1957 2681 2024 2735 γὰρ
2048 2676 2140 2720 οῦτοι
2163 2682 2300 2736 γραφὴν
2318 2701 2353 2727 35

1262 2744 1474 2791 ποιήσασθαι
1493 2743 1584 2782 κατὰ
1610 2743 1815 2796 Σωκράτους
1831 2744 1890 2781 καὶ
1909 2743 2061 2787 θέλοντες
2086 2747 2208 2797 πεῖραν
2232 2747 2300 2783 λα-

1265 2808 1336 2845 ὅεῖν
1353 2810 1412 2853 τ’ἧς
1427 2809 1494 2844 τῶν
1511 2805 1696 2851 Ἀθηναίων
1715 2805 1855 2857 γνώμης
1870 2806 1950 2857 περὶ
1970 2806 2178 2859 Σωκράτους
2189 2806 2301 2845 ὁποῖοί

1264 2885 1350 2912 τινες
1370 2869 1410 2907 ἂν
1428 2869 1574 2921 φανεῖεν,
1593 2870 1670 2905 κατ’
1691 2869 1792 2905 αὐτοῦ
1809 2871 1943 2921 γραφῆς
1959 2868 2201 2920 ἐνισταμένης;
2213 2871 2301 2908 πολ-

1265 2931 1344 2975 zob<
1362 2930 1429 2983 γὰρ
1456 2925 1546 2982 εἶχεν
1563 2929 1709 2983 ἐραστὰς
1725 2931 1854 2974 ἐκεῖνος
1878 2931 1937 2968 καὶ
1954 2931 2108 2981 μάλιστα
2126 2931 2204 2976 τοὺς
2220 2932 2300 2984 περὶ

1267 2995 1497 3042 Ἀλκιὸιάδην,
1528 2993 1561 3032 οἳ
1589 2994 1648 3031 καὶ
1678 2994 1735 3031 ἐπὶ
1764 2998 1823 3032 τοῦ
1857 2995 2031 3046 δράματος
2062 2995 2183 3034 τούτου
2210 2995 2300 3047 μηδὲ
2316 3009 2352 3035 40

1265 3061 1404 3104 νικῆσαι
1430 3055 1594 3103 ἐποίησαν
1614 3056 1671 3094 τὸν
1695 3056 1854 3104 ποιητὴν,
1876 3058 1965 3095 τοῦθ’
1990 3056 2101 3095 ἕνεκεν
2121 3057 2222 3097 αὐτὸν
2242 3058 2300 3096 ἐπὶ

180 3128 414 3177 ὑπηρετοῦντα
442 3127 484 3174 τῇ
512 3122 671 3174 βουλήσει
696 3121 752 3158 τὸν
778 3124 866 3166 νοῦν,
887 3117 976 3156 ἀλλὰ
993 3121 1142 3160 τοιοῦτος
1161 3115 1207 3154 ὢν
1236 3106 1242 3168 ψ
1266 3120 1328 3168 τὴν
1344 3123 1404 3157 τοῦ
1428 3119 1602 3172 δράματος
1614 3119 1712 3156 τοῦδε
1727 3119 1953 3171 παρώτρυναν
1966 3119 2104 3167 ποίησιν
2121 3119 2300 3172 χρήμασιν

129 3211 163 3236 ⁴0
181 3183 228 3232 οἷς
254 3187 453 3238 ἐμάνθανεν,
482 3182 550 3228 οἶος
577 3184 635 3222 καὶ
663 3184 742 3236 πρὶν
767 3186 829 3229 τῆς
858 3181 1016 3224 παιδείας
1042 3182 1208 3232 ἐφῆφθαι,

181 3250 282 3293 αὐτὸς
301 3249 361 3299 μὲν
381 3247 517 3298 ἀπέγνω
533 3245 770 3292 παιδεύεσθαι,
786 3243 982 3296 προσελθὼν
999 3242 1033 3281 δὲ
1049 3245 1098 3295 τῷ
1113 3241 1210 3279 παιδὶ

182 3314 241 3353 καὶ
260 3308 353 3356 αὖθις
370 3312 513 3353 πολλαῖς
535 3309 677 3348 πέπεικε
694 3315 768 3352 ταῖς
790 3308 943 3354 δεήσεσιν
964 3307 1023 3345 ἕνα
1043 3309 1111 3344 τῶν
1133 3308 1212 3344 Σω-

183 3375 325 3430 κράτους
340 3375 513 3425 ὁμιλητῶν
532 3371 699 3423 γενέσθαι.
720 3374 738 3409 ὁ
757 3369 792 3409 δὲ
812 3370 870 3408 καὶ
885 3370 1002 3421 γέγονε
1021 3369 1080 3408 καὶ
1097 3369 1211 3420 μεμά-

1269 3181 1370 3220 αὖτὸν
1395 3184 1538 3227 ἱκανοῖς,
1563 3183 1609 3223 ὡς
1632 3179 1748 3231 λόγος,
1773 3181 2029 3231 δεξιωσάμενοι.
2055 3181 2128 3220 ἐστὶ
2146 3181 2184 3219 δὲ
2203 3184 2221 3220 ὁ
2238 3185 2299 3220 τοῦ

1270 3244 1443 3298 δράματος
1466 3242 1634 3294 πρόλογός
1658 3259 1694 3280 τε
1717 3244 1776 3281 καὶ
1795 3247 1816 3290 ἡ
1845 3243 2002 3287 ὑπόθεσις
2028 3243 2214 3288 δεξιώτατα
2237 3243 2298 3282 καὶ

1271 3305 1513 3360 ἁρμοδιώτατα
1534 3304 1751 3355 συγκείμενα.
1778 3305 1968 3343 πλάττεται
1985 3305 2052 3358 γάρ
2070 3320 2121 3349 τις
2140 3305 2297 3358 ἄγροικος
2314 3322 2350 3350 45

1270 3367 1465 3422 πρεσὸύτης
1479 3366 1694 3420 Στρεψιάδης
1713 3367 1820 3417 ὄνομα
1839 3366 2027 3419 ἀχθόμενος
2042 3366 2139 3406 παιδὶ
2153 3367 2297 3406 Φειδιπ·
