2533 3808
271 238 343 269 639

308 317 411 346 menti
427 312 551 344 modios
566 313 665 341 30000
677 309 852 348 accipiunt
862 315 882 338 a
896 303 1159 342 Psanznieticho,
1180 305 1274 342 Vesp.

307 364 378 398 718,
393 362 425 390 et
442 359 485 389 ab
501 355 668 392 Amaside,
687 354 741 385 Pl.
764 356 832 384 178.
854 353 1030 392 AEyyptios
1056 352 1177 381 contra
1197 351 1276 380 Per-

306 415 362 437 sas
378 404 598 444 adjici-erunt,
616 401 674 432 secl
686 403 804 440 postea
820 402 944 430 Persas
963 399 1084 429 contra
1099 397 1275 436 AEqyptios

305 453 389 483 duce
406 451 593 490 Iphicrate,
613 448 666 478 Pl.
694 449 761 478 178.
778 445 1017 477 Atheniensium
1036 443 1228 483 irruptiones
1241 442 1273 472 in

305 506 414 536 agrum
444 500 654 534 Megarensem
672 517 680 532 ,
713 493 793 524 Ach.
826 495 885 523 762
914 501 962 531 sq.
988 491 1204 522 Athenienses
1234 490 1274 519 ut

306 544 410 581 Chiis,
428 544 477 572 ita
491 543 572 580 ipsis
592 540 666 570 Chii
682 541 715 569 in
728 538 877 578 publicis
902 536 1080 576 sacrificiis
1105 535 1189 566 bona
1198 542 1276 574 pre-

305 588 488 625 cabantur,
507 589 566 618 Av.
577 589 645 616 880.
660 585 789 616 Melum
801 585 953 615 insulam
964 582 1125 614 ἐκάκωσαν
1139 581 1178 611 ob
1194 582 1273 611 Dia-

302 643 433 675 ρον-11111,
450 633 539 664 Νιώ.
557 636 626 663 830.
646 632 809 662 Euboeam
826 630 1044 661 tributariam
1060 626 1275 665 sibisaciunt

302 683 335 712 et
354 681 619 711 Hesticeenslum
636 680 805 716 reqionem
825 678 890 716 ipsi
908 675 1074 712 insident,
1093 673 1182 705 Ναὶ).
1202 675 1271 703 213.

301 728 430 758 samios
445 726 493 756 bis
518 724 725 763 subjiciunt,
745 725 838 762 Vesp.
863 725 932 754 283.
958 721 1163 752 Athenienses
1178 726 1274 758 quam

300 773 414 803 misere
428 770 603 802 habitarint
621 778 677 809 per
693 773 813 809 septem
832 777 932 799 annos
944 768 1040 805 belli,
1064 768 1125 806 Eq.
1150 768 1208 796 792
1222 773 1270 804 sq.

300 822 417 858 Lonqa
430 818 599 849 obsidione
613 818 773 856 ceperunt
791 815 993 852 Poticlccani,
1012 816 1044 844 et
1059 813 1186 844 incolas
1202 820 1274 842 ren-

300 865 484 903 diderunt,
509 867 572 904 Eq.
598 866 670 894 438.
693 865 819 893 Eorum
846 863 990 892 victoria
1014 860 1060 890 ad
1083 859 1273 890 Cenchreas

300 910 406 942 ductu
430 911 555 947 A‘icice,
574 911 638 948 Eq.
656 911 725 939 609.
744 908 1000 939 Atheniensium
1020 907 1051 936 et
1068 904 1274 936 Laccclcemo-

300 959 436 987 ntorum
450 956 555 994 leuati
572 956 684 985 mutui
701 956 821 984 octavo
836 953 916 984 belli
932 961 1022 983 anno
1047 953 1140 982 missi
1157 950 1204 981 ad
1222 952 1273 980 in-
1300 988 1303 991 Ι

299 999 419 1032 ducias
439 1000 662 1040 panyendas;
684 1007 803 1030 eorum
826 1000 964 1029 nomina
984 998 1043 1036 (ex
1061 996 1210 1035 Thucyd.
1235 998 1271 1033 4,

302 1050 384 1086 119),
400 1049 463 1087 Eq.
487 1048 559 1078 794.
579 1046 788 1077 Athenienses
809 1043 944 1075 coriario
972 1045 1102 1073 auctore
1126 1042 1274 1081 rejiciunt

299 1102 409 1133 pacem
421 1093 461 1123 ab
478 1092 725 1123 Lacedaemoniis
738 1093 810 1130 post
821 1099 871 1121 res
882 1090 914 1120 in
927 1089 1006 1128 Pylo
1020 1088 1171 1126 oblatam,
1189 1091 1271 1119 Pac.

299 1142 461 1170 665-669
474 1161 482 1176 ,
496 1138 564 1169 sch.
585 1141 648 1178 Eq.
664 1141 734 1168 668.
751 1137 960 1168 Athenienses
974 1137 1005 1166 et
1020 1134 1251 1165 Lacedaemonii
1265 1143 1271 1163 z

297 1193 336 1215 ex
351 1185 390 1215 iis
408 1185 471 1215 utri
486 1183 667 1222 vincebant,
681 1192 790 1223 pacem
806 1182 956 1213 nolebant
969 1189 1172 1220 componere,
1188 1183 1271 1211 Pac.

299 1234 471 1262 211—219.
491 1232 529 1261 In
542 1232 749 1261 Laconicam
767 1231 798 1260 et
814 1229 984 1268 reliquam
1003 1228 1273 1266 Peloponnesum

297 1277 414 1315 infesti
431 1278 612 1316 inqraunt,
631 1278 712 1307 Pac.
730 1278 802 1306 507.
821 1277 989 1306 Monentur
1007 1276 1041 1304 ut
1060 1273 1099 1303 ad
1125 1272 1273 1303 obtinen-

297 1322 368 1353 dam
386 1332 496 1362 pacem
517 1322 557 1353 ad
573 1331 660 1353 mare
682 1322 831 1353 recedant
853 1328 960 1360 neque
979 1320 1146 1358 asscctent
1169 1320 1274 1349 conti-

298 1372 410 1400 nentis
429 1371 575 1407 tractus,
593 1369 634 1399 ib.
654 1371 723 1399 507.
746 1367 988 1399 Atheniensium
1005 1367 1122 1396 classes
1145 1365 1273 1395 Laconi-

297 1423 367 1445 cam
382 1416 577 1453 infestantes,
590 1418 672 1445 Pac.
689 1419 748 1445 626
762 1424 812 1454 sq.
830 1414 1089 1453 Quinquayinta
1102 1420 1272 1442 annorum

297 1461 446 1492 indueiae
463 1469 540 1492 cum
558 1461 825 1492 Lacedcemoniis
843 1460 954 1490 Alccco
970 1458 1133 1489 archonte
1142 1459 1270 1497 pactoe,

296 1509 378 1539 Pac.
398 1510 469 1537 466.
488 1507 704 1537 Athenienses
716 1508 796 1546 post
817 1506 972 1536 Cleonem
991 1504 1092 1534 malis
1109 1505 1141 1533 et
1159 1504 1273 1542 vulqa·

297 1553 392 1584 ribus
415 1552 608 1583 hominibus
627 1552 824 1590 reipublicae
847 1550 1183 1581 administralionem
1199 1551 1273 1580 tra·

296 1599 443 1637 debant,
475 1601 556 1638 quia
583 1607 649 1629 non
664 1597 825 1637 fidebant
847 1596 1037 1636 splendidis
1060 1598 1142 1627 viris
1157 1620 1165 1634 ,
1189 1604 1272 1636 quos

296 1645 564 1676 Laceclcenzoniis
574 1643 697 1683 favere
711 1646 743 1675 et
753 1644 962 1683 popularem
978 1644 1109 1673 statum
1118 1642 1273 1680 fortasse

296 1693 606 1722 erersurosmetus
630 1692 728 1728 erat,
753 1692 836 1721 Pac.
855 1692 926 1720 681.
945 1689 1162 1720 Athenienses
1185 1689 1274 1719 labo-

297 1737 419 1768 borant
438 1736 484 1767 ad
499 1739 652 1774 Scionen,
681 1745 758 1776 quae
776 1735 962 1774 defecerat,
985 1737 1078 1774 I'esp.
1097 1739 1166 1766 210.
1186 1737 1273 1766 Victi

296 1783 344 1814 ad
365 1784 593 1820 Mantineam,
612 1785 669 1813 Av.
699 1786 746 1813 13.
766 1781 970 1820 Defecerant
984 1780 1026 1811 ab
1042 1783 1082 1810 iis
1097 1781 1223 1811 Milesii
1240 1782 1272 1811 et

297 1829 538 1859 insulanorum
554 1828 666 1864 multi,
687 1829 763 1865 Lys.
784 1829 851 1857 107.
870 1825 1107 1856 Atheniensium
1122 1826 1215 1864 legati
1233 1834 1272 1856 ex

297 1874 376 1905 urbe
390 1877 510 1904 arrecta
523 1897 531 1912 ,
555 1882 609 1912 per
622 1873 836 1912 Lysistratum
860 1880 968 1910 pacem
984 1874 1180 1910 componunt
1198 1880 1272 1902 cum

297 1920 544 1952 Lacedaemoniis
559 1942 567 1956 ,
594 1921 673 1958 Lys.
700 1921 912 1949 1086—1188.
937 1922 1080 1957 Hymnus
1104 1918 1271 1948 Athenien·

297 1967 394 2003 sium,
413 1968 624 1996 1279-1296.
648 1964 852 1994 Athenienses
866 1964 926 1993 viri
940 1966 1036 1994 noctu
1053 1963 1084 1993 in
1106 1972 1198 1994 muro
1215 1972 1271 1994 ex-

296 2012 407 2043 cubias
425 2011 560 2049 agebant
582 2010 621 2041 ob
637 2010 776 2047 bellum,
802 2009 933 2039 lecsm.
950 2011 1021 2040 495.
1037 2012 1199 2048 Antiqene
1217 2019 1270 2040 ar-

296 2058 416 2089 chonte
437 2059 590 2088 vicerunt
613 2057 731 2087 nai-ali
748 2064 869 2095 puyna
903 2055 949 2086 ad
970 2058 1178 2094 Aryinusam
1206 2066 1271 2096 per

295 2112 407 2135 servos
420 2105 661 2140 manumissos,
684 2105 771 2133 Ran.
792 2105 843 2140 33,
863 2105 931 2140 191,
945 2102 1034 2133 Nub.
1053 2106 1081 2132 6.
1099 2103 1270 2133 Athenien-

295 2158 345 2181 ses
357 2149 476 2189 probos
498 2150 647 2186 oderunt,
674 2148 766 2178 malis
788 2150 922 2178 utuntur
939 2148 1128 2179 necessitate
1144 2150 1244 2179 coacti
1260 2173 1267 2187 ,

295 2198 381 2228 Ran.
413 2199 489 2226 1455
515 2204 565 2235 sq.
593 2197 756 2226 Novarum
786 2202 890 2223 rerum
916 2193 1089 2232 cupiditate
1111 2198 1267 2233 pereunt,

295 2242 388 2274 Eccl.
415 2245 472 2273 218
488 2250 559 2281 sqq.
580 2241 835 2272 Atheniensium
854 2242 885 2270 et
899 2242 1093 2271 Boeotorum
1107 2243 1269 2282 &appulin

296 2289 384 2319 inita
401 2287 532 2318 biennio
548 2289 628 2318 ante
644 2285 905 2324 hancfabulam
934 2285 997 2324 (ol.
1014 2289 1053 2316 96
1069 2310 1078 2325 ,
1095 2286 1133 2324 2)
1151 2310 1159 2325 ,
1186 2289 1269 2318 teste

296 2333 511 2372 Philochoro,
525 2333 618 2364 Eccl.
640 2335 707 2363 193.
726 2334 765 2362 ln
781 2331 1029 2362 Ecclesiazusis
1042 2334 1092 2363 est
1102 2333 1269 2364 Athenien-

295 2381 377 2412 sium
391 2379 525 2410 duorum
547 2378 773 2416 confabula1io,
790 2386 926 2417 quorum
940 2386 1036 2416 unus,
1060 2387 1208 2410 reverens
1223 2380 1268 2411 le-

295 2436 383 2467 gum,
401 2427 485 2458 hona
499 2435 557 2457 sua
572 2426 604 2456 in
620 2433 789 2456 commuue
811 2423 941 2463 deponit
955 2433 995 2455 ex
1017 2424 1144 2456 decreto
1162 2426 1201 2457 ab
1216 2431 1269 2457 Ec·

296 2473 477 2504 clesiazusis
504 2472 625 2512 perlato
641 2495 649 2510 ,
676 2471 755 2501 alter
789 2478 854 2500 non
881 2470 1034 2509 deponit,
1060 2474 1213 2503 eventum
1240 2477 1270 2504 et

296 2521 542 2551 mutabilitatem
553 2519 661 2558 populi
674 2518 855 2557 auspicans,
868 2526 1013 2556 praecone
1025 2521 1132 2549 autem
1146 2528 1268 2551 coenam

296 2566 333 2597 de
350 2565 574 2597 communibus
591 2564 684 2594 bonis
700 2563 857 2600 edicente,
877 2562 1012 2602 impigre
1026 2566 1163 2596 accurrit
1175 2567 1270 2597 medi-

947 220 1100 258 INDEX
1130 217 1375 257 NOMINUM
1405 219 1468 255 ET
1498 218 1689 256 RERUM.

1336 303 1456 334 Attalii
1474 303 1567 343 (libri
1583 304 1834 343 Aristophanis,
1853 304 2062 339 bibliothecoe
2082 307 2301 346 Perqanience
2313 308 2342 347 ),

1375 351 1432 379 Αἰ).
1454 352 1542 380 1508.

1333 395 1459 426 Attalis
1478 395 1588 426 tribus
1604 395 1830 435 Athenarum,
1847 398 1883 428 in
1903 406 1971 438 qua
1987 399 2143 436 Sunium,
2163 397 2252 429 Nub.
2271 400 2344 437 401,

1375 443 1456 471 Pac.
1480 444 1547 472 190.

1334 487 1436 517 Attica
1450 487 1617 526 αὐτοφυής,
1636 486 1678 518 ob
1695 487 1867 527 benignum
1883 489 1987 520 solum
2010 489 2189 521 celebratur
2213 491 2345 529 Georq„

1365 532 1421 571 fr.
1442 536 1508 563 162.
1529 534 1592 563 Est
1599 535 1753 572 petrosa,
1772 534 1928 573 δύσεργος,
1945 535 2000 566 Pl.
2020 537 2090 573 224,
2107 536 2202 576 θύμου
2217 537 2344 573 tamen,

1375 578 1554 609 bulborum
1569 579 1620 609 rel
1635 579 1711 609 allii
1725 581 1878 618 (tarenis,
1890 580 2013 619 ferax,
2035 585 2106 620 283,
2121 584 2152 613 et
2176 581 2347 612 olivarum

1366 624 1491 662 ferax,
1508 627 1589 655 Pae.
1610 627 1679 655 578.
1705 625 1820 655 Atticae
1836 627 1928 656 terrae
1942 626 2022 664 laus,
2039 629 2103 667 Eq.
2129 630 2186 659 582
2202 636 2274 667 sqq.
2291 630 2348 659 At-

1376 672 1441 701 tica
1458 670 1624 712 quomodo
1637 673 1671 701 in
1685 672 1852 710 quattuor
1866 673 2019 711 reqiones
2037 673 2148 704 divisa
2163 682 2185 704 a
2197 674 2346 705 Pandio-

1377 724 1417 746 ne
1431 724 1506 756 reqe
1519 718 1551 747 et
1558 716 1650 755 filiis
1673 724 1843 754 concessa,
1864 718 1957 757 resp.
1973 721 2064 757 1223,
2075 721 2152 758 Lys.
2169 722 2207 750 58
2234 720 2347 750 Atticae

1374 764 1436 792 tres
1453 762 1537 792 muri
1554 771 1561 791 :
1577 761 1712 792 borealis
1723 785 1732 800 ,
1749 762 1895 793 australis
1912 763 1962 793 vel
1979 764 2103 794 medius
2116 787 2124 802 ,
2142 764 2345 804 Phalericus,

1378 808 1609 847 Triphal.,sr.
1621 809 1693 846 469,
1704 817 1733 838 a.
1747 810 1786 839 In
1796 810 1911 839 Attica
1925 809 2006 840 olim
2017 810 2283 850 lupi,dequibus
2292 811 2349 844 lex

1373 856 1405 885 et
1417 856 1565 893 prcemia
1580 862 1632 884 eos
1649 853 1864 892 credentiam,
1880 857 1938 885 Av.
1956 855 2134 886 369.Atlici
2153 856 2346 896 αὐτόχθονες,

1379 902 1471 939 Vesp.
1501 903 1587 931 1076.
1604 900 1701 930 Attici
1716 900 1886 931 crabrones
1901 901 2064 932 fortissimi
2080 901 2218 933 audiunt
2230 905 2346 940 Persis,

1377 949 1464 977 1090.
1483 948 1602 977 Atticis
1616 948 1803 986 proprium
1827 947 1980 977 σκώπτειν
2007 948 2058 977 καὶ
2087 947 2223 986 παίζειν,
2253 950 2347 987 Vesp.

1374 996 1444 1025 859.
1468 995 1570 1024 Attici
1586 1002 1718 1024 annum
1731 993 1932 1024 indicabant
1955 994 2035 1024 κατὰ
2050 993 2101 1024 τὸν
2119 994 2349 1034 ὑπερπίπτοντα

1372 1041 1498 1081 ἀριθμὸν
1511 1042 1679 1071 mensium
1690 1042 1771 1080 post
1784 1042 1959 1080 Dionysia,
1981 1040 2114 1072 Thesm.
2131 1043 2202 1072 750.
2227 1043 2349 1073 Atticae

1372 1088 1518 1126 viraines
1545 1095 1567 1118 a
1590 1088 1709 1127 quinto
1733 1087 1780 1118 acl
1800 1087 1967 1117 decimum
1990 1088 2103 1118 oetatis
2128 1095 2261 1119 annum
2285 1096 2349 1118 cur

1372 1135 1540 1172 coqantur
1553 1135 1688 1164 crocata
1698 1135 1835 1164 ciiiiictoe
1848 1133 2046 1173 ἀρκτεύεσθαι
2062 1135 2183 1164 Dianae
2194 1136 2348 1165 Brauro-

1373 1180 1439 1209 nioe
1458 1181 1490 1210 et
1505 1179 1703 1218 Munychice
1721 1181 1906 1218 exponitur
1924 1181 1997 1218 Lys.
2027 1182 2098 1210 645.
2115 1181 2257 1218 Atticae,
2282 1189 2348 1212 non

1372 1225 1554 1263 Athenceoe,
1570 1225 1610 1255 ob
1620 1225 1692 1256 deae
1706 1233 1825 1255 nomen
1842 1225 1996 1264 Ἀθηναία,
2008 1227 2174 1256 vocantur
2185 1226 2348 1257 mulieres

1372 1271 1641 1309 Atheniensium,
1655 1272 1737 1301 Pae.
1754 1274 1824 1302 271.
1840 1270 1936 1309 Conf.
1954 1273 2011 1301 Av.
2029 1274 2099 1302 828.
2113 1272 2256 1303 Atticum
2273 1273 2348 1310 mel,

1377 1316 1507 1347 Thesm.
1528 1320 1616 1347 1192.
1636 1318 1679 1347 Ιη
1694 1318 1784 1347 Pace
1801 1316 1941 1346 Atticum
1958 1316 2019 1347 mel
2036 1315 2067 1346 in
2088 1318 2277 1348 mortarium
2302 1318 2349 1349 in-

1369 1362 1438 1401 jicit
1454 1363 1574 1393 Bellum
1592 1372 1599 1392 :
1617 1361 1707 1402 quod
1722 1362 1843 1393 dextre
1851 1361 1978 1401 fictum
1994 1364 2056 1401 est,
2081 1371 2188 1403 quum
2211 1364 2348 1395 hostiles

1372 1410 1527 1439 civitates
1543 1409 1708 1446 brassica,
1725 1408 1821 1446 allio,
1837 1416 1934 1439 caseo
1954 1411 2256 1448 reproesententur,
2275 1414 2346 1441 252.

1370 1454 1482 1485 Statim
1496 1457 1641 1484 monetur
1651 1455 1770 1485 Bellum
1784 1456 1819 1484 ut
1833 1454 1938 1485 Attico
1950 1454 2036 1485 melli
2053 1457 2174 1494 pareat,
2191 1459 2348 1495 quattuor

1373 1500 1474 1531 obolis
1488 1500 1640 1531 veneunti
1654 1524 1662 1539 ,
1681 1502 1788 1531 utatur
1804 1500 1907 1531 alieno
1922 1500 2039 1539 viliori,
2056 1504 2114 1532 253
2127 1509 2176 1541 sq.

1330 1546 1434 1576 Attica
1448 1546 1604 1577 dialectus
1618 1545 1721 1576 media
1737 1569 1746 1584 ,
1761 1554 1863 1585 neque
1879 1545 2062 1577 effeminate
2084 1546 2223 1586 urbana,
2246 1556 2350 1587 neque

1373 1593 1491 1622 rustice
1507 1587 1678 1630 illiberalis,
1689 1591 1744 1630 fr.
1762 1596 1831 1623 552.
1851 1595 1901 1623 De
1917 1600 1954 1623 ea
1972 1594 2180 1632 praecipitur
2198 1593 2246 1625 ad
2266 1595 2347 1626 Ach.

1377 1643 1453 1671 1133
1466 1664 1474 1679 ,
1491 1642 1554 1680 Eq.
1571 1643 1600 1677 3,
1618 1643 1648 1678 4,
1668 1643 1718 1677 37,
1737 1642 1789 1678 89,
1805 1642 1877 1678 245,
1894 1641 1966 1677 284,
1987 1641 2060 1678 433,
2078 1641 2152 1679 474,
2177 1641 2250 1679 539,
2275 1643 2348 1680 634,

1373 1690 1446 1725 639,
1463 1689 1534 1724 641,
1553 1688 1625 1723 645,
1646 1689 1717 1723 658,
1737 1689 1808 1724 671,
1827 1688 1917 1724 1158,
1932 1685 2021 1716 Nub.
2040 1689 2070 1725 5,
2091 1689 2139 1725 17,
2154 1689 2205 1725 33,
2227 1689 2279 1726 34,
2296 1690 2348 1726 38,

1373 1735 1425 1771 43,
1444 1735 1494 1771 57,
1512 1735 1562 1771 72,
1579 1735 1630 1771 94,
1650 1736 1719 1770 119,
1741 1734 1809 1770 145,
1832 1735 1903 1771 218,
1922 1736 1994 1771 226,
2009 1736 2081 1772 232,
2098 1735 2168 1772 240,
2187 1735 2260 1772 254,
2275 1735 2348 1773 271,

1372 1782 1444 1817 315,
1464 1782 1534 1817 319,
1550 1782 1621 1816 381,
1636 1782 1708 1817 409,
1725 1781 1797 1817 439,
1813 1781 1886 1818 488,
1905 1782 1976 1817 509,
1998 1781 2070 1818 614,
2089 1774 2162 1819 616}
2182 1783 2254 1818 633,
2275 1783 2347 1818 694,

1373 1828 1444 1863 735,
1460 1827 1530 1862 743,
1547 1828 1620 1863 749,
1635 1828 1707 1863 758,
1723 1827 1795 1863 817,
1809 1827 1881 1863 832,
1897 1827 1969 1863 862,
1986 1828 2059 1863 911,
2077 1827 2150 1864 964,
2165 1828 2347 1864 993,1041‚

1377 1875 1464 1908 1056,
1488 1874 1685 1909 1065‚1149‚
1706 1874 1796 1907 1171,
1824 1873 2025 1909 1223,1338,
2052 1872 2142 1909 1481,
2173 1872 2266 1910 Vesp.
2297 1875 2347 1909 22,

1373 1919 1424 1953 30,
1442 1921 1493 1955 62,
1524 1919 1593 1955 140,
1623 1919 1697 1955 446,
1729 1919 1800 1955 772,
1832 1919 1903 1955 897,
1933 1919 2004 1954 900,
2032 1919 2106 1955 943,
2135 1919 2225 1955 1057,
2256 1920 2345 1952 1074,

1375 1965 1685 2001 1086,1120,1397,
1704 1964 1786 1993 Pac.
1808 1964 1836 2000 1,
1855 1966 1885 2000 5,
1908 1964 1956 2000 11,
1972 1966 2023 2000 25,
2041 1965 2092 2000 70,
2110 1965 2162 2001 71,
2183 1965 2253 2002 153,
2278 1966 2346 2000 166,

1374 2012 1443 2047 180,
1459 2011 1530 2047 259,
1547 2012 1618 2047 528,
1634 2012 1706 2045 659,
1720 2012 1792 2047 712,
1807 2011 1878 2047 772,
1891 2011 1963 2046 858,
1974 2011 2047 2047 930,
2062 2011 2239 2048 956,1069,
2256 2012 2348 2047 1182,

1375 2058 1463 2093 1261,
1481 2056 1602 2085 Avium
1628 2058 1659 2091 6,
1689 2057 1720 2092 7,
1742 2056 1793 2092 54,
1817 2057 1870 2093 70,
1898 2058 1966 2093 102,
1993 2059 2062 2093 122,
2085 2057 2155 2093 132,
2179 2058 2251 2094 268,
2275 2058 2348 2093 299,

1371 2103 1443 2139 877,
1459 2103 1531 2139 884,
1553 2103 1856 2139 1009,1142,1269‚
1877 2103 2275 2140 1310,1363,1514,Lys.
2298 2105 2347 2140 13,

1371 2150 1421 2184 89,
1443 2149 1511 2184 135,
1532 2148 1600 2184 143,
1618 2149 1688 2183 196,
1706 2148 1777 2183 498,
1794 2147 1866 2183 416,
1882 2148 1954 2184 599,
1970 2148 2042 2184 549,
2062 2146 2191 2177 Thesm.
2208 2150 2259 2186 83,
2279 2150 2347 2185 141,

1369 2196 1441 2231 393,
1468 2196 1539 2229 572,
1568 2195 1640 2230 852,
1669 2194 1741 2229 941,
1760 2195 1833 2230 947,
1866 2194 1955 2231 1179,
1983 2195 2070 2224 Ran.
2097 2197 2128 2231 6,
2149 2195 2200 2232 23,
2219 2197 2270 2231 35,
2296 2196 2346 2231 58,

1372 2243 1439 2276 103,
1457 2241 1525 2277 127,
1544 2241 1617 2277 303,
1633 2241 1706 2276 338,
1721 2241 1794 2276 388,
1810 2238 1882 2277 469,
1898 2241 1970 2276 558,
1989 2241 2062 2277 638,
2078 2241 2151 2277 739,
2166 2241 2238 2278 759,
2257 2242 2346 2277 1068,

1372 2288 1462 2323 1378,
1490 2284 1583 2316 Eccl.
1609 2287 1681 2322 209,
1706 2286 1777 2322 217,
1805 2287 1876 2322 557,
1905 2287 1977 2323 835,
2000 2287 2073 2323 853,
2095 2288 2183 2316 1151.
2202 2285 2299 2316 Plut.
2315 2289 2347 2323 3,

1370 2336 1400 2369 5,
1419 2334 1449 2369 7,
1470 2335 1519 2369 12,
1543 2333 1592 2368 18,
1609 2334 1658 2368 21,
1677 2335 1728 2368 25,
1747 2332 1796 2368 27,
1816 2333 1866 2368 29,
1885 2332 1936 2368 33,
1955 2333 2006 2369 35,
2025 2334 2077 2369 40,
2092 2335 2143 2369 62,
2162 2335 2213 2369 66,
2228 2333 2280 2370 72,
2294 2333 2346 2370 75,

1369 2381 1421 2416 77,
1440 2380 1508 2415 103,
1531 2380 1600 2416 109,
1625 2379 1694 2415 127,
1713 2379 1782 2415 145,
1802 2378 1873 2415 147,
1900 2380 1968 2414 166,
1990 2379 2060 2415 198,
2087 2380 2159 2416 204,
2185 2381 2256 2415 229,
2275 2381 2346 2416 233,

1369 2426 1440 2462 249,
1465 2426 1536 2462 268,
1555 2425 1627 2461 277,
1643 2426 1715 2460 351,
1735 2425 1807 2461 355,
1827 2425 1900 2461 392,
1918 2424 1992 2461 406,
2010 2425 2168 2462 453,469,
2184 2426 2258 2463 493,
2274 2427 2346 2464 517,

1370 2473 1442 2508 528,
1461 2472 1532 2507 538,
1556 2471 1628 2508 544,
1647 2471 1718 2507 545,
1738 2471 1810 2507 612,
1832 2471 1902 2506 627,
1920 2471 1992 2507 657,
2010 2472 2083 2508 662,
2099 2471 2170 2507 673,
2185 2472 2258 2508 677,
2273 2473 2344 2507 689,

1370 2522 1442 2555 696,
1460 2519 1532 2555 714,
1550 2518 1621 2555 745,
1641 2519 1712 2556 807,
1728 2519 1800 2555 827,
1813 2519 1884 2554 839,
1897 2518 1969 2555 883,
1988 2519 2060 2555 916,
2075 2519 2149 2556 930,
2164 2519 2236 2555 947,
2254 2519 2344 2556 1055,

1373 2566 1463 2601 1956,
1490 2564 1577 2592 1144.

297 2615 368 2643 tans
381 2611 540 2651 quomodo
557 2610 776 2641 communium
793 2608 951 2648 particeps
972 2610 1027 2641 fiat
1042 2619 1106 2641 non
1128 2612 1271 2651 praebens
1331 2609 1443 2649 [Attici
1456 2617 1523 2647 pro
1540 2608 1641 2639 ἰ’σταθι
1654 2608 1775 2639 dicunt
1791 2609 1875 2646 ἵστη,
1889 2617 1953 2647 pro
1967 2607 2156 2647 ἐμπίμπλαθι
2170 2608 2344 2648 ἐμπίμπλη,

297 2667 366 2696 sua,
382 2660 554 2689 728—876.

259 2709 517 2749 AtheniS‚filius
532 2707 712 2746 Archenni,
729 2710 786 2739 Aa.
813 2711 884 2739 574.

258 2763 492 2795 Athenodorus
515 2763 709 2801 coqnomine
729 2761 911 2802 Cordylion
925 2785 935 2799 ,
954 2760 1049 2792 Prol.
1066 2762 1136 2799 IX,
1152 2770 1189 2799 a,
1210 2765 1246 2792 45
1261 2787 1268 2801 ,

293 2818 331 2850 p.
348 2811 444 2846 XIX,
468 2810 502 2839 in
519 2810 599 2838 nota
613 2809 725 2838 Hasii.

260 2861 404 2893 Athletoe
423 2861 479 2897 (al.
492 2860 639 2899 Auriyce)
654 2868 760 2900 usque
776 2859 822 2891 ad
834 2860 970 2890 (etatem
982 2858 1180 2890 scholiastae
1189 2868 1270 2899 pur-

295 2915 409 2947 purea
425 2905 563 2943 trabea,
585 2905 696 2940 ξυστίδι
711 2929 721 2943 ,
746 2906 861 2936 amicti
889 2903 1048 2934 curribus
1073 2907 1270 2944 pompatice

298 2952 417 2984 urbem
433 2951 626 2989 intrabant,
647 2951 737 2982 Nub.
754 2954 804 2982 70.

261 3003 497 3041 Athmonensis,
520 3011 564 3033 ex
579 3011 670 3042 pagio
694 3002 869 3040 AttalidiS,
894 2999 1082 3032 secundum
1104 3001 1190 3032 alios
1217 3003 1268 3033 Ce-

300 3049 447 3089 cropidis
464 3048 586 3086 tribus,
604 3050 684 3079 Pac.
705 3051 774 3087 190,
789 3051 859 3079 919.

260 3100 435 3131 Atlantius
450 3100 554 3137 πόλος,
578 3099 762 3139 Euripides
778 3102 834 3130 Ar.
864 3101 930 3130 179.

262 3154 385 3184 Atreus.
402 3152 486 3182 Atrei
504 3150 586 3181 silius
609 3151 828 3191 πολυκοίρανος
854 3151 1072 3190 (Agamemno)
1097 3149 1264 3180 inclutissi-

301 3206 373 3228 mus
385 3197 577 3228 Achivorum
594 3219 602 3234 ,
624 3197 782 3236 ,fschylus
804 3197 964 3236 Telepho,
980 3198 1042 3226 aut
1062 3196 1242 3235 Iphiyenia
1258 3220 1266 3233 ,

298 3246 390 3275 nan.
416 3245 504 3273 1270.
528 3244 649 3273 Atreus
663 3244 696 3273 et
713 3245 838 3282 Aerope
860 3246 894 3273 in
920 3244 1046 3274 Cressis
1070 3242 1267 3282 Euripidis,

307 3291 400 3329 Vesp.
421 3291 494 3320 763.

263 3342 394 3380 Attagen
409 3341 478 3371 avis
495 3342 531 3372 in
547 3340 766 3372 Marathonis
775 3340 965 3380 paludibus
982 3340 1094 3379 deqit,
1110 3342 1164 3371 Av.
1192 3343 1250 3371 250
1262 3364 1269 3376 ,

307 3389 398 3427 resp.
418 3390 474 3418 257
493 3389 525 3418 et
540 3386 661 3424 schol.;
678 3386 796 3425 varius,
822 3389 878 3417 Ar.
898 3388 953 3417 761
974 3388 1006 3417 et
1020 3385 1125 3417 schol.

1296 3169 1299 3238 Ι

1369 2657 1430 2685 etc.
1464 2656 1521 2685 Ar.
1555 2657 1642 2684 1310.
1662 2654 1788 2694 Ἕτερος
1812 2656 1844 2684 et
1872 2655 1959 2689 ἄλλος
1989 2661 2078 2693 scepe
2105 2653 2342 2693 confundunt,

1369 2703 1451 2731 Pac.
1477 2703 1524 2730 11.
1555 2702 1743 2730 Genitiium
1771 2702 1909 2739 ponunt
1926 2708 1990 2738 pro
2013 2701 2234 2739 accusativo,
2258 2703 2341 2732 Pac.

1370 2749 1439 2777 772.
1459 2746 1566 2786 ’ῌδειν
1580 2745 1699 2776 dicunt
1713 2754 1779 2784 pro
1792 2745 1876 2784 ᾔδει,
1901 2747 1940 2776 ut
1955 2746 2100 2786 προσῄειν
2111 2754 2180 2785 pro
2191 2747 2320 2787 προσῄει
2333 2770 2343 2785 ,

1368 2794 1429 2823 etc.
1450 2794 1531 2822 Pac.
1564 2793 1661 2829 1182;
1679 2791 1841 2827 τυπτήσεις
1854 2799 1920 2829 pro
1936 2791 2061 2830 τύψεις,
2086 2791 2141 2822 Pl.
2169 2795 2218 2822 21.
2246 2794 2343 2824 Voces

1369 2838 1517 2877 ejusdem
1532 2837 1788 2877 siqnificationis
1803 2837 1837 2867 ἐκ
1850 2838 2043 2878 παραλλήλου
2054 2838 2202 2877 Junqere
2218 2839 2340 2876 solent,

1368 2887 1407 2915 ut
1419 2884 1511 2924 τυχὸν
1525 2884 1614 2920 ἴσως,
1635 2886 1696 2914 etc.
1714 2884 1768 2914 Pl.
1790 2887 1839 2914 25.
1863 2884 1924 2914 Τὸν
1941 2883 2014 2923 ἐμὸν
2030 2883 2124 2914 αὐτοῦ
2138 2883 2204 2923 βίον
2219 2884 2342 2916 dicunt

1368 2939 1429 2969 pro
1443 2933 1496 2960 τοῦ
1512 2929 1586 2968 ἐμοῦ
1600 2929 1704 2967 αὐτοῦ,
1720 2929 1774 2960 Pl.
1794 2931 1844 2960 33.
1861 2928 2032 2960 secundas
2045 2936 2213 2968 personas
2229 2932 2341 2970 sinqu-

1370 2977 1459 3006 lares
1475 2975 1653 3006 verborum
1670 2977 1884 3014 passivorum
1896 2983 1960 3014 per
1974 2986 1999 3006 ει
2022 2975 2177 3015 esserunt
2189 2999 2199 3014 ‚
2221 2978 2262 3007 ut
2272 2977 2342 3007 πεύ-

1368 3033 1414 3053 σει
1432 3030 1495 3061 pro
1517 3021 1637 3059 πεύσῃ,
1658 3021 1714 3051 Pl.
1740 3024 1789 3051 40.
1815 3021 1998 3052 Interdum
2022 3023 2257 3053 accusativum
2276 3030 2340 3061 pro

1367 3069 1516 3106 yenitico
1533 3068 1565 3097 et
1586 3066 1703 3097 dativo
1722 3069 1857 3106 ponunt
1871 3090 1881 3105 ,
1901 3067 1956 3097 Pl.
1983 3069 2032 3098 69.
2055 3068 2110 3097 Ea
2131 3066 2340 3097 contrahunt

1368 3116 1401 3144 in
1419 3125 1451 3151 η,
1468 3113 1521 3144 Pl.
1546 3116 1596 3144 77.
1614 3114 1878 3144 Nominativum
1890 3113 2102 3152 ponuntpro
2117 3114 2262 3151 yenitivo
2283 3111 2339 3143 ab-

1368 3160 1479 3190 soluto
1494 3183 1502 3197 ‚
1520 3159 1571 3189 Pl.
1592 3161 1661 3190 277.
1677 3161 1831 3199 Τροπαῖον
1851 3158 1989 3197 dicunt,
2009 3167 2075 3189 non
2098 3158 2262 3200 τρόπαιον,
2282 3157 2336 3188 Pl.

1369 3208 1439 3236 453.
1457 3206 1626 3244 Ellipseos
1650 3207 1770 3236 Attica‘
1785 3205 1958 3244 exempla,
1978 3204 2031 3236 Pl.
2050 3207 2123 3243 469,
2147 3207 2219 3242 593,
2233 3205 2290 3234 Aa.
2307 3206 2335 3234 7.

1371 3253 1495 3283 Dicunt
1514 3252 1673 3291 βαδιεῖται,
1690 3252 1835 3290 φευξεῖται
1846 3259 1912 3290 pro
1927 3250 2095 3290 βαδίσεται,
2117 3250 2264 3290 φεύξεται,
2281 3249 2336 3280 Pl.

1369 3300 1439 3329 493.
1455 3300 1645 3329 Atticorum
1660 3299 1710 3328 cst
1728 3296 1837 3327 dicere
1853 3298 1942 3337 λῆρον
1958 3297 2057 3336 ληρεῖν
2071 3319 2079 3334 ,
2093 3297 2177 3337 ῦὸριν
2189 3295 2316 3336 ὑὸρίζειν
2327 3317 2336 3332 ,

1369 3347 1431 3375 etc.
1446 3344 1500 3375 Pl.
1522 3346 1590 3374 517.
1605 3344 1739 3383 Ἡρῷναι
1753 3342 1870 3374 dicunt
1881 3351 1948 3382 pro
1965 3341 2105 3382 ἡρωΐναι,
2119 3343 2159 3372 ut
2175 3342 2258 3381 ᾔθεοι
2272 3348 2337 3380 pro

1372 3391 1479 3430 ἠΐθεοι,
1494 3390 1582 3421 Λίιί).
1599 3392 1670 3420 313.
1685 3387 2024 3429 anpe1·am·is01·mae
2038 3388 2157 3418 Atticae
2169 3385 2336 3417 ποιούντων
