2517 3792
1075 217 1239 256 PLUTI.

115 309 313 360 ὠνομάζετο
332 308 367 346 δὲ
387 308 444 345 καὶ
468 306 690 358 Ἰἰλευθέριος.
709 309 750 342 111
775 306 836 342 illa
860 318 953 342 vero
973 308 1030 341 τοῦ
1051 304 1129 345 Διὸς

116 374 176 407 τοῦ
195 366 409 417 Ἐλευθερίου
428 371 513 417 στοᾶΙ
533 365 729 402 sedentem
750 365 904 401 adortus
925 372 979 400 est
999 363 1129 400 Ischo-

119 428 292 467 machum
307 429 480 463 Socrates
493 452 502 469 ,
518 436 659 472 eosque
678 436 869 459 sermones
883 422 1028 458 audivit
1040 451 1049 466 ‚
1066 421 1130 469 qui

118 484 381 523 venustissime
392 490 478 518 suut
490 481 670 530 descripti
685 494 705 517 a
718 480 898 530 Xenopli.
911 481 948 516 in
961 482 1109 516 OEcon.
1124 491 1132 512 :

119 542 218 580 unde
242 540 354 578 simul
379 540 521 589 liquet,
558 540 642 575 soro
671 539 784 575 fuisse
812 538 1002 586 junctum.
1027 536 1134 573 Sole-

119 601 212 639 bant
241 607 388 643 autem,
421 598 450 634 si
483 597 586 647 quod
617 598 768 647 gravius
799 596 1014 633 adeundum
1040 601 1135 630 esset

120 657 344 702 discrimen,
368 656 455 692 Jovi
480 669 549 692 suo
572 656 764 693 Servatori
786 663 874 690 vota
903 665 1135 702 nuncupare.

121 715 220 753 nine
245 714 354 751 facile
385 713 623 762 intelligitur,
646 726 722 749 non
750 713 865 749 alium
898 724 977 748 esse
1004 714 1137 748 Joveni

123 773 292 822 Σωτῆρα,
325 770 431 820 cujus
459 770 520 806 hic
543 771 775 807 sacerdotem
806 768 1076 819 Aristophanes
1100 765 1138 802 in

122 841 273 868 scenam
303 829 357 865 ire
373 828 498 877 jussit.
521 831 611 864 Erat
633 828 775 877 alioqui
803 828 840 862 in
864 827 1005 863 Piraeeo
1026 824 1138 861 etiam

122 885 213 938 ἱερὸν
226 889 285 922 τοῦ
305 883 386 927 Διὸς
398 888 457 921 τοῦ
478 886 641 937 ...ωτῆρος
658 883 925 933 navigantibus
949 889 1140 932 opportu-

125 956 240 988 num,
272 943 378 992 cujus
399 942 631 979 mentionem
659 942 745 978 fecit
775 940 912 978 Strabo
933 954 969 987 9,
991 952 1030 988 p.
1054 939 1140 982 606,

124 1004 175 1046 B;
195 1013 265 1037 nec
285 1000 408 1036 deerit
432 1000 546 1041 forte,
566 1000 631 1047 qui
656 1012 736 1035 eam
760 999 798 1034 in
820 997 938 1034 aedem
952 1025 961 1042 ,
983 1003 1143 1045 propter

126 1066 281 1110 portum
294 1058 403 1094 sitam
417 1086 426 1103 ‚
440 1057 677 1093 commodius
696 1055 845 1105 ingredi
867 1063 975 1104 putet
993 1052 1142 1104 ἔμπορον

127 1113 302 1160 σωθέντα,
325 1122 366 1151 ut
392 1114 499 1151 Jovis
521 1114 681 1163 propitii
711 1126 850 1150 numen
875 1113 1029 1149 victima
1054 1124 1145 1148 caesa

126 1180 354 1210 veneretur:
374 1179 412 1207 at
431 1184 500 1220 ego
521 1184 606 1208 cum
630 1171 830 1208 scholiaste
861 1170 971 1206 facio.
993 1172 1143 1207 Hams‘r.

185 1245 198 1267 1
213 1231 298 1276 176,
321 1231 381 1267 36.
403 1232 459 1266 Ita
480 1231 601 1266 solent
627 1231 747 1266 Graeci
781 1230 1010 1279 posteriores
1027 1227 1144 1271 ελέξον

129 1303 188 1339 μοι
206 1286 319 1325 ἕνεκεν
345 1290 407 1332 τ’ἧς
432 1287 628 1334 Θεοτόκου,
659 1302 783 1336 quoeso
807 1297 840 1323 te
867 1290 923 1323 dic
942 1288 1050 1330 milii,
1074 1300 1149 1335 per

129 1350 308 1394 virginem
327 1348 544 1395 Deiparam.
567 1349 714 1383 Hmis'r.

189 1419 203 1441 1
217 1406 287 1441 180
310 1404 364 1441 sic
381 1405 417 1440 in
436 1408 494 1447 V.‚
515 1404 634 1448 θυσίας
648 1403 844 1441 ἐπιτελέσαι
861 1402 882 1448 ἢ
903 1402 1148 1446 ἐξιλεώσασθαι

132 1463 171 1501 τὸ
188 1465 276 1499 θεῖον
298 1461 355 1498 ἐπὶ
375 1467 443 1504 τοῖς
458 1461 656 1511 μέλλουσιν.
673 1484 714 1490 ——
738 1469 785 1505 42
805 1460 848 1498 τὰ
862 1464 922 1506 τῆς
936 1460 1052 1503 θυσίας
1066 1461 1146 1498 Α1(1.

135 1544 175 1552 -
193 1521 239 1564 43
261 1518 428 1562 ἐξιελοῦτο
445 1520 490 1558 Θ.
505 1544 545 1550 -
563 1526 608 1563 44
632 1533 686 1569 sq.
708 1519 807 1557 conf.
834 1519 951 1557 schol.
972 1533 1007 1556 V.
1034 1533 1046 1555 1
1060 1520 1145 1555 185.

132 1601 174 1608 —
192 1578 254 1621 48.
279 1576 351 1613 Hic
372 1590 460 1614 usus
489 1577 596 1615 verbi
625 1577 857 1630 φυλάττεσθαι
886 1584 941 1615 est
960 1578 1149 1614 citerioris

134 1635 305 1671 Graeciae.
332 1636 477 1671 Hans-r.

192 1693 302 1735 1184,
328 1706 347 1736 7
385 1691 506 1728 codex
537 1692 750 1743 ἐφοόἤματα.
783 1719 820 1725 -
851 1699 894 1737 14
921 1707 1002 1743 sqq.
1031 1696 1150 1742 Nugae

135 1758 243 1796 sunt,
263 1763 347 1799 quae
365 1759 492 1786 narrat
513 1749 558 1786 de
579 1764 671 1787 voce
689 1750 796 1794 ποίτος
809 1780 818 1796 ,
840 1752 946 1800 quasi
974 1755 1150 1787 alimenta

136 1809 365 1858 significaret
392 1823 400 1845 :
424 1823 610 1859 nusquam
634 1811 752 1857 enim,
779 1811 849 1848 etsi
880 1811 1050 1860 analogia
1075 1824 1151 1847 non

136 1866 280 1912 obstet,
301 1879 344 1903 ea
364 1875 551 1916 potestate
577 1869 802 1917 reperietur.
828 1871 976 1906 Hmm.
997 1893 1038 1900 -
1065 1883 1107 1916 17
1130 1868 1150 1915 ἢ

139 1938 188 1962 ex
205 1925 324 1974 Regio
343 1925 543 1973 legendum
558 1939 629 1975 pro
644 1925 762 1976 ἤγουν.

196 1996 211 2018 1
223 1983 308 2028 185,
330 1996 378 2019 22
398 1983 512 2024 κωλᾶς
529 1986 672 2020 Hemst.
694 1983 808 2026 κωλὰς
823 1984 907 2021 Ald.
923 2008 965 2014 —
983 1987 1028 2022 23
1053 1984 1154 2034 νόμος

138 2034 180 2085 ἦν
200 2040 285 2077 Ald.
311 2048 349 2077 et
373 2041 509 2077 Suidas
537 2054 567 2078 s.
600 2042 830 2093 Κωλακρέται
851 2051 888 2079 et
919 2042 1152 2093 Νομιζόμενα.

139 2123 179 2128 -
200 2103 247 2141 24
271 2096 320 2135 Ἢ
344 2096 462 2141 οὕτως.
478 2098 522 2136 τὰ
538 2102 584 2136 R.
604 2128 644 2133 -
662 2100 709 2136 25
736 2101 848 2137 κωλαῖ
874 2101 1025 2139 Suidas.
1059 2104 1156 2139 κῶλα

139 2154 231 2192 libri
248 2155 380 2192 scholl.

200 2225 310 2261 1190,
335 2215 381 2256 43
414 2212 450 2250 δὲ
484 2228 569 2266 φφος
596 2215 732 2262 Paris„
761 2216 896 2254 eodem
926 2218 1158 2268 compendio

145 2283 236 2308 usus
256 2271 304 2307 ad
319 2284 355 2307 v.
373 2273 460 2317 716.

202 2341 314 2376 1191,
332 2328 379 2364 51
399 2329 593 2377 ἐγκαθιστῶ
610 2333 702 2379 Reg.

202 2386 299 2433 1193
325 2386 378 2422 sic
399 2385 438 2422 in
461 2388 521 2433 R.,
547 2388 609 2431 τῆς
633 2387 786 2433 Ἀθηνᾶς.
818 2390 862 2430 εἷς
891 2388 953 2434 τὴν
977 2389 1162 2441 ἀκρόπολιν

146 2440 583 2493 ἀνέφερον-ἐπανηλώθη.
599 2444 715 2490 ἐπειδὴ
736 2447 779 2483 τὰ
800 2446 1164 2497 χρήματα-Ἀθηνᾶς

146 2503 242 2537 ναοῦ.
261 2503 306 2537 111
321 2504 382 2547 V.‚
396 2502 457 2545 τῆς
476 2499 668 2546 Ἀθηνᾶς-
687 2503 904 2550 ε’ναπηλώθη.
927 2504 1072 2549 Ἄλλως.
1089 2506 1166 2543 ὀπί-

148 2557 537 2610 σω-ἀκροπόλεως,ὡς
551 2558 733 2607 μέλλοντος
748 2561 906 2613 προϊέναι
917 2566 977 2600 τοῦ
995 2563 1165 2603 Πλούτου.

149 2618 348 2652 Postrema
361 2615 622 2657 ὡς-Πλούτου
639 2630 684 2654 ex
701 2619 847 2656 scholio
861 2633 897 2657 v.
922 2633 937 2656 1
949 2621 1035 2668 195.
1060 2646 1100 2652 —
1123 2635 1170 2658 10

148 2674 210 2716 τῆς
236 2687 272 2709 κ.
291 2688 332 2712 π.
352 2672 493 2719 Ἀθηνᾶς
518 2683 605 2723 post
632 2676 772 2718 διπλοῦς
791 2682 905 2727 τοῖχος
932 2677 1112 2727 leguntur
1130 2680 1167 2715 in

151 2733 200 2767 V.
233 2731 280 2768 Θ.
308 2731 390 2768 Ald.
417 2734 669 2782 Transposuit
691 2735 881 2772 Meursius
907 2738 1014 2774 Cecr.
1043 2751 1076 2774 c.
1104 2739 1165 2774 26.

153 2787 291 2837 Regius
311 2802 321 2824 ε
345 2788 430 2826 Ὀπ.
446 2804 478 2827 τ.
498 2805 526 2827 ν.
547 2792 609 2835 τῆς
638 2790 704 2828 Ἀθ.
726 2793 759 2829 ἐν
772 2795 814 2843 τῇ
833 2792 1018 2845 ἀκροπόλει
1031 2794 1169 2831 διπλοῦν

151 2839 193 2891 ἦν
211 2850 324 2894 τεῖχος
343 2844 424 2896 ἔχον
454 2844 577 2897 Θύραν,
602 2846 688 2884 ὅπου
711 2843 752 2894 ἦν
784 2849 824 2887 τὸ
855 2853 931 2895 θησ.
959 2854 1027 2888 τῶν
1047 2853 1170 2889 κοινῶν

153 2899 358 2952 χρημάτων.
378 2901 438 2938 καὶ
472 2903 628 2941 ἐκαλεῖτο
644 2908 745 2942 τοῦτο
764 2907 1006 2957 ὀπισθόδομος.
1027 2911 1072 2951 ὡς
1090 2913 1170 2959 γοῦν

154 2958 345 3008 χρημάτων
362 2965 516 3008 ταμιεῖον
536 2961 629 3010 λέγει
651 2963 761 2999 ἐκεῖσε
777 2964 942 3017 πρότερον
967 2967 1172 3019 ἐγκαθιδρῦ-

155 3019 234 3053 σθοιι
261 3016 320 3053 τὸν
339 3018 517 3063 Πλοῦτον,
546 3019 604 3056 καὶ
623 3023 681 3058 νῦν
704 3015 799 3064 αὖθις
818 3024 888 3060 ἐκεῖ
908 3025 1012 3076 φησὶν
1030 3026 1173 3074 ἐγκαθι-

157 3071 303 3125 δρύσειν.
325 3098 364 3104 --
385 3087 430 3110 12
448 3074 566 3120 ἐπειδὴ
584 3080 629 3113 R.
651 3078 736 3114 Ald.
758 3079 941 3118 ἀπέκειντο
953 3083 998 3119 Θ.
1018 3081 1122 3131 μέσον
1138 3082 1173 3119 δὲ

157 3129 337 3166 Ald.—13
354 3130 428 3168 ἐστι
447 3144 524 3168 om.
542 3136 587 3169 V.
609 3132 687 3169 ἔνθα
703 3135 776 3172 ἐστὶ
796 3141 840 3174 R.
857 3163 897 3169 -
917 3145 959 3182 14
983 3148 1069 3187 post
1092 3143 1174 3177 ναοῦ

159 3186 284 3236 pergit
303 3187 350 3225 Θ.
372 3196 410 3224 et
430 3188 516 3226 Ald.
531 3192 631 3226 τοῦτο
655 3191 691 3227 δὲ
713 3186 806 3229 εἶπεν
825 3196 870 3236 ὡς
888 3194 1070 3243 μέλλοντος
1088 3212 1174 3248 προ-

157 3241 248 3279 ϊέναι
270 3246 328 3280 τοῦ
352 3243 524 3282 Πλούτου.
557 3247 606 3296 (v.
635 3249 766 3299 1195.)
789 3252 866 3287 ἀλλ’
886 3251 1174 3291 ἐκδότω-Φυλ-

158 3300 246 3338 λίου.
263 3299 309 3337 ἵν’
326 3299 416 3352 ἔχων
431 3305 568 3354 προηγῇ
585 3307 634 3356 τῷ
649 3307 714 3357 θεῷ
733 3322 740 3343 :
762 3310 823 3352 τῆς
842 3308 1175 3358 Ἀθηνᾶς-ἐπανη-

159 3356 265 3404 λώθη.
283 3382 324 3390 -
342 3361 387 3396 16
411 3360 515 3412 φησὶν
531 3375 606 3400 om.
624 3364 668 3400 Θ.
687 3389 728 3396 -
750 3378 790 3411 ¹7
811 3365 865 3402 ἀεί
880 3381 963 3404 ποτε
984 3370 1030 3406 R.
1049 3372 1092 3405 V.
1108 3371 1176 3409 ἀπό

2122 226 2192 257 613

1183 317 1219 339 τε
1239 304 1318 340 ΑΜ.
1350 303 1399 341 ἔτι
1427 304 1503 342 τότε
1534 305 1634 354 apud
1666 304 1839 353 Tliucyd.
1864 330 1904 336 —
1937 318 1979 353 ¹9
1997 304 2040 342 τὰ
2065 308 2106 341 V.
2128 317 2196 354 pre·

1183 362 1401 412 τριακοσίιιιν.
1429 361 1636 414 παρεγένετο
1670 364 1716 400 Θ.
1743 380 1756 395 α
1782 363 2056 411 Corrigeuduui
2091 362 2196 413 μύρια

1185 419 1316 468 ἐγένετο
1336 434 1383 457 ex
1398 421 1571 469 Thucyd.
1589 438 1602 452 υ
1621 424 1741 457 Dmn.
1762 422 1807 463 εἴς
1827 424 1870 457 R.
1888 425 1934 457 V.
1955 434 2030 457 om.
2048 422 2093 459 Θ.
2114 420 2196 458 Ald.

1186 492 1222 514 τε
1257 492 1331 515 om.
1360 482 1403 515 R.
1426 506 1465 511 -
1493 491 1539 514 20
1562 477 1604 515 τὰ
1633 478 1721 515 ἄλλα
1742 482 1785 516 R.
1808 478 1892 516 Ald.
1913 504 1954 510 —
1979 493 2022 516 21
2052 478 2200 516 scribe-

1189 534 1300 571 batur
1314 535 1371 576 εἷς.

1247 597 1356 639 1194,
1379 593 1424 628 25
1445 593 1462 627 ὃ
1483 593 1568 628 Λυκ.
1584 592 1631 629 Θ.
1651 592 1734 629 Ald.
1752 610 1765 623 «
1782 594 2032 642 Lycophron,
2055 602 2092 629 ut
2117 607 2200 642 pro-

1190 648 1316 685 babile
1337 650 1498 693 videtur,
1523 662 1564 686 ea
1590 650 1636 685 de
1661 662 1722 694 re,
1755 651 1861 698 cujus
1890 664 1998 687 causa
2021 652 2123 688 testis
2154 652 2201 688 ab

1192 707 1443 743 Eratosthene
1464 707 1614 751 citatur,
1639 707 1839 756 scripserat
1861 709 1896 744 in
1923 708 2029 744 libris
2042 707 2120 759 περὶ
2135 723 2205 745 κω-

1194 764 1340 815 μῳδίας,
1364 777 1527 813 quorum
1556 765 1594 800 in
1626 765 1807 801 Athenaeo
1833 767 1872 801 lit
1907 767 2048 802 mentio
2073 781 2080 802 :
2104 766 2205 803 idem

1193 830 1272 858 erat
1303 831 1340 858 et
1371 830 1481 871 poeta
1509 822 1712 871 multisque
1747 823 1935 872 tragoediis
1968 823 2207 869 nobilitatus,

1195 887 1231 915 et
1266 880 1554 927 grammaticus,
1588 888 1629 916 ut
1662 881 1794 917 Suidas
1826 883 2011 928 ostendit3
2035 896 2104 920 nec
2123 897 2207 920 raro

1196 950 1280 973 cum
1307 937 1556 973 Eratosthene
1577 938 1690 986 paulo
1710 938 1890 975 inferiore
1919 939 1991 976 hoc
2014 943 2050 977 in
2073 954 2209 990 genere

1191 994 1300 1043 jungi
1329 995 1445 1039 solet,
1471 994 1575 1030 velut
1601 1007 1621 1030 a
1653 1003 1783 1031 nostro
1817 997 1933 1034 schol.
1956 997 2002 1033 ad
2031 1001 2143 1048 Vesp.
2173 1011 2208 1034 v.

1199 1066 1286 1099 702,
1311 1053 1356 1088 ad
1382 1055 1461 1088 Pac.
1480 1065 1515 1088 v.
1535 1066 1620 1097 701.
1636 1052 1712 1103 Πρὸ
1730 1053 1932 1106 ἀμφοτέρων
1954 1054 2102 1101 τούτων,
2124 1056 2213 1093 Plu-

1199 1119 1278 1147 tum
1295 1110 1471 1147 videlicet
1485 1109 1642 1156 huncce,
1661 1119 1698 1146 et
1718 1111 1992 1150 Ecclesiazusas
2006 1114 2125 1149 nostri
2139 1114 2213 1151 Co-

1199 1170 1302 1215 mici,
1320 1170 1426 1219 cujus
1450 1178 1488 1206 tu
1505 1169 1683 1205 dramatis
1703 1170 1780 1206 vid.
1802 1184 1836 1206 v.
1854 1184 1941 1217 970,
1982 1177 2098 1214 1142;
2124 1185 2211 1207 nain

1199 1242 1309 1270 eave,
1324 1242 1370 1264 ne
1386 1242 1470 1265 cum
1488 1232 1771 1276 Jungerniauno
1789 1229 1834 1264 ad
1852 1230 1941 1265 Poll.
1961 1243 1997 1276 9,
2020 1230 2082 1274 78,
2100 1225 2135 1264 n}
2154 1235 2214 1275 24,

1200 1285 1412 1338 ἀμφοτέρους
1431 1286 1723 1335 Lycophronem
1742 1295 1778 1323 et
1793 1288 2084 1336 Aristophanem
2109 1289 2217 1324 intel-

1202 1344 1306 1393 ligas.
1330 1363 1342 1376 »
1364 1348 1512 1383 Hemsr.
1540 1369 1582 1375 —
1607 1346 1654 1380 26
1679 1347 1696 1381 ὁ
1717 1344 1796 1395 Ἐρ.
1828 1345 1910 1382 Ald.
1940 1348 2036 1381 τοῦτο
2056 1346 2101 1382 Θ.
2132 1345 2217 1382 Ald.

1201 1403 1305 1454 δᾷδας
1319 1406 1438 1440 τοῦτον
1457 1407 1503 1440 V.
1526 1429 1568 1437 -
1595 1404 1642 1438 28
1669 1401 1734 1454 γὰρ
1756 1416 1830 1440 om.
1852 1404 1911 1446 Θ.,
1939 1404 2003 1452 qui
2028 1403 2109 1454 πρὸς
2132 1405 2217 1454 ἀμφ.

1203 1459 1257 1496 Ib.
1290 1461 1510 1509 Ποταμίους,
1538 1476 1586 1510 29
1607 1460 1797 1498 Φιλύλλιον
1825 1463 1968 1497 Hemst.
2004 1460 2219 1510 Legebatur

1203 1518 1602 1568 Ποταμοὺς-Φυλλίον
1624 1518 1764 1571 (φύλλον
1790 1519 1863 1568 Θ.).
1890 1545 1930 1551 -
1953 1521 2013 1555 30.
2044 1520 2218 1568 Pythium

1204 1578 1398 1615 Strattidis
1431 1587 1557 1615 utrum
1588 1578 1872 1627 intelligendum
1889 1579 1936 1615 sit
1956 1578 2142 1627 Apollinis
2161 1578 2219 1614 sa·-

1204 1651 1294 1673 num
1311 1638 1347 1673 in
1368 1637 1461 1674 urbe
1474 1667 1483 1683 ,
1499 1652 1544 1675 an
1561 1639 1719 1674 alterum
1739 1641 1883 1675 OEnoae
1897 1665 1905 1680 ‚
1927 1637 1973 1673 de
1996 1650 2073 1686 quo
2090 1637 2217 1673 Philo-

1205 1695 1346 1731 chorus
1373 1696 1475 1744 apud
1508 1697 1625 1733 schol.
1659 1695 1840 1744 Sopliocl.
1877 1696 1923 1731 ad
1965 1695 2110 1744 OEdip.
2142 1695 2221 1731 Col.

1211 1760 1320 1797 1041,
1359 1753 1516 1789 definire
1546 1767 1619 1789 non
1648 1767 1803 1802 possum
1832 1769 1839 1789 :
1869 1753 1961 1789 illud
1987 1762 2112 1788 tamen
2132 1766 2224 1789 vero

1206 1810 1357 1847 videtur
1374 1811 1544 1847 similius.
1562 1811 1739 1847 Meminit
1759 1811 1979 1860 ejusHuoiou
1997 1810 2170 1859 Thucyd.
2187 1823 2218 1854 2,

1212 1869 1268 1914 15,
1291 1877 1327 1905 et
1359 1869 1396 1913 6,
1429 1869 1490 1912 54,
1526 1869 1591 1905 ubi
1623 1868 1708 1905 vide
1735 1870 1946 1914 Dukerum3
1977 1870 2136 1918 parique
2162 1870 2218 1905 lo-

1206 1926 1348 1976 quendi
1369 1926 1530 1962 formula
1545 1929 1658 1962 Isaeus
1684 1940 1718 1975 p.
1744 1928 1803 1972 55,
1827 1933 1869 1970 14
1894 1941 1900 1963 :
1922 1926 2130 1977 ἀναθήματα
2148 1926 2218 1964 ἀνέ-

1207 1986 1307 2021 θεσαν
1322 1983 1482 2035 τρίποδας
1505 1985 1538 2020 ἐν
1564 1984 1716 2029 Πυθίου,
1735 1984 1837 2033 quod
1863 1986 1996 2023 Suidas
2027 1985 2226 2022 illustrabit

1209 2044 1244 2078 in
1260 2041 1399 2080 Πύθιον.
1424 2044 1660 2078 Eleusin-31
1680 2042 1829 2095 πάρεστε
1846 2047 1885 2080 V.
1907 2059 1970 2095 περ
1991 2042 2125 2081 ἐστὲΘ.
2145 2043 2225 2083 Ald.

1209 2126 1249 2132 —
1268 2102 1313 2137 32
1337 2100 1530 2138 Φιλυλλίου
1549 2105 1692 2139 Hemst.
1714 2101 1928 2151 Legebatur
1947 2101 2103 2140 Φυλλίου
2127 2101 2221 2154 (φύλ-

1210 2160 1269 2196 λον
1290 2159 1367 2208 Θ.).

1271 2220 1381 2267 1195.
1401 2219 1500 2256 Vide
1524 2218 1571 2255 ad
1595 2220 1705 2267 1193,
1737 2225 1793 2262 14.

1271 2290 1366 2325 1197
1386 2277 1529 2313 scholio
1553 2290 1587 2312 v.
1609 2278 1705 2325 1198
1727 2277 1895 2326 adjungit
1913 2281 1971 2322 V.‚
1997 2277 2151 2326 praefixo
2166 2275 2229 2312 ἅλ’

1214 2337 1300 2381 λως,
1322 2336 1540 2385 omissoque
1562 2334 1628 2386 γὰρ
1649 2345 1734 2386 post
1749 2336 1832 2378 ἔθος.
1856 2361 1896 2367 --
1917 2337 1964 2378 45
1982 2335 2163 2387 ἦψημένας
2183 2338 2224 2375 Θ.

1217 2392 1397 2444 ἑψημένων
1418 2397 1510 2443 Reg.
1532 2394 1618 2431 Ald.
1637 2393 1818 2444 ἐψημένων
1839 2398 1883 2431 V.
1901 2419 1942 2426 —
1962 2396 2010 2438 46
2034 2394 2227 2442 corrigen-

1218 2452 1309 2488 dum
1337 2460 1392 2488 est
1417 2451 1605 2498 ποικίλοις,
1639 2452 1742 2501 quod
1770 2453 1953 2489 tantillum
1984 2452 2119 2488 vitium
2149 2464 2224 2495 eOS,

1219 2510 1285 2558 qui
1305 2510 1516 2546 scholiastae
1535 2510 1662 2546 verbis
1681 2511 1737 2547 usi
1755 2519 1861 2555 sunt,
1881 2510 2022 2547 fefellit.
2039 2510 2234 2547 Scholium

1220 2575 1346 2603 autem
1364 2581 1455 2604 mox
1469 2567 1514 2603 ad
1533 2566 1617 2605 Ἐπὶ
1637 2570 1697 2612 τῆς
1713 2569 1865 2619 κεφαλῆς
1885 2568 2073 2616 adjectum
2088 2568 2160 2604 huc
2175 2581 2239 2604 re-

1222 2625 1350 2661 vocari
1370 2625 1521 2674 malim3
1546 2625 1662 2662 hoece
1681 2634 1813 2663 contra
1831 2626 1940 2663 istius
1955 2627 1993 2662 in
2010 2626 2135 2662 locum
2151 2637 2232 2662 sut·-

1222 2682 1368 2720 cedere.
1390 2684 1536 2720 HEMsT.
1563 2706 1603 2713 —
1633 2690 1678 2729 47
1710 2684 1769 2721 καὶ
1798 2682 1903 2724 οὕτως
1931 2685 1991 2720 ἀπ.
2012 2687 2105 2733 Reg.
2126 2709 2166 2714 —
2187 2689 2236 2730 49

1223 2741 1439 2791 ἀφιεροῦντες
1456 2744 1600 2778 Hemst.
1623 2741 1753 2779 Codex
1772 2743 1942 2792 ἀφιεροῦν.
1963 2766 2004 2772 --
2022 2742 2068 2776 50
2090 2754 2159 2789 pro
2180 2740 2240 2776 αὗ-

1223 2795 1298 2838 τοὺς
1324 2798 1461 2846 reponi
1497 2798 1621 2834 malim
1649 2798 1793 2847 βωμούς.
1815 2802 1870 2834 Ita
1887 2797 1994 2847 jubet
2016 2797 2236 2834 scholiastes

1224 2863 1354 2891 noster
1368 2863 1404 2891 et
1424 2855 1470 2891 ad
1485 2858 1567 2891 Pac.
1585 2869 1622 2891 v.
1642 2869 1729 2903 922.
1747 2858 1891 2892 ΗΕΜετ.

1282 2914 1393 2961 1198,
1411 2926 1431 2948 2
1449 2913 1637 2961 ἀγάλματα
1655 2914 1769 2949 schol.
1786 2914 1891 2949 Pacis
1910 2913 1932 2948 l.
1952 2926 1982 2948 c.
2004 2920 2039 2947 et
2058 2911 2191 2948 Suidas
2207 2925 2234 2947 s.

1226 2969 1386 3021 Χύτραις.
1411 2973 1486 3006 θεοῦ
1507 2970 1611 3015 libri,
1635 2970 1752 3006 schol.
1773 2973 1857 3006 Pac.
1888 2978 1924 3005 et
1945 2969 2091 3006 Suidas.
2115 2972 2230 3018 Lege-

1226 3028 1340 3064 batur
1356 3029 1452 3063 θεῶν.
1468 3049 1504 3054 —-
1521 3028 1540 3063 3
1556 3026 1694 3068 τούτους
1708 3025 1954 3078 ἀφιδρυμένους
1969 3027 2014 3063 Θ.
2029 3024 2237 3076 χαριστήρια

1227 3086 1343 3122 schol.
1360 3088 1457 3128 Pac„
1477 3102 1491 3116 a
1507 3098 1589 3133 quae
1615 3085 1677 3120 hic
1705 3085 1816 3121 etiam
1839 3083 1952 3132 paulo
1973 3091 2061 3119 ante
2076 3083 2233 3120 videba-

1228 3156 1330 3189 mus,
1344 3151 1381 3178 et
1395 3142 1441 3178 ad
1457 3155 1489 3178 v,
1518 3143 1612 3185 1054
1628 3156 1637 3185 3
1653 3141 1767 3190 idque
1785 3154 1984 3177 occurrere
2004 3141 2233 3190 frequentius

1228 3200 1356 3248 negari
1381 3212 1455 3234 non
1487 3205 1613 3246 potest
1644 3212 1651 3233 :
1684 3196 1906 3248 χαριστήριον
1934 3197 2013 3234 ναὸν
2037 3198 2237 3249 ἱδρύσασθαι

1228 3257 1274 3293 ad
1292 3256 1391 3294 Nub.
1421 3269 1458 3292 v.
1493 3255 1560 3300 52;
1592 3254 1802 3305 χαριστήρια
1823 3257 1866 3305 τῇ
1889 3254 1997 3306 πόρνῃ
2019 3254 2238 3296 ἀποδιδόντας

1230 3314 1366 3350 Athen.
1393 3314 1450 3358 13,
1472 3325 1508 3361 p.
1532 3314 1620 3358 572,
1642 3315 1695 3361 F3
1717 3311 1889 3362 σωτηρίας
1908 3312 2132 3363 χαριστήριον
2154 3313 2232 3348 ἁπο-

1229 3371 1344 3408 δοῦναι
1366 3371 1424 3415 15,
1449 3383 1487 3419 p.
1504 3370 1592 3415 672,
1615 3374 1660 3416 A;
1680 3369 1890 3422 χαριστήρια
1910 3372 1958 3420 τῷ
1983 3369 2039 3408 Διὶ
2067 3368 2156 3406 θύειν
2172 3373 2234 3406 Ze-
