2533 3808
488 733 969 830 ΥΠΟΘΕΣΕΙΣ.

715 902 741 938 1.

269 1004 491 1058 Λυσιστράτη
506 1020 557 1048 τις
572 1003 732 1050 Αθήνησι
746 1005 813 1040 τῶν
825 1001 1009 1040 πολιτίδων
1023 999 1083 1038 κα).
1097 1001 1165 1037 τῶν
1182 1000 1250 1037 Πε·

216 1068 460 1117 λοποννησίων,
478 1067 528 1105 ἔτι
548 1066 584 1105 δὲ
607 1082 666 1105 και
687 1065 862 1104 Βοιωτίων
887 1079 1058 1115 γυναικιιιν
1086 1062 1250 1112 σύλλογον

216 1130 422 1178 ἐποιήσατο,
434 1128 624 1182 διαλλαγὰς
637 1144 875 1181 μηχανι)μ..νη
889 1143 958 1169 τοις
970 1126 1154 1172 ‘'EM-ww
1168 1123 1251 1174 ὀμό-

217 1210 275 1232 σαι
295 1194 330 1232 δὲ
346 1192 564 1231 ἀναπείσασα
579 1192 627 1243 μὴ
644 1192 808 1244 πρότερον
821 1191 890 1233 τοῖς
904 1188 1049 1241 ἀνδράσι
1069 1186 1249 1225 συνουσιά-

181 1267 196 1289 5
215 1260 295 1304 ζειν,
309 1272 388 1308 πριν
405 1255 444 1293 ἂν
459 1257 542 1293 πολε
531 1270 688 1306 εμουντες
703 1252 865 1298 ἀλλήλοις
879 1251 1098 1296 παύσωνται
1112 1249 1174 1292 τὰς
1189 1249 1249 1300 μὲν

215 1319 376 1364 ἐξωπίους
386 1318 529 1372 ἓμπριλ
518 1335 555 1361 ας
566 1317 835 1356 καταλιποῦσα’
820 1315 943 1362 οπίσω,
955 1313 1042 1360 αὐτὴ
1054 1313 1090 1351 δὲ
1100 1329 1184 1366 προς
1191 1328 1251 1355 τας

215 1381 460 1434 κατειληφυίας
476 1380 538 1426 τὴν
553 1380 737 1432 ἀκρόπολιν
759 1396 846 1430 μετα
863 1395 931 1416 των
949 1377 1082 1416 οἰκείων
1097 1379 1248 1414 ἀπαντα.

215 1444 478 1497 συνδραμόντων
498 1442 532 1481 δε
552 1442 755 1495 πρεσὸυτιΝ
775 1444 926 1480 πολιτων
946 1439 1035 1491 μετὰ
1055 1439 1250 1490 λαμπάδων

156 1538 160 1542 -
213 1507 386 1561 καὶπυρὸς
401 1506 485 1558 πρὸς
495 1506 556 1549 τὰς
569 1505 697 1552 πύλας,
709 1504 771 1551 τὴν
787 1503 953 1542 ἀναστολ
930 1519 980 1550 ην
994 1503 1143 1541 ποιεῖται
1159 1501 1252 1546 ἐξελ-

162 1578 192 1602 ¹0
214 1574 337 1618 θοῧσα,
352 1585 411 1608 και
429 1568 621 1621 προδούλου
640 1568 729 1611 τινὸς
743 1568 817 1619 μετ’
834 1567 948 1618 ὀλίγον
962 1564 1252 1618 παραὸιάσασθαι

211 1651 300 1689 μετα
320 1633 497 1678 τοξοτων(
484 1632 717 1684 ορμήσαντος,
737 1636 811 1669 εἶτα
829 1631 863 1669 δὲ
882 1629 1176 1683 ἀποκρουσθέντος
1192 1645 1252 1667 και

211 1686 525 1747 διαπυνθανομένου
553 1695 588 1733 τί
618 1695 823 1747 βουλόμεναι
842 1710 953 1732 ταυτα
976 1693 1183 1746 δεδράκασι,
1212 1692 1252 1731 τὸ

211 1761 273 1811 μὲν
288 1759 424 1812 πρῶτόν
441 1774 543 1811 φασιν
558 1758 610 1796 ὅτι
627 1759 801 1810 ἓγκρατεις
814 1757 996 1809 γενόμεναι
1010 1760 1071 1794 τοῦ
1089 1753 1251 1809 ἀργυρίου

213 1824 261 1875 μὴ
287 1823 507 1877 ἐπιτρέψουσι
532 1838 602 1866 τοις
630 1822 793 1875 ἀνδράσιν
824 1822 893 1859 ἀπὸ
920 1820 1041 1859 τούτου
1070 1822 1250 1870 πολεμεῖν,

162 1895 193 1918 ¹5
214 1888 370 1941 δεύτερον
388 1887 454 1925 δὲ
441 1886 492 1924 ο’τι
508 1885 628 1924 πολυ
614 1886 751 1936 α’μεινον
771 1884 1017 1936 ταμιεύσονται
1035 1900 1095 1922 και
1109 1883 1166 1921 τὸν
1183 1899 1252 1921 πα-

213 1951 313 2004 ρόντα
334 1949 485 2000 πόλεμον
505 1948 655 2000 τάχιστα
678 1947 975 1986 καταπαύσουσιν.
998 1951 1095 1991 οὗτος
1113 1946 1174 1997 μὲν
1196 1963 1252 1985 ουν

213 2012 427 2064 καταπλαγε
423 2028 450 2055 ις
466 2015 523 2049 τοῦ
542 2010 720 2087 θράσους
703 2027 748 2053 ως
766 2027 842 2053 τους
860 2009 1142 2062 συμπροὸούλους
1161 2025 1190 2047 οι
1194 2025 1254 2061 χε-

212 2093 291 2124 ται,
307 2080 417 2113 ταῦτα
439 2074 486 2125 μὴ
504 2074 701 2116 παύσας·οἱ
718 2072 752 2111 δὲ
769 2072 925 2125 γέροντες
942 2088 1053 2123 υπομε
1045 2072 1166 2115 ’νοντες
1180 2078 1255 2116 ταῖς

213 2138 346 2190 γυναιξὶ
364 2139 616 2190 λοιδορουνται.
636 2135 723 2186 μετὰ
743 2152 856 2173 ταυτα
875 2151 985 2173 αυτων
1002 2151 1090 2178 τινες
1106 2150 1255 2186 αυτομο-

160 2211 194 2235 20
212 2204 335 2240 λουσαι
356 2200 452 2252 μάλα
469 2199 611 2252 γελοίως
628 2200 669 2236 δι’
689 2198 861 2251 ἀκρασίαν
877 2201 922 2242 ὡς
937 2198 1014 2242 τους
1034 2199 1159 2252 ἄνδρας
1176 2198 1256 2236 ἁλί-

214 2281 366 2304 σκονται·
397 2266 643 2317 ἐγκαρτερουσι
675 2262 711 2301 δε
743 2263 986 2315 Λυσιστράτης
1021 2263 1253 2309 ἱκετευούσης.

214 2329 382 2375 Κινησίας
394 2344 444 2372 τις
457 2344 524 2366 των
542 2329 705 2374 πολιτων,
721 2329 881 2380 ἀκρατως
896 2327 984 2379 ἔχων
1000 2331 1061 2374 τ’ἧς
1076 2343 1255 2379 γυναικος,

212 2407 308 2443 παρα
311 2392 454 2442 γίνεται·
483 2393 504 2436 ἡ
530 2389 564 2427 δὲ
585 2393 849 2442 γυτροτομοῧσα
875 2390 977 2428 αὐτον
1002 2389 1254 2441 επαγγέλλεται

215 2453 289 2504 μὲν,
306 2453 349 2492 τὰ
368 2469 447 2505 περι
466 2469 532 2490 των
552 2453 782 2502 διαλλαγων
765 2452 799 2490 03
817 2453 1013 2497 σπουδάζει.
1034 2455 1256 2506 ἀφικνουνται

162 2530 196 2554 -25
215 2518 249 2555 δὲ
278 2533 334 2555 και
366 2532 463 2569 παρα
488 2516 772 2566 Λακεδαιμονίων
799 2515 878 2568 περὶ
906 2517 1061 2553 σπονδων
1090 2516 1254 2568 κήρυκες,

216 2582 488 2634 ἐμφανίζοντες
475 2580 549 2631 άμα
568 2580 627 2617 καὶ
650 2579 711 2623 τὰς
733 2580 903 2632 προτέρας
925 2583 1101 2631 γυναῖκας.
1129 2595 1255 2618 συντα-

215 2643 393 2695 χθέντες
375 2643 409 2681 03
438 2642 552 2695 σφίσιν
573 2644 603 2680 οἱ
623 2642 795 2688 Αθηναῖοι
814 2641 975 2694 πρέσὸεις
1000 2642 1255 2721 αὐτοκράτορας

217 2706 500 2745 ἀποστέλλουσιν.
520 2708 549 2744 οἱ
567 2722 609 2756 με
612 2722 629 2743 ν
645 2705 799 2759 γέροντες
816 2707 863 2748 εἰς
875 2705 997 2749 ταυτὸν
1015 2712 1089 2749 ταῖς
1104 2706 1255 2756 γυναιξὶν

218 2770 519 2813 ἀποκαταστάντες
545 2769 605 2807 ἕνα
631 2769 734 2822 χορὸν
759 2771 797 2806 ἐκ
818 2772 879 2815 τῆς
902 2769 1056 2846 διχορίας
1082 2769 1256 2808 ἀποστέλ-

167 2848 201 2871 30
216 2837 326 2872 λουσι·
343 2835 402 2872 καὶ
419 2834 642 2887 Λυσιστράτη
667 2849 744 2877 τους
764 2833 1064 2886 παραγενομένους
1084 2849 1169 2886 προς
1190 2835 1256 2871 αυ-

217 2914 278 2944 την
297 2899 335 2935 ἐκ
349 2897 608 2947 Λακεδαίμονος
623 2896 816 2950 πρέσὸεις
801 2899 974 2948 οργῶντας
991 2896 1256 2934 διαλλάττεσθαι

217 2960 412 3012 προσέλκει·
432 2959 490 2998 καὶ
508 2959 688 3011 ἑκατέρους
707 2959 940 3009 ἁναμνησασα
959 2976 1020 3006 της
1038 2961 1191 3003 παλαιᾶς
1211 2962 1257 3003 εἶς

219 3023 387 3068 ἀλλήλους
403 3023 587 3073 γενομένης
606 3023 737 3066 ευνοίας
755 3022 985 3064 διαλλάττει’
970 3040 1004 3061 εν
1022 3039 1178 3076 φανερι),
1196 3023 1256 3061 καὶ

220 3086 378 3129 ξενίσασα
395 3090 491 3138 κοινῇ
509 3087 727 3139 παραδίδωσι
744 3086 806 3130 τὰς
818 3090 984 3137 γυναῖκας
1001 3087 1198 3131 ἑκάστοις”
1176 3103 1257 3138 αγε-

164 3161 200 3185 35
219 3153 308 3187 σθαι.
330 3150 527 3201 ἐδιδάχοη’
513 3150 569 3188 επὶ
590 3149 746 3189 Καλλίου
767 3150 932 3202 ἄρχοντος
950 3167 1009 3189 του
1032 3150 1120 3202 μετὰ
1141 3151 1256 3191 Κλεό-

218 3230 332 3267 κριτον
353 3214 526 3267 ἄρξαντος.
547 3217 704 3262 εἰσηκται
725 3214 761 3256 δὲ
780 3216 836 3254 διὰ
856 3215 1134 3269 Καλλιστράτου.

1797 760 1846 798 ΙΙ.

1512 873 2142 925 ΑΡΙΣΤΟΦΑΝΟΥΣ

1594 988 1599 990 “
1629 998 2019 1037 ΓΡΑΜΜΑΤΙΚΟΥ.

1415 1100 1639 1154 Λυσιστράτη
1659 1099 1841 1139 καλέσασα
1857 1100 1918 1144 τὰς
1936 1101 2136 1149 πολίτιδας,

1412 1164 1557 1203 ὑπέθετο
1577 1163 1712 1217 φεύγειν
1733 1163 1821 1215 μηδὲ
1839 1164 1995 1216 μίγνυσθ’
2016 1165 2169 1219 ἄρρεσιν,

1413 1227 1504 1272 ὅπως
1520 1228 1703 1279 γενομένης
1722 1233 1780 1266 νῦν
1800 1229 1955 1272 στάσεως
1971 1229 2158 1282 ἐμφυλίου,

1412 1290 1469 1328 τὸν
1489 1290 1573 1343 πρὸς
1591 1291 1762 1334 Λάκωνας
1781 1291 1934 1342 πόλεμον
1953 1291 2096 1344 αἴρωσιν
2115 1292 2209 1345 λόγῳ

1415 1353 1543 1403 μένωσί
1561 1354 1591 1391 τ’
1611 1353 1696 1392 οἴκοι
1712 1355 1850 1398 πάντες.
1870 1357 1916 1397 ὡς
1932 1353 1967 1392 δὲ
1988 1353 2166 1402 συνέθετο,
2372 1369 2389 1394 ⁵

1413 1414 1499 1458 τινὲς
1520 1414 1581 1465 μὲν
1603 1418 1716 1454 αὐτῶν
1735 1415 1797 1462 τὴν
1818 1415 2005 1468 ἀκρόπολιν
2028 1417 2244 1470 διεκράτουν,

1415 1477 1505 1521 τινὲς
1526 1479 1555 1515 δ’
1577 1479 1792 1532 ἀπεχώρουν.
1817 1478 1857 1516 αἵ
1869 1482 1900 1517 τ’
1917 1479 1987 1517 ἀπὸ
2008 1479 2175 1532 Σπάρτης
2193 1480 2299 1518 πάλιν

1414 1540 1539 1578 ταυτὸν
1561 1540 1828 1579 διεὲουλεύοντο.
1847 1541 1954 1594 κ’ἧρυξ
1975 1540 2115 1594 ἔρχεται

1412 1603 1522 1655 λέγων
1542 1604 1622 1656 περὶ
1641 1603 1785 1644 τούτων.
1805 1607 1866 1651 τῆς
1887 1605 1915 1642 δ’
1931 1604 2091 1655 ὁμονοίας
2106 1605 2312 1656 γενομένης,

1415 1665 1564 1710 σπονδὰς
1581 1666 1714 1716 θέμενοι
1733 1667 1788 1705 τὸν
1808 1667 1960 1718 πόλεμον
1981 1667 2160 1722 ἐξώρισαν.
2371 1681 2405 1706 10

1720 1765 1939 1780 -οοοομ

1423 1837 1676 1881 SCHOLIA
1711 1838 1776 1881 IN
1811 1838 2240 1883 LYSISTRATAM.

1364 1934 1388 1985 (²
1392 1933 1536 1980 Εκληθη
1557 1933 1781 1986 Λυσιστράτη
1801 1933 1899 1986 παρὰ
1915 1934 1953 1972 τὸ
1968 1936 2108 1972 λῦσαι
2087 1934 2146 1972 τὸν
2164 1934 2340 1987 στρατόν.)

1365 2006 1390 2031 1.
1422 1992 1498 2029 ἀλλ’
1515 1991 1548 2029 εἴ
1560 2007 1610 2034 τις
1629 1994 1830 2043 Βακχεῖονῖ
1849 1992 1921 2031 Καὶ
1940 2008 2007 2045 γαρ
2026 1992 2192 2037 πολλὰςε
2178 1993 2297 2046 εορτὰς
2317 1996 2354 2032 αἱ

1308 2050 1467 2101 γυναῖκες
1483 2049 1547 2094 εξω
1566 2066 1634 2087 των
1655 2051 1855 2099 δηυ.οτελων
1874 2054 1958 2100 ἦγον
1976 2050 2047 2102 ἰδίᾳ
2064 2050 2326 2103 συνερχόμεναι.

1363 2121 1392 2146 2.
1425 2106 1446 2153 ἢ
1474 2108 1501 2150 ’ς
1526 2107 1675 2151 Πανόςζ
1700 2107 1793 2145 Πανι
1819 2107 1987 2160 ὢργίαζον
2011 2091 2059 2157 (ἀὶ
2085 2111 2245 2159 γυναῖκες
2264 2125 2355 2160 μετα

1309 2180 1461 2217 κραυγης
1447 2167 1489 2215 ς.)
1519 2165 1579 2203 καὶ
1599 2166 1801 2219 Μένανδρος
1826 2167 1860 2203 ἐν
1887 2165 2057 2220 Δυσκόλῳ
2084 2184 2099 2201 «
2127 2170 2242 2220 σιωπῇ
2269 2183 2354 2220 φασι

1311 2241 1325 2257 «
1345 2222 1457 2260 τούτω
1477 2240 1525 2261 τι)
1544 2226 1609 2261 θεω
1629 2240 1666 2262 ου
1691 2224 1761 2261 δεῖν
1780 2223 2014 2276 προσιέναι.»

1363 2280 1386 2327 ἢ
1407 2281 1458 2319 ’πι
1478 2264 1661 2320 ΚωλιάδἛ
1691 2282 1871 2352 Κωλιάδος
1890 2282 2124 2335 Ἀφροδίτης“
2116 2282 2203 2336 ιερόν
2232 2284 2356 2335 (ἐστιν)

1312 2341 1347 2377 ἐν
1367 2356 1409 2390 τῃ
1429 2340 1579 2392 Ἀττικῃ.
1601 2343 1619 2377 ὁ
1645 2339 1681 2378 δὲ
1700 2340 1804 2383 τόπος
1827 2341 1987 2378 καλεῖται
2014 2340 2167 2384 Κωλιάς·
2188 2340 2262 2379 ἔστι
2289 2340 2358 2394 γὰρ

1312 2398 1507 2448 ἐριείμενος
1527 2398 1653 2449 ὁμοίως
1674 2397 1854 2451 ἀνθρώπου
1880 2397 1995 2451 κώλῳ.
2016 2399 2076 2437 καὶ
2099 2401 2129 2436 οἱ
2152 2400 2358 2444 ἐνοικοῦντες

1313 2456 1457 2495 Κώλιοι.
1483 2456 1603 2494 ἔνθα”
1584 2472 1738 2508 οστρακα
1764 2456 1948 2496 κάλλιστα.
1969 2457 2029 2495 καὶ
2060 2460 2081 2503 ἡ
2102 2457 2302 2500 Γενετυλλὶς
2321 2457 2357 2495 δὲ

1312 2514 1491 2564 γυναικεία
1513 2515 1586 2558 θεὸς
1608 2530 1688 2567 περι
1709 2530 1772 2559 την
1790 2514 1991 2567 Ἀφροδίτην
2014 2515 2084 2552 ἀπὸ
2109 2518 2171 2561 τῆς
2193 2514 2358 2566 γενέσεως
2375 2528 2412 2555 20

1313 2575 1380 2610 τῶν
1400 2572 1534 2610 παίδων
1552 2571 1799 2622 ὠνομασμένη.

1366 2645 1392 2668 5.
1422 2646 1501 2680 κιιμ
1504 2634 1608 2676 ’ἧτιςτ
1628 2630 1717 2668 Ἀντι
1733 2645 1792 2667 του
1808 2628 1942 2681 γείτων.
1961 2632 2079 2679 κῶμαι
2093 2630 2129 2667 δὲ
2146 2629 2189 2668 τὰ
2204 2630 2357 2683 ἄμφοδα.

1313 2687 1387 2726 οθεν
1408 2704 1466 2725 και
1486 2704 1525 2725 το
1545 2687 1781 2738 ἐπικωμάσαι.

1665 2745 1756 2784 Ἀντι
1782 2748 1842 2783 τοῦ
1871 2744 2188 2818 ἓρκυθρωπακεναι.
2211 2746 2282 2784 ἀπο
2298 2749 2359 2785 τοῧ

1313 2805 1664 2856 παρακο)ουθουντος.
1686 2819 1838 2842 τοιουτον
1862 2803 1930 2856 γὰρ
1956 2803 1996 2841 τὸ
2020 2804 2207 2857 πρόσωπον
2233 2808 2300 2843 τῶν
2321 2806 2357 2843 ἐν
2376 2826 2411 2851 ,5

1314 2860 1464 2915 μερίμνῃ
1481 2861 1600 2901 ὄντων.
1619 2862 1779 2915 (Όμηρος
1800 2868 1849 2909 [Il.
1871 2867 2000 2912 0‚102]

2376 2240 2408 2266 15

1365 2758 1394 2782 8
1421 2745 1611 2784 ‘'05073033231
1633 2760 1642 2785 ἶ

1437 2932 1507 2964 οὐδὲ
1522 2943 1559 2972 με
1561 2943 1664 2963 toenoae
1679 2932 1727 2963 ἐπ’
1743 2931 1850 2973 ὀφρύσι
1866 2942 1958 2963 κυανε
1961 2943 2031 2972 ῃσιν
2047 2931 2145 2970 ἰάνθη.

1313 2995 1386 3092 (καιι
1408 2997 1589 3048 Σοφοκλῆς
1605 3015 1621 3029 «
1639 3013 1684 3039 ως
1699 3012 1740 3034 αν
1760 2996 1840 3039 Διὸς
1862 2995 2022 3046 μέτωπον
2044 2998 2172 3048 εκταθῇ
2193 3003 2302 3051 χαρᾷ.
2325 2997 2358 3050 ι»)

1384 3054 1668 3106 3.(εἷρημένονῖ
1688 3054 1779 3092 Ἀντι
1795 3071 1854 3093 του
1874 3055 2068 3108 εἰρημένου.
2090 3055 2279 3107 Ἀττικῶς.)

1368 3124 1411 3151 14.
1441 3111 1601 3163 φαύλου.
1619 3113 1802 3156 Εὐτελους.

1369 3183 1414 3208 17.
1445 3169 1639 3209 ἐκύπτασεν
1668 3184 1676 3209 :
1700 3171 1791 3209 Ἀντὶ
1810 3186 1869 3209 του
1891 3170 2058 3223 ἐστράγγε
2044 3186 2153 3209 .υσεν,
2170 3170 2355 3216 κυπτάζειν

1313 3226 1387 3266 ἐστι
1403 3227 1445 3266 τὸ
1461 3228 1586 3280 περίτι
1600 3230 1713 3269 πονεῖν
1731 3245 1791 3267 και
1808 3228 2007 3281 διατρίὸειν.
2025 3230 2167 3282 κομψως
2180 3227 2216 3266 δὲ
2231 3231 2274 3280 τῇ
2289 3230 2360 3279 ἀμ-

1314 3286 1459 3339 φιὸολία
1487 3287 1546 3324 καὶ
1571 3286 1760 3340 χαριέντως
1788 3287 1981 3340 ἐχρήσατο,
2001 3286 2093 3325 καθὰ
2113 3302 2173 3325 και
2199 3285 2356 3339 Σώφρων

1314 3361 1328 3376 (ι
1352 3343 1471 3382 ἐνθάδε
1492 3344 1704 3389 κυπτάζουσι
1724 3345 1885 3387 πλεῖσται
1901 3359 2073 3396 γυναικες.
2091 3362 2106 3378 υ

1366 3415 1412 3441 20.
1453 3404 1634 3454 ἀναγκαῖα.

2375 3137 2412 3164 30
