<?xml version="1.0" encoding="UTF-8"?>
<!DOCTYPE html PUBLIC "-//W3C//DTD XHTML 1.0 Transitional//EN"
    "http://www.w3.org/TR/xhtml1/DTD/xhtml1-transitional.dtd">
<html xmlns="http://www.w3.org/1999/xhtml" xml:lang="en" lang="en">
 <head>
  <title>
</title>
<meta http-equiv="Content-Type" content="text/html;charset=utf-8" />
  <meta name='ocr-system' content='tesseract 3.04.00' />
  <meta name='ocr-capabilities' content='ocr_page ocr_carea ocr_par ocr_line ocrx_word'/>
</head>
<body>
  <div class='ocr_page' id='page_1' title='image "./scholiagraecaina00dbuoft_0185.png"; bbox 0 0 2485 3808; ppageno 0'>
   <div class='ocr_carea' id='block_1_1' title="bbox 944 239 1560 291">
    <p class='ocr_par' dir='ltr' id='par_1_1' title="bbox 944 239 1560 291">
     <span class='ocr_line' id='line_1_1' title="bbox 944 239 1560 291; baseline 0.023 -14"><span class='ocrx_word' id='word_1_1' title='bbox 944 239 1197 282; x_wconf 86' lang='lat' dir='ltr'><strong>SCHOLIA</strong></span> <span class='ocrx_word' id='word_1_2' title='bbox 1235 246 1293 285; x_wconf 90' lang='lat' dir='ltr'>IN</span> <span class='ocrx_word' id='word_1_3' title='bbox 1329 247 1560 291; x_wconf 77' lang='lat' dir='ltr'>VESPAS.</span> 
     </span>
    </p>
   </div>
   <div class='ocr_carea' id='block_1_2' title="bbox 66 317 1217 3376">
    <p class='ocr_par' dir='ltr' id='par_1_2' title="bbox 177 317 1217 553">
     <span class='ocr_line' id='line_1_2' title="bbox 235 317 1217 383; baseline 0.012 -26"><span class='ocrx_word' id='word_1_4' title='bbox 235 331 298 357; x_wconf 74' lang='lat'><strong>28⁰.</strong></span> <span class='ocrx_word' id='word_1_5' title='bbox 326 317 516 369; x_wconf 82' lang='grc' dir='ltr'>ἐγχυτριεῖς</span> <span class='ocrx_word' id='word_1_6' title='bbox 536 331 544 357; x_wconf 92' lang='lat'>:</span> <span class='ocrx_word' id='word_1_7' title='bbox 565 319 666 369; x_wconf 77' lang='grc' dir='ltr'>(Ἀντὶ</span> <span class='ocrx_word' id='word_1_8' title='bbox 687 324 745 359; x_wconf 87' lang='grc' dir='ltr'>τοῦ</span> <span class='ocrx_word' id='word_1_9' title='bbox 762 323 949 374; x_wconf 76' lang='grc' dir='ltr'>φονεύσεις.</span> <span class='ocrx_word' id='word_1_10' title='bbox 970 328 1008 365; x_wconf 86' lang='grc' dir='ltr'>ἐκ</span> <span class='ocrx_word' id='word_1_11' title='bbox 1030 332 1091 366; x_wconf 84' lang='grc' dir='ltr'>τοῦ</span> <span class='ocrx_word' id='word_1_12' title='bbox 1108 346 1217 383; x_wconf 87' lang='grc' dir='ltr'>παρε-</span> 
     </span>
     <span class='ocr_line' id='line_1_3' title="bbox 183 377 1216 434; baseline 0.015 -22"><span class='ocrx_word' id='word_1_13' title='bbox 183 377 360 426; x_wconf 87' lang='grc' dir='ltr'>πομένου.)</span> <span class='ocrx_word' id='word_1_14' title='bbox 387 394 431 399; x_wconf 88' lang='grc'><strong>-</strong></span> <span class='ocrx_word' id='word_1_15' title='bbox 453 377 664 421; x_wconf 82' lang='grc' dir='ltr'>ἀποκτενεῖς.</span> <span class='ocrx_word' id='word_1_16' title='bbox 693 381 919 434; x_wconf 84' lang='grc' dir='ltr'>μετενήνοχεν</span> <span class='ocrx_word' id='word_1_17' title='bbox 941 385 976 422; x_wconf 80' lang='grc' dir='ltr'>δὲ</span> <span class='ocrx_word' id='word_1_18' title='bbox 1005 387 1074 425; x_wconf 85' lang='grc' dir='ltr'>ἀπὸ</span> <span class='ocrx_word' id='word_1_19' title='bbox 1097 392 1165 427; x_wconf 82' lang='grc' dir='ltr'>τῶν</span> <span class='ocrx_word' id='word_1_20' title='bbox 1182 393 1216 428; x_wconf 88' lang='grc' dir='ltr'>ἐν</span> 
     </span>
     <span class='ocr_line' id='line_1_4' title="bbox 179 435 1215 490; baseline 0.015 -20"><span class='ocrx_word' id='word_1_21' title='bbox 179 437 254 479; x_wconf 83' lang='grc' dir='ltr'>ταῖς</span> <span class='ocrx_word' id='word_1_22' title='bbox 274 435 417 488; x_wconf 78' lang='grc' dir='ltr'>χύτραις</span> <span class='ocrx_word' id='word_1_23' title='bbox 434 435 660 486; x_wconf 81' lang='grc' dir='ltr'>ἐκτιθεμένων</span> <span class='ocrx_word' id='word_1_24' title='bbox 682 441 829 490; x_wconf 61' lang='grc' dir='ltr'>βρεφῶν.</span> <span class='ocrx_word' id='word_1_25' title='bbox 853 449 890 478; x_wconf 85' lang='lat' dir='ltr'>R.</span> <span class='ocrx_word' id='word_1_26' title='bbox 906 444 974 481; x_wconf 76' lang='grc' dir='ltr'>ἀπὸ</span> <span class='ocrx_word' id='word_1_27' title='bbox 997 448 1063 483; x_wconf 86' lang='grc' dir='ltr'>τῶν</span> <span class='ocrx_word' id='word_1_28' title='bbox 1087 449 1215 486; x_wconf 87' lang='grc' dir='ltr'>ἐκτιθε-</span> 
     </span>
     <span class='ocr_line' id='line_1_5' title="bbox 177 494 1212 553; baseline 0.013 -22"><span class='ocrx_word' id='word_1_29' title='bbox 177 495 290 544; x_wconf 86' lang='grc' dir='ltr'><strong>μένων</strong></span> <span class='ocrx_word' id='word_1_30' title='bbox 310 494 457 531; x_wconf 87' lang='grc' dir='ltr'>παιδίων</span> <span class='ocrx_word' id='word_1_31' title='bbox 476 496 510 532; x_wconf 90' lang='grc' dir='ltr'>ἐν</span> <span class='ocrx_word' id='word_1_32' title='bbox 531 495 685 547; x_wconf 75' lang='grc' dir='ltr'>χύτραις.</span> <span class='ocrx_word' id='word_1_33' title='bbox 705 497 755 534; x_wconf 82' lang='grc' dir='ltr'>διὸ</span> <span class='ocrx_word' id='word_1_34' title='bbox 774 499 832 536; x_wconf 82' lang='grc' dir='ltr'>καὶ</span> <span class='ocrx_word' id='word_1_35' title='bbox 850 502 1031 553; x_wconf 54' lang='grc' dir='ltr'>Σοφοκλῆς</span> <span class='ocrx_word' id='word_1_36' title='bbox 1050 506 1212 544; x_wconf 82' lang='grc' dir='ltr'>ἀποκτεῖ-</span> 
     </span>
    </p>

    <p class='ocr_par' dir='ltr' id='par_1_3' title="bbox 138 552 1211 617">
     <span class='ocr_line' id='line_1_6' title="bbox 138 552 1211 617; baseline 0.012 -28"><span class='ocrx_word' id='word_1_37' title='bbox 138 566 155 590; x_wconf 78' lang='lat'><strong>5</strong></span> <span class='ocrx_word' id='word_1_38' title='bbox 175 568 230 589; x_wconf 91' lang='grc' dir='ltr'>ναι</span> <span class='ocrx_word' id='word_1_39' title='bbox 248 552 420 604; x_wconf 84' lang='grc' dir='ltr'>χυτρίζειν</span> <span class='ocrx_word' id='word_1_40' title='bbox 443 552 556 603; x_wconf 83' lang='grc' dir='ltr'>ἔλεγεν</span> <span class='ocrx_word' id='word_1_41' title='bbox 579 555 612 590; x_wconf 84' lang='grc' dir='ltr'>ἐν</span> <span class='ocrx_word' id='word_1_42' title='bbox 639 556 808 609; x_wconf 84' lang='grc' dir='ltr'>Πριάμῳ,</span> <span class='ocrx_word' id='word_1_43' title='bbox 829 559 888 596; x_wconf 84' lang='grc' dir='ltr'>καὶ</span> <span class='ocrx_word' id='word_1_44' title='bbox 916 562 1088 613; x_wconf 74' lang='grc' dir='ltr'>Αἰσχύλος</span> <span class='ocrx_word' id='word_1_45' title='bbox 1112 564 1211 617; x_wconf 77' lang='grc' dir='ltr'>Λαΐῳ</span> 
     </span>
    </p>

    <p class='ocr_par' dir='ltr' id='par_1_4' title="bbox 172 609 1209 669">
     <span class='ocr_line' id='line_1_7' title="bbox 172 609 1209 669; baseline 0.013 -22"><span class='ocrx_word' id='word_1_46' title='bbox 172 609 232 647; x_wconf 83' lang='grc' dir='ltr'>καὶ</span> <span class='ocrx_word' id='word_1_47' title='bbox 255 610 493 661; x_wconf 82' lang='grc' dir='ltr'>Φερεκράτης.</span> <span class='ocrx_word' id='word_1_48' title='bbox 513 610 587 648; x_wconf 80' lang='grc' dir='ltr'>ὅθεν</span> <span class='ocrx_word' id='word_1_49' title='bbox 610 613 669 649; x_wconf 84' lang='grc' dir='ltr'>καὶ</span> <span class='ocrx_word' id='word_1_50' title='bbox 696 615 957 669; x_wconf 71' lang='grc' dir='ltr'>ἐγχυτριστρίας</span> <span class='ocrx_word' id='word_1_51' title='bbox 984 620 1128 658; x_wconf 79' lang='grc' dir='ltr'>ἐκάλουν</span> <span class='ocrx_word' id='word_1_52' title='bbox 1149 622 1209 666; x_wconf 80' lang='grc' dir='ltr'>τὰς</span> 
     </span>
    </p>

    <p class='ocr_par' dir='ltr' id='par_1_5' title="bbox 170 668 1208 723">
     <span class='ocr_line' id='line_1_8' title="bbox 170 668 1208 723; baseline 0.013 -19"><span class='ocrx_word' id='word_1_53' title='bbox 170 668 435 718; x_wconf 71' lang='grc' dir='ltr'>διακονουμένοις</span> <span class='ocrx_word' id='word_1_54' title='bbox 454 668 497 706; x_wconf 78' lang='grc' dir='ltr'>τὰ</span> <span class='ocrx_word' id='word_1_55' title='bbox 520 669 641 723; x_wconf 64' lang='grc' dir='ltr'>βρέφη.</span> <span class='ocrx_word' id='word_1_56' title='bbox 660 671 719 708; x_wconf 81' lang='grc' dir='ltr'>καὶ</span> <span class='ocrx_word' id='word_1_57' title='bbox 739 676 797 709; x_wconf 89' lang='grc' dir='ltr'>νῦν</span> <span class='ocrx_word' id='word_1_58' title='bbox 814 669 871 711; x_wconf 60' lang='grc' dir='ltr'>οὖν</span> <span class='ocrx_word' id='word_1_59' title='bbox 893 677 938 718; x_wconf 84' lang='grc' dir='ltr'>ὡς</span> <span class='ocrx_word' id='word_1_60' title='bbox 958 677 1014 714; x_wconf 81' lang='grc' dir='ltr'>ἐπὶ</span> <span class='ocrx_word' id='word_1_61' title='bbox 1035 680 1208 723; x_wconf 78' lang='grc' dir='ltr'>ἀπωλείας</span> 
     </span>
    </p>

    <p class='ocr_par' dir='ltr' id='par_1_6' title="bbox 167 726 1205 785">
     <span class='ocr_line' id='line_1_9' title="bbox 167 726 1205 785; baseline 0.012 -22"><span class='ocrx_word' id='word_1_62' title='bbox 167 729 227 764; x_wconf 91' lang='grc' dir='ltr'>τοῦ</span> <span class='ocrx_word' id='word_1_63' title='bbox 247 726 496 778; x_wconf 89' lang='grc' dir='ltr'>κριθησομένου</span> <span class='ocrx_word' id='word_1_64' title='bbox 519 727 619 773; x_wconf 85' lang='grc' dir='ltr'>ἔθηκε</span> <span class='ocrx_word' id='word_1_65' title='bbox 646 729 707 775; x_wconf 79' lang='grc' dir='ltr'>τὴν</span> <span class='ocrx_word' id='word_1_66' title='bbox 729 730 830 774; x_wconf 83' lang='grc' dir='ltr'>λέξιν.</span> <span class='ocrx_word' id='word_1_67' title='bbox 872 734 954 785; x_wconf 86' lang='grc' dir='ltr'>παρ’</span> <span class='ocrx_word' id='word_1_68' title='bbox 974 734 1052 772; x_wconf 80' lang='grc' dir='ltr'>ὅσον</span> <span class='ocrx_word' id='word_1_69' title='bbox 1078 736 1120 774; x_wconf 75' lang='grc' dir='ltr'>τὰ</span> <span class='ocrx_word' id='word_1_70' title='bbox 1144 739 1205 775; x_wconf 75' lang='grc' dir='ltr'>ἐκ-</span> 
     </span>
    </p>

    <p class='ocr_par' dir='ltr' id='par_1_7' title="bbox 165 783 1149 842">
     <span class='ocr_line' id='line_1_10' title="bbox 165 783 1149 842; baseline 0.01 -21"><span class='ocrx_word' id='word_1_71' title='bbox 165 783 361 835; x_wconf 85' lang='grc' dir='ltr'>τιθέμεναῆ</span> <span class='ocrx_word' id='word_1_72' title='bbox 381 787 428 828; x_wconf 89' lang='grc' dir='ltr'>εἰς</span> <span class='ocrx_word' id='word_1_73' title='bbox 447 785 522 838; x_wconf 86' lang='grc' dir='ltr'>ὄρος</span> <span class='ocrx_word' id='word_1_74' title='bbox 540 785 562 832; x_wconf 87' lang='grc' dir='ltr'>ἢ</span> <span class='ocrx_word' id='word_1_75' title='bbox 583 788 628 829; x_wconf 90' lang='grc' dir='ltr'>εἰς</span> <span class='ocrx_word' id='word_1_76' title='bbox 644 787 772 837; x_wconf 87' lang='grc' dir='ltr'>ἔρημον</span> <span class='ocrx_word' id='word_1_77' title='bbox 789 790 892 828; x_wconf 82' lang='grc' dir='ltr'>τόπον</span> <span class='ocrx_word' id='word_1_78' title='bbox 910 793 1088 842; x_wconf 86' lang='grc' dir='ltr'>βάλλεται.</span> <span class='ocrx_word' id='word_1_79' title='bbox 1109 803 1149 831; x_wconf 82' lang='lat' dir='ltr'>V.</span> 
     </span>
    </p>

    <p class='ocr_par' dir='ltr' id='par_1_8' title="bbox 116 842 1203 954">
     <span class='ocr_line' id='line_1_11' title="bbox 116 842 1203 895; baseline 0.015 -21"><span class='ocrx_word' id='word_1_80' title='bbox 116 850 146 875; x_wconf 92' lang='grc'>10</span> <span class='ocrx_word' id='word_1_81' title='bbox 218 856 282 881; x_wconf 79' lang='lat'><strong>290.</strong></span> <span class='ocrx_word' id='word_1_82' title='bbox 314 842 442 893; x_wconf 79' lang='grc' dir='ltr'>(ὕπαγε</span> <span class='ocrx_word' id='word_1_83' title='bbox 460 856 468 881; x_wconf 88' lang='lat'><strong>:</strong></span> <span class='ocrx_word' id='word_1_84' title='bbox 491 845 551 887; x_wconf 81' lang='grc' dir='ltr'>Εἰς</span> <span class='ocrx_word' id='word_1_85' title='bbox 569 844 631 890; x_wconf 86' lang='grc' dir='ltr'>τὴν</span> <span class='ocrx_word' id='word_1_86' title='bbox 647 847 756 882; x_wconf 87' lang='grc' dir='ltr'>οἰκίαν</span> <span class='ocrx_word' id='word_1_87' title='bbox 772 847 947 895; x_wconf 85' lang='grc' dir='ltr'>δηλονότι,</span> <span class='ocrx_word' id='word_1_88' title='bbox 965 852 1010 892; x_wconf 85' lang='grc' dir='ltr'>ὡς</span> <span class='ocrx_word' id='word_1_89' title='bbox 1025 866 1203 890; x_wconf 89' lang='grc' dir='ltr'>καταστα-</span> 
     </span>
     <span class='ocr_line' id='line_1_12' title="bbox 183 899 775 954; baseline 0.005 -16"><span class='ocrx_word' id='word_1_90' title='bbox 183 899 288 938; x_wconf 90' lang='grc' dir='ltr'>έντων</span> <span class='ocrx_word' id='word_1_91' title='bbox 306 902 430 938; x_wconf 81' lang='grc' dir='ltr'>αὐτῶν.</span> <span class='ocrx_word' id='word_1_92' title='bbox 452 901 568 938; x_wconf 89' lang='grc' dir='ltr'>παπία</span> <span class='ocrx_word' id='word_1_93' title='bbox 586 901 621 939; x_wconf 80' lang='grc' dir='ltr'>δὲ</span> <span class='ocrx_word' id='word_1_94' title='bbox 638 902 775 954; x_wconf 82' lang='grc' dir='ltr'>πάτερ.)</span> 
     </span>
    </p>

    <p class='ocr_par' dir='ltr' id='par_1_9' title="bbox 161 958 1198 1068">
     <span class='ocr_line' id='line_1_13' title="bbox 214 958 1198 1019; baseline 0.009 -24"><span class='ocrx_word' id='word_1_95' title='bbox 214 972 278 997; x_wconf 82' lang='lat'><strong>297.</strong></span> <span class='ocrx_word' id='word_1_96' title='bbox 309 959 386 1008; x_wconf 85' lang='grc' dir='ltr'>(οὐκ</span> <span class='ocrx_word' id='word_1_97' title='bbox 400 958 441 996; x_wconf 86' lang='grc' dir='ltr'>ἂν</span> <span class='ocrx_word' id='word_1_98' title='bbox 456 958 506 1008; x_wconf 82' lang='grc' dir='ltr'>μὰ</span> <span class='ocrx_word' id='word_1_99' title='bbox 520 959 577 996; x_wconf 80' lang='grc' dir='ltr'>τὸν</span> <span class='ocrx_word' id='word_1_100' title='bbox 589 960 656 997; x_wconf 74' lang='grc' dir='ltr'>Δία</span> <span class='ocrx_word' id='word_1_101' title='bbox 675 973 684 997; x_wconf 88' lang='lat'>:</span> <span class='ocrx_word' id='word_1_102' title='bbox 706 960 902 1012; x_wconf 88' lang='grc' dir='ltr'>Ὠνήσομαι</span> <span class='ocrx_word' id='word_1_103' title='bbox 920 964 1076 1010; x_wconf 79' lang='grc' dir='ltr'>δηλονότι</span> <span class='ocrx_word' id='word_1_104' title='bbox 1097 967 1198 1019; x_wconf 74' lang='grc' dir='ltr'>ἰσχά-</span> 
     </span>
     <span class='ocr_line' id='line_1_14' title="bbox 161 1015 815 1068; baseline 0.003 -15"><span class='ocrx_word' id='word_1_105' title='bbox 161 1016 238 1062; x_wconf 88' lang='grc' dir='ltr'>δας,</span> <span class='ocrx_word' id='word_1_106' title='bbox 259 1017 288 1053; x_wconf 88' lang='grc' dir='ltr'>εἰ</span> <span class='ocrx_word' id='word_1_107' title='bbox 311 1015 562 1068; x_wconf 85' lang='grc' dir='ltr'>κρεμασθέντες</span> <span class='ocrx_word' id='word_1_108' title='bbox 580 1016 815 1068; x_wconf 84' lang='grc' dir='ltr'>ἀπάγξοισθε.)</span> 
     </span>
    </p>

    <p class='ocr_par' dir='ltr' id='par_1_10' title="bbox 211 1072 1196 1131">
     <span class='ocr_line' id='line_1_15' title="bbox 211 1072 1196 1131; baseline 0.013 -23"><span class='ocrx_word' id='word_1_109' title='bbox 211 1086 276 1112; x_wconf 86' lang='lat'><strong>300.</strong></span> <span class='ocrx_word' id='word_1_110' title='bbox 308 1072 501 1126; x_wconf 80' lang='grc' dir='ltr'>(μισθαρίου</span> <span class='ocrx_word' id='word_1_111' title='bbox 530 1074 673 1112; x_wconf 85' lang='grc' dir='ltr'>;Τοῦτό</span> <span class='ocrx_word' id='word_1_112' title='bbox 707 1080 825 1128; x_wconf 78' lang='grc' dir='ltr'>φησιν)</span> <span class='ocrx_word' id='word_1_113' title='bbox 841 1078 887 1121; x_wconf 82' lang='grc' dir='ltr'>ὡς</span> <span class='ocrx_word' id='word_1_114' title='bbox 917 1080 1106 1131; x_wconf 65' lang='grc' dir='ltr'>τριωόόλου</span> <span class='ocrx_word' id='word_1_115' title='bbox 1135 1086 1196 1121; x_wconf 81' lang='grc' dir='ltr'>τοῦ</span> 
     </span>
    </p>

    <p class='ocr_par' dir='ltr' id='par_1_11' title="bbox 107 1131 1195 1429">
     <span class='ocr_line' id='line_1_16' title="bbox 107 1131 1195 1181; baseline 0.012 -15"><span class='ocrx_word' id='word_1_116' title='bbox 107 1143 138 1167; x_wconf 76' lang='grc'>15</span> <span class='ocrx_word' id='word_1_117' title='bbox 157 1132 356 1170; x_wconf 88' lang='grc' dir='ltr'>δικαστικοῦ</span> <span class='ocrx_word' id='word_1_118' title='bbox 385 1131 478 1175; x_wconf 83' lang='grc' dir='ltr'>ὄντος</span> <span class='ocrx_word' id='word_1_119' title='bbox 493 1135 635 1181; x_wconf 84' lang='grc' dir='ltr'>μισθοῦ,</span> <span class='ocrx_word' id='word_1_120' title='bbox 652 1155 698 1160; x_wconf 82' lang='grc'>--</span> <span class='ocrx_word' id='word_1_121' title='bbox 713 1133 769 1170; x_wconf 81' lang='grc' dir='ltr'>ἵνα</span> <span class='ocrx_word' id='word_1_122' title='bbox 797 1134 940 1180; x_wconf 80' lang='grc' dir='ltr'>ἕκαστος</span> <span class='ocrx_word' id='word_1_123' title='bbox 966 1138 1096 1177; x_wconf 88' lang='grc' dir='ltr'>τούτων</span> <span class='ocrx_word' id='word_1_124' title='bbox 1114 1140 1195 1179; x_wconf 73' lang='lat'>660-</span> 
     </span>
     <span class='ocr_line' id='line_1_17' title="bbox 154 1187 1193 1248; baseline 0.011 -22"><span class='ocrx_word' id='word_1_125' title='bbox 154 1190 217 1226; x_wconf 92' lang='grc' dir='ltr'>λοῦ</span> <span class='ocrx_word' id='word_1_126' title='bbox 236 1189 420 1240; x_wconf 84' lang='grc' dir='ltr'>λογίσηται</span> <span class='ocrx_word' id='word_1_127' title='bbox 435 1190 727 1241; x_wconf 85' lang='grc' dir='ltr'>πιπρασκόμενος.</span> <span class='ocrx_word' id='word_1_128' title='bbox 746 1187 786 1238; x_wconf 71' lang='grc' dir='ltr'>ἦν</span> <span class='ocrx_word' id='word_1_129' title='bbox 811 1192 874 1243; x_wconf 82' lang='grc' dir='ltr'>μὲν</span> <span class='ocrx_word' id='word_1_130' title='bbox 896 1194 963 1248; x_wconf 81' lang='grc' dir='ltr'>γὰρ</span> <span class='ocrx_word' id='word_1_131' title='bbox 980 1196 1130 1236; x_wconf 72' lang='grc' dir='ltr'>ἄστατον</span> <span class='ocrx_word' id='word_1_132' title='bbox 1154 1200 1193 1237; x_wconf 87' lang='grc' dir='ltr'>τὸ</span> 
     </span>
     <span class='ocr_line' id='line_1_18' title="bbox 152 1245 1192 1302; baseline 0.01 -17"><span class='ocrx_word' id='word_1_133' title='bbox 152 1251 212 1285; x_wconf 86' lang='grc' dir='ltr'>τοῦ</span> <span class='ocrx_word' id='word_1_134' title='bbox 227 1250 364 1298; x_wconf 88' lang='grc' dir='ltr'>μισθοῦ.</span> <span class='ocrx_word' id='word_1_135' title='bbox 379 1246 464 1285; x_wconf 83' lang='grc' dir='ltr'>ποτὲ</span> <span class='ocrx_word' id='word_1_136' title='bbox 479 1247 546 1300; x_wconf 83' lang='grc' dir='ltr'>γὰρ</span> <span class='ocrx_word' id='word_1_137' title='bbox 562 1248 730 1288; x_wconf 70' lang='grc' dir='ltr'>διωὸόλου</span> <span class='ocrx_word' id='word_1_138' title='bbox 746 1245 796 1297; x_wconf 67' lang='grc' dir='ltr'>ἦν,</span> <span class='ocrx_word' id='word_1_139' title='bbox 812 1251 940 1302; x_wconf 89' lang='grc' dir='ltr'>ἐγίνετο</span> <span class='ocrx_word' id='word_1_140' title='bbox 954 1253 988 1291; x_wconf 80' lang='grc' dir='ltr'>δὲ</span> <span class='ocrx_word' id='word_1_141' title='bbox 1003 1255 1058 1292; x_wconf 66' lang='grc' dir='ltr'>ἐπὶ</span> <span class='ocrx_word' id='word_1_142' title='bbox 1074 1256 1192 1294; x_wconf 89' lang='grc' dir='ltr'>Κλέω-</span> 
     </span>
     <span class='ocr_line' id='line_1_19' title="bbox 151 1304 1192 1365; baseline 0.012 -26"><span class='ocrx_word' id='word_1_143' title='bbox 151 1320 205 1348; x_wconf 87' lang='grc' dir='ltr'>νος</span> <span class='ocrx_word' id='word_1_144' title='bbox 223 1304 424 1357; x_wconf 74' lang='grc' dir='ltr'>τριώὸολον.</span> <span class='ocrx_word' id='word_1_145' title='bbox 442 1305 620 1358; x_wconf 84' lang='grc' dir='ltr'>Φρύνιχος</span> <span class='ocrx_word' id='word_1_146' title='bbox 637 1325 651 1340; x_wconf 78' lang='grc' dir='ltr'>α</span> <span class='ocrx_word' id='word_1_147' title='bbox 666 1308 854 1360; x_wconf 68' lang='grc' dir='ltr'>τριώέολον</span> <span class='ocrx_word' id='word_1_148' title='bbox 871 1310 949 1349; x_wconf 74' lang='grc' dir='ltr'>ὅσον</span> <span class='ocrx_word' id='word_1_149' title='bbox 969 1314 1192 1365; x_wconf 82' lang='grc' dir='ltr'>ὑπερηλιάζο-</span> 
     </span>
     <span class='ocr_line' id='line_1_20' title="bbox 151 1371 1012 1429; baseline 0.012 -30"><span class='ocrx_word' id='word_1_150' title='bbox 151 1378 226 1412; x_wconf 89' lang='grc' dir='ltr'>μαι.</span> <span class='ocrx_word' id='word_1_151' title='bbox 246 1381 260 1396; x_wconf 81' lang='grc' dir='ltr'>υ</span> <span class='ocrx_word' id='word_1_152' title='bbox 276 1371 317 1400; x_wconf 86' lang='lat' dir='ltr'>V.</span> <span class='ocrx_word' id='word_1_153' title='bbox 991 1423 1012 1429; x_wconf 43' lang='grc' dir='ltr'><strong><em>Ν</em></strong></span> 
     </span>
    </p>

    <p class='ocr_par' dir='ltr' id='par_1_12' title="bbox 149 1420 1188 1590">
     <span class='ocr_line' id='line_1_21' title="bbox 201 1420 1188 1485; baseline 0.01 -26"><span class='ocrx_word' id='word_1_154' title='bbox 201 1434 264 1459; x_wconf 83' lang='grc'>301.</span> <span class='ocrx_word' id='word_1_155' title='bbox 293 1423 338 1464; x_wconf 84' lang='grc' dir='ltr'>ὥς</span> <span class='ocrx_word' id='word_1_156' title='bbox 355 1420 547 1474; x_wconf 68' lang='grc' dir='ltr'>τριωὸόλου</span> <span class='ocrx_word' id='word_1_157' title='bbox 565 1421 659 1466; x_wconf 85' lang='grc' dir='ltr'>ὄντος</span> <span class='ocrx_word' id='word_1_158' title='bbox 675 1427 734 1460; x_wconf 88' lang='grc' dir='ltr'>τοῦ</span> <span class='ocrx_word' id='word_1_159' title='bbox 750 1428 885 1485; x_wconf 60' lang='grc' dir='ltr'>μισθοῦ,</span> <span class='ocrx_word' id='word_1_160' title='bbox 902 1427 959 1479; x_wconf 62' lang='grc' dir='ltr'>ἀφ’</span> <span class='ocrx_word' id='word_1_161' title='bbox 972 1432 1011 1465; x_wconf 84' lang='grc' dir='ltr'>οὑ</span> <span class='ocrx_word' id='word_1_162' title='bbox 1025 1429 1063 1467; x_wconf 78' lang='grc' dir='ltr'>τὸ</span> <span class='ocrx_word' id='word_1_163' title='bbox 1075 1430 1188 1481; x_wconf 85' lang='grc' dir='ltr'>τρίτον</span> 
     </span>
     <span class='ocr_line' id='line_1_22' title="bbox 150 1477 1187 1533; baseline 0.012 -18"><span class='ocrx_word' id='word_1_164' title='bbox 150 1477 375 1516; x_wconf 79' lang='grc' dir='ltr'>ἀναλίσκεται</span> <span class='ocrx_word' id='word_1_165' title='bbox 395 1481 441 1522; x_wconf 88' lang='grc' dir='ltr'>εἷς</span> <span class='ocrx_word' id='word_1_166' title='bbox 468 1479 616 1531; x_wconf 72' lang='grc' dir='ltr'>ἄλφιτα,</span> <span class='ocrx_word' id='word_1_167' title='bbox 638 1480 814 1519; x_wconf 82' lang='grc' dir='ltr'>τουτέστιν</span> <span class='ocrx_word' id='word_1_168' title='bbox 835 1487 882 1526; x_wconf 82' lang='grc' dir='ltr'>εἱς</span> <span class='ocrx_word' id='word_1_169' title='bbox 906 1485 1044 1533; x_wconf 63' lang='grc' dir='ltr'>ὀῧολὸς,</span> <span class='ocrx_word' id='word_1_170' title='bbox 1068 1488 1127 1526; x_wconf 82' lang='grc' dir='ltr'>καὶ</span> <span class='ocrx_word' id='word_1_171' title='bbox 1149 1489 1187 1527; x_wconf 83' lang='grc' dir='ltr'>τὸ</span> 
     </span>
     <span class='ocr_line' id='line_1_23' title="bbox 149 1535 807 1590; baseline 0.005 -17"><span class='ocrx_word' id='word_1_172' title='bbox 149 1536 236 1573; x_wconf 86' lang='grc' dir='ltr'>ἄλλο</span> <span class='ocrx_word' id='word_1_173' title='bbox 256 1535 359 1583; x_wconf 84' lang='grc' dir='ltr'>ξύλα,</span> <span class='ocrx_word' id='word_1_174' title='bbox 383 1537 442 1574; x_wconf 85' lang='grc' dir='ltr'>καὶ</span> <span class='ocrx_word' id='word_1_175' title='bbox 465 1537 503 1574; x_wconf 85' lang='grc' dir='ltr'>τὸ</span> <span class='ocrx_word' id='word_1_176' title='bbox 518 1537 630 1589; x_wconf 91' lang='grc' dir='ltr'>τρίτον</span> <span class='ocrx_word' id='word_1_177' title='bbox 648 1539 746 1590; x_wconf 73' lang='grc' dir='ltr'>ὄψον.</span> <span class='ocrx_word' id='word_1_178' title='bbox 768 1548 807 1577; x_wconf 81' lang='lat' dir='ltr'>V.</span> 
     </span>
    </p>

    <p class='ocr_par' dir='ltr' id='par_1_13' title="bbox 89 1595 1185 1754">
     <span class='ocr_line' id='line_1_24' title="bbox 197 1595 1185 1653; baseline 0.011 -21"><span class='ocrx_word' id='word_1_179' title='bbox 197 1607 262 1633; x_wconf 77' lang='lat'><strong>30².</strong></span> <span class='ocrx_word' id='word_1_180' title='bbox 294 1595 397 1644; x_wconf 90' lang='grc' dir='ltr'>(σῦκά</span> <span class='ocrx_word' id='word_1_181' title='bbox 423 1595 460 1645; x_wconf 84' lang='grc' dir='ltr'>μ’</span> <span class='ocrx_word' id='word_1_182' title='bbox 479 1596 584 1638; x_wconf 81' lang='grc' dir='ltr'>αἰτεῖς</span> <span class='ocrx_word' id='word_1_183' title='bbox 605 1610 614 1634; x_wconf 91' lang='lat'>:</span> <span class='ocrx_word' id='word_1_184' title='bbox 637 1596 805 1635; x_wconf 86' lang='grc' dir='ltr'>Τουτέστι</span> <span class='ocrx_word' id='word_1_185' title='bbox 827 1607 957 1651; x_wconf 65' lang='grc' dir='ltr'>τρυφᾶν</span> <span class='ocrx_word' id='word_1_186' title='bbox 980 1603 1106 1653; x_wconf 85' lang='grc' dir='ltr'>βούλει.</span> <span class='ocrx_word' id='word_1_187' title='bbox 1132 1605 1185 1642; x_wconf 79' lang='grc' dir='ltr'>ὅτι</span> 
     </span>
     <span class='ocr_line' id='line_1_25' title="bbox 142 1651 1182 1709; baseline 0.012 -21"><span class='ocrx_word' id='word_1_188' title='bbox 142 1651 273 1704; x_wconf 68' lang='grc' dir='ltr'>τρυφήν</span> <span class='ocrx_word' id='word_1_189' title='bbox 289 1667 374 1704; x_wconf 77' lang='grc' dir='ltr'>φασι</span> <span class='ocrx_word' id='word_1_190' title='bbox 393 1652 432 1690; x_wconf 85' lang='grc' dir='ltr'>τὸ</span> <span class='ocrx_word' id='word_1_191' title='bbox 447 1653 570 1690; x_wconf 87' lang='grc' dir='ltr'>ἐσθίειν</span> <span class='ocrx_word' id='word_1_192' title='bbox 586 1654 757 1705; x_wconf 77' lang='grc' dir='ltr'>ἰσχάδας.)</span> <span class='ocrx_word' id='word_1_193' title='bbox 779 1683 824 1687; x_wconf 78' lang='lat'><strong>—</strong></span> <span class='ocrx_word' id='word_1_194' title='bbox 842 1659 876 1694; x_wconf 84' lang='grc' dir='ltr'>ἐν</span> <span class='ocrx_word' id='word_1_195' title='bbox 891 1660 1057 1709; x_wconf 75' lang='grc' dir='ltr'>ἐρωτήσει</span> <span class='ocrx_word' id='word_1_196' title='bbox 1073 1666 1182 1700; x_wconf 83' lang='grc' dir='ltr'>ταῦτα</span> 
     </span>
     <span class='ocr_line' id='line_1_26' title="bbox 89 1708 362 1754; baseline 0.015 -10"><span class='ocrx_word' id='word_1_197' title='bbox 89 1721 123 1745; x_wconf 77' lang='lat'>25</span> <span class='ocrx_word' id='word_1_198' title='bbox 141 1708 201 1745; x_wconf 89' lang='grc' dir='ltr'>καὶ</span> <span class='ocrx_word' id='word_1_199' title='bbox 216 1708 302 1754; x_wconf 87' lang='grc' dir='ltr'>ἤθει.</span> <span class='ocrx_word' id='word_1_200' title='bbox 323 1721 362 1750; x_wconf 87' lang='lat' dir='ltr'>v.</span> 
     </span>
    </p>

    <p class='ocr_par' dir='ltr' id='par_1_14' title="bbox 139 1768 1183 1883">
     <span class='ocr_line' id='line_1_27' title="bbox 191 1768 1183 1821; baseline 0.011 -17"><span class='ocrx_word' id='word_1_201' title='bbox 191 1779 254 1805; x_wconf 87' lang='grc'>306.</span> <span class='ocrx_word' id='word_1_202' title='bbox 285 1769 350 1819; x_wconf 81' lang='grc' dir='ltr'>νῷν</span> <span class='ocrx_word' id='word_1_203' title='bbox 377 1779 386 1805; x_wconf 92' lang='lat'><strong>:</strong></span> <span class='ocrx_word' id='word_1_204' title='bbox 413 1769 475 1820; x_wconf 84' lang='grc' dir='ltr'>Τῷ</span> <span class='ocrx_word' id='word_1_205' title='bbox 500 1769 606 1820; x_wconf 81' lang='grc' dir='ltr'>δυϊκῷ</span> <span class='ocrx_word' id='word_1_206' title='bbox 634 1768 808 1821; x_wconf 86' lang='grc' dir='ltr'>ἐχρήσατο</span> <span class='ocrx_word' id='word_1_207' title='bbox 837 1773 874 1809; x_wconf 84' lang='grc' dir='ltr'>οὐ</span> <span class='ocrx_word' id='word_1_208' title='bbox 903 1777 1037 1818; x_wconf 88' lang='grc' dir='ltr'>κακῶς·</span> <span class='ocrx_word' id='word_1_209' title='bbox 1062 1777 1183 1821; x_wconf 79' lang='grc' dir='ltr'>παῖδες</span> 
     </span>
     <span class='ocr_line' id='line_1_28' title="bbox 139 1823 1072 1883; baseline 0.012 -23"><span class='ocrx_word' id='word_1_210' title='bbox 139 1823 207 1875; x_wconf 88' lang='grc' dir='ltr'>γάρ</span> <span class='ocrx_word' id='word_1_211' title='bbox 224 1826 290 1861; x_wconf 83' lang='grc' dir='ltr'>εἶσι</span> <span class='ocrx_word' id='word_1_212' title='bbox 303 1824 361 1862; x_wconf 85' lang='grc' dir='ltr'>καὶ</span> <span class='ocrx_word' id='word_1_213' title='bbox 377 1824 526 1878; x_wconf 81' lang='grc' dir='ltr'>πατέρες</span> <span class='ocrx_word' id='word_1_214' title='bbox 541 1829 587 1869; x_wconf 87' lang='grc' dir='ltr'>ὡς</span> <span class='ocrx_word' id='word_1_215' title='bbox 605 1825 639 1863; x_wconf 79' lang='grc' dir='ltr'>ἓν</span> <span class='ocrx_word' id='word_1_216' title='bbox 657 1826 843 1878; x_wconf 85' lang='grc' dir='ltr'>πρόσωπον</span> <span class='ocrx_word' id='word_1_217' title='bbox 859 1832 942 1883; x_wconf 77' lang='grc' dir='ltr'>πρὸς</span> <span class='ocrx_word' id='word_1_218' title='bbox 962 1833 1008 1871; x_wconf 79' lang='grc' dir='ltr'>ἕν.</span> <span class='ocrx_word' id='word_1_219' title='bbox 1032 1842 1072 1871; x_wconf 89' lang='lat' dir='ltr'>V.</span> 
     </span>
    </p>

    <p class='ocr_par' dir='ltr' id='par_1_15' title="bbox 135 1880 1180 2004">
     <span class='ocr_line' id='line_1_29' title="bbox 188 1880 1180 1942; baseline 0.014 -24"><span class='ocrx_word' id='word_1_220' title='bbox 188 1881 294 1934; x_wconf 92' lang='grc' dir='ltr'>πόρον</span> <span class='ocrx_word' id='word_1_221' title='bbox 311 1880 448 1925; x_wconf 79' lang='grc' dir='ltr'>ἽΞλλας</span> <span class='ocrx_word' id='word_1_222' title='bbox 464 1897 472 1921; x_wconf 96' lang='lat'><strong>:</strong></span> <span class='ocrx_word' id='word_1_223' title='bbox 493 1885 565 1921; x_wconf 86' lang='grc' dir='ltr'>Νῦν</span> <span class='ocrx_word' id='word_1_224' title='bbox 583 1883 687 1936; x_wconf 87' lang='grc' dir='ltr'>πόρον</span> <span class='ocrx_word' id='word_1_225' title='bbox 698 1885 755 1922; x_wconf 76' lang='grc' dir='ltr'>τὸν</span> <span class='ocrx_word' id='word_1_226' title='bbox 772 1890 942 1940; x_wconf 82' lang='grc' dir='ltr'>πορισμόν</span> <span class='ocrx_word' id='word_1_227' title='bbox 963 1906 1076 1942; x_wconf 63' lang='grc' dir='ltr'>φησιν.</span> <span class='ocrx_word' id='word_1_228' title='bbox 1092 1894 1180 1940; x_wconf 85' lang='grc' dir='ltr'>ἐπή-</span> 
     </span>
     <span class='ocr_line' id='line_1_30' title="bbox 135 1938 1176 2004; baseline 0.013 -28"><span class='ocrx_word' id='word_1_229' title='bbox 135 1954 233 1988; x_wconf 90' lang='grc' dir='ltr'>νεγκε</span> <span class='ocrx_word' id='word_1_230' title='bbox 253 1938 289 1977; x_wconf 82' lang='grc' dir='ltr'>δὲ</span> <span class='ocrx_word' id='word_1_231' title='bbox 302 1939 399 1992; x_wconf 85' lang='grc' dir='ltr'>παρὰ</span> <span class='ocrx_word' id='word_1_232' title='bbox 416 1940 455 1978; x_wconf 88' lang='grc' dir='ltr'>τὸ</span> <span class='ocrx_word' id='word_1_233' title='bbox 472 1943 678 1995; x_wconf 84' lang='grc' dir='ltr'>Πινδαρικὸν</span> <span class='ocrx_word' id='word_1_234' title='bbox 699 1949 750 1990; x_wconf 81' lang='lat' dir='ltr'><strong>[fr.</strong></span> <span class='ocrx_word' id='word_1_235' title='bbox 781 1948 855 1997; x_wconf 74' lang='grc'>197).</span> <span class='ocrx_word' id='word_1_236' title='bbox 870 1948 909 1985; x_wconf 79' lang='grc' dir='ltr'>τὸ</span> <span class='ocrx_word' id='word_1_237' title='bbox 933 1948 1067 1994; x_wconf 69' lang='grc' dir='ltr'>Ἵῖλλας</span> <span class='ocrx_word' id='word_1_238' title='bbox 1089 1953 1176 2004; x_wconf 78' lang='grc' dir='ltr'>ἱερὸν</span> 
     </span>
    </p>

    <p class='ocr_par' dir='ltr' id='par_1_16' title="bbox 71 1997 1176 2640">
     <span class='ocr_line' id='line_1_31' title="bbox 82 1997 1176 2061; baseline 0.015 -30"><span class='ocrx_word' id='word_1_239' title='bbox 82 2014 117 2040; x_wconf 79' lang='lat'>30</span> <span class='ocrx_word' id='word_1_240' title='bbox 136 2015 151 2030; x_wconf 67' lang='grc' dir='ltr'>«ι</span> <span class='ocrx_word' id='word_1_241' title='bbox 172 1997 410 2047; x_wconf 87' lang='grc' dir='ltr'>Πανδείματοι</span> <span class='ocrx_word' id='word_1_242' title='bbox 423 1997 484 2048; x_wconf 79' lang='grc' dir='ltr'>μὲν</span> <span class='ocrx_word' id='word_1_243' title='bbox 502 1998 588 2051; x_wconf 77' lang='grc' dir='ltr'>ὑπὲρ</span> <span class='ocrx_word' id='word_1_244' title='bbox 607 2000 745 2040; x_wconf 89' lang='grc' dir='ltr'>πόντιον</span> <span class='ocrx_word' id='word_1_245' title='bbox 759 2003 896 2048; x_wconf 67' lang='grc' dir='ltr'>Ἵίλλας</span> <span class='ocrx_word' id='word_1_246' title='bbox 912 2005 1018 2058; x_wconf 89' lang='grc' dir='ltr'>πόρον</span> <span class='ocrx_word' id='word_1_247' title='bbox 1035 2009 1136 2061; x_wconf 79' lang='grc' dir='ltr'>ἱερόν.</span> <span class='ocrx_word' id='word_1_248' title='bbox 1161 2030 1176 2043; x_wconf 91' lang='lat'>»</span> 
     </span>
     <span class='ocr_line' id='line_1_32' title="bbox 133 2053 1174 2111; baseline 0.02 -26"><span class='ocrx_word' id='word_1_249' title='bbox 133 2080 178 2085; x_wconf 86' lang='grc'>-</span> <span class='ocrx_word' id='word_1_250' title='bbox 191 2053 334 2098; x_wconf 88' lang='grc' dir='ltr'>Ἄλλως.</span> <span class='ocrx_word' id='word_1_251' title='bbox 361 2058 379 2093; x_wconf 88' lang='grc' dir='ltr'>ὁ</span> <span class='ocrx_word' id='word_1_252' title='bbox 395 2056 568 2109; x_wconf 91' lang='grc' dir='ltr'>Πίνδαρος</span> <span class='ocrx_word' id='word_1_253' title='bbox 592 2058 649 2096; x_wconf 82' lang='grc' dir='ltr'>τὸν</span> <span class='ocrx_word' id='word_1_254' title='bbox 672 2062 780 2099; x_wconf 88' lang='grc' dir='ltr'>πλοῦν</span> <span class='ocrx_word' id='word_1_255' title='bbox 802 2067 861 2100; x_wconf 85' lang='grc' dir='ltr'>τοῦ</span> <span class='ocrx_word' id='word_1_256' title='bbox 892 2063 1153 2111; x_wconf 84' lang='grc' dir='ltr'>Ἑλλησπόντου</span> <span class='ocrx_word' id='word_1_257' title='bbox 1166 2084 1174 2091; x_wconf 91' lang='grc'>·</span> 
     </span>
     <span class='ocr_line' id='line_1_33' title="bbox 129 2112 497 2165; baseline 0.011 -16"><span class='ocrx_word' id='word_1_258' title='bbox 129 2115 188 2149; x_wconf 90' lang='grc' dir='ltr'>νῦν</span> <span class='ocrx_word' id='word_1_259' title='bbox 204 2112 240 2150; x_wconf 81' lang='grc' dir='ltr'>δὲ</span> <span class='ocrx_word' id='word_1_260' title='bbox 259 2113 441 2165; x_wconf 89' lang='grc' dir='ltr'>πορισμόν.</span> <span class='ocrx_word' id='word_1_261' title='bbox 458 2123 497 2152; x_wconf 83' lang='lat' dir='ltr'>V·</span> 
     </span>
     <span class='ocr_line' id='line_1_34' title="bbox 181 2170 1173 2227; baseline 0.015 -21"><span class='ocrx_word' id='word_1_262' title='bbox 181 2182 245 2209; x_wconf 84' lang='grc'>313.</span> <span class='ocrx_word' id='word_1_263' title='bbox 268 2170 472 2222; x_wconf 86' lang='grc' dir='ltr'>(πράγματα</span> <span class='ocrx_word' id='word_1_264' title='bbox 492 2173 628 2223; x_wconf 85' lang='grc' dir='ltr'>βόσκειν</span> <span class='ocrx_word' id='word_1_265' title='bbox 653 2189 661 2212; x_wconf 88' lang='lat'>:</span> <span class='ocrx_word' id='word_1_266' title='bbox 686 2175 730 2214; x_wconf 89' lang='grc' dir='ltr'><strong>Ὁ</strong></span> <span class='ocrx_word' id='word_1_267' title='bbox 750 2176 847 2227; x_wconf 87' lang='grc' dir='ltr'>λόγος</span> <span class='ocrx_word' id='word_1_268' title='bbox 872 2181 911 2216; x_wconf 87' lang='grc' dir='ltr'>ἐκ</span> <span class='ocrx_word' id='word_1_269' title='bbox 936 2180 1083 2226; x_wconf 79' lang='grc' dir='ltr'>Θησέως</span> <span class='ocrx_word' id='word_1_270' title='bbox 1104 2185 1173 2221; x_wconf 75' lang='grc' dir='ltr'>Εὐ-</span> 
     </span>
     <span class='ocr_line' id='line_1_35' title="bbox 131 2227 1172 2286; baseline 0.013 -22"><span class='ocrx_word' id='word_1_271' title='bbox 131 2227 278 2279; x_wconf 84' lang='grc' dir='ltr'>ριπίδου.</span> <span class='ocrx_word' id='word_1_272' title='bbox 295 2230 369 2265; x_wconf 86' lang='grc' dir='ltr'>ἐκεῖ</span> <span class='ocrx_word' id='word_1_273' title='bbox 385 2228 452 2281; x_wconf 86' lang='grc' dir='ltr'>γὰρ</span> <span class='ocrx_word' id='word_1_274' title='bbox 473 2234 582 2268; x_wconf 86' lang='grc' dir='ltr'>ταῦτα</span> <span class='ocrx_word' id='word_1_275' title='bbox 599 2231 757 2282; x_wconf 89' lang='grc' dir='ltr'>λέγουσιν</span> <span class='ocrx_word' id='word_1_276' title='bbox 777 2238 807 2272; x_wconf 83' lang='grc' dir='ltr'>οἱ</span> <span class='ocrx_word' id='word_1_277' title='bbox 832 2237 1035 2286; x_wconf 84' lang='grc' dir='ltr'>ταττόμενοι</span> <span class='ocrx_word' id='word_1_278' title='bbox 1053 2242 1172 2285; x_wconf 78' lang='grc' dir='ltr'>παῖδες</span> 
     </span>
     <span class='ocr_line' id='line_1_36' title="bbox 76 2285 1168 2350; baseline 0.014 -30"><span class='ocrx_word' id='word_1_279' title='bbox 76 2306 110 2331; x_wconf 76' lang='lat'>35</span> <span class='ocrx_word' id='word_1_280' title='bbox 130 2286 176 2328; x_wconf 82' lang='grc' dir='ltr'>εἷς</span> <span class='ocrx_word' id='word_1_281' title='bbox 197 2285 302 2336; x_wconf 86' lang='grc' dir='ltr'>βορὰν</span> <span class='ocrx_word' id='word_1_282' title='bbox 315 2288 365 2337; x_wconf 84' lang='grc' dir='ltr'>τῷ</span> <span class='ocrx_word' id='word_1_283' title='bbox 382 2287 614 2340; x_wconf 83' lang='grc' dir='ltr'>Μινωταύρῳ.</span> <span class='ocrx_word' id='word_1_284' title='bbox 631 2289 717 2327; x_wconf 82' lang='grc' dir='ltr'>τὸδὲ</span> <span class='ocrx_word' id='word_1_285' title='bbox 737 2291 812 2338; x_wconf 70' lang='grc' dir='ltr'>ἑξῆς</span> <span class='ocrx_word' id='word_1_286' title='bbox 824 2324 835 2343; x_wconf 91' lang='grc'>,</span> <span class='ocrx_word' id='word_1_287' title='bbox 855 2293 894 2330; x_wconf 83' lang='grc' dir='ltr'>τὸ</span> <span class='ocrx_word' id='word_1_288' title='bbox 905 2295 1068 2341; x_wconf 87' lang='grc' dir='ltr'>ἀνόνητον</span> <span class='ocrx_word' id='word_1_289' title='bbox 1089 2298 1168 2350; x_wconf 80' lang='grc' dir='ltr'>ἀρα,</span> 
     </span>
     <span class='ocr_line' id='line_1_37' title="bbox 129 2342 1168 2403; baseline 0.012 -22"><span class='ocrx_word' id='word_1_290' title='bbox 129 2342 334 2386; x_wconf 86' lang='grc' dir='ltr'>Ἱππόλυτός</span> <span class='ocrx_word' id='word_1_291' title='bbox 344 2345 436 2381; x_wconf 81' lang='grc' dir='ltr'>ἐστιν</span> <span class='ocrx_word' id='word_1_292' title='bbox 450 2346 468 2381; x_wconf 83' lang='grc' dir='ltr'><em>ὃ</em></span> <span class='ocrx_word' id='word_1_293' title='bbox 483 2345 593 2395; x_wconf 82' lang='grc' dir='ltr'>λέγων</span> <span class='ocrx_word' id='word_1_294' title='bbox 613 2348 684 2385; x_wconf 86' lang='grc' dir='ltr'>ἐκεῖ</span> <span class='ocrx_word' id='word_1_295' title='bbox 704 2367 718 2381; x_wconf 85' lang='lat'>«</span> <span class='ocrx_word' id='word_1_296' title='bbox 736 2349 902 2396; x_wconf 82' lang='grc' dir='ltr'>ἀνόνητον</span> <span class='ocrx_word' id='word_1_297' title='bbox 918 2353 1079 2403; x_wconf 81' lang='grc' dir='ltr'>ἄγαλμα,</span> <span class='ocrx_word' id='word_1_298' title='bbox 1095 2357 1168 2394; x_wconf 82' lang='grc' dir='ltr'>πά-</span> 
     </span>
     <span class='ocr_line' id='line_1_38' title="bbox 125 2399 1165 2466; baseline 0.015 -30"><span class='ocrx_word' id='word_1_299' title='bbox 125 2415 196 2451; x_wconf 89' lang='grc' dir='ltr'>τερ,</span> <span class='ocrx_word' id='word_1_300' title='bbox 222 2399 344 2438; x_wconf 88' lang='grc' dir='ltr'>οἴκοισι</span> <span class='ocrx_word' id='word_1_301' title='bbox 365 2401 486 2440; x_wconf 87' lang='grc' dir='ltr'>τεκών.</span> <span class='ocrx_word' id='word_1_302' title='bbox 508 2421 522 2436; x_wconf 88' lang='lat'>»</span> <span class='ocrx_word' id='word_1_303' title='bbox 540 2429 579 2434; x_wconf 92' lang='lat'>—</span> <span class='ocrx_word' id='word_1_304' title='bbox 596 2404 739 2455; x_wconf 82' lang='grc' dir='ltr'>ἄγαλμα</span> <span class='ocrx_word' id='word_1_305' title='bbox 759 2407 826 2460; x_wconf 80' lang='grc' dir='ltr'>γὰρ</span> <span class='ocrx_word' id='word_1_306' title='bbox 843 2411 860 2445; x_wconf 84' lang='grc' dir='ltr'>ὁ</span> <span class='ocrx_word' id='word_1_307' title='bbox 880 2410 950 2453; x_wconf 87' lang='grc' dir='ltr'>υἱὸς</span> <span class='ocrx_word' id='word_1_308' title='bbox 974 2415 1023 2464; x_wconf 81' lang='grc' dir='ltr'>τῷ</span> <span class='ocrx_word' id='word_1_309' title='bbox 1046 2415 1165 2466; x_wconf 78' lang='grc' dir='ltr'>πατρὶ,</span> 
     </span>
     <span class='ocr_line' id='line_1_39' title="bbox 125 2452 1163 2521; baseline 0.016 -28"><span class='ocrx_word' id='word_1_310' title='bbox 125 2458 176 2510; x_wconf 79' lang='grc' dir='ltr'>ἐφ’</span> <span class='ocrx_word' id='word_1_311' title='bbox 196 2452 224 2510; x_wconf 74' lang='grc' dir='ltr'>ᾧ</span> <span class='ocrx_word' id='word_1_312' title='bbox 249 2458 450 2509; x_wconf 88' lang='grc' dir='ltr'>ἀγάλλεται.</span> <span class='ocrx_word' id='word_1_313' title='bbox 500 2461 644 2512; x_wconf 85' lang='grc' dir='ltr'>ἄγαλμα</span> <span class='ocrx_word' id='word_1_314' title='bbox 663 2464 801 2514; x_wconf 86' lang='grc' dir='ltr'>λέγεται</span> <span class='ocrx_word' id='word_1_315' title='bbox 819 2467 872 2519; x_wconf 71' lang='grc' dir='ltr'>ἐφ’</span> <span class='ocrx_word' id='word_1_316' title='bbox 895 2462 923 2520; x_wconf 71' lang='grc' dir='ltr'>ᾧ</span> <span class='ocrx_word' id='word_1_317' title='bbox 949 2485 998 2511; x_wconf 88' lang='grc' dir='ltr'>τις</span> <span class='ocrx_word' id='word_1_318' title='bbox 1015 2472 1163 2521; x_wconf 82' lang='grc' dir='ltr'>ἀγάλλε-</span> 
     </span>
     <span class='ocr_line' id='line_1_40' title="bbox 76 2517 1029 2573; baseline 0.014 -22"><span class='ocrx_word' id='word_1_319' title='bbox 76 2544 80 2546; x_wconf 93' lang='grc'>-</span> <span class='ocrx_word' id='word_1_320' title='bbox 124 2531 193 2554; x_wconf 91' lang='grc' dir='ltr'>ται.</span> <span class='ocrx_word' id='word_1_321' title='bbox 207 2518 253 2559; x_wconf 89' lang='grc' dir='ltr'>ὡς</span> <span class='ocrx_word' id='word_1_322' title='bbox 273 2517 378 2554; x_wconf 83' lang='grc' dir='ltr'>αὐτοῦ</span> <span class='ocrx_word' id='word_1_323' title='bbox 395 2518 430 2555; x_wconf 81' lang='grc' dir='ltr'>δὲ</span> <span class='ocrx_word' id='word_1_324' title='bbox 449 2518 678 2569; x_wconf 84' lang='grc' dir='ltr'>βαστάζοντος</span> <span class='ocrx_word' id='word_1_325' title='bbox 697 2521 792 2573; x_wconf 83' lang='grc' dir='ltr'>ἔλεγε</span> <span class='ocrx_word' id='word_1_326' title='bbox 812 2524 970 2565; x_wconf 84' lang='grc' dir='ltr'>θύλακον.</span> <span class='ocrx_word' id='word_1_327' title='bbox 990 2540 1029 2568; x_wconf 82' lang='lat' dir='ltr'>V,</span> 
     </span>
     <span class='ocr_line' id='line_1_41' title="bbox 71 2574 1128 2640; baseline 0.015 -31"><span class='ocrx_word' id='word_1_328' title='bbox 71 2591 107 2618; x_wconf 72' lang='lat'>40</span> <span class='ocrx_word' id='word_1_329' title='bbox 175 2587 238 2612; x_wconf 86' lang='lat'><strong>315.</strong></span> <span class='ocrx_word' id='word_1_330' title='bbox 268 2574 472 2626; x_wconf 69' lang='grc' dir='ltr'>[θυλάκιονε</span> <span class='ocrx_word' id='word_1_331' title='bbox 495 2575 559 2619; x_wconf 47' lang='grc' dir='ltr'>(Ως</span> <span class='ocrx_word' id='word_1_332' title='bbox 576 2579 680 2615; x_wconf 83' lang='grc' dir='ltr'>αὐτοῦ</span> <span class='ocrx_word' id='word_1_333' title='bbox 699 2581 926 2631; x_wconf 87' lang='grc' dir='ltr'>βαστάζοντος</span> <span class='ocrx_word' id='word_1_334' title='bbox 946 2583 1128 2640; x_wconf 74' lang='grc' dir='ltr'>θύλακον.]]</span> 
     </span>
    </p>

    <p class='ocr_par' dir='ltr' id='par_1_17' title="bbox 173 2632 875 2690">
     <span class='ocr_line' id='line_1_42' title="bbox 173 2632 875 2690; baseline 0.011 -20"><span class='ocrx_word' id='word_1_335' title='bbox 173 2644 236 2670; x_wconf 82' lang='grc'>319.</span> <span class='ocrx_word' id='word_1_336' title='bbox 268 2632 346 2682; x_wconf 78' lang='grc' dir='ltr'>(ὑπὸ</span> <span class='ocrx_word' id='word_1_337' title='bbox 359 2634 466 2671; x_wconf 90' lang='grc' dir='ltr'>τῶνδε</span> <span class='ocrx_word' id='word_1_338' title='bbox 483 2648 492 2673; x_wconf 91' lang='lat'><strong>:</strong></span> <span class='ocrx_word' id='word_1_339' title='bbox 515 2635 604 2674; x_wconf 70' lang='grc' dir='ltr'>ςΥπὸ</span> <span class='ocrx_word' id='word_1_340' title='bbox 620 2639 688 2674; x_wconf 87' lang='grc' dir='ltr'>τῶν</span> <span class='ocrx_word' id='word_1_341' title='bbox 707 2641 875 2690; x_wconf 86' lang='grc' dir='ltr'>οἰκετῶν.)</span> 
     </span>
    </p>

    <p class='ocr_par' dir='ltr' id='par_1_18' title="bbox 119 2690 1159 2867">
     <span class='ocr_line' id='line_1_43' title="bbox 173 2690 1159 2757; baseline 0.016 -32"><span class='ocrx_word' id='word_1_342' title='bbox 173 2701 237 2727; x_wconf 74' lang='lat'><strong>321.</strong></span> <span class='ocrx_word' id='word_1_343' title='bbox 269 2690 343 2739; x_wconf 86' lang='grc' dir='ltr'>(ἐπὶ</span> <span class='ocrx_word' id='word_1_344' title='bbox 367 2690 445 2734; x_wconf 91' lang='grc' dir='ltr'>τοὺς</span> <span class='ocrx_word' id='word_1_345' title='bbox 463 2693 648 2738; x_wconf 87' lang='grc' dir='ltr'>καδίσκους</span> <span class='ocrx_word' id='word_1_346' title='bbox 675 2709 684 2733; x_wconf 91' lang='lat'><strong>:</strong></span> <span class='ocrx_word' id='word_1_347' title='bbox 705 2696 796 2740; x_wconf 88' lang='grc' dir='ltr'>Τοὺς</span> <span class='ocrx_word' id='word_1_348' title='bbox 818 2700 853 2735; x_wconf 85' lang='grc' dir='ltr'>ἐν</span> <span class='ocrx_word' id='word_1_349' title='bbox 876 2702 925 2752; x_wconf 84' lang='grc' dir='ltr'>τῷ</span> <span class='ocrx_word' id='word_1_350' title='bbox 946 2701 1159 2757; x_wconf 82' lang='grc' dir='ltr'>δικαστηρίῳ</span> 
     </span>
     <span class='ocr_line' id='line_1_44' title="bbox 121 2742 1159 2811; baseline 0.017 -30"><span class='ocrx_word' id='word_1_351' title='bbox 121 2745 262 2792; x_wconf 85' lang='grc' dir='ltr'>κάδους,</span> <span class='ocrx_word' id='word_1_352' title='bbox 293 2749 327 2784; x_wconf 92' lang='grc' dir='ltr'>ἐν</span> <span class='ocrx_word' id='word_1_353' title='bbox 358 2742 406 2792; x_wconf 67' lang='grc' dir='ltr'>οἷς</span> <span class='ocrx_word' id='word_1_354' title='bbox 429 2750 490 2793; x_wconf 85' lang='grc' dir='ltr'>τὰς</span> <span class='ocrx_word' id='word_1_355' title='bbox 514 2751 647 2804; x_wconf 70' lang='grc' dir='ltr'>ψήφους</span> <span class='ocrx_word' id='word_1_356' title='bbox 676 2754 857 2806; x_wconf 82' lang='grc' dir='ltr'>καθίεσαν,</span> <span class='ocrx_word' id='word_1_357' title='bbox 888 2760 1159 2811; x_wconf 83' lang='grc' dir='ltr'>ὑποκοριστικῶς</span> 
     </span>
     <span class='ocr_line' id='line_1_45' title="bbox 119 2802 1155 2867; baseline 0.018 -28"><span class='ocrx_word' id='word_1_358' title='bbox 119 2802 225 2852; x_wconf 89' lang='grc' dir='ltr'>λέγει.</span> <span class='ocrx_word' id='word_1_359' title='bbox 242 2804 401 2854; x_wconf 84' lang='grc' dir='ltr'>ὀνομάζει</span> <span class='ocrx_word' id='word_1_360' title='bbox 421 2807 457 2845; x_wconf 85' lang='grc' dir='ltr'>δὲ</span> <span class='ocrx_word' id='word_1_361' title='bbox 477 2809 546 2846; x_wconf 88' lang='grc' dir='ltr'>ἀπὸ</span> <span class='ocrx_word' id='word_1_362' title='bbox 567 2810 690 2862; x_wconf 84' lang='grc' dir='ltr'>μέρους</span> <span class='ocrx_word' id='word_1_363' title='bbox 710 2812 748 2850; x_wconf 79' lang='grc' dir='ltr'>τὸ</span> <span class='ocrx_word' id='word_1_364' title='bbox 766 2814 1000 2867; x_wconf 86' lang='grc' dir='ltr'>δικαστήριον,</span> <span class='ocrx_word' id='word_1_365' title='bbox 1029 2821 1075 2861; x_wconf 84' lang='grc' dir='ltr'>ὡς</span> <span class='ocrx_word' id='word_1_366' title='bbox 1096 2821 1155 2858; x_wconf 86' lang='grc' dir='ltr'>καὶ</span> 
     </span>
    </p>

    <p class='ocr_par' dir='ltr' id='par_1_19' title="bbox 67 2859 1154 2980">
     <span class='ocr_line' id='line_1_46' title="bbox 67 2859 1154 2925; baseline 0.019 -31"><span class='ocrx_word' id='word_1_367' title='bbox 67 2883 102 2908; x_wconf 74' lang='lat'>45</span> <span class='ocrx_word' id='word_1_368' title='bbox 120 2859 284 2912; x_wconf 84' lang='grc' dir='ltr'>πρότερον</span> <span class='ocrx_word' id='word_1_369' title='bbox 297 2862 492 2916; x_wconf 80' lang='grc' dir='ltr'>κλεψύδραν</span> <span class='ocrx_word' id='word_1_370' title='bbox 512 2867 595 2904; x_wconf 79' lang='grc' dir='ltr'>αὐτὸ</span> <span class='ocrx_word' id='word_1_371' title='bbox 612 2868 761 2920; x_wconf 85' lang='grc' dir='ltr'>εἴρηκεν,</span> <span class='ocrx_word' id='word_1_372' title='bbox 782 2871 851 2909; x_wconf 87' lang='grc' dir='ltr'>ἀπὸ</span> <span class='ocrx_word' id='word_1_373' title='bbox 864 2877 924 2910; x_wconf 93' lang='grc' dir='ltr'>τοῦ</span> <span class='ocrx_word' id='word_1_374' title='bbox 944 2875 1104 2925; x_wconf 78' lang='grc' dir='ltr'>κειμένου</span> <span class='ocrx_word' id='word_1_375' title='bbox 1119 2880 1154 2915; x_wconf 91' lang='grc' dir='ltr'>ἐν</span> 
     </span>
     <span class='ocr_line' id='line_1_47' title="bbox 121 2918 879 2980; baseline 0.018 -27"><span class='ocrx_word' id='word_1_376' title='bbox 121 2918 216 2970; x_wconf 76' lang='grc' dir='ltr'>αὐτῷ</span> <span class='ocrx_word' id='word_1_377' title='bbox 231 2919 386 2968; x_wconf 81' lang='grc' dir='ltr'>ἀγγείου,</span> <span class='ocrx_word' id='word_1_378' title='bbox 399 2921 484 2972; x_wconf 87' lang='grc' dir='ltr'>πρὸς</span> <span class='ocrx_word' id='word_1_379' title='bbox 502 2923 520 2960; x_wconf 82' lang='grc' dir='ltr'>ὃ</span> <span class='ocrx_word' id='word_1_380' title='bbox 537 2927 567 2962; x_wconf 84' lang='grc' dir='ltr'>οἱ</span> <span class='ocrx_word' id='word_1_381' title='bbox 592 2925 732 2979; x_wconf 81' lang='grc' dir='ltr'>ῥήτορες</span> <span class='ocrx_word' id='word_1_382' title='bbox 748 2928 879 2980; x_wconf 85' lang='grc' dir='ltr'>ἔλεγον.</span> 
     </span>
    </p>

    <p class='ocr_par' dir='ltr' id='par_1_20' title="bbox 118 2975 1152 3154">
     <span class='ocr_line' id='line_1_48' title="bbox 173 2975 1150 3044; baseline 0.019 -33"><span class='ocrx_word' id='word_1_383' title='bbox 173 2975 230 3012; x_wconf 85' lang='grc' dir='ltr'>ἐπὶ</span> <span class='ocrx_word' id='word_1_384' title='bbox 248 2975 534 3035; x_wconf 46' lang='grc' dir='ltr'>τοὺςκκαδίσκους</span> <span class='ocrx_word' id='word_1_385' title='bbox 564 2996 573 3021; x_wconf 88' lang='lat'><strong>:</strong></span> <span class='ocrx_word' id='word_1_386' title='bbox 595 2983 685 3027; x_wconf 89' lang='grc' dir='ltr'>Τοὺς</span> <span class='ocrx_word' id='word_1_387' title='bbox 712 2986 836 3030; x_wconf 79' lang='grc' dir='ltr'>κάδους</span> <span class='ocrx_word' id='word_1_388' title='bbox 861 2987 946 3026; x_wconf 79' lang='grc' dir='ltr'>ὅπου</span> <span class='ocrx_word' id='word_1_389' title='bbox 967 2992 1002 3028; x_wconf 82' lang='grc' dir='ltr'>αἱ</span> <span class='ocrx_word' id='word_1_390' title='bbox 1031 2993 1150 3044; x_wconf 61' lang='grc' dir='ltr'>ψῆφοι.</span> 
     </span>
     <span class='ocr_line' id='line_1_49' title="bbox 119 3031 1152 3094; baseline 0.02 -27"><span class='ocrx_word' id='word_1_391' title='bbox 119 3031 303 3075; x_wconf 83' lang='grc' dir='ltr'>καδίσκους</span> <span class='ocrx_word' id='word_1_392' title='bbox 322 3037 414 3071; x_wconf 79' lang='grc' dir='ltr'>εἶπεν</span> <span class='ocrx_word' id='word_1_393' title='bbox 438 3037 709 3090; x_wconf 82' lang='grc' dir='ltr'>ὑποκοριστικῶς</span> <span class='ocrx_word' id='word_1_394' title='bbox 727 3043 788 3086; x_wconf 79' lang='grc' dir='ltr'>τὰς</span> <span class='ocrx_word' id='word_1_395' title='bbox 808 3044 970 3093; x_wconf 88' lang='grc' dir='ltr'>κάλπεις,</span> <span class='ocrx_word' id='word_1_396' title='bbox 989 3047 1069 3086; x_wconf 85' lang='grc' dir='ltr'>ἔνθα</span> <span class='ocrx_word' id='word_1_397' title='bbox 1091 3050 1152 3094; x_wconf 80' lang='grc' dir='ltr'>τὰς</span> 
     </span>
     <span class='ocr_line' id='line_1_50' title="bbox 118 3089 1149 3154; baseline 0.022 -31"><span class='ocrx_word' id='word_1_398' title='bbox 118 3089 250 3142; x_wconf 79' lang='grc' dir='ltr'>ψήφους</span> <span class='ocrx_word' id='word_1_399' title='bbox 276 3090 440 3128; x_wconf 87' lang='grc' dir='ltr'>καθίεσαν</span> <span class='ocrx_word' id='word_1_400' title='bbox 464 3094 665 3140; x_wconf 86' lang='grc' dir='ltr'>δικάζοντες.</span> <span class='ocrx_word' id='word_1_401' title='bbox 705 3101 744 3137; x_wconf 88' lang='grc' dir='ltr'>ἐκ</span> <span class='ocrx_word' id='word_1_402' title='bbox 767 3101 888 3140; x_wconf 91' lang='grc' dir='ltr'>τούτου</span> <span class='ocrx_word' id='word_1_403' title='bbox 915 3104 950 3142; x_wconf 82' lang='grc' dir='ltr'>δὲ</span> <span class='ocrx_word' id='word_1_404' title='bbox 970 3106 1069 3151; x_wconf 91' lang='grc' dir='ltr'>δηλοῖ</span> <span class='ocrx_word' id='word_1_405' title='bbox 1087 3108 1149 3154; x_wconf 76' lang='grc' dir='ltr'>τὴν</span> 
     </span>
    </p>

    <p class='ocr_par' dir='ltr' id='par_1_21' title="bbox 66 3146 632 3204">
     <span class='ocr_line' id='line_1_51' title="bbox 66 3146 632 3204; baseline 0.016 -22"><span class='ocrx_word' id='word_1_406' title='bbox 66 3169 102 3194; x_wconf 76' lang='lat'>⁵0</span> <span class='ocrx_word' id='word_1_407' title='bbox 118 3146 174 3183; x_wconf 82' lang='grc' dir='ltr'>ἐπὶ</span> <span class='ocrx_word' id='word_1_408' title='bbox 195 3146 234 3184; x_wconf 83' lang='grc' dir='ltr'>τὸ</span> <span class='ocrx_word' id='word_1_409' title='bbox 252 3147 471 3201; x_wconf 80' lang='grc' dir='ltr'>δικαστήριον</span> <span class='ocrx_word' id='word_1_410' title='bbox 490 3150 632 3204; x_wconf 73' lang='grc' dir='ltr'>ἄφιξιν.)</span> 
     </span>
    </p>

    <p class='ocr_par' dir='ltr' id='par_1_22' title="bbox 169 3205 1146 3327">
     <span class='ocr_line' id='line_1_52' title="bbox 169 3205 1005 3271; baseline 0.019 -29"><span class='ocrx_word' id='word_1_411' title='bbox 169 3217 233 3243; x_wconf 79' lang='lat'><strong>322.</strong></span> <span class='ocrx_word' id='word_1_412' title='bbox 263 3205 380 3254; x_wconf 89' lang='grc' dir='ltr'>(κακόν</span> <span class='ocrx_word' id='word_1_413' title='bbox 400 3222 432 3243; x_wconf 93' lang='grc' dir='ltr'>τι</span> <span class='ocrx_word' id='word_1_414' title='bbox 445 3211 589 3254; x_wconf 69' lang='grc' dir='ltr'>ποιῆσαι</span> <span class='ocrx_word' id='word_1_415' title='bbox 606 3224 614 3248; x_wconf 91' lang='lat'><strong>:</strong></span> <span class='ocrx_word' id='word_1_416' title='bbox 636 3214 879 3254; x_wconf 85' lang='grc' dir='ltr'>Καταδικάσαι</span> <span class='ocrx_word' id='word_1_417' title='bbox 896 3219 1005 3271; x_wconf 79' lang='grc' dir='ltr'>τινά.)</span> 
     </span>
     <span class='ocr_line' id='line_1_53' title="bbox 169 3263 1146 3327; baseline 0.02 -29"><span class='ocrx_word' id='word_1_418' title='bbox 169 3274 232 3298; x_wconf 79' lang='grc'>324.</span> <span class='ocrx_word' id='word_1_419' title='bbox 254 3263 402 3311; x_wconf 82' lang='grc' dir='ltr'>(καπνὸν</span> <span class='ocrx_word' id='word_1_420' title='bbox 420 3264 604 3317; x_wconf 70' lang='grc' dir='ltr'>ἐξαίφνηςὲ</span> <span class='ocrx_word' id='word_1_421' title='bbox 632 3267 746 3309; x_wconf 57' lang='grc' dir='ltr'>υΩστε</span> <span class='ocrx_word' id='word_1_422' title='bbox 766 3273 821 3310; x_wconf 89' lang='grc' dir='ltr'>διὰ</span> <span class='ocrx_word' id='word_1_423' title='bbox 845 3277 1048 3327; x_wconf 74' lang='grc' dir='ltr'>βραχύτητα</span> <span class='ocrx_word' id='word_1_424' title='bbox 1078 3283 1146 3317; x_wconf 86' lang='grc' dir='ltr'>τῶν</span> 
     </span>
    </p>

    <p class='ocr_par' dir='ltr' id='par_1_23' title="bbox 117 3318 670 3376">
     <span class='ocr_line' id='line_1_54' title="bbox 117 3318 670 3376; baseline 0.016 -22"><span class='ocrx_word' id='word_1_425' title='bbox 117 3319 209 3355; x_wconf 80' lang='grc' dir='ltr'>ὀπῶν</span> <span class='ocrx_word' id='word_1_426' title='bbox 223 3318 286 3364; x_wconf 86' lang='grc' dir='ltr'>τὴν</span> <span class='ocrx_word' id='word_1_427' title='bbox 304 3319 414 3363; x_wconf 82' lang='grc' dir='ltr'>ἔξοδον</span> <span class='ocrx_word' id='word_1_428' title='bbox 434 3323 670 3376; x_wconf 81' lang='grc' dir='ltr'>ποιήσασθαι.)</span> 
     </span>
    </p>
   </div>
   <div class='ocr_carea' id='block_1_3' title="bbox 97 1433 131 1459">
    <p class='ocr_par' dir='ltr' id='par_1_24' title="bbox 97 1433 131 1459">
     <span class='ocr_line' id='line_1_55' title="bbox 97 1433 131 1459; baseline 0.029 -1"><span class='ocrx_word' id='word_1_429' title='bbox 97 1433 131 1459; x_wconf 84' lang='grc'>20</span> 
     </span>
    </p>
   </div>
   <div class='ocr_carea' id='block_1_4' title="bbox 1187 461 1250 2709">
    <p class='ocr_par' dir='ltr' id='par_1_25' title="bbox 1187 461 1250 2709">
     <span class='ocr_line' id='line_1_56' title="bbox 1227 461 1250 709; baseline 0 0"><span class='ocrx_word' id='word_1_430' title='bbox 1227 461 1250 709; x_wconf 95' lang='lat' dir='ltr'>    </span> 
     </span>
     <span class='ocr_line' id='line_1_57' title="bbox 1221 709 1244 928; baseline 0 0"><span class='ocrx_word' id='word_1_431' title='bbox 1221 709 1244 928; x_wconf 95' lang='lat' dir='ltr'>     </span> 
     </span>
     <span class='ocr_line' id='line_1_58' title="bbox 1216 928 1236 1206; baseline 0 0"><span class='ocrx_word' id='word_1_432' title='bbox 1216 928 1236 1206; x_wconf 95' lang='lat' dir='ltr'>   </span> 
     </span>
     <span class='ocr_line' id='line_1_59' title="bbox 1210 1206 1230 1511; baseline 0 -233"><span class='ocrx_word' id='word_1_433' title='bbox 1210 1206 1230 1511; x_wconf 95' lang='lat' dir='ltr'>    </span> 
     </span>
     <span class='ocr_line' id='line_1_60' title="bbox 1187 2441 1218 2709; baseline 0 0"><span class='ocrx_word' id='word_1_434' title='bbox 1187 2441 1218 2709; x_wconf 95' lang='lat' dir='ltr'>  </span> 
     </span>
    </p>
   </div>
   <div class='ocr_carea' id='block_1_5' title="bbox 169 3367 1178 3444">
    <p class='ocr_par' dir='ltr' id='par_1_26' title="bbox 169 3367 1178 3444">
     <span class='ocr_line' id='line_1_61' title="bbox 169 3367 1178 3444; baseline 0.021 -32"><span class='ocrx_word' id='word_1_435' title='bbox 169 3388 230 3413; x_wconf 80' lang='lat'><strong>325.</strong></span> <span class='ocrx_word' id='word_1_436' title='bbox 258 3374 280 3421; x_wconf 85' lang='grc' dir='ltr'>ἢ</span> <span class='ocrx_word' id='word_1_437' title='bbox 303 3377 343 3414; x_wconf 82' lang='grc' dir='ltr'>τὸ</span> <span class='ocrx_word' id='word_1_438' title='bbox 365 3379 498 3418; x_wconf 82' lang='grc' dir='ltr'>Σέλλου</span> <span class='ocrx_word' id='word_1_439' title='bbox 530 3395 538 3419; x_wconf 89' lang='lat'><strong>:</strong></span> <span class='ocrx_word' id='word_1_440' title='bbox 567 3382 668 3421; x_wconf 74' lang='grc' dir='ltr'>Ἐπεὶ</span> <span class='ocrx_word' id='word_1_441' title='bbox 691 3386 820 3424; x_wconf 86' lang='grc' dir='ltr'>καπνὸν</span> <span class='ocrx_word' id='word_1_442' title='bbox 846 3383 952 3437; x_wconf 65' lang='grc' dir='ltr'>εἶπεν,</span> <span class='ocrx_word' id='word_1_443' title='bbox 979 3393 1145 3444; x_wconf 76' lang='grc' dir='ltr'>ἐπήνεγκε</span> <span class='ocrx_word' id='word_1_444' title='bbox 1172 3367 1178 3423; x_wconf 73' lang='lat' dir='ltr'>l</span> 
     </span>
    </p>
   </div>
   <div class='ocr_carea' id='block_1_6' title="bbox 2241 276 2309 309">
    <p class='ocr_par' dir='ltr' id='par_1_27' title="bbox 2241 276 2309 309">
     <span class='ocr_line' id='line_1_62' title="bbox 2241 276 2309 309; baseline 0.029 -2"><span class='ocrx_word' id='word_1_445' title='bbox 2241 276 2309 309; x_wconf 69' lang='lat'>143</span> 
     </span>
    </p>
   </div>
   <div class='ocr_carea' id='block_1_7' title="bbox 1205 331 2354 3462">
    <p class='ocr_par' dir='ltr' id='par_1_28' title="bbox 1244 331 2314 508">
     <span class='ocr_line' id='line_1_63' title="bbox 1244 331 2312 414; baseline 0.031 -44"><span class='ocrx_word' id='word_1_446' title='bbox 1244 341 1250 375; x_wconf 82' lang='grc' dir='ltr'>Ι</span> <span class='ocrx_word' id='word_1_447' title='bbox 1277 331 1415 380; x_wconf 86' lang='grc' dir='ltr'>τούτους</span> <span class='ocrx_word' id='word_1_448' title='bbox 1430 339 1475 382; x_wconf 83' lang='grc' dir='ltr'>ὡς</span> <span class='ocrx_word' id='word_1_449' title='bbox 1493 343 1783 395; x_wconf 74' lang='grc' dir='ltr'>πτωχαλαζόνας,</span> <span class='ocrx_word' id='word_1_450' title='bbox 1797 347 1854 391; x_wconf 75' lang='grc' dir='ltr'>οὓς</span> <span class='ocrx_word' id='word_1_451' title='bbox 1869 350 2006 402; x_wconf 82' lang='grc' dir='ltr'>λέγουσι</span> <span class='ocrx_word' id='word_1_452' title='bbox 2025 358 2191 403; x_wconf 82' lang='grc' dir='ltr'>καπνοὺς,</span> <span class='ocrx_word' id='word_1_453' title='bbox 2216 360 2312 414; x_wconf 88' lang='grc' dir='ltr'>Προ-</span> 
     </span>
     <span class='ocr_line' id='line_1_64' title="bbox 1277 391 2314 481; baseline 0.031 -52"><span class='ocrx_word' id='word_1_454' title='bbox 1277 391 1406 440; x_wconf 78' lang='grc' dir='ltr'>ξενίδην</span> <span class='ocrx_word' id='word_1_455' title='bbox 1423 397 1481 434; x_wconf 82' lang='grc' dir='ltr'>καὶ</span> <span class='ocrx_word' id='word_1_456' title='bbox 1503 400 1670 450; x_wconf 67' lang='grc' dir='ltr'>Αἰσχίνην</span> <span class='ocrx_word' id='word_1_457' title='bbox 1690 402 1744 440; x_wconf 83' lang='grc' dir='ltr'>τὸν</span> <span class='ocrx_word' id='word_1_458' title='bbox 1766 405 1909 446; x_wconf 84' lang='grc' dir='ltr'>Σέλλου.</span> <span class='ocrx_word' id='word_1_459' title='bbox 1925 411 1985 448; x_wconf 85' lang='grc' dir='ltr'>καὶ</span> <span class='ocrx_word' id='word_1_460' title='bbox 2000 414 2034 450; x_wconf 90' lang='grc' dir='ltr'>ἐν</span> <span class='ocrx_word' id='word_1_461' title='bbox 2054 413 2196 462; x_wconf 69' lang='grc' dir='ltr'>Ὄρνισι</span> <span class='ocrx_word' id='word_1_462' title='bbox 2211 419 2314 481; x_wconf 69' lang='grc'>[1126)</span> 
     </span>
     <span class='ocr_line' id='line_1_65' title="bbox 1275 451 1964 508; baseline 0.029 -21"><span class='ocrx_word' id='word_1_463' title='bbox 1275 451 1449 501; x_wconf 82' lang='grc' dir='ltr'>μέμνηται</span> <span class='ocrx_word' id='word_1_464' title='bbox 1465 457 1668 508; x_wconf 77' lang='grc' dir='ltr'>Προξενίδου</span> <span class='ocrx_word' id='word_1_465' title='bbox 1685 463 1730 504; x_wconf 80' lang='grc' dir='ltr'>ὡς</span> <span class='ocrx_word' id='word_1_466' title='bbox 1748 464 1964 508; x_wconf 81' lang='grc' dir='ltr'>ἀλαζονικοῦ.</span> 
     </span>
    </p>

    <p class='ocr_par' dir='ltr' id='par_1_29' title="bbox 1266 513 2349 807">
     <span class='ocr_line' id='line_1_66' title="bbox 1326 513 2311 586; baseline 0.03 -40"><span class='ocrx_word' id='word_1_467' title='bbox 1326 522 1389 548; x_wconf 69' lang='grc'>320.</span> <span class='ocrx_word' id='word_1_468' title='bbox 1423 513 1711 564; x_wconf 71' lang='grc' dir='ltr'>(ψευδαμάμαξυν</span> <span class='ocrx_word' id='word_1_469' title='bbox 1734 532 1742 557; x_wconf 86' lang='lat'><strong>:</strong></span> <span class='ocrx_word' id='word_1_470' title='bbox 1768 515 1867 565; x_wconf 66' lang='grc' dir='ltr'>Εἶδος</span> <span class='ocrx_word' id='word_1_471' title='bbox 1890 526 2049 574; x_wconf 79' lang='grc' dir='ltr'>ἀμπέλου</span> <span class='ocrx_word' id='word_1_472' title='bbox 2069 534 2311 586; x_wconf 79' lang='grc' dir='ltr'>ἡάμάμαξυς,</span> 
     </span>
     <span class='ocr_line' id='line_1_67' title="bbox 1270 564 2349 646; baseline 0.032 -45"><span class='ocrx_word' id='word_1_473' title='bbox 1270 564 1312 611; x_wconf 80' lang='grc' dir='ltr'>ἣν</span> <span class='ocrx_word' id='word_1_474' title='bbox 1332 567 1486 617; x_wconf 79' lang='grc' dir='ltr'>λέγουσιν</span> <span class='ocrx_word' id='word_1_475' title='bbox 1499 572 1746 626; x_wconf 74' lang='grc' dir='ltr'>ἀναδενδράδα.</span> <span class='ocrx_word' id='word_1_476' title='bbox 1764 577 1843 616; x_wconf 77' lang='grc' dir='ltr'>ὅλον</span> <span class='ocrx_word' id='word_1_477' title='bbox 1861 581 1896 618; x_wconf 81' lang='grc' dir='ltr'>δὲ</span> <span class='ocrx_word' id='word_1_478' title='bbox 1908 583 2041 635; x_wconf 87' lang='grc' dir='ltr'>εἴρηται</span> <span class='ocrx_word' id='word_1_479' title='bbox 2057 591 2153 643; x_wconf 75' lang='grc' dir='ltr'>παρὰ</span> <span class='ocrx_word' id='word_1_480' title='bbox 2167 593 2206 630; x_wconf 85' lang='grc' dir='ltr'>τὸ</span> <span class='ocrx_word' id='word_1_481' title='bbox 2218 596 2307 646; x_wconf 76' lang='grc' dir='ltr'>ψεύ-</span> <span class='ocrx_word' id='word_1_482' title='bbox 2334 610 2349 635; x_wconf 83' lang='lat'>⁵</span> 
     </span>
     <span class='ocr_line' id='line_1_68' title="bbox 1269 623 2306 696; baseline 0.031 -37"><span class='ocrx_word' id='word_1_483' title='bbox 1269 623 1386 661; x_wconf 88' lang='grc' dir='ltr'>δεσθαι</span> <span class='ocrx_word' id='word_1_484' title='bbox 1405 626 1462 663; x_wconf 82' lang='grc' dir='ltr'>τὸν</span> <span class='ocrx_word' id='word_1_485' title='bbox 1475 629 1644 680; x_wconf 74' lang='grc' dir='ltr'>Αἰσχίνην</span> <span class='ocrx_word' id='word_1_486' title='bbox 1661 633 1719 668; x_wconf 82' lang='grc' dir='ltr'>καὶ</span> <span class='ocrx_word' id='word_1_487' title='bbox 1733 636 1875 687; x_wconf 61' lang='grc' dir='ltr'>ψοφώδη</span> <span class='ocrx_word' id='word_1_488' title='bbox 1896 643 2023 689; x_wconf 75' lang='grc' dir='ltr'>κομιδῆ</span> <span class='ocrx_word' id='word_1_489' title='bbox 2043 646 2168 696; x_wconf 87' lang='grc' dir='ltr'>λέγειν.</span> <span class='ocrx_word' id='word_1_490' title='bbox 2190 651 2249 689; x_wconf 86' lang='grc' dir='ltr'>καὶ</span> <span class='ocrx_word' id='word_1_491' title='bbox 2266 652 2306 690; x_wconf 78' lang='grc' dir='ltr'>τὸ</span> 
     </span>
     <span class='ocr_line' id='line_1_69' title="bbox 1269 679 2302 754; baseline 0.033 -39"><span class='ocrx_word' id='word_1_492' title='bbox 1269 679 1365 722; x_wconf 82' lang='grc' dir='ltr'>ξύλον</span> <span class='ocrx_word' id='word_1_493' title='bbox 1385 683 1451 735; x_wconf 80' lang='grc' dir='ltr'>γὰρ</span> <span class='ocrx_word' id='word_1_494' title='bbox 1480 688 1541 731; x_wconf 71' lang='grc' dir='ltr'>τῆς</span> <span class='ocrx_word' id='word_1_495' title='bbox 1561 689 1766 738; x_wconf 82' lang='grc' dir='ltr'>ἀμαμάξυος</span> <span class='ocrx_word' id='word_1_496' title='bbox 1794 695 1976 745; x_wconf 87' lang='grc' dir='ltr'>καιόμενον</span> <span class='ocrx_word' id='word_1_497' title='bbox 2002 702 2110 754; x_wconf 64' lang='grc' dir='ltr'>ψόφον</span> <span class='ocrx_word' id='word_1_498' title='bbox 2130 708 2302 749; x_wconf 86' lang='grc' dir='ltr'>ἀποτελεῖ.</span> 
     </span>
     <span class='ocr_line' id='line_1_70' title="bbox 1266 738 2041 807; baseline 0.026 -33"><span class='ocrx_word' id='word_1_499' title='bbox 1266 738 1489 795; x_wconf 83' lang='grc' dir='ltr'>διατινθαλέῳ</span> <span class='ocrx_word' id='word_1_500' title='bbox 1509 743 1544 781; x_wconf 79' lang='grc' dir='ltr'>δὲ</span> <span class='ocrx_word' id='word_1_501' title='bbox 1566 746 1767 800; x_wconf 85' lang='grc' dir='ltr'>διαθέρμῳ.)</span> <span class='ocrx_word' id='word_1_502' title='bbox 1790 776 1834 781; x_wconf 76' lang='lat'><strong>—</strong></span> <span class='ocrx_word' id='word_1_503' title='bbox 1853 756 1980 807; x_wconf 77' lang='grc' dir='ltr'>θερμῷ.</span> <span class='ocrx_word' id='word_1_504' title='bbox 2010 765 2041 795; x_wconf 85' lang='lat' dir='ltr'>V.</span> 
     </span>
    </p>

    <p class='ocr_par' dir='ltr' id='par_1_30' title="bbox 1255 800 2354 1143">
     <span class='ocr_line' id='line_1_71' title="bbox 1315 800 2302 866; baseline 0.03 -32"><span class='ocrx_word' id='word_1_505' title='bbox 1315 809 1378 835; x_wconf 79' lang='lat'><strong>329.</strong></span> <span class='ocrx_word' id='word_1_506' title='bbox 1404 800 1592 848; x_wconf 79' lang='grc' dir='ltr'>(σπόδισον</span> <span class='ocrx_word' id='word_1_507' title='bbox 1619 805 1753 856; x_wconf 87' lang='grc' dir='ltr'>ταχέως</span> <span class='ocrx_word' id='word_1_508' title='bbox 1791 821 1799 846; x_wconf 89' lang='lat'>:</span> <span class='ocrx_word' id='word_1_509' title='bbox 1836 811 1985 862; x_wconf 74' lang='grc' dir='ltr'>Πλῆξον,</span> <span class='ocrx_word' id='word_1_510' title='bbox 2020 821 2149 858; x_wconf 88' lang='grc' dir='ltr'>καῦσον</span> <span class='ocrx_word' id='word_1_511' title='bbox 2185 825 2230 866; x_wconf 85' lang='grc' dir='ltr'>ὡς</span> <span class='ocrx_word' id='word_1_512' title='bbox 2267 827 2302 863; x_wconf 87' lang='grc' dir='ltr'>ἐν</span> 
     </span>
     <span class='ocr_line' id='line_1_72' title="bbox 1261 857 2354 927; baseline 0.024 -36"><span class='ocrx_word' id='word_1_513' title='bbox 1261 857 1405 908; x_wconf 83' lang='grc' dir='ltr'>σποδῷ.)</span> <span class='ocrx_word' id='word_1_514' title='bbox 2323 903 2354 927; x_wconf 76' lang='grc'>,0</span> 
     </span>
     <span class='ocr_line' id='line_1_73' title="bbox 1313 916 2300 993; baseline 0.028 -43"><span class='ocrx_word' id='word_1_515' title='bbox 1313 926 1376 952; x_wconf 82' lang='grc'>330.</span> <span class='ocrx_word' id='word_1_516' title='bbox 1411 916 1562 965; x_wconf 71' lang='grc' dir='ltr'>(κᾶπειτ’</span> <span class='ocrx_word' id='word_1_517' title='bbox 1592 920 1721 958; x_wconf 83' lang='grc' dir='ltr'>ἀνελών</span> <span class='ocrx_word' id='word_1_518' title='bbox 1752 923 1788 973; x_wconf 87' lang='grc' dir='ltr'>μ’</span> <span class='ocrx_word' id='word_1_519' title='bbox 1813 925 2043 979; x_wconf 70' lang='grc' dir='ltr'>ἀποφυσήσας</span> <span class='ocrx_word' id='word_1_520' title='bbox 2075 946 2084 971; x_wconf 89' lang='lat'>:</span> <span class='ocrx_word' id='word_1_521' title='bbox 2120 937 2201 974; x_wconf 83' lang='grc' dir='ltr'>Τῶν</span> <span class='ocrx_word' id='word_1_522' title='bbox 2233 939 2300 993; x_wconf 72' lang='grc' dir='ltr'>γὰρ</span> 
     </span>
     <span class='ocr_line' id='line_1_74' title="bbox 1258 969 2296 1044; baseline 0.029 -39"><span class='ocrx_word' id='word_1_523' title='bbox 1258 969 1608 1024; x_wconf 82' lang='grc' dir='ltr'>ἀπανθρακιζομένων</span> <span class='ocrx_word' id='word_1_524' title='bbox 1635 977 1762 1028; x_wconf 83' lang='grc' dir='ltr'>ἰχθύων</span> <span class='ocrx_word' id='word_1_525' title='bbox 1789 982 1994 1036; x_wconf 63' lang='grc' dir='ltr'>ἀποφυσῶσι</span> <span class='ocrx_word' id='word_1_526' title='bbox 2020 989 2082 1036; x_wconf 79' lang='grc' dir='ltr'>τὴν</span> <span class='ocrx_word' id='word_1_527' title='bbox 2109 995 2247 1035; x_wconf 80' lang='grc' dir='ltr'>σποδόν.</span> <span class='ocrx_word' id='word_1_528' title='bbox 2275 998 2296 1044; x_wconf 85' lang='grc' dir='ltr'>ἢ</span> 
     </span>
     <span class='ocr_line' id='line_1_75' title="bbox 1256 1027 2297 1107; baseline 0.028 -44"><span class='ocrx_word' id='word_1_529' title='bbox 1256 1027 1409 1080; x_wconf 90' lang='grc' dir='ltr'>παρόσον</span> <span class='ocrx_word' id='word_1_530' title='bbox 1425 1032 1458 1068; x_wconf 86' lang='grc' dir='ltr'>ἐν</span> <span class='ocrx_word' id='word_1_531' title='bbox 1479 1035 1527 1085; x_wconf 82' lang='grc' dir='ltr'>τῷ</span> <span class='ocrx_word' id='word_1_532' title='bbox 1546 1035 1656 1072; x_wconf 81' lang='grc' dir='ltr'>ὀπτᾶν</span> <span class='ocrx_word' id='word_1_533' title='bbox 1668 1039 1834 1087; x_wconf 68' lang='grc' dir='ltr'>φυσῶσιν,</span> <span class='ocrx_word' id='word_1_534' title='bbox 1852 1040 1908 1079; x_wconf 80' lang='grc' dir='ltr'>ἵνα</span> <span class='ocrx_word' id='word_1_535' title='bbox 1926 1044 2031 1083; x_wconf 87' lang='grc' dir='ltr'>πλέον</span> <span class='ocrx_word' id='word_1_536' title='bbox 2041 1049 2164 1103; x_wconf 82' lang='grc' dir='ltr'>ἐγερθῇ</span> <span class='ocrx_word' id='word_1_537' title='bbox 2179 1052 2218 1089; x_wconf 84' lang='grc' dir='ltr'>τὸ</span> <span class='ocrx_word' id='word_1_538' title='bbox 2228 1057 2297 1107; x_wconf 87' lang='grc' dir='ltr'>πῦρ</span> 
     </span>
     <span class='ocr_line' id='line_1_76' title="bbox 1255 1085 1639 1143; baseline 0.026 -22"><span class='ocrx_word' id='word_1_539' title='bbox 1255 1085 1314 1122; x_wconf 91' lang='grc' dir='ltr'>καὶ</span> <span class='ocrx_word' id='word_1_540' title='bbox 1334 1091 1456 1127; x_wconf 75' lang='grc' dir='ltr'>θᾶττον</span> <span class='ocrx_word' id='word_1_541' title='bbox 1471 1090 1639 1143; x_wconf 89' lang='grc' dir='ltr'>γένηται.)</span> 
     </span>
    </p>

    <p class='ocr_par' dir='ltr' id='par_1_31' title="bbox 1253 1149 1677 1258">
     <span class='ocr_line' id='line_1_77' title="bbox 1307 1149 1677 1201; baseline 0.024 -19"><span class='ocrx_word' id='word_1_542' title='bbox 1307 1157 1369 1184; x_wconf 87' lang='grc'>331.</span> <span class='ocrx_word' id='word_1_543' title='bbox 1402 1149 1461 1197; x_wconf 86' lang='grc' dir='ltr'>(εἷς</span> <span class='ocrx_word' id='word_1_544' title='bbox 1486 1149 1641 1201; x_wconf 82' lang='grc' dir='ltr'>ὀξάλμην</span> <span class='ocrx_word' id='word_1_545' title='bbox 1667 1165 1677 1191; x_wconf 73' lang='grc'><strong><em>2</em></strong></span> 
     </span>
     <span class='ocr_line' id='line_1_78' title="bbox 1253 1202 1491 1258; baseline 0.029 -20"><span class='ocrx_word' id='word_1_546' title='bbox 1253 1202 1491 1258; x_wconf 79' lang='grc' dir='ltr'>ἐσθιομένων.)</span> 
     </span>
    </p>

    <p class='ocr_par' dir='ltr' id='par_1_32' title="bbox 1243 1263 2292 1778">
     <span class='ocr_line' id='line_1_79' title="bbox 1304 1263 2292 1335; baseline 0.025 -37"><span class='ocrx_word' id='word_1_547' title='bbox 1304 1274 1367 1300; x_wconf 83' lang='lat'><strong>332.</strong></span> <span class='ocrx_word' id='word_1_548' title='bbox 1401 1263 1480 1314; x_wconf 81' lang='grc' dir='ltr'>(τὰς</span> <span class='ocrx_word' id='word_1_549' title='bbox 1508 1267 1662 1319; x_wconf 77' lang='grc' dir='ltr'>χοιρίνας</span> <span class='ocrx_word' id='word_1_550' title='bbox 1688 1282 1697 1307; x_wconf 86' lang='lat'>:</span> <span class='ocrx_word' id='word_1_551' title='bbox 1724 1269 1787 1309; x_wconf 83' lang='grc' dir='ltr'>Ἐν</span> <span class='ocrx_word' id='word_1_552' title='bbox 1812 1275 1861 1326; x_wconf 83' lang='grc' dir='ltr'>τῷ</span> <span class='ocrx_word' id='word_1_553' title='bbox 1879 1277 1946 1313; x_wconf 88' lang='grc' dir='ltr'>τῶν</span> <span class='ocrx_word' id='word_1_554' title='bbox 1965 1277 2114 1317; x_wconf 89' lang='grc' dir='ltr'>Ἱππέων</span> <span class='ocrx_word' id='word_1_555' title='bbox 2141 1283 2292 1335; x_wconf 83' lang='grc' dir='ltr'>δράματι</span> 
     </span>
     <span class='ocr_line' id='line_1_80' title="bbox 1250 1317 2292 1395; baseline 0.025 -40"><span class='ocrx_word' id='word_1_556' title='bbox 1250 1317 1383 1371; x_wconf 85' lang='grc' dir='ltr'>εἴρηται</span> <span class='ocrx_word' id='word_1_557' title='bbox 1404 1322 1456 1372; x_wconf 77' lang='lat' dir='ltr'>[ad</span> <span class='ocrx_word' id='word_1_558' title='bbox 1472 1342 1501 1363; x_wconf 84' lang='lat' dir='ltr'>v.</span> <span class='ocrx_word' id='word_1_559' title='bbox 1522 1338 1588 1362; x_wconf 84' lang='lat'>1150</span> <span class='ocrx_word' id='word_1_560' title='bbox 1603 1326 1616 1376; x_wconf 79' lang='lat'>]</span> <span class='ocrx_word' id='word_1_561' title='bbox 1630 1326 1681 1363; x_wconf 77' lang='grc' dir='ltr'>ὅτι</span> <span class='ocrx_word' id='word_1_562' title='bbox 1700 1329 1867 1380; x_wconf 87' lang='grc' dir='ltr'>χοιρίναις</span> <span class='ocrx_word' id='word_1_563' title='bbox 1886 1335 2039 1386; x_wconf 82' lang='grc' dir='ltr'>ἐχρῶντο</span> <span class='ocrx_word' id='word_1_564' title='bbox 2058 1339 2126 1390; x_wconf 85' lang='grc' dir='ltr'>πρὸ</span> <span class='ocrx_word' id='word_1_565' title='bbox 2145 1344 2212 1378; x_wconf 89' lang='grc' dir='ltr'>τῶν</span> <span class='ocrx_word' id='word_1_566' title='bbox 2227 1343 2292 1395; x_wconf 74' lang='grc' dir='ltr'>ψή-</span> 
     </span>
     <span class='ocr_line' id='line_1_81' title="bbox 1250 1378 2290 1448; baseline 0.025 -34"><span class='ocrx_word' id='word_1_567' title='bbox 1250 1392 1321 1428; x_wconf 74' lang='grc' dir='ltr'>φων</span> <span class='ocrx_word' id='word_1_568' title='bbox 1341 1381 1372 1416; x_wconf 82' lang='grc' dir='ltr'>οἱ</span> <span class='ocrx_word' id='word_1_569' title='bbox 1389 1381 1562 1422; x_wconf 82' lang='grc' dir='ltr'>δικασταί.</span> <span class='ocrx_word' id='word_1_570' title='bbox 1581 1378 1669 1430; x_wconf 60' lang='grc' dir='ltr'>ἦσαν</span> <span class='ocrx_word' id='word_1_571' title='bbox 1682 1385 1717 1422; x_wconf 81' lang='grc' dir='ltr'>δὲ</span> <span class='ocrx_word' id='word_1_572' title='bbox 1729 1386 1856 1440; x_wconf 69' lang='grc' dir='ltr'>κόγχαι</span> <span class='ocrx_word' id='word_1_573' title='bbox 1874 1392 1972 1440; x_wconf 78' lang='grc' dir='ltr'>τινὲς,</span> <span class='ocrx_word' id='word_1_574' title='bbox 1990 1394 2036 1438; x_wconf 82' lang='grc' dir='ltr'>ὥς</span> <span class='ocrx_word' id='word_1_575' title='bbox 2052 1411 2156 1448; x_wconf 70' lang='grc' dir='ltr'>φησιν</span> <span class='ocrx_word' id='word_1_576' title='bbox 2171 1399 2290 1439; x_wconf 72' lang='grc' dir='ltr'>Ἐπα-</span> 
     </span>
     <span class='ocr_line' id='line_1_82' title="bbox 1249 1435 2286 1512; baseline 0.025 -40"><span class='ocrx_word' id='word_1_577' title='bbox 1249 1435 1405 1488; x_wconf 67' lang='grc' dir='ltr'>’ρρόδιτος</span> <span class='ocrx_word' id='word_1_578' title='bbox 1425 1442 1459 1477; x_wconf 86' lang='grc' dir='ltr'>ἐν</span> <span class='ocrx_word' id='word_1_579' title='bbox 1480 1444 1554 1485; x_wconf 84' lang='grc' dir='ltr'>ταῖς</span> <span class='ocrx_word' id='word_1_580' title='bbox 1585 1443 1708 1488; x_wconf 82' lang='grc' dir='ltr'>λέξεσι.</span> <span class='ocrx_word' id='word_1_581' title='bbox 1741 1468 1787 1471; x_wconf 84' lang='grc'>-</span> <span class='ocrx_word' id='word_1_582' title='bbox 1813 1449 1876 1493; x_wconf 85' lang='grc' dir='ltr'>τὰς</span> <span class='ocrx_word' id='word_1_583' title='bbox 1910 1452 2112 1498; x_wconf 80' lang='grc' dir='ltr'>δικαστικὰς</span> <span class='ocrx_word' id='word_1_584' title='bbox 2141 1458 2286 1512; x_wconf 70' lang='grc' dir='ltr'>ψήφους.</span> 
     </span>
     <span class='ocr_line' id='line_1_83' title="bbox 1248 1494 2287 1568; baseline 0.025 -38"><span class='ocrx_word' id='word_1_585' title='bbox 1248 1494 1314 1531; x_wconf 86' lang='grc' dir='ltr'>εἶσὶ</span> <span class='ocrx_word' id='word_1_586' title='bbox 1335 1495 1370 1533; x_wconf 84' lang='grc' dir='ltr'>δὲ</span> <span class='ocrx_word' id='word_1_587' title='bbox 1393 1498 1512 1550; x_wconf 84' lang='grc' dir='ltr'>ὥσπερ</span> <span class='ocrx_word' id='word_1_588' title='bbox 1531 1501 1702 1553; x_wconf 67' lang='grc' dir='ltr'>κογχύλια</span> <span class='ocrx_word' id='word_1_589' title='bbox 1722 1507 1852 1554; x_wconf 81' lang='grc' dir='ltr'>λεπτὰ,</span> <span class='ocrx_word' id='word_1_590' title='bbox 1873 1502 1922 1552; x_wconf 69' lang='grc' dir='ltr'>οἷς</span> <span class='ocrx_word' id='word_1_591' title='bbox 1948 1511 2113 1563; x_wconf 87' lang='grc' dir='ltr'>πρότερον</span> <span class='ocrx_word' id='word_1_592' title='bbox 2134 1516 2287 1568; x_wconf 83' lang='grc' dir='ltr'>ἐχρῶντο</span> 
     </span>
     <span class='ocr_line' id='line_1_84' title="bbox 1247 1552 2283 1624; baseline 0.025 -37"><span class='ocrx_word' id='word_1_593' title='bbox 1247 1552 1322 1590; x_wconf 82' lang='grc' dir='ltr'>ἀντὶ</span> <span class='ocrx_word' id='word_1_594' title='bbox 1342 1554 1465 1607; x_wconf 66' lang='grc' dir='ltr'>ψήφων</span> <span class='ocrx_word' id='word_1_595' title='bbox 1484 1559 1514 1595; x_wconf 89' lang='grc' dir='ltr'>οἱ</span> <span class='ocrx_word' id='word_1_596' title='bbox 1530 1559 1690 1600; x_wconf 81' lang='grc' dir='ltr'>δικασταὶ</span> <span class='ocrx_word' id='word_1_597' title='bbox 1707 1565 1773 1617; x_wconf 81' lang='grc' dir='ltr'>πρὸ</span> <span class='ocrx_word' id='word_1_598' title='bbox 1790 1568 1852 1611; x_wconf 66' lang='grc' dir='ltr'>’.ἧς</span> <span class='ocrx_word' id='word_1_599' title='bbox 1866 1567 2031 1619; x_wconf 79' lang='grc' dir='ltr'>εὑρέσεως</span> <span class='ocrx_word' id='word_1_600' title='bbox 2043 1573 2111 1608; x_wconf 90' lang='grc' dir='ltr'>τῶν</span> <span class='ocrx_word' id='word_1_601' title='bbox 2125 1573 2283 1624; x_wconf 88' lang='grc' dir='ltr'>κυάμων.</span> 
     </span>
     <span class='ocr_line' id='line_1_85' title="bbox 1245 1610 2284 1679; baseline 0.025 -34"><span class='ocrx_word' id='word_1_602' title='bbox 1245 1611 1275 1646; x_wconf 88' lang='grc' dir='ltr'>οἱ</span> <span class='ocrx_word' id='word_1_603' title='bbox 1296 1610 1333 1647; x_wconf 80' lang='grc' dir='ltr'>δέ</span> <span class='ocrx_word' id='word_1_604' title='bbox 1354 1627 1438 1664; x_wconf 74' lang='grc' dir='ltr'>φασι</span> <span class='ocrx_word' id='word_1_605' title='bbox 1461 1615 1520 1673; x_wconf 64' lang='grc' dir='ltr'>καὶ</span> <span class='ocrx_word' id='word_1_606' title='bbox 1543 1618 1640 1670; x_wconf 75' lang='grc' dir='ltr'>παρὰ</span> <span class='ocrx_word' id='word_1_607' title='bbox 1659 1620 1722 1664; x_wconf 78' lang='grc' dir='ltr'>τὰς</span> <span class='ocrx_word' id='word_1_608' title='bbox 1741 1622 1870 1675; x_wconf 82' lang='grc' dir='ltr'>πέτρας</span> <span class='ocrx_word' id='word_1_609' title='bbox 1890 1625 1995 1669; x_wconf 77' lang='grc' dir='ltr'>αὐτὰς</span> <span class='ocrx_word' id='word_1_610' title='bbox 2014 1626 2106 1679; x_wconf 85' lang='grc' dir='ltr'>ἔχειν</span> <span class='ocrx_word' id='word_1_611' title='bbox 2128 1630 2191 1677; x_wconf 74' lang='grc' dir='ltr'>τὴν</span> <span class='ocrx_word' id='word_1_612' title='bbox 2209 1635 2284 1672; x_wconf 81' lang='grc' dir='ltr'>ὀνο-</span> 
     </span>
     <span class='ocr_line' id='line_1_86' title="bbox 1244 1668 2282 1739; baseline 0.026 -37"><span class='ocrx_word' id='word_1_613' title='bbox 1244 1668 1387 1716; x_wconf 88' lang='grc' dir='ltr'>μασίαν,</span> <span class='ocrx_word' id='word_1_614' title='bbox 1406 1670 1440 1714; x_wconf 79' lang='grc' dir='ltr'>ἐξ</span> <span class='ocrx_word' id='word_1_615' title='bbox 1457 1675 1504 1709; x_wconf 84' lang='grc' dir='ltr'>ὡν</span> <span class='ocrx_word' id='word_1_616' title='bbox 1532 1675 1732 1727; x_wconf 84' lang='grc' dir='ltr'>ἐκλέγονται</span> <span class='ocrx_word' id='word_1_617' title='bbox 1748 1680 1791 1717; x_wconf 82' lang='grc' dir='ltr'>τὰ</span> <span class='ocrx_word' id='word_1_618' title='bbox 1813 1682 1995 1734; x_wconf 63' lang='grc' dir='ltr'>κογχύλια.</span> <span class='ocrx_word' id='word_1_619' title='bbox 2025 1687 2174 1739; x_wconf 83' lang='grc' dir='ltr'>χοιρίδες</span> <span class='ocrx_word' id='word_1_620' title='bbox 2191 1689 2226 1728; x_wconf 81' lang='grc' dir='ltr'>δὲ</span> <span class='ocrx_word' id='word_1_621' title='bbox 2246 1694 2282 1730; x_wconf 79' lang='grc' dir='ltr'>αἱ</span> 
     </span>
     <span class='ocr_line' id='line_1_87' title="bbox 1243 1728 1455 1778; baseline 0.028 -16"><span class='ocrx_word' id='word_1_622' title='bbox 1243 1728 1378 1778; x_wconf 86' lang='grc' dir='ltr'>πέτραι.</span> <span class='ocrx_word' id='word_1_623' title='bbox 1399 1730 1455 1778; x_wconf 73' lang='lat' dir='ltr'>v.)</span> 
     </span>
    </p>

    <p class='ocr_par' dir='ltr' id='par_1_33' title="bbox 1294 1787 2280 1850">
     <span class='ocr_line' id='line_1_88' title="bbox 1294 1787 2280 1850; baseline 0.024 -30"><span class='ocrx_word' id='word_1_624' title='bbox 1294 1797 1356 1822; x_wconf 84' lang='lat'><strong>333.</strong></span> <span class='ocrx_word' id='word_1_625' title='bbox 1389 1787 1514 1835; x_wconf 83' lang='grc' dir='ltr'>(ταῦτά</span> <span class='ocrx_word' id='word_1_626' title='bbox 1535 1791 1566 1826; x_wconf 92' lang='grc' dir='ltr'>σ’</span> <span class='ocrx_word' id='word_1_627' title='bbox 1583 1790 1706 1843; x_wconf 85' lang='grc' dir='ltr'>εἴργων</span> <span class='ocrx_word' id='word_1_628' title='bbox 1728 1807 1736 1832; x_wconf 78' lang='lat'>2</span> <span class='ocrx_word' id='word_1_629' title='bbox 1755 1794 1806 1833; x_wconf 75' lang='grc' dir='ltr'>Τὸ</span> <span class='ocrx_word' id='word_1_630' title='bbox 1827 1789 1914 1833; x_wconf 66' lang='grc' dir='ltr'>εἶναι</span> <span class='ocrx_word' id='word_1_631' title='bbox 1931 1797 1992 1836; x_wconf 92' lang='grc' dir='ltr'>σὺν</span> <span class='ocrx_word' id='word_1_632' title='bbox 2004 1802 2087 1850; x_wconf 74' lang='grc' dir='ltr'>ἡμῖν</span> <span class='ocrx_word' id='word_1_633' title='bbox 2104 1803 2163 1840; x_wconf 81' lang='grc' dir='ltr'>καὶ</span> <span class='ocrx_word' id='word_1_634' title='bbox 2180 1805 2280 1844; x_wconf 87' lang='grc' dir='ltr'>δικά-</span> 
     </span>
    </p>

    <p class='ocr_par' dir='ltr' id='par_1_34' title="bbox 1260 1842 2276 1914">
     <span class='ocr_line' id='line_1_89' title="bbox 1260 1842 2276 1914; baseline 0.024 -37"><span class='ocrx_word' id='word_1_635' title='bbox 1260 1856 1319 1879; x_wconf 84' lang='grc' dir='ltr'>ειν.</span> <span class='ocrx_word' id='word_1_636' title='bbox 1342 1842 1464 1895; x_wconf 69' lang='grc' dir='ltr'>ὕφεσθε</span> <span class='ocrx_word' id='word_1_637' title='bbox 1486 1845 1521 1883; x_wconf 82' lang='grc' dir='ltr'>δὲ</span> <span class='ocrx_word' id='word_1_638' title='bbox 1539 1848 1752 1900; x_wconf 74' lang='grc' dir='ltr'>ὑποχαλᾶτε.</span> <span class='ocrx_word' id='word_1_639' title='bbox 1771 1855 1809 1890; x_wconf 84' lang='grc' dir='ltr'>ἐκ</span> <span class='ocrx_word' id='word_1_640' title='bbox 1829 1863 2027 1908; x_wconf 66' lang='grc' dir='ltr'>μεταφορᾶς</span> <span class='ocrx_word' id='word_1_641' title='bbox 2038 1861 2106 1896; x_wconf 87' lang='grc' dir='ltr'>τῶν</span> <span class='ocrx_word' id='word_1_642' title='bbox 2120 1863 2276 1914; x_wconf 88' lang='grc' dir='ltr'>πλοίων.)</span> 
     </span>
    </p>

    <p class='ocr_par' dir='ltr' id='par_1_35' title="bbox 1231 1902 2279 2233">
     <span class='ocr_line' id='line_1_90' title="bbox 1290 1902 2279 1967; baseline 0.022 -30"><span class='ocrx_word' id='word_1_643' title='bbox 1290 1913 1354 1939; x_wconf 87' lang='grc'>338.</span> <span class='ocrx_word' id='word_1_644' title='bbox 1387 1902 1460 1952; x_wconf 86' lang='grc' dir='ltr'>(τοῦ</span> <span class='ocrx_word' id='word_1_645' title='bbox 1481 1905 1509 1940; x_wconf 85' lang='grc' dir='ltr'>δ’</span> <span class='ocrx_word' id='word_1_646' title='bbox 1528 1905 1656 1957; x_wconf 65' lang='grc' dir='ltr'>ἐφέξειν</span> <span class='ocrx_word' id='word_1_647' title='bbox 1679 1921 1688 1946; x_wconf 87' lang='lat'>:</span> <span class='ocrx_word' id='word_1_648' title='bbox 1707 1911 1887 1963; x_wconf 71' lang='grc' dir='ltr'>Γράφεται</span> <span class='ocrx_word' id='word_1_649' title='bbox 1907 1919 1967 1950; x_wconf 84' lang='grc' dir='ltr'>καὶ</span> <span class='ocrx_word' id='word_1_650' title='bbox 1983 1915 2126 1967; x_wconf 66' lang='grc' dir='ltr'>ὑφέξειν,</span> <span class='ocrx_word' id='word_1_651' title='bbox 2157 1914 2225 1957; x_wconf 68' lang='grc' dir='ltr'>οἷον</span> <span class='ocrx_word' id='word_1_652' title='bbox 2245 1923 2279 1960; x_wconf 86' lang='grc' dir='ltr'>τί</span> 
     </span>
     <span class='ocr_line' id='line_1_91' title="bbox 1237 1958 2276 2030; baseline 0.023 -37"><span class='ocrx_word' id='word_1_653' title='bbox 1237 1958 1510 2010; x_wconf 75' lang='grc' dir='ltr'>ὑπισχνούμενός</span> <span class='ocrx_word' id='word_1_654' title='bbox 1530 1978 1581 2000; x_wconf 85' lang='grc' dir='ltr'>σοι</span> <span class='ocrx_word' id='word_1_655' title='bbox 1598 1965 1733 2017; x_wconf 87' lang='grc' dir='ltr'>ἐπίσχει</span> <span class='ocrx_word' id='word_1_656' title='bbox 1750 1983 1806 2015; x_wconf 86' lang='grc' dir='ltr'>σε,</span> <span class='ocrx_word' id='word_1_657' title='bbox 1824 1969 1845 2015; x_wconf 84' lang='grc' dir='ltr'>ἢ</span> <span class='ocrx_word' id='word_1_658' title='bbox 1866 1970 1954 2014; x_wconf 89' lang='grc' dir='ltr'>τίνος</span> <span class='ocrx_word' id='word_1_659' title='bbox 1980 1973 2097 2025; x_wconf 67' lang='grc' dir='ltr'>χάριν,</span> <span class='ocrx_word' id='word_1_660' title='bbox 2119 1978 2216 2030; x_wconf 70' lang='grc' dir='ltr'>παρὰ</span> <span class='ocrx_word' id='word_1_661' title='bbox 2241 1981 2276 2018; x_wconf 80' lang='grc' dir='ltr'>δὲ</span> 
     </span>
     <span class='ocr_line' id='line_1_92' title="bbox 1235 2017 2274 2084; baseline 0.023 -33"><span class='ocrx_word' id='word_1_662' title='bbox 1235 2017 1305 2058; x_wconf 83' lang='grc' dir='ltr'>τοῖς</span> <span class='ocrx_word' id='word_1_663' title='bbox 1328 2024 1503 2069; x_wconf 89' lang='grc' dir='ltr'>τραγικοῖς</span> <span class='ocrx_word' id='word_1_664' title='bbox 1529 2019 1639 2072; x_wconf 69' lang='grc' dir='ltr'>ἔφεξις</span> <span class='ocrx_word' id='word_1_665' title='bbox 1662 2026 1682 2068; x_wconf 87' lang='grc' dir='ltr'>ἡ</span> <span class='ocrx_word' id='word_1_666' title='bbox 1705 2020 1888 2077; x_wconf 75' lang='grc' dir='ltr'>πρόφασις.</span> <span class='ocrx_word' id='word_1_667' title='bbox 1919 2028 1953 2065; x_wconf 88' lang='grc' dir='ltr'>τί</span> <span class='ocrx_word' id='word_1_668' title='bbox 1981 2035 2274 2084; x_wconf 68' lang='grc' dir='ltr'>προφασιζόμενος</span> 
     </span>
     <span class='ocr_line' id='line_1_93' title="bbox 1235 2074 2274 2142; baseline 0.024 -34"><span class='ocrx_word' id='word_1_669' title='bbox 1235 2074 1405 2123; x_wconf 89' lang='grc' dir='ltr'>συγκλείει</span> <span class='ocrx_word' id='word_1_670' title='bbox 1422 2091 1478 2122; x_wconf 85' lang='grc' dir='ltr'>σε;</span> <span class='ocrx_word' id='word_1_671' title='bbox 1505 2077 1564 2115; x_wconf 86' lang='grc' dir='ltr'>καὶ</span> <span class='ocrx_word' id='word_1_672' title='bbox 1580 2079 1618 2117; x_wconf 83' lang='grc' dir='ltr'>τὸ</span> <span class='ocrx_word' id='word_1_673' title='bbox 1637 2081 1721 2132; x_wconf 83' lang='grc' dir='ltr'>παρ’</span> <span class='ocrx_word' id='word_1_674' title='bbox 1746 2082 1896 2136; x_wconf 68' lang='grc' dir='ltr'>“Ομήρῳ</span> <span class='ocrx_word' id='word_1_675' title='bbox 1920 2091 1993 2131; x_wconf 92' lang='lat' dir='ltr'><strong>[Od.</strong></span> <span class='ocrx_word' id='word_1_676' title='bbox 2019 2097 2068 2134; x_wconf 80' lang='grc' dir='ltr'>Φ,</span> <span class='ocrx_word' id='word_1_677' title='bbox 2096 2092 2145 2142; x_wconf 86' lang='grc'>70]</span> <span class='ocrx_word' id='word_1_678' title='bbox 2163 2111 2178 2125; x_wconf 77' lang='grc' dir='ltr'>α</span> <span class='ocrx_word' id='word_1_679' title='bbox 2195 2095 2274 2133; x_wconf 86' lang='grc' dir='ltr'>οὐδέ</span> 
     </span>
     <span class='ocr_line' id='line_1_94' title="bbox 1232 2131 2269 2203; baseline 0.023 -37"><span class='ocrx_word' id='word_1_680' title='bbox 1232 2131 1295 2167; x_wconf 88' lang='grc' dir='ltr'>τιν’</span> <span class='ocrx_word' id='word_1_681' title='bbox 1321 2132 1429 2179; x_wconf 83' lang='grc' dir='ltr'>ἄλλην</span> <span class='ocrx_word' id='word_1_682' title='bbox 1451 2133 1558 2183; x_wconf 80' lang='grc' dir='ltr'>μύθου</span> <span class='ocrx_word' id='word_1_683' title='bbox 1578 2137 1791 2183; x_wconf 84' lang='grc' dir='ltr'>ποιήσασθαι</span> <span class='ocrx_word' id='word_1_684' title='bbox 1815 2143 2017 2194; x_wconf 75' lang='grc' dir='ltr'>ἐπισχεσίην</span> <span class='ocrx_word' id='word_1_685' title='bbox 2042 2147 2204 2189; x_wconf 78' lang='grc' dir='ltr'>ἐδύνασθε</span> <span class='ocrx_word' id='word_1_686' title='bbox 2223 2155 2269 2203; x_wconf 85' lang='lat'>»).</span> 
     </span>
     <span class='ocr_line' id='line_1_95' title="bbox 1231 2189 1593 2233; baseline 0.019 -8"><span class='ocrx_word' id='word_1_687' title='bbox 1231 2212 1283 2218; x_wconf 85' lang='lat'>——-</span> <span class='ocrx_word' id='word_1_688' title='bbox 1301 2189 1388 2233; x_wconf 90' lang='grc' dir='ltr'>τίνος</span> <span class='ocrx_word' id='word_1_689' title='bbox 1407 2191 1533 2232; x_wconf 79' lang='grc' dir='ltr'>ἕνεκεν.</span> <span class='ocrx_word' id='word_1_690' title='bbox 1551 2198 1593 2231; x_wconf 88' lang='lat' dir='ltr'>R.</span> 
     </span>
    </p>

    <p class='ocr_par' dir='ltr' id='par_1_36' title="bbox 1229 2247 2268 2369">
     <span class='ocr_line' id='line_1_96' title="bbox 1283 2247 2268 2320; baseline 0.022 -37"><span class='ocrx_word' id='word_1_691' title='bbox 1283 2259 1345 2284; x_wconf 75' lang='lat'>341.</span> <span class='ocrx_word' id='word_1_692' title='bbox 1377 2247 1457 2299; x_wconf 88' lang='grc' dir='ltr'>(ἐγὼ</span> <span class='ocrx_word' id='word_1_693' title='bbox 1476 2251 1504 2286; x_wconf 89' lang='grc' dir='ltr'>δ’</span> <span class='ocrx_word' id='word_1_694' title='bbox 1526 2252 1563 2288; x_wconf 83' lang='grc' dir='ltr'>οὖ</span> <span class='ocrx_word' id='word_1_695' title='bbox 1577 2252 1746 2302; x_wconf 87' lang='grc' dir='ltr'>βούλομαι</span> <span class='ocrx_word' id='word_1_696' title='bbox 1767 2268 1776 2293; x_wconf 88' lang='lat'><strong>:</strong></span> <span class='ocrx_word' id='word_1_697' title='bbox 1794 2256 1974 2296; x_wconf 89' lang='grc' dir='ltr'>Δείκνυσιν</span> <span class='ocrx_word' id='word_1_698' title='bbox 1991 2261 2141 2301; x_wconf 86' lang='grc' dir='ltr'>ἐντεῦθεν</span> <span class='ocrx_word' id='word_1_699' title='bbox 2159 2265 2196 2303; x_wconf 87' lang='grc' dir='ltr'>τὸ</span> <span class='ocrx_word' id='word_1_700' title='bbox 2209 2282 2268 2320; x_wconf 73' lang='grc' dir='ltr'>ιρι-</span> 
     </span>
     <span class='ocr_line' id='line_1_97' title="bbox 1229 2303 2017 2369; baseline 0.02 -30"><span class='ocrx_word' id='word_1_701' title='bbox 1229 2303 1364 2341; x_wconf 88' lang='grc' dir='ltr'>λόδικον</span> <span class='ocrx_word' id='word_1_702' title='bbox 1383 2307 1496 2344; x_wconf 77' lang='grc' dir='ltr'>αὐτοῦ.</span> <span class='ocrx_word' id='word_1_703' title='bbox 1515 2310 1632 2359; x_wconf 78' lang='grc' dir='ltr'>χανεῖν</span> <span class='ocrx_word' id='word_1_704' title='bbox 1653 2311 1687 2348; x_wconf 83' lang='grc' dir='ltr'>δὲ</span> <span class='ocrx_word' id='word_1_705' title='bbox 1705 2312 1779 2349; x_wconf 84' lang='grc' dir='ltr'>ἀντὶ</span> <span class='ocrx_word' id='word_1_706' title='bbox 1798 2317 1858 2351; x_wconf 86' lang='grc' dir='ltr'>τοῦ</span> <span class='ocrx_word' id='word_1_707' title='bbox 1879 2317 2017 2369; x_wconf 79' lang='grc' dir='ltr'>εἰπεῖν.)</span> 
     </span>
    </p>

    <p class='ocr_par' dir='ltr' id='par_1_37' title="bbox 1218 2364 2312 2762">
     <span class='ocr_line' id='line_1_98' title="bbox 1280 2364 2266 2432; baseline 0.021 -34"><span class='ocrx_word' id='word_1_708' title='bbox 1280 2374 1342 2400; x_wconf 73' lang='lat'><strong>342.</strong></span> <span class='ocrx_word' id='word_1_709' title='bbox 1375 2364 1404 2412; x_wconf 81' lang='grc' dir='ltr'>(ὅ</span> <span class='ocrx_word' id='word_1_710' title='bbox 1424 2367 1719 2417; x_wconf 84' lang='grc' dir='ltr'>Δημολογοκλέων</span> <span class='ocrx_word' id='word_1_711' title='bbox 1751 2383 1759 2408; x_wconf 90' lang='lat'><strong>:</strong></span> <span class='ocrx_word' id='word_1_712' title='bbox 1796 2370 1840 2409; x_wconf 80' lang='lat' dir='ltr'>‘O</span> <span class='ocrx_word' id='word_1_713' title='bbox 1866 2371 2029 2424; x_wconf 88' lang='grc' dir='ltr'>τύραννος</span> <span class='ocrx_word' id='word_1_714' title='bbox 2053 2377 2113 2414; x_wconf 87' lang='grc' dir='ltr'>καὶ</span> <span class='ocrx_word' id='word_1_715' title='bbox 2138 2381 2266 2432; x_wconf 82' lang='grc' dir='ltr'>ἀρχον-</span> 
     </span>
     <span class='ocr_line' id='line_1_99' title="bbox 1226 2421 2262 2490; baseline 0.021 -35"><span class='ocrx_word' id='word_1_716' title='bbox 1226 2421 1318 2457; x_wconf 87' lang='grc' dir='ltr'>τιῶν.</span> <span class='ocrx_word' id='word_1_717' title='bbox 1341 2421 1502 2468; x_wconf 82' lang='grc' dir='ltr'>συνέθηκε</span> <span class='ocrx_word' id='word_1_718' title='bbox 1521 2423 1582 2470; x_wconf 69' lang='grc' dir='ltr'>τὴν</span> <span class='ocrx_word' id='word_1_719' title='bbox 1602 2425 1690 2469; x_wconf 83' lang='grc' dir='ltr'>λέξιν</span> <span class='ocrx_word' id='word_1_720' title='bbox 1712 2429 1751 2465; x_wconf 90' lang='grc' dir='ltr'>ἐκ</span> <span class='ocrx_word' id='word_1_721' title='bbox 1778 2432 1839 2466; x_wconf 90' lang='grc' dir='ltr'>τοῦ</span> <span class='ocrx_word' id='word_1_722' title='bbox 1864 2430 1976 2480; x_wconf 82' lang='grc' dir='ltr'>δήμου</span> <span class='ocrx_word' id='word_1_723' title='bbox 1996 2434 2055 2471; x_wconf 81' lang='grc' dir='ltr'>καὶ</span> <span class='ocrx_word' id='word_1_724' title='bbox 2074 2439 2134 2474; x_wconf 87' lang='grc' dir='ltr'>τοῦ</span> <span class='ocrx_word' id='word_1_725' title='bbox 2160 2438 2262 2490; x_wconf 87' lang='grc' dir='ltr'>λόγου</span> 
     </span>
     <span class='ocr_line' id='line_1_100' title="bbox 1224 2477 2262 2549; baseline 0.021 -37"><span class='ocrx_word' id='word_1_726' title='bbox 1224 2477 1284 2514; x_wconf 90' lang='grc' dir='ltr'>καὶ</span> <span class='ocrx_word' id='word_1_727' title='bbox 1303 2482 1362 2515; x_wconf 88' lang='grc' dir='ltr'>τοῦ</span> <span class='ocrx_word' id='word_1_728' title='bbox 1388 2479 1564 2528; x_wconf 77' lang='grc' dir='ltr'>Κλέωνος,</span> <span class='ocrx_word' id='word_1_729' title='bbox 1591 2484 1704 2529; x_wconf 87' lang='grc' dir='ltr'>δηλῶν</span> <span class='ocrx_word' id='word_1_730' title='bbox 1728 2485 1768 2523; x_wconf 80' lang='grc' dir='ltr'>τὸ</span> <span class='ocrx_word' id='word_1_731' title='bbox 1791 2488 1948 2538; x_wconf 80' lang='grc' dir='ltr'>ἀρχικὸν,</span> <span class='ocrx_word' id='word_1_732' title='bbox 1969 2491 2126 2545; x_wconf 82' lang='grc' dir='ltr'>καθάπερ</span> <span class='ocrx_word' id='word_1_733' title='bbox 2153 2496 2188 2532; x_wconf 91' lang='grc' dir='ltr'>ἐν</span> <span class='ocrx_word' id='word_1_734' title='bbox 2212 2500 2262 2549; x_wconf 81' lang='grc' dir='ltr'>τῷ</span> 
     </span>
     <span class='ocr_line' id='line_1_101' title="bbox 1224 2535 2260 2595; baseline 0.019 -23"><span class='ocrx_word' id='word_1_735' title='bbox 1224 2535 1325 2588; x_wconf 83' lang='grc' dir='ltr'>δήμῳ</span> <span class='ocrx_word' id='word_1_736' title='bbox 1346 2536 1478 2588; x_wconf 80' lang='grc' dir='ltr'>ἄρχειν.</span> <span class='ocrx_word' id='word_1_737' title='bbox 1500 2543 1600 2577; x_wconf 85' lang='grc' dir='ltr'>τοῦτο</span> <span class='ocrx_word' id='word_1_738' title='bbox 1619 2540 1655 2578; x_wconf 79' lang='grc' dir='ltr'>δὲ</span> <span class='ocrx_word' id='word_1_739' title='bbox 1673 2542 1789 2595; x_wconf 84' lang='grc' dir='ltr'>εἴρηκε</span> <span class='ocrx_word' id='word_1_740' title='bbox 1810 2544 1867 2582; x_wconf 80' lang='grc' dir='ltr'>διὰ</span> <span class='ocrx_word' id='word_1_741' title='bbox 1886 2545 1926 2583; x_wconf 84' lang='grc' dir='ltr'>τὸ</span> <span class='ocrx_word' id='word_1_742' title='bbox 1944 2547 2002 2585; x_wconf 84' lang='grc' dir='ltr'>τὸν</span> <span class='ocrx_word' id='word_1_743' title='bbox 2026 2550 2173 2589; x_wconf 89' lang='grc' dir='ltr'>Κλέωνα</span> <span class='ocrx_word' id='word_1_744' title='bbox 2193 2570 2260 2592; x_wconf 91' lang='grc' dir='ltr'>πο-</span> 
     </span>
     <span class='ocr_line' id='line_1_102' title="bbox 1221 2590 2312 2659; baseline 0.02 -30"><span class='ocrx_word' id='word_1_745' title='bbox 1221 2594 1363 2644; x_wconf 89' lang='grc' dir='ltr'>λυλόγον</span> <span class='ocrx_word' id='word_1_746' title='bbox 1380 2590 1467 2633; x_wconf 63' lang='grc' dir='ltr'>εἶναι</span> <span class='ocrx_word' id='word_1_747' title='bbox 1488 2598 1547 2634; x_wconf 80' lang='grc' dir='ltr'>καὶ</span> <span class='ocrx_word' id='word_1_748' title='bbox 1566 2605 1635 2642; x_wconf 88' lang='grc' dir='ltr'>τοῖς</span> <span class='ocrx_word' id='word_1_749' title='bbox 1655 2600 1767 2651; x_wconf 89' lang='grc' dir='ltr'>λόγοις</span> <span class='ocrx_word' id='word_1_750' title='bbox 1791 2602 1965 2646; x_wconf 74' lang='grc' dir='ltr'>ἐξαπατᾶν</span> <span class='ocrx_word' id='word_1_751' title='bbox 1981 2605 2039 2644; x_wconf 82' lang='grc' dir='ltr'>τὸν</span> <span class='ocrx_word' id='word_1_752' title='bbox 2060 2609 2181 2659; x_wconf 76' lang='grc' dir='ltr'>δῆμον.</span> <span class='ocrx_word' id='word_1_753' title='bbox 2201 2612 2257 2650; x_wconf 85' lang='grc' dir='ltr'>ἐπὶ</span> <span class='ocrx_word' id='word_1_754' title='bbox 2277 2633 2312 2658; x_wconf 81' lang='lat'>40</span> 
     </span>
     <span class='ocr_line' id='line_1_103' title="bbox 1220 2649 2256 2716; baseline 0.019 -28"><span class='ocrx_word' id='word_1_755' title='bbox 1220 2650 1255 2688; x_wconf 82' lang='grc' dir='ltr'>δὲ</span> <span class='ocrx_word' id='word_1_756' title='bbox 1276 2652 1314 2689; x_wconf 86' lang='grc' dir='ltr'>τὸ</span> <span class='ocrx_word' id='word_1_757' title='bbox 1332 2653 1416 2690; x_wconf 78' lang='grc' dir='ltr'>αὐτὸ</span> <span class='ocrx_word' id='word_1_758' title='bbox 1430 2649 1510 2700; x_wconf 66' lang='grc' dir='ltr'>ἦθος</span> <span class='ocrx_word' id='word_1_759' title='bbox 1531 2657 1797 2708; x_wconf 86' lang='grc' dir='ltr'>κατενήνεκται,</span> <span class='ocrx_word' id='word_1_760' title='bbox 1811 2662 1885 2699; x_wconf 88' lang='grc' dir='ltr'>ἐπεὶ</span> <span class='ocrx_word' id='word_1_761' title='bbox 1904 2665 1921 2700; x_wconf 90' lang='grc' dir='ltr'>ὃ</span> <span class='ocrx_word' id='word_1_762' title='bbox 1933 2664 2038 2716; x_wconf 82' lang='grc' dir='ltr'>χορὸς</span> <span class='ocrx_word' id='word_1_763' title='bbox 2051 2670 2112 2704; x_wconf 90' lang='grc' dir='ltr'>τοῦ</span> <span class='ocrx_word' id='word_1_764' title='bbox 2130 2669 2256 2707; x_wconf 88' lang='grc' dir='ltr'>Κλέω-</span> 
     </span>
     <span class='ocr_line' id='line_1_104' title="bbox 1218 2710 1497 2762; baseline 0.014 -17"><span class='ocrx_word' id='word_1_765' title='bbox 1218 2724 1272 2751; x_wconf 84' lang='grc' dir='ltr'>νος</span> <span class='ocrx_word' id='word_1_766' title='bbox 1285 2710 1497 2762; x_wconf 81' lang='grc' dir='ltr'>ἐτύγχανεν.)</span> 
     </span>
    </p>

    <p class='ocr_par' dir='ltr' id='par_1_38' title="bbox 1208 2768 2302 3288">
     <span class='ocr_line' id='line_1_105' title="bbox 1270 2768 2253 2835; baseline 0.017 -31"><span class='ocrx_word' id='word_1_767' title='bbox 1270 2781 1332 2805; x_wconf 78' lang='grc'>343.</span> <span class='ocrx_word' id='word_1_768' title='bbox 1364 2768 1426 2818; x_wconf 79' lang='grc' dir='ltr'>(ὅτι</span> <span class='ocrx_word' id='word_1_769' title='bbox 1446 2770 1557 2820; x_wconf 89' lang='grc' dir='ltr'>λέγεις</span> <span class='ocrx_word' id='word_1_770' title='bbox 1577 2786 1586 2810; x_wconf 87' lang='lat'><strong>:</strong></span> <span class='ocrx_word' id='word_1_771' title='bbox 1606 2771 1691 2811; x_wconf 67' lang='lat' dir='ltr'>“On</span> <span class='ocrx_word' id='word_1_772' title='bbox 1711 2775 1836 2821; x_wconf 78' lang='grc' dir='ltr'>ἀληθὲς</span> <span class='ocrx_word' id='word_1_773' title='bbox 1851 2776 1962 2828; x_wconf 87' lang='grc' dir='ltr'>λέγεις</span> <span class='ocrx_word' id='word_1_774' title='bbox 1979 2779 2059 2830; x_wconf 89' lang='grc' dir='ltr'>περὶ</span> <span class='ocrx_word' id='word_1_775' title='bbox 2078 2784 2144 2819; x_wconf 89' lang='grc' dir='ltr'>τῶν</span> <span class='ocrx_word' id='word_1_776' title='bbox 2156 2784 2253 2835; x_wconf 84' lang='grc' dir='ltr'>τριή-</span> 
     </span>
     <span class='ocr_line' id='line_1_106' title="bbox 1218 2821 2251 2893; baseline 0.017 -32"><span class='ocrx_word' id='word_1_777' title='bbox 1218 2841 1296 2877; x_wconf 87' lang='grc' dir='ltr'>ρων,</span> <span class='ocrx_word' id='word_1_778' title='bbox 1316 2821 1385 2864; x_wconf 68' lang='grc' dir='ltr'>οἶον</span> <span class='ocrx_word' id='word_1_779' title='bbox 1399 2829 1596 2879; x_wconf 86' lang='grc' dir='ltr'>παρρησίαν</span> <span class='ocrx_word' id='word_1_780' title='bbox 1617 2830 1711 2881; x_wconf 82' lang='grc' dir='ltr'>ἄγεις</span> <span class='ocrx_word' id='word_1_781' title='bbox 1734 2833 1812 2884; x_wconf 88' lang='grc' dir='ltr'>περὶ</span> <span class='ocrx_word' id='word_1_782' title='bbox 1832 2838 1890 2871; x_wconf 88' lang='grc' dir='ltr'>τοῦ</span> <span class='ocrx_word' id='word_1_783' title='bbox 1912 2836 2034 2885; x_wconf 83' lang='grc' dir='ltr'>δήμου.</span> <span class='ocrx_word' id='word_1_784' title='bbox 2064 2841 2193 2893; x_wconf 70' lang='grc' dir='ltr'>μελετᾷ</span> <span class='ocrx_word' id='word_1_785' title='bbox 2215 2841 2251 2879; x_wconf 76' lang='grc' dir='ltr'>δὲ</span> 
     </span>
     <span class='ocr_line' id='line_1_107' title="bbox 1214 2883 2302 2947; baseline 0.017 -28"><span class='ocrx_word' id='word_1_786' title='bbox 1214 2885 1232 2919; x_wconf 82' lang='grc' dir='ltr'>ὃ</span> <span class='ocrx_word' id='word_1_787' title='bbox 1259 2883 1360 2935; x_wconf 81' lang='grc' dir='ltr'>χορὸς</span> <span class='ocrx_word' id='word_1_788' title='bbox 1385 2886 1606 2937; x_wconf 89' lang='grc' dir='ltr'>κακουργίαν,</span> <span class='ocrx_word' id='word_1_789' title='bbox 1632 2889 1787 2940; x_wconf 77' lang='grc' dir='ltr'>φάσκων,</span> <span class='ocrx_word' id='word_1_790' title='bbox 1816 2891 1934 2937; x_wconf 81' lang='grc' dir='ltr'>ἐπειδὴ</span> <span class='ocrx_word' id='word_1_791' title='bbox 1964 2893 2048 2945; x_wconf 78' lang='grc' dir='ltr'>ὑπὲρ</span> <span class='ocrx_word' id='word_1_792' title='bbox 2074 2898 2248 2947; x_wconf 91' lang='grc' dir='ltr'>χρησίμου</span> <span class='ocrx_word' id='word_1_793' title='bbox 2267 2916 2302 2943; x_wconf 75' lang='lat'>45</span> 
     </span>
     <span class='ocr_line' id='line_1_108' title="bbox 1213 2940 2247 3005; baseline 0.016 -30"><span class='ocrx_word' id='word_1_794' title='bbox 1213 2942 1274 2984; x_wconf 72' lang='grc' dir='ltr'>τῆς</span> <span class='ocrx_word' id='word_1_795' title='bbox 1307 2940 1440 2984; x_wconf 86' lang='grc' dir='ltr'>πόλεως</span> <span class='ocrx_word' id='word_1_796' title='bbox 1471 2943 1600 2993; x_wconf 87' lang='grc' dir='ltr'>λέγεις,</span> <span class='ocrx_word' id='word_1_797' title='bbox 1632 2945 1875 2996; x_wconf 81' lang='grc' dir='ltr'>εἰσηγούμενος</span> <span class='ocrx_word' id='word_1_798' title='bbox 1903 2949 1981 3001; x_wconf 79' lang='grc' dir='ltr'>περὶ</span> <span class='ocrx_word' id='word_1_799' title='bbox 2003 2954 2247 3005; x_wconf 72' lang='grc' dir='ltr'>τριηραρχίας,</span> 
     </span>
     <span class='ocr_line' id='line_1_109' title="bbox 1211 2997 2246 3063; baseline 0.017 -30"><span class='ocrx_word' id='word_1_800' title='bbox 1211 2997 1356 3046; x_wconf 87' lang='grc' dir='ltr'>ἐγκλείει</span> <span class='ocrx_word' id='word_1_801' title='bbox 1373 3014 1424 3037; x_wconf 93' lang='grc' dir='ltr'>σε.</span> <span class='ocrx_word' id='word_1_802' title='bbox 1439 2999 1527 3042; x_wconf 79' lang='grc' dir='ltr'>τινὲς</span> <span class='ocrx_word' id='word_1_803' title='bbox 1546 2999 1581 3038; x_wconf 78' lang='grc' dir='ltr'>δὲ</span> <span class='ocrx_word' id='word_1_804' title='bbox 1602 3001 1724 3046; x_wconf 74' lang='grc' dir='ltr'>οὕτως·</span> <span class='ocrx_word' id='word_1_805' title='bbox 1743 3003 1775 3040; x_wconf 88' lang='grc' dir='ltr'>εἴ</span> <span class='ocrx_word' id='word_1_806' title='bbox 1791 3020 1823 3041; x_wconf 90' lang='grc' dir='ltr'>τι</span> <span class='ocrx_word' id='word_1_807' title='bbox 1843 3005 1949 3048; x_wconf 84' lang='grc' dir='ltr'>εἴποις</span> <span class='ocrx_word' id='word_1_808' title='bbox 1966 3009 2073 3046; x_wconf 88' lang='grc' dir='ltr'>κακὸν</span> <span class='ocrx_word' id='word_1_809' title='bbox 2089 3011 2246 3063; x_wconf 76' lang='grc' dir='ltr'>περὶτῶν</span> 
     </span>
     <span class='ocr_line' id='line_1_110' title="bbox 1211 3056 2244 3124; baseline 0.018 -34"><span class='ocrx_word' id='word_1_810' title='bbox 1211 3056 1308 3104; x_wconf 84' lang='grc' dir='ltr'>νεῶν,</span> <span class='ocrx_word' id='word_1_811' title='bbox 1326 3059 1428 3093; x_wconf 85' lang='grc' dir='ltr'>τοῦτο</span> <span class='ocrx_word' id='word_1_812' title='bbox 1444 3057 1568 3103; x_wconf 86' lang='grc' dir='ltr'>ἀληθές</span> <span class='ocrx_word' id='word_1_813' title='bbox 1592 3060 1677 3098; x_wconf 87' lang='grc' dir='ltr'>ἐστι.</span> <span class='ocrx_word' id='word_1_814' title='bbox 1701 3060 1881 3099; x_wconf 73' lang='grc' dir='ltr'>διαὸάλλει</span> <span class='ocrx_word' id='word_1_815' title='bbox 1901 3062 1937 3100; x_wconf 82' lang='grc' dir='ltr'>δὲ</span> <span class='ocrx_word' id='word_1_816' title='bbox 1963 3069 2094 3105; x_wconf 86' lang='grc' dir='ltr'>τοῦτον.</span> <span class='ocrx_word' id='word_1_817' title='bbox 2119 3071 2156 3106; x_wconf 82' lang='grc' dir='ltr'>οὔ</span> <span class='ocrx_word' id='word_1_818' title='bbox 2177 3070 2244 3124; x_wconf 87' lang='grc' dir='ltr'>γὰρ</span> 
     </span>
     <span class='ocr_line' id='line_1_111' title="bbox 1208 3112 2243 3173; baseline 0.018 -26"><span class='ocrx_word' id='word_1_819' title='bbox 1208 3112 1287 3163; x_wconf 89' lang='grc' dir='ltr'>περὶ</span> <span class='ocrx_word' id='word_1_820' title='bbox 1306 3115 1389 3150; x_wconf 91' lang='grc' dir='ltr'>νεῶν</span> <span class='ocrx_word' id='word_1_821' title='bbox 1418 3115 1508 3151; x_wconf 86' lang='grc' dir='ltr'>ἐστιν</span> <span class='ocrx_word' id='word_1_822' title='bbox 1535 3117 1552 3152; x_wconf 85' lang='grc' dir='ltr'><em>ὃ</em></span> <span class='ocrx_word' id='word_1_823' title='bbox 1579 3115 1694 3166; x_wconf 89' lang='grc' dir='ltr'>λόγος,</span> <span class='ocrx_word' id='word_1_824' title='bbox 1721 3118 1811 3156; x_wconf 84' lang='grc' dir='ltr'>ἀλλὰ</span> <span class='ocrx_word' id='word_1_825' title='bbox 1835 3120 1914 3172; x_wconf 88' lang='grc' dir='ltr'>περὶ</span> <span class='ocrx_word' id='word_1_826' title='bbox 1940 3127 2001 3160; x_wconf 84' lang='grc' dir='ltr'>τοῦ</span> <span class='ocrx_word' id='word_1_827' title='bbox 2026 3123 2074 3173; x_wconf 82' lang='grc' dir='ltr'>μὴ</span> <span class='ocrx_word' id='word_1_828' title='bbox 2096 3126 2243 3172; x_wconf 86' lang='grc' dir='ltr'>δικάζειν</span> 
     </span>
     <span class='ocr_line' id='line_1_112' title="bbox 1209 3169 2295 3232; baseline 0.017 -27"><span class='ocrx_word' id='word_1_829' title='bbox 1209 3169 1323 3206; x_wconf 80' lang='grc' dir='ltr'>αὐτόν.</span> <span class='ocrx_word' id='word_1_830' title='bbox 1345 3169 1540 3220; x_wconf 81' lang='grc' dir='ltr'>ξυνωμότας</span> <span class='ocrx_word' id='word_1_831' title='bbox 1566 3173 1601 3209; x_wconf 80' lang='grc' dir='ltr'>δὲ</span> <span class='ocrx_word' id='word_1_832' title='bbox 1629 3173 1744 3224; x_wconf 86' lang='grc' dir='ltr'>ἔλεγον</span> <span class='ocrx_word' id='word_1_833' title='bbox 1768 3175 1846 3219; x_wconf 90' lang='grc' dir='ltr'>τοὺς</span> <span class='ocrx_word' id='word_1_834' title='bbox 1879 3178 1936 3215; x_wconf 89' lang='grc' dir='ltr'>ἐπὶ</span> <span class='ocrx_word' id='word_1_835' title='bbox 1970 3181 2157 3220; x_wconf 89' lang='grc' dir='ltr'>καταλύσει</span> <span class='ocrx_word' id='word_1_836' title='bbox 2181 3190 2242 3223; x_wconf 90' lang='grc' dir='ltr'>τοῦ</span> <span class='ocrx_word' id='word_1_837' title='bbox 2260 3207 2295 3232; x_wconf 79' lang='lat'>50</span> 
     </span>
     <span class='ocr_line' id='line_1_113' title="bbox 1208 3226 2025 3288; baseline 0.015 -25"><span class='ocrx_word' id='word_1_838' title='bbox 1208 3226 1319 3277; x_wconf 88' lang='grc' dir='ltr'>δήμου</span> <span class='ocrx_word' id='word_1_839' title='bbox 1339 3230 1617 3280; x_wconf 86' lang='grc' dir='ltr'>συνερχομένους.</span> <span class='ocrx_word' id='word_1_840' title='bbox 1635 3232 1733 3284; x_wconf 87' lang='grc' dir='ltr'>δεῦρο</span> <span class='ocrx_word' id='word_1_841' title='bbox 1753 3232 1788 3270; x_wconf 83' lang='grc' dir='ltr'>δὲ</span> <span class='ocrx_word' id='word_1_842' title='bbox 1802 3234 1887 3286; x_wconf 88' lang='grc' dir='ltr'>πρὸς</span> <span class='ocrx_word' id='word_1_843' title='bbox 1905 3239 2025 3288; x_wconf 75' lang='grc' dir='ltr'>ἡμᾶς.)</span> 
     </span>
    </p>

    <p class='ocr_par' dir='ltr' id='par_1_39' title="bbox 1259 3286 1984 3342">
     <span class='ocr_line' id='line_1_114' title="bbox 1259 3286 1984 3342; baseline 0.014 -20"><span class='ocrx_word' id='word_1_844' title='bbox 1259 3298 1322 3324; x_wconf 81' lang='grc'>346.</span> <span class='ocrx_word' id='word_1_845' title='bbox 1353 3288 1420 3322; x_wconf 87' lang='grc' dir='ltr'>τῶν</span> <span class='ocrx_word' id='word_1_846' title='bbox 1437 3286 1494 3323; x_wconf 82' lang='grc' dir='ltr'>ἐπὶ</span> <span class='ocrx_word' id='word_1_847' title='bbox 1513 3288 1700 3327; x_wconf 87' lang='grc' dir='ltr'>καταλύσει</span> <span class='ocrx_word' id='word_1_848' title='bbox 1719 3295 1779 3328; x_wconf 85' lang='grc' dir='ltr'>τοῦ</span> <span class='ocrx_word' id='word_1_849' title='bbox 1793 3292 1919 3342; x_wconf 79' lang='grc' dir='ltr'>δήμου.</span> <span class='ocrx_word' id='word_1_850' title='bbox 1946 3302 1984 3332; x_wconf 86' lang='lat' dir='ltr'>R.</span> 
     </span>
    </p>

    <p class='ocr_par' dir='ltr' id='par_1_40' title="bbox 1205 3342 2236 3462">
     <span class='ocr_line' id='line_1_115' title="bbox 1259 3342 2236 3404; baseline 0.014 -26"><span class='ocrx_word' id='word_1_851' title='bbox 1259 3354 1321 3380; x_wconf 75' lang='lat'><strong>349.</strong></span> <span class='ocrx_word' id='word_1_852' title='bbox 1353 3342 1454 3391; x_wconf 79' lang='grc' dir='ltr'>(οὕτω</span> <span class='ocrx_word' id='word_1_853' title='bbox 1473 3347 1605 3384; x_wconf 87' lang='grc' dir='ltr'>κιττῶ;</span> <span class='ocrx_word' id='word_1_854' title='bbox 1628 3346 1830 3398; x_wconf 81' lang='grc' dir='ltr'>Ἔπιθυμῶ,</span> <span class='ocrx_word' id='word_1_855' title='bbox 1856 3350 1924 3387; x_wconf 84' lang='grc' dir='ltr'>ἀπὸ</span> <span class='ocrx_word' id='word_1_856' title='bbox 1945 3353 2013 3388; x_wconf 90' lang='grc' dir='ltr'>τῶν</span> <span class='ocrx_word' id='word_1_857' title='bbox 2037 3353 2159 3404; x_wconf 85' lang='grc' dir='ltr'>ἀρτίως</span> <span class='ocrx_word' id='word_1_858' title='bbox 2182 3371 2236 3392; x_wconf 93' lang='grc' dir='ltr'>τι-</span> 
     </span>
     <span class='ocr_line' id='line_1_116' title="bbox 1205 3401 2234 3462; baseline 0.015 -28"><span class='ocrx_word' id='word_1_859' title='bbox 1205 3401 1360 3436; x_wconf 84' lang='grc' dir='ltr'>κτουσῶν</span> <span class='ocrx_word' id='word_1_860' title='bbox 1377 3404 1548 3449; x_wconf 90' lang='grc' dir='ltr'>γυναικῶν</span> <span class='ocrx_word' id='word_1_861' title='bbox 1571 3402 1630 3440; x_wconf 80' lang='grc' dir='ltr'>καὶ</span> <span class='ocrx_word' id='word_1_862' title='bbox 1646 3405 1888 3455; x_wconf 87' lang='grc' dir='ltr'>ἐπιθυμουσῶν</span> <span class='ocrx_word' id='word_1_863' title='bbox 1911 3411 2024 3447; x_wconf 88' lang='grc' dir='ltr'>τινῶν.</span> <span class='ocrx_word' id='word_1_864' title='bbox 2047 3409 2179 3462; x_wconf 86' lang='grc' dir='ltr'>εἴρηται</span> <span class='ocrx_word' id='word_1_865' title='bbox 2197 3412 2234 3450; x_wconf 81' lang='grc' dir='ltr'>δὲ</span> 
     </span>
    </p>
   </div>
   <div class='ocr_carea' id='block_1_8' title="bbox 1242 380 1248 463">
    <p class='ocr_par' dir='ltr' id='par_1_41' title="bbox 1242 380 1248 463">
     <span class='ocr_line' id='line_1_117' title="bbox 1242 380 1248 463; baseline 0 3345"><span class='ocrx_word' id='word_1_866' title='bbox 1242 380 1248 463; x_wconf 95' lang='lat' dir='ltr'> </span> 
     </span>
    </p>
   </div>
   <div class='ocr_carea' id='block_1_9' title="bbox 1703 1153 2346 1222">
    <p class='ocr_par' dir='ltr' id='par_1_42' title="bbox 1703 1153 2346 1222">
     <span class='ocr_line' id='line_1_118' title="bbox 1703 1153 2346 1222; baseline 0.03 -31"><span class='ocrx_word' id='word_1_867' title='bbox 1703 1153 1765 1198; x_wconf 88' lang='grc' dir='ltr'>Ὡς</span> <span class='ocrx_word' id='word_1_868' title='bbox 1783 1156 1841 1193; x_wconf 83' lang='grc' dir='ltr'>ἐπὶ</span> <span class='ocrx_word' id='word_1_869' title='bbox 1863 1158 1990 1210; x_wconf 80' lang='grc' dir='ltr'>ἰχθύων</span> <span class='ocrx_word' id='word_1_870' title='bbox 2021 1164 2135 1203; x_wconf 84' lang='grc' dir='ltr'>ὀπτῶν</span> <span class='ocrx_word' id='word_1_871' title='bbox 2159 1167 2293 1222; x_wconf 83' lang='grc' dir='ltr'>ὀξάλμῃ</span> <span class='ocrx_word' id='word_1_872' title='bbox 2317 1193 2346 1219; x_wconf 85' lang='lat'>15</span> 
     </span>
    </p>
   </div>
   <div class='ocr_carea' id='block_1_10' title="bbox 2307 1479 2341 1505">
    <p class='ocr_par' dir='ltr' id='par_1_43' title="bbox 2307 1479 2341 1505">
     <span class='ocr_line' id='line_1_119' title="bbox 2307 1479 2341 1505; baseline 0.059 -2"><span class='ocrx_word' id='word_1_873' title='bbox 2307 1479 2341 1505; x_wconf 81' lang='lat'>20</span> 
     </span>
    </p>
   </div>
   <div class='ocr_carea' id='block_1_11' title="bbox 2300 1766 2333 1792">
    <p class='ocr_par' dir='ltr' id='par_1_44' title="bbox 2300 1766 2333 1792">
     <span class='ocr_line' id='line_1_120' title="bbox 2300 1766 2333 1792; baseline 0 0"><span class='ocrx_word' id='word_1_874' title='bbox 2300 1766 2333 1792; x_wconf 79' lang='lat'>25</span> 
     </span>
    </p>
   </div>
   <div class='ocr_carea' id='block_1_12' title="bbox 2293 2059 2328 2084">
    <p class='ocr_par' dir='ltr' id='par_1_45' title="bbox 2293 2059 2328 2084">
     <span class='ocr_line' id='line_1_121' title="bbox 2293 2059 2328 2084; baseline 0.029 -1"><span class='ocrx_word' id='word_1_875' title='bbox 2293 2059 2328 2084; x_wconf 64' lang='grc' dir='ltr'>ΒΘ</span> 
     </span>
    </p>
   </div>
   <div class='ocr_carea' id='block_1_13' title="bbox 2280 2346 2314 2371">
    <p class='ocr_par' dir='ltr' id='par_1_46' title="bbox 2280 2346 2314 2371">
     <span class='ocr_line' id='line_1_122' title="bbox 2280 2346 2314 2371; baseline 0.029 -1"><span class='ocrx_word' id='word_1_876' title='bbox 2280 2346 2314 2371; x_wconf 84' lang='grc'>35</span> 
     </span>
    </p>
   </div>
  </div>
 </body>
</html>
