2453 3808
835 219 1086 261 SCHOLIA
1120 224 1181 264 IN
1216 225 1652 269 ACHARNENSES.
2294 248 2317 281 9

226 316 290 342 211.
320 304 381 341 οὖκ
400 303 441 341 ἂν
462 305 516 342 ἐπ’
534 305 619 354 ἐμῆς
644 304 802 352 νεότητος
828 319 838 345 t
859 306 904 346 ‘O
928 307 991 358 μὲν
1009 310 1110 363 χορὸς
1131 326 1212 348 συν-

174 360 316 408 έστηκεν
355 361 389 406 ἐξ
429 362 480 400 κδ’
521 363 667 415 ἀνδρῶν.
712 363 785 401 ἔστι
824 364 860 402 δὲ
903 369 962 403 νῦν
1006 368 1211 420 γεροντικός.

172 420 264 458 πάνυ
292 421 329 458 δὲ
357 421 516 470 ἐμμελῶς
543 421 603 458 καὶ
624 421 713 471 μετὰ
731 422 846 470 πάσης
875 425 1001 477 ἀρετῆς
1028 428 1045 463 6
1068 426 1212 474 ποιητὴς

173 478 372 529 ἐμιμήσατο
394 478 563 532 γερόντων
587 479 733 532 τρόπους
752 481 811 518 καὶ
831 481 961 533 λόγους·
982 484 1128 536 τρόπους
1149 485 1212 535 μὲν

136 547 153 573 5
173 538 210 575 ἐκ
240 540 302 584 τῆς
332 537 556 590 ἀκροχολίας,
584 537 705 590 λόγους
733 538 768 577 δὲ
799 543 838 578 ἐκ
865 544 926 612 τῆς
953 545 1020 580 τῶν
1051 544 1210 580 παλαιῶν

171 595 281 649 ἔργων
303 596 519 648 ὑπολήψεως.
546 611 696 641 τοιουτος
721 601 805 648 ἡμῖν
829 599 888 637 καὶ
913 602 931 637 6
954 599 1098 653 Νέστωρ
1119 602 1211 639 δοκεῖ

169 653 280 705 λέγων
308 659 361 701 [11.
379 663 421 703 Η,
445 660 508 701 133]
527 674 542 688 1<
561 656 690 708 ἡὸῳμζ
710 659 756 701 ὡς
776 657 824 695 ὅτ’
850 658 903 696 ἐπ’
929 658 1085 712 ὠκυρόιι).
1115 678 1131 693 »
1151 661 1211 697 καὶ

169 711 275 750 πάλιν
305 717 383 760 [157]
403 731 418 746 ι(
446 713 505 751 εἴθ’
534 713 579 756 ὣς
609 713 772 765 ἡὸώοιμι·
801 731 850 752 τω
877 731 915 753 κε
942 716 1022 768 τάχ’
1048 717 1210 764 ἀντήσειε

170 788 186 804 α
205 770 324 823 μάχης
351 771 571 823 κορυθαίολος
596 771 753 825 ‘'Em-op.
782 791 797 806 »
829 755 846 811 6
875 772 936 824 μὲν
962 778 1019 812 οὐν
1047 774 1210 827 υΟμηρος

116 838 151 864 10
169 829 315 882 ἡρωϊκὸς
331 827 378 867 ὢν
394 832 554 882 ἡρωϊκῶν
573 830 729 883 πράξεων
751 830 944 881 μέμνηται,
965 832 1209 885 Ἀριστοφάνης

167 887 203 926 δὲ
222 890 268 933 ὡς
292 887 441 941 μετρίοις
467 890 611 940 ἀνδράσι
633 889 692 926 καὶ
714 889 898 940 βαναύσοις
920 890 1122 941 περιέθηκεν
1149 891 1208 928 ἄν·

166 950 295 999 θρακας
314 946 374 984 καὶ
392 946 513 999 φορτία
538 946 795 997 βασταζόμενα.

217 1017 281 1042 214.
311 1000 468 1056 Φαΰλλῳ
491 1018 499 1042 :
523 1004 567 1043 ‘O
587 1004 752 1048 Φοίϋλλος
772 1004 915 1057 δρομεὺς
930 1005 1067 1059 ἄριστος
1082 1007 1208 1057 (ὀλυμ-

164 1061 342 1109 πιονίκης,
362 1061 611 1114 ὁπλιτοδρόμος
635 1061 866 1114 περιώνυμος,
893 1063 928 1101 ὃν
955 1063 1100 1102 ἐκάλουν
1127 1065 1207 1103 ὁδό-

112 1129 145 1155 15
165 1135 302 1172 μετρον.
329 1114 371 1167 ἦν
398 1118 434 1157 δὲ
456 1119 517 1158 καὶ
542 1119 760 1171 πένταθλος.)
790 1120 840 1173 ἐφ’
860 1116 899 1158 66
918 1122 978 1160 καὶ
998 1122 1207 1176 ἐπίγραμμα

160 1177 309 1226 τοιόνδε,

241 1258 327 1291 πέντ’
342 1259 391 1291 ἐπὶ
405 1259 595 1297 πεντήκοντα
610 1259 707 1296 πόδας
722 1260 843 1298 πήδησε
857 1260 998 1298 Φάῡ).λος
1009 1284 1019 1301 ,

242 1306 402 1338 δίσκευσεν
420 1307 446 1338 δ’
461 1308 570 1338 ἑκατὸν
583 1308 666 1338 πέντ’
685 1307 948 1348 ἀπολειπομένων.

163 1377 309 1430 (ἐγένετο
326 1377 362 1416 δὲ
382 1378 442 1417 καὶ
459 1379 572 1432 ἔτερος
585 1378 738 1427 ἀθλητης
757 1379 879 1431 ὀγδόην
897 1379 1098 1431 ὀλυμπιάδα
1108 1378 1205 1425 νική-

106 1451 141 1478 20
160 1453 243 1485 σας,
266 1437 326 1476 καὶ
345 1437 455 1491 τρίτος
472 1438 698 1488 λωποδύτης.)

211 1510 274 1534 215.
304 1489 371 1533 ὧδε
394 1495 531 1548 φαύλως
558 1496 598 1534 ἄν
628 1510 636 1535 :
661 1496 752 1535 Ἀντὶ
773 1499 832 1534 τοῦ
859 1498 1008 1549 εὐχερῶς
1031 1496 1090 1535 καὶ
1115 1495 1203 1547 μετὰ

162 1553 354 1607 ῥαστώνης.
377 1555 560 1604 (δηλοῦται
584 1554 679 1593 δὲέκ
703 1558 764 1601 τῆς
783 1554 903 1599 λέξεως
925 1555 984 1593 καὶ
1009 1554 1047 1593 τὸ
1069 1555 1202 1593 ἁπλοῦν

159 1613 219 1652 καὶ
241 1613 281 1650 τὸ
298 1612 418 1652 κακόν.
441 1613 480 1650 τὸ
502 1612 536 1650 δὲ
557 1613 653 1660 ἑξῆς,
671 1615 733 1651 οὐκ
753 1613 794 1651 ἂν
812 1607 879 1651 ῶδε
899 1614 1067 1666 φαύλως.)

213 1685 277 1710 217.
311 1670 561 1721 (ἀπεπλίξατοε
582 1670 818 1718 Ἀπεσείσατο,
836 1671 1022 1724 ἀπέφυγεν.
1037 1670 1117 1715 πλίξ
1133 1670 1200 1723 γὰρ

103 1741 139 1766 25
161 1729 200 1767 τὸ
227 1732 343 1781 βῆμα,
372 1730 431 1767 καὶ
456 1729 639 1780 πλίγματα
659 1728 703 1767 τὰ
728 1730 933 1780 πηδήματα.
963 1730 1056 1768 ἔνθεν
1081 1729 1140 1767 καὶ
1162 1730 1200 1767 τὸ

155 1788 362 1840 περιὸάδην,
391 1787 562 1837 ἀμφιπλίξ
581 1788 679 1841 παρὰ
698 1789 872 1841 Σοφοκλεῖ
897 1790 930 1826 ἐν
955 1788 1198 1842 Τριπτολέμῳ.

156 1846 216 1884 καὶ
228 1845 387 1898 ’Όμηρος
407 1851 486 1893 [Οά.
505 1854 528 1884 Ζ
540 1876 551 1897 ,
569 1851 634 1893 318]

237 1930 297 1961 αἵδ’
314 1929 348 1970 εὖ
365 1931 420 1971 μὲν
435 1931 579 1972 τρώχων,
597 1931 658 1962 αἵδ’
673 1929 858 1961 ἐπλίσσοντο
874 1929 1033 1962 πόδεσσιν.

154 1998 269 2051 ἔλεγον
287 1998 323 2037 δὲ
341 1999 421 2044 πλίξ
439 1999 499 2038 καὶ
518 1999 556 2037 τὸ
572 1998 642 2037 ἀπὸ
657 2002 718 2038 τοῦ
738 1998 931 2051 ἀντίχειρος
947 2001 994 2043 εἰς
1013 1998 1070 2037 τὸν
1089 2000 1197 2051 λιχα-

100 2072 136 2098 30
153 2057 208 2096 νὸν
238 2058 406 2097 δάκτυλον
436 2057 634 2109 διάστημα,
660 2057 720 2096 καὶ
749 2057 790 2096 τὸ
819 2057 947 2108 μεταξὺ
976 2060 1045 2096 τῶν
1075 2061 1196 2112 μηρῶν

152 2119 285 2155 ὀστοῦν.
294 2119 305 2168 )

203 2189 266 2215 2ῐ9.
294 2191 353 2213 νυν
370 2175 398 2213 δ’
414 2173 534 2222 ἐπειδὴ
555 2173 696 2228 στερρόν
717 2188 726 2214 :
748 2175 988 2227 (Σκληρόν.)’
970 2191 1045 2212 αντι
1061 2191 1120 2212 του
1139 2191 1196 2225 γε-

149 2234 302 2287 γηρακὸς
330 2249 390 2272 και
415 2237 511 2272 αὖον.
559 2231 694 2286 (ὥσπερ
716 2232 808 2270 κατὰ
842 2232 1012 2270 ἀντίθεσιν
1040 2234 1099 2270 επὶ
1126 2236 1194 2271 τῶν

151 2291 378 2343 ἀκμαζόντων
391 2290 539 2344 χλωρόν.
552 2290 739 2342 Θεόκριτος
754 2297 814 2339 [[4,
833 2305 868 2329 70
882 2297 1047 2338 corrupte]
1064 2310 1078 2325 υ
1093 2308 1195 2340 ποιη-

96 2372 132 2397 35
155 2370 170 2385 «
188 2351 246 2389 ταὶ
276 2349 311 2388 δὲ
338 2350 449 2400 λόγων
477 2351 624 2402 χλωρῶν
651 2368 666 2383 »
695 2350 771 2387 ἀντὶ
798 2353 857 2388 τοῦ
885 2350 1058 2400 ἀκμαίων,
1095 2350 1192 2388 νέων.

151 2409 220 2448 ἀπὸ
235 2416 433 2462 μεταφορᾶς
447 2424 515 2446 των
529 2408 712 2458 καλάμων,
730 2407 762 2446 οἳ
777 2408 870 2452 ὄντες
885 2409 947 2458 μὲν
960 2409 1123 2460 χλωροὶε
1106 2426 1194 2447 απα-

147 2468 246 2507 λοί’
219 2484 245 2507 ει
249 2484 301 2516 σι,
321 2466 557 2529 ξηραινόμενοι
583 2465 618 2504 6:⁶-
648 2465 743 2513 ξηροὶ
766 2466 825 2504 καὶ
855 2467 999 2520 σκληροὶ
1025 2467 1191 2518 γίνονται.

148 2527 311 2580 εὐφήμως
336 2530 394 2565 οὐν
411 2530 486 2564 εἰπε
509 2524 649 2578 στερρὸν
671 2524 747 2562 ἀντι
764 2529 823 2563 τοῦ
840 2524 972 2597 ξηρόν.)

199 2599 263 2624 220.
283 2584 517 2638 Λακρατίδῃ;
537 2583 760 2636 Λακρατίδης
780 2584 928 2655 ἀρχαῖος
941 2583 1058 2636 ἄρχων
1090 2584 1192 2632 Ἀθή-

93 2660 131 2686 40
147 2659 259 2691 νησιν,
287 2646 333 2687 ὡς
366 2643 426 2682 καὶ
455 2641 662 2695 Φιλόχορος.
694 2637 776 2694 ἠρξε
809 2641 844 2679 δὲ
876 2642 933 2680 ἐπι
958 2659 1026 2680 των
1057 2642 1191 2695 χρόνων

145 2700 312 2753 Δαρείου,
338 2700 393 2754 ἐφ’
420 2705 459 2738 66
487 2700 635 2747 πλείστη
661 2716 747 2752 χιων
777 2700 912 2750 ἐγένετο
943 2700 1003 2738 καὶ
1034 2701 1190 2748 ἀπέπηξε

144 2759 277 2806 πάντα,
293 2763 339 2803 ὡς
353 2758 402 2810 μὴ
417 2758 584 2797 δύνασθαί
599 2774 676 2796 τινα
692 2758 862 2811 προϊέναι.
878 2758 995 2812 διόπερ
1013 2759 1056 2797 τὰ
1070 2760 1189 2813 ψυχρὰ

143 2816 260 2855 πάντα
279 2818 499 2870 Λακρατίδου
514 2817 674 2856 ἐκάλουν.
698 2818 944 2868 (δηλοῦνται
925 2817 961 2855 οὲ
981 2818 1041 2856 καὶ
1061 2834 1118 2856 νυν
1139 2822 1189 2856 τῶ

144 2876 268 2933 ψυχρῶ
287 2876 348 2913 καὶ
365 2891 566 2929 γεροντικῳ.
585 2875 678 2925 λέγει
703 2879 760 2913 οὖν
787 2874 839 2913 ὅτι
861 2875 918 2935 διὰ
937 2875 976 2914 τὸ
996 2892 1105 2929 γηρας
1124 2892 1161 2914 ου
1164 2893 1189 2929 7

90 2946 126 2975 45
146 2925 214 2975 οἷός
231 2932 270 2969 τέ
289 2935 361 2983 εἰμι
379 2937 501 2971 θᾶττον
525 2933 709 2986 βαδίζειν.)

196 3004 260 3029 228.
291 2993 400 3042 (τῶν’
385 2994 478 3041 εμῶν
493 2991 658 3045 χωρίωντ
674 2993 862 3030 Κάνταυθα
876 2992 989 3030 λείπει
1005 2992 1043 3030 τὸ
1059 2991 1171 3031 ἑνεκα.
1175 2994 1185 3044 )

195 3062 259 3087 229.
288 3051 369 3101 πρὶν
393 3049 434 3087 ἂν
459 3053 626 3102 σχοῖνοςε
652 3044 754 3094 Εἶδος
778 3054 884 3103 φυτοῦ
906 3050 997 3089 κατὰ
1019 3051 1059 3089 τὸ
1081 3051 1185 3104 ἄκρον

142 3106 234 3151 ὀξέος
250 3106 310 3144 καὶ
325 3108 536 3156 πληκτικοῧ,
552 3108 794 3161 προσεοικότος
812 3109 949 3161 βελόνῃ.
967 3116 1184 3163 παρατηρεῖν

143 3165 179 3204 δὲ
200 3167 252 3204 δεῖΙ
268 3165 321 3203 ὅτι
341 3167 529 3218 ἀρσενικῶς
547 3166 686 3218 λέγουσι
704 3167 762 3206 τὸν
783 3171 932 3220 σχοῖνον.
958 3171 976 3206 6
1003 3168 1038 3206 δὲ
1062 3169 1184 3220 λόγος,

86 3239 125 3264 50
142 3224 224 3277 πρὶν
245 3223 368 3267 αὐτοὺς
386 3223 510 3276 τρώσω
523 3254 533 3274 ,
553 3227 598 3268 ὡς
615 3229 749 3278 σχοῖνος
765 3226 839 3271 ὀξὺς
856 3226 915 3264 καὶ
932 3227 1103 3280 ὂδυνηρός.

193 3296 257 3321 230.
287 3282 460 3325 ἐπίκωπος
486 3295 496 3320 :
522 3282 613 3321 Ἀντὶ
636 3288 715 3330 τοῦ,
745 3284 801 3322 διὰ
825 3285 908 3329 νεὼς
938 3285 999 3324 καὶ
1026 3286 1184 3330 ναυτικὸς

141 3340 189 3378 ὢν
201 3340 287 3378 ἐπίω
301 3341 432 3387 αὐτοῖς,
444 3340 598 3377 ναυτικοὶ
615 3340 650 3377 δὲ
667 3343 697 3378 οἱ
714 3342 885 3389 Ἀθηναῖοι
905 3344 975 3394 (καὶ
991 3344 1184 3397 προσέχον-

143 3414 198 3443 τες
221 3401 272 3452 τῷ
297 3400 461 3451 ναυτικῷ.
486 3401 508 3444 ἦ
535 3397 570 3435 δὲ
597 3397 777 3449 ὁμώνυμος
800 3400 889 3445 λέξις
913 3402 988 3440 ἐστὶ
1012 3403 1072 3441 καὶ
1097 3403 1181 3455 παρ’

1272 312 1422 385 Ὁμήρι)
1437 320 1635 363 [οι1.Δ,55ο]
1651 335 1665 349 α
1678 318 1716 354 66
1731 316 1797 370 γάρ
1812 334 1871 369 μοι
1885 318 1955 363 νέες
1969 321 2052 359 εἰσὶν
2068 322 2311 376 ἐπήρετμοι.»

1272 372 1444 417 ἐπίκωπος
1461 369 1518 412 οὖν
1535 375 1612 421 ἤτοι
1627 374 1746 427 ὅπερ”
1727 391 1811 429 εφην
1829 379 1986 423 ναυτικὸς
2002 379 2024 426 ἢ
2042 379 2195 434 ξιφήρης.
2210 384 2312 432 κώπη

1272 429 1339 483 γὰρ
1365 435 1424 469 τοῦ
1454 432 1566 485 ξίφους
1595 436 1616 479 ἡ
1646 433 1761 482 λαὸὴ,
1782 438 1804 482 ἡ
1825 436 1965 474 κόπτειν
1985 438 2177 490 δυναμένη,
2207 442 2312 494 ἤγουν

1271 489 1435 535 κωπήεις.
1448 491 1458 539 )

1323 560 1386 585 232.
1418 549 1492 599 (ι’να
1508 549 1643 599 μήποτε
1663 553 1819 589 πατῶσιν
1844 565 1852 591 :
1876 553 2032 593 Εἷωθασι
2051 555 2118 608 γὰρ
2142 557 2315 604 σκόλοπάς
2334 579 2350 605 5

1270 620 1364 648 τινας
1384 605 1589 657 ἐγκρύπτειν
1607 609 1642 644 ἐν
1661 609 1736 652 ταῖς
1757 610 1977 659 ἀμπέλοις,“’
1964 629 2017 650 ινα
2041 615 2160 664 μηδεις
2179 615 2249 660 ἐξ’
2234 633 2315 655 επι-

1271 662 1399 713 δρομῆς
1424 663 1484 700 καὶ
1513 666 1662 717 εὐχερως
1691 671 1882 719 κακουργῇ.
1917 671 2036 717 ἐπειδὴ
2066 676 2123 709 οὖν
2149 677 2312 726 προεῖπε,

1270 718 1400 772 σκόλοψ
1424 736 1484 757 και
1503 727 1640 772 σχοῖνος
1660 725 1774 767 αὐτοῖς
1795 724 1886 761 ἅτ”
1871 730 2037 778 εμπαγῶ,
2059 729 2197 774 εἰκότως
2223 733 2311 780 ἐπή-

1268 792 1366 827 νεγκε
1386 793 1505 825 τουτο,
1528 794 1583 816 ινα
1604 780 1729 830 μηκέτι
1757 785 1895 820 πατῶσι
1915 783 1976 828 τὰς
1992 785 2077 835 ἐμὰς
2098 788 2309 842 ἀμπέλους.)

1321 849 1384 874 234.
1415 837 1626 883 Παλλήναδε
1658 852 1666 878 ;
1699 842 1746 879 Οἱ
1780 842 1976 888 Παλληνεῖς
2009 844 2117 894 δημός
2147 861 2221 884 εστι
2252 852 2313 896 τῆς
2334 871 2366 895 10

1269 892 1441 942 Αττικης,
1465 895 1545 933 ἔνθα
1575 898 1845 971 Πεισιστράτιξι)
1841 901 2037 954 Βουλομένῳ
2056 911 2232 955 τυραννεῖν
2252 908 2312 944 καὶ

1268 951 1495 999 Ἀθηναίοις
1476 955 1703 1005 αμυνομένοις
1731 957 1835 995 αὐτὸν
1857 958 2001 1006 συνέστη
2024 960 2185 1012 πόλεμος.
2210 966 2310 1016 (συγ-

1267 1008 1435 1047 κέκοπται
1463 1012 1498 1049 δὲ
1527 1015 1548 1058 ἡ
1577 1012 1678 1058 λέξις.
1705 1013 1744 1052 τὸ
1764 1013 1832 1066 γὰρ
1852 1015 2074 1068 ὁλόκληρόν
2059 1033 2131 1055 εστι
2164 1021 2313 1069 Παλλη-

1267 1067 1398 1107 ναίαδε.
1427 1069 1689 1115 ὑπήλλακται“
1671 1086 1706 1108 οε
1727 1074 1747 1117 ἡ
1769 1072 1929 1124 κυριότης
1944 1076 2007 1120 τῆς
2030 1075 2213 1128 διανοίας.)
2237 1080 2312 1118 δέον

1265 1124 1333 1178 γὰρ
1352 1128 1459 1164 εἰπεῖν
1480 1129 1591 1175 ζητεῖν
1612 1128 1669 1166 τὸν
1691 1128 1799 1181 ἄνδρα
1822 1146 1882 1167 και
1911 1132 2053 1182 βλέπειν
2076 1135 2311 1186 Παλληνικὸν,
2333 1158 2364 1183 15

1265 1184 1420 1223 τουτέστι
1439 1188 1642 1236 γενναῖον,<
1629 1191 1702 1224 εἰπε
1723 1188 1947 1234 Παλλήναδε.
1968 1189 1986 1227 ὃ
2003 1190 2038 1228 δὲ
2059 1193 2166 1230 εἰπεῖν
2189 1195 2313 1246 βούλε-

1265 1258 1342 1290 ται,
1365 1244 1468 1282 τοῦτό
1488 1246 1592 1283 ἐστιν·
1616 1246 1720 1296 ὠμῶς
1740 1246 1933 1284 διακεῖσθαι
1955 1248 2015 1287 καὶ
2039 1251 2196 1302 τραχέως
2221 1252 2312 1305 ἔχειν

1264 1302 1348 1354 πρὸς
1366 1303 1423 1340 τὸν
1444 1305 1677 1355 σπεισάμενον
1697 1306 2005 1355 Λακεδαιμονίοις,
2027 1311 2072 1352 ὡς
2093 1310 2204 1348 πάλαι
2228 1313 2312 1365 πρὸς

1265 1361 1515 1414 Πεισίστρατον
1543 1363 1600 1401 τὸν
1629 1362 1807 1415 τύραννον,
1839 1363 1942 1410 ἡνίκα
1977 1368 2238 1419 συνεστήσαμεν
2274 1373 2308 1409 ἐν

1265 1419 1435 1472 Παλλήνῃ
1455 1420 1517 1467 την
1534 1421 1664 1473 μάχην.
1681 1420 1914 1472 (μέμνηται
1896 1421 1931 1460 οὲ
1950 1423 2069 1463 τούτου
2089 1427 2148 1464 καὶ
2172 1427 2308 1481 Ἀνδρο-
2326 1445 2361 1471 20

1262 1477 1344 1515 τίων
1361 1479 1420 1516 καὶ
1441 1479 1714 1531 Ἀριστοτέλης’
1699 1496 1734 1517 εν
1754 1480 1940 1526 Ἀθηναίων
1964 1484 2135 1537 πολιτεία.
2157 1485 2304 1532 Ἄλλως

1263 1537 1478 1584 Παλλήνη
1459 1541 1567 1589 οῆμος
1588 1541 1649 1585 τῆς
1674 1538 1841 1585 Ἀττικης.
1867 1543 1924 1577 νῦν
1951 1540 1987 1578 δὲ
2010 1541 2066 1578 διὰ
2088 1558 2147 1580 του
2173 1547 2193 1596 β
2202 1561 2304 1617 γρα-

1262 1594 1364 1632 πτέον
1381 1595 1473 1633 κατὰ
1493 1596 1694 1647 συγγένειαν
1715 1612 1773 1635 του
1792 1600 1816 1672 β
1837 1599 1884 1641 εἷς
1903 1598 1942 1636 τὸ
1960 1615 1999 1638 π.
2022 1599 2158 1653 εἴρηται
2178 1601 2213 1640 δὲ
2234 1604 2305 1642 ἀπὸ

1260 1657 1318 1691 τοῦ
1349 1651 1490 1706 βάλλειν
1510 1655 1625 1700 λίθοις.
1656 1655 1744 1694 θέλει
1764 1655 1830 1709 γὰρ
1848 1659 1955 1696 εἰπεῖν
1976 1658 2027 1697 ὅτι
2047 1660 2100 1697 δει
2113 1664 2226 1708 ζητεῖν
2241 1663 2298 1701 τὸν

1261 1712 1368 1763 ἄνδρα
1385 1729 1445 1751 και
1460 1715 1690 1752 λιθολευστεῖν
1709 1714 1823 1753 αὐτόν.
1834 1717 1844 1767 )
2324 1741 2358 1766 25

1312 1784 1375 1809 236.
1405 1771 1604 1822 ἐμπλείμην
1630 1773 1774 1816 Mem:
1802 1774 2026 1826 Κορεσθείην.
2061 1777 2220 1824 εὖκτικης
2244 1780 2305 1830 ἐγ-

1259 1827 1404 1872 κλίσεως
1425 1828 1596 1881 τετύχηκε
1617 1829 1655 1867 τὸ
1678 1830 1891 1882 ἐμπλείμην.
1916 1832 2007 1882 (ἔστι
2030 1849 2097 1885 γαρ
2118 1836 2305 1885 ἐμπιπλῶ,

1259 1885 1276 1923 6
1296 1887 1387 1924 κατὰ
1408 1888 1734 1939 ἀναδιπλασιασμὸν
1754 1888 1929 1937 κέκλιται,
1951 1892 2010 1944 ἀφ
2036 1895 2074 1930 66
2095 1894 2304 1946 παράγωγον

1257 1945 1296 1983 τὸ
1315 1945 1528 1997 εμπίπλημι.
1549 1946 1619 1984 ἀπὸ
1635 1947 1757 1986 τούτου
1778 1948 1909 2017 γίνεται
1926 1950 1964 1987 τὸ
1983 1956 2035 1997 [11.
2055 1959 2097 1998 Φ,
2116 1957 2163 1998 23]
2188 1972 2203 1986 «
2223 1969 2306 1999 πιμ-

1258 2023 1274 2037 «
1295 2006 1408 2043 πλᾶσι
1429 2004 1560 2057 μυχοὺς
1581 2005 1717 2056 λιμένος
1737 2006 1897 2058 εὐόρμου.
1920 2025 1935 2041 »
1953 2008 1992 2046 τὸ
2013 2008 2048 2046 δὲ
2069 2009 2168 2063 ἑτέρα
2185 2027 2304 2064 παρα-
2322 2032 2357 2058 30

1256 2066 1370 2115 γωγῇ,
1391 2064 1448 2117 ἀφ’
1469 2068 1507 2102 66
1527 2064 1566 2102 τὸ
1586 2065 1727 2112 πλήθω,
1747 2068 1793 2109 ὡς
1813 2066 1882 2104 ἀπὸ
1900 2081 1959 2104 του
1980 2082 2028 2104 νω
2047 2067 2151 2114 νήθω.
2173 2070 2242 2108 ἀπὸ
2259 2070 2301 2118 δὴ

1255 2123 1333 2171 τοῦ)
1355 2124 1433 2160 πλῶ
1460 2122 1625 2172 πλείμην,
1651 2125 1697 2167 ὡς
1718 2123 1786 2161 ἀπὸ
1810 2140 1868 2162 του
1889 2126 1962 2176 βλῶ
1990 2125 2150 2177 βλείμην,
2179 2123 2237 2178 (οὗ
2262 2129 2302 2167 τὸ

1256 2179 1411 2233 δεύτερον
1433 2186 1483 2227 [Il.
1499 2189 1538 2227 N,
1557 2186 1620 2227 288]
1643 2200 1659 2214 «
1682 2181 1777 2233 εἴπερ
1794 2181 1861 2234 γάρ
1881 2198 1920 2220 κε
1943 2184 2051 2234 βλεῖο.
2074 2186 2115 2233 n)

1307 2252 1372 2278 237.
1403 2240 1589 2292 εὐφημεῖτε
1609 2253 1617 2277 :
1634 2242 1747 2278 Τοῦτο
1764 2242 1780 2277 6
1795 2240 2020 2285 Δικαιόπολις
2037 2241 2175 2292 μέλλων
2190 2248 2300 2283 ποιεῖν

1255 2296 1375 2335 θυσίαν
1393 2298 1490 2350 φησί.
1509 2301 1610 2335 τοῦτο
1627 2297 1694 2350 γὰρ
1712 2292 1752 2344 ἦν
1773 2297 1858 2341 ἔθος.
2318 2328 2353 2353 35

1307 2369 1371 2394 238.
1403 2356 1499 2405 (σίγα
1519 2362 1587 2399 πᾶς
1621 2369 1630 2394 2
1655 2356 1737 2395 Ἐπ’
1768 2357 1863 2407 αὐτῷ
1893 2355 2006 2409 τούτῳ
2034 2357 2299 2411 δυσχεραίνουσι

1253 2413 1312 2451 καὶ
1329 2413 1515 2452 διάκεινται
1529 2416 1705 2466 χαλεπῶς,
1724 2413 1774 2452 ὅτι
1790 2416 1828 2452 66
1847 2414 1950 2465 μόνον
1968 2415 2106 2468 εἰρήνην
2124 2417 2297 2467 ἐποίησεν,

1253 2472 1344 2511 ἀλλὰ
1359 2473 1418 2510 καὶ
1436 2472 1552 2516 θυσίας
1572 2474 1749 2523 ἐπιτελεῖ.)

1305 2545 1368 2570 239.
1401 2526 1511 2581 (οὗτος
1530 2531 1631 2575 αὐτός
1646 2533 1736 2569 ἐστιν
1751 2530 1787 2569 ὃν
1807 2534 1974 2582 ζητοῦμεν
1990 2547 1998 2572 :
2019 2532 2072 2573 T6
2092 2534 2141 2578 δὶς
2159 2534 2216 2572 τὸν
2233 2537 2296 2573 αὐ-

1251 2590 1308 2627 τὸν
1334 2589 1434 2642 λόγον
1463 2589 1730 2643 ἐπιφθέγξασθαι
1761 2590 1975 2644 παρίστησιν
2006 2593 2045 2630 ἐκ
2075 2597 2296 2646 μετατροπῆς
2314 2615 2349 2641 40

1252 2648 1415 2694 ἀλήθειαν
1435 2648 1707 2700 βεδαιούμενος.)

1304 2706 1394 2744 ἀλλὰ
1412 2707 1511 2759 δευρο
1529 2712 1625 2750 πας;
1646 2706 1738 2759 Πρὸς
1752 2704 1867 2757 ὀλίγον
1885 2706 2006 2760 χρόνον
2025 2708 2294 2747 ὑποστείλασθαι

1252 2765 1452 2817 βούλονται,
1481 2764 1538 2803 ινα
1565 2764 1613 2815 μὴ
1639 2764 1864 2818 προϊδόμενος
1883 2768 1901 2803 6
1925 2766 2154 2819 σπονδοφόρος
2174 2767 2290 2820 φύγῃ,

1251 2823 1354 2875 (ἄλὶὰ
1369 2825 1557 2870 δυνηθῶσιν
1577 2823 1676 2861 αὐτὸν
1690 2823 1938 2875 χειρώσασθαι.
1953 2829 2110 2862 τοιαῦται
2127 2829 2216 2871 ἦσαν
2232 2826 2291 2865 καὶ

1249 2885 1283 2920 αἱ
1300 2881 1498 2926 Ὀδυσσέως
1516 2881 1602 2936 πρὸς
1620 2881 1778 2933 Διομήδη
1795 2881 2065 2934 παρακελεύσεις
2086 2888 2138 2930 [11.
2160 2892 2199 2932 K,
2215 2890 2282 2932 344]
2301 2904 2336 2929 45

1329 2979 1394 3011 ἀλλ’
1408 2979 1505 3019 ἐῶμέν
1520 2990 1570 3019 μιν
1586 2982 1693 3019 πρῶτα
1705 2978 1894 3019 παρεξελθεῖν
1907 2978 2026 3011 πεδίοιο

1327 3026 1444 3057 τυτθόν·
1463 3026 1568 3057 ἔπειτα
1580 3026 1612 3056 δέ
1625 3026 1654 3056 κ’
1666 3025 1757 3056 αὐτὸν
1773 3026 1948 3062 ἐπαΐξαντες
1965 3026 2113 3068 ἕλοιμεν.)

1298 3124 1360 3149 242.
1378 3110 1491 3164 πρόϊθ’
1507 3113 1552 3153 ὡς
1567 3110 1606 3148 τὸ
1622 3110 1799 3163 πρόσθεν·
1818 3109 1921 3149 Κατὰ
1937 3110 2000 3158 τὴν
2015 3114 2084 3149 τῶν
2096 3111 2284 3150 Διονυσίων

1245 3169 1365 3222 ἑορτὴν
1385 3169 1483 3230 παρὰ
1500 3170 1570 3212 τοῖς
1586 3168 1774 3216 Ἀθηναίοις
1794 3170 1829 3206 αἱ
1849 3170 1996 3219 εὐγενεῖς
2014 3170 2177 3222 παρθένοι
2199 3172 2282 3207 ἐκα-

1243 3228 1423 3288 νηφόρουν.
1449 3231 1490 3274 ἠν
1513 3227 1548 3265 δὲ
1573 3244 1612 3265 εκ
1636 3231 1765 3280 χρυσοῦ
1788 3226 2006 3277 πεποιημένα
2031 3227 2076 3266 τὰ
2097 3234 2204 3274 κανᾶ,
2229 3228 2280 3281 ἐφ’
2298 3258 2332 3282 56

1243 3290 1291 3324 ὡν
1316 3285 1377 3330 τὰς
1398 3285 1560 3338 ἀπαρχὰς
1589 3286 1752 3324 ἁπάντων
1779 3285 1947 3324 ἐτίθεσαν.
1971 3286 2100 3336 (διπλῆ
2127 3284 2161 3323 δὲ
2191 3284 2279 3335 μετὰ

1242 3343 1441 3395 κορωνίδος,
1470 3360 1522 3382 οτι
1549 3343 1696 3382 εἰσίασιν
1724 3345 1755 3382 οἱ
1781 3342 1980 3396 ὑποκριται,
2003 3343 2063 3381 καὶ
2088 3342 2171 3380 εἰσὶν
2196 3344 2279 3392 ἷαμ-

1243 3403 1354 3452 δεῖ-α.)
