2517 3792
867 219 1119 257 SCHOLIA
1156 219 1217 257 IN
1251 218 1728 258 ECCLESIAZUSAS.
2284 228 2355 261 317

346 307 586 359 ,Ἱερώνυμος
603 306 732 359 σοφόςῖ
757 306 844 344 Κατ’
865 305 1050 357 εἰρωνείαν
1071 308 1088 342 6
1107 304 1172 356 γὰρ
1189 305 1269 356 Ἀρ-

237 323 338 417 γεῖος
307 323 466 418 0σοφὸς,
493 367 510 402 6
534 365 562 402 6
586 363 787 416 Ῑερωνυμος
814 364 960 414 άμαθῑς.
990 367 1099 400 ταῦτα
1117 363 1152 400 δὲ
1172 365 1216 406 εἷς
1231 362 1270 399 τὸ

240 422 455 474 κωμῳδῆσαί
468 437 571 464 τινας.
587 422 625 459 τὸ
643 421 677 458 δὲ
693 421 725 459 Ἀ
733 422 839 472 ργεῖος
856 421 965 470 ὄνομα
980 421 1109 473 κύριον.

291 494 355 518 203.
385 479 631 531 Θρασύὸουλος
647 492 654 517 t
671 474 799 528 (Οῧτος
813 478 962 523 αὐθάδης
975 479 1034 516 καὶ
1048 478 1270 531 δωροδόκος,)

202 551 219 574 5
238 538 434 591 ὑπερόπτης
455 537 540 589 (ὢν)
559 543 617 576 τοῦ
640 538 768 587 δήμου,
789 537 956 583 ἠέούλετο
975 538 1017 575 δι’
1034 539 1138 574 αὐτοῦ
1157 535 1272 573 πάντα

237 596 463 648 πράττεσθαι.

291 667 354 691 204.
384 653 440 690 διὰ
456 653 494 690 τὸ
510 652 610 705 ἀνήρ.
618 664 664 693 R

291 724 355 748 206.
382 710 478 759 (τὰ
460 709 610 759 δημόσια
636 709 702 763 γὰρ
727 712 1044 762 μισθοφοροῦντεςε
1067 707 1192 749 υΟπως
1212 705 1273 756 μὲν

239 768 335 805 αὐτοι
354 769 548 820 κερδανεῖτε
562 797 571 814 ,
592 771 793 805 σκοπεῖσθε·
814 783 906 809 οπως
925 766 959 804 δὲ
981 765 1200 834 (ρροντίσετε,ν
1193 762 1274 814 περὶ

189 836 222 861 10
240 841 307 863 των
321 829 455 872 κοινῶν,
470 821 543 869 ἐξῖ
519 842 565 863 ων
584 824 822 877 μισθοφορίαι,
838 825 997 873 ἀμελεῖτε
1013 826 1073 861 τοῦ
1089 822 1237 870 κοινοῦ.)

294 897 358 922 208.
390 883 537 934 Αἴσιμος
554 896 562 921 :
581 882 702 924 Χωλὸς
718 882 840 930 ἄτιμος
851 880 910 916 καὶ
924 879 1072 929 ἀμαθής.
1090 902 1124 907 --
1154 878 1275 927 ἄτιμος

241 936 337 984 οἶτος
354 941 413 978 καὶ
430 940 554 992 χωλός.
582 939 620 977 τὸ
640 939 674 976 δὲ
698 938 808 976 κοινὸν
832 937 884 974 ὅτι
906 937 944 974 τὸ
965 936 1075 975 κοινὸν
1103 936 1274 986 ἀμελεῖτε.

241 1002 425 1037 σκοπεῖσθε
445 998 500 1044 δὲ,
516 997 550 1034 τί
567 998 773 1049 κερδανεῖτε.
792 1006 828 1034 Ρ..

289 1070 353 1095 209.
386 1054 598 1105 (σωθήσεσθ’
627 1053 677 1090 ἔτι
707 1065 714 1091 :
744 1051 920 1102 Παρέλκει
944 1051 983 1089 τὸ
1009 1050 1061 1089 ἔτι
1085 1050 1183 1103 παρὰ
1207 1051 1277 1093 τοῖς

192 1123 223 1146 ¹5
244 1112 446 1162 Ἀττικοῖς.)

294 1184 358 1209 212.
391 1168 571 1219 (ταμίαιςε
588 1165 768 1219 Ἐφόροις,
786 1165 928 1218 φύλαξι,
946 1166 1205 1218 διοικητρίαις.)

293 1240 357 1264 216.
390 1224 562 1276 βάπτουσι
584 1222 798 1262 ζΠλύνουσι.
821 1246 865 1251 —
889 1223 984 1260 οὐδὲν
1013 1227 1276 1275 καινοτομοῦσι,

240 1283 335 1336 φησί.
354 1289 393 1320 R.

293 1353 357 1378 217.
386 1337 618 1381 ἁπαξάπασαι
650 1350 659 1375 2
682 1336 757 1374 ἀντὶ
782 1340 841 1374 τοῦ
869 1344 992 1376 πᾶσαι.
1018 1339 1061 1376 τὰ
1082 1339 1279 1377 δὲτοιαῦται

189 1409 224 1433 2ο
242 1396 393 1436 Ἀττικά.
443 1394 748 1447 μεταπειρωμένας
768 1409 775 1433 :
790 1396 1084 1445 μεταὲαινούσας,
1101 1397 1278 1447 μεταὸαλ-

241 1454 389 1506 λομένας
407 1453 475 1490 ἀπὸ
491 1453 696 1505 πράγματος
715 1455 760 1495 εἷς
779 1459 938 1504 πρᾶγμα.
978 1462 1016 1492 Β.

295 1526 359 1551 220.
391 1513 420 1549 εἷ
438 1511 486 1562 μή
508 1527 542 1548 τι
558 1506 674 1548 καινὸν
698 1510 783 1548 ἄλλο
805 1525 813 1549 :
837 1512 926 1554 Ἀντὶ
943 1516 1024 1559 τοῦ,
1043 1514 1071 1550 εἷ
1089 1512 1136 1561 μὴ
1158 1515 1282 1551 ἐπολυ-

243 1569 432 1623 πραγμόνει
452 1569 511 1606 καὶ
527 1569 645 1611 καινὰς
662 1569 760 1620 ἔφερε
781 1569 966 1613 πολιτείας.
991 1591 1037 1596 -
1057 1571 1133 1608 ἀντὶ
1151 1575 1231 1622 τοῦ,
1253 1573 1281 1608 εἷ

243 1628 414 1679 ἐφύλαττε
432 1627 490 1664 τὸν
511 1628 655 1678 ἀρχαῖον
677 1626 791 1675 νόμον.
815 1639 850 1668 n,

192 1695 226 1719 25
298 1684 462 1738 φρύγουσι
483 1698 491 1723 :
516 1685 637 1723 Λείπει
657 1684 695 1720 τὸ
718 1683 846 1736 κριθάς.
888 1684 1122 1737 ἐπιτρίὸουσι,
1141 1685 1277 1738 μοιχεύ-

246 1759 353 1791 ουσιν,
372 1742 394 1788 ἢ
415 1744 448 1780 ἐν
464 1744 512 1794 τῷ
532 1742 638 1791 μηδὲν
657 1741 832 1792 πράττειν.

297 1815 361 1840 226.
390 1802 652 1851 παροψωνοῦσιν
674 1813 682 1837 :
703 1799 792 1837 Ἀντὶ
808 1803 867 1838 τοῦ
887 1800 998 1852 λάθρα
1018 1803 1220 1853 ὀψωνοῦσιν.
1235 1802 1277 1851 ’ᾖ

297 1873 361 1898 227.
392 1858 536 1910 εὔζωρον
561 1872 569 1896 :
591 1856 773 1910 Ἄκρατον.

297 1931 360 1955 230.
391 1915 440 1967 μὴ
456 1916 698 1967 περιλαλῶμεν
720 1929 728 1955 ;
750 1916 813 1962 Μὴ
837 1918 1057 1969 φλυαρῶμεν.

190 1995 226 2019 30
299 1987 361 2012 232.
390 1975 601 2026 σκεψάμενοι
619 1986 628 2012 :
650 1967 734 2012 Οἷον
753 1975 791 2011 ἐκ
808 1977 876 2012 τῶν
897 1975 1118 2025 ἐπαγομένων
1138 1975 1283 2025 λογισά-

248 2047 354 2083 μενοι.

299 2102 362 2127 236.
391 2087 541 2138 πορίζειν
559 2100 568 2126 t
585 2086 782 2140 Εὑρίσκειν,
800 2087 967 2139 συνάγειν.

299 2160 364 2185 299.
394 2144 439 2183 τὰ
466 2146 494 2182 δ’
518 2145 608 2182 ἄλλα
632 2158 641 2183 :
663 2145 763 2183 Μετὰ
792 2145 831 2182 τὸ
863 2145 956 2183 ἐάσω
987 2146 1152 2185 στικτέον.
1182 2147 1221 2184 τὸ
1249 2146 1283 2185 δὲ

247 2207 377 2255 ταῦτα,
395 2199 462 2241 οἶον
481 2206 592 2240 ταῦτα
611 2201 868 2252 συμὸουλεύων.

198 2275 232 2300 35
301 2274 366 2299 243.
399 2262 433 2298 ἐν
458 2259 560 2297 πυκνί
588 2272 597 2298 2
625 2259 715 2297 Ἀντὶ
733 2263 791 2297 τοῦ
813 2262 846 2297 ἐν
867 2263 910 2312 τῇ
929 2261 1108 2313 ἐκκλησία.
1128 2263 1173 2305 ὡς
1194 2264 1282 2300 ἀπο-

249 2317 492 2372 κεκρυμμένων
513 2316 650 2354 Εκὶίνων
674 2333 742 2354 των
769 2333 882 2369 μὶρων
911 2333 970 2354 χαι
993 2318 1190 2369 δυναμένων
1216 2322 1287 2357 ἐκεῖ

250 2376 492 2434 κρύπτεσθαι’
477 2373 535 2412 επὶ
549 2390 610 2419 της
626 2376 734 2426 φυγῆς
753 2389 820 2411 των
839 2374 1037 2427 τριάκοντα.

302 2446 367 2485 245.
399 2435 446 2482 (ω
461 2431 536 2482 μέλ
553 2435 669 2478 ἠσθα;
690 2431 864 2483 Παρέλκει
883 2432 921 2469 τὸ
940 2432 1034 2470 υέλε.
1046 2435 1056 2483 )

302 2504 366 2529 246.
396 2491 434 2527 οὗ
452 2488 607 2539 ματαίως
620 2489 679 2526 καὶ
693 2489 853 2532 ἐτωσίως.
899 2489 990 2536 δεινὴ
1005 2506 1064 2528 και
1082 2490 1189 2543 σοφὴ,
1207 2493 1285 2529 ἱκα-

197 2560 233 2586 40
250 2548 292 2595 νὴ
303 2551 337 2587 ἐν
353 2550 402 2599 τῷ
419 2547 544 2598 λέγειν.
562 2554 597 2584 Ρ..
616 2546 752 2584 αὐτόθεν
769 2560 777 2585 :
795 2546 876 2584 Ἀπὸ
895 2551 955 2584 τοῦ
969 2548 1135 2600 παρόντος
1147 2548 1283 2600 χρόνου.

302 2598 365 2644 248.
395 2604 555 2658 Κέφαλός
571 2617 650 2642 σοιε
672 2604 892 2655 Δημαγωγὸς
911 2600 1006 2649 οὗτος
1021 2605 1150 2659 ἕτερος,
1169 2609 1233 2658 οὐχ
1248 2607 1284 2644 ὃν

250 2663 342 2715 λέγει
361 2645 603 2713 Δημοσθένης,
625 2662 714 2699 ἀλλὰ
732 2662 893 2714 λοίδορος.

303 2734 368 2761 252.
391 2719 566 2772 τρύὸλιαε
585 2714 688 2763 Εἶδος
704 2719 873 2772 ὂξυὸάφου
890 2720 929 2758 τὸ
945 2720 1117 2773 τρύὸλιον.

304 2791 368 2816 253.
395 2776 598 2830 κεραμεύειν
622 2790 631 2816 :
655 2777 738 2816 Ἀπὸ
760 2781 872 2816 κοινοῦ
897 2779 936 2816 τὸ
960 2778 1180 2832 κεραμεύειν,
1209 2780 1285 2818 ἀντὶ

198 2849 235 2874 *5
252 2837 311 2872 τοῦ
330 2834 610 2886 κατεργάζεσθαι.
627 2839 668 2881 ἠν
686 2835 721 2873 δὲ
737 2835 913 2887 κεραμέως
930 2837 1059 2889 πατρὸς
1074 2840 1092 2874 6
1111 2837 1282 2888 Κέφαλος.

253 2889 369 2940 ἔλεγον
389 2891 424 2927 δὲ
442 2891 642 2942 κεραμεύειν
664 2891 724 2928 καὶ
742 2892 781 2930 τὸ
797 2895 912 2936 κακῶς
929 2894 1038 2930 ποιεῖν
1059 2893 1103 2931 τὰ
1122 2894 1230 2932 κοινά.

306 2960 369 2985 254.
398 2948 604 2994 Νεοκλείδης
621 2951 639 2986 6
657 2949 800 2999 γλάμων
823 2964 832 2988 :
857 2951 1132 3003 Ἐκωμῳδεῑτο“
1115 2968 1160 3006 ως
1179 2967 1284 2990 συκο-

254 3003 384 3056 φάντης
404 3004 464 3041 καὶ
486 3003 574 3048 ξένος
590 3021 650 3042 και
672 3006 833 3053 κλέπτης.
856 3010 873 3045 ὃ
892 3009 1032 3058 λημῶν·
1056 3009 1116 3046 δ”
1097 3025 1185 3061 εχων
1208 3010 1285 3053 τοὺς

255 3060 449 3112 ὀφθαλμους
467 3061 610 3111 μεστους
629 3064 850 3115 ἀκαθαρσίας.

203 3132 239 3156 50
308 3131 372 3157 255.
402 3119 434 3160 ἐς
456 3118 554 3161 κυνὸς
570 3119 682 3169 πυγήν
706 3135 715 3160 :
752 3122 931 3173 Παροιμία
956 3123 1100 3170 παιδικὴ
1130 3123 1187 3161 ἐπὶ
1216 3126 1283 3161 τῶν

257 3174 537 3227 ὀφθαλμιώντων,
554 3178 586 3218 ἐς
603 3176 703 3220 κυνὸς
721 3178 833 3229 πυγὴν
849 3182 932 3231 ὁρᾶν
949 3178 1008 3217 καῖ
1024 3183 1126 3234 τριῶν
1144 3181 1283 3219 ἀλωπέ-

255 3247 339 3270 κων.

309 3302 374 3327 256.
404 3289 641 3342 ὑποκρούσωσί
658 3306 695 3328 σε
713 3303 723 3330 ;

744 3290 992 3332 Ὑποὲάλλωσί
1008 3310 1058 3335 σε.
1076 3296 1283 3346 λαμὸάνων-

255 3346 315 3385 ταί
334 3361 406 3383 σου.

1381 319 1442 343 257.
1472 307 1609 343 πολλῶν
1634 305 1836 358 κρουμάτων
1856 318 1864 344 :
1887 306 1958 344 Καὶ
1987 306 2075 356 μετὰ
2102 305 2221 345 τούτου
2243 306 2359 352 ἔπαιξε

1328 362 1411 413 πρὸς
1426 362 1488 408 τὴν
1504 364 1704 414 ὁμωνυμίαν
1726 366 1785 409 τῆς
1802 364 1991 406 συνουσίας.

1383 440 1447 465 259.
1480 427 1673 477 ἐξαγκωνιῶ
1699 442 1707 466 :
1727 427 1817 470 Τοὺς
1843 430 1998 477 ἀγκῶνας
2017 427 2083 466 ὑπὸ
2107 435 2181 472 ταῖς
2197 431 2361 481 πλευραῖς

1330 484 1475 529 ποιήσω.
1494 484 1654 523 οὐδέποτε
1670 485 1736 538 γὰρ
1753 485 1841 523 οὕτω
1862 485 1950 535 μέση
1968 487 2204 539 ληφθήσομαι.
2272 485 2362 537 (Ἄλ-

1330 542 1408 583 λως.
1426 541 1644 593 παραδώσω,
1662 539 1718 580 ἵνα
1734 546 1800 580 τῶν
1817 545 1941 594 χειρῶν
1958 544 2019 595 ἕλῃ
2038 560 2098 594 με,
2113 545 2172 583 καὶ
2188 544 2236 594 μὴ
2253 545 2362 595 μέσην
2381 558 2396 581 t·

1333 597 1417 649 ἄρας
1434 613 1478 647 με
1493 601 1561 650 γνῷ
1578 598 1629 636 ὅτι
1649 599 1732 649 γυνή
1750 602 1820 649 εἰμι
1837 602 1875 637 ἐκ
1893 603 1960 638 τῶν
1980 602 2146 653 τιτθίων.)

1385 672 1447 697 260.
1478 660 1558 706 ὡδὶ,
1575 660 1692 704 οὕτως.
1712 668 1749 697 R.

1386 729 1449 754 263.
1480 717 1559 756 τίνι.
1579 720 1654 768 (262)
1673 718 1849 757 ἔσκεπται.
1868 726 1905 755 Β.

1386 792 1449 817 265.
1480 780 1586 832 αἴρειν
1606 781 1655 819 τὼ
1679 781 1784 828 σκέλη
1805 796 1814 820 :
1838 783 1900 821 Ἐν
1920 785 1962 833 τῇ
1987 785 2166 835 συνουσίᾳ·
2189 786 2279 836 λέγει
2305 786 2365 829 τὰς

1333 838 1452 888 χεῖρας
1473 837 1592 889 αἴρειν,
1609 838 1727 891 ὥσπερ
1746 842 1776 876 οἱ
1794 839 1932 892 ῥήτορες
1950 843 1980 878 οἱ
1997 842 2201 894 κρινόμενοι.
2386 856 2422 879 ¹⁰

1388 906 1450 933 267.
1483 895 1714 946 ἐξωμισάσαις
1734 911 1742 936 :
1761 897 1862 951 Ἄχρι
1878 901 1943 936 τῶν
1962 899 2067 950 ὤμων
2083 902 2338 952 γυμνωσάσαις.

1388 964 1452 990 269.
1484 955 1661 992 ὑποδεῖσθε
1681 968 1690 994 z
1709 955 2025 1006 Ὑποδεσμεύσατε.

1388 1022 1451 1048 274.
1482 1011 1631 1063 ἀκριὲως
1648 1028 1820 1059 ποιησετε.
1839 1021 1878 1051 R.

1389 1080 1451 1105 276.
1480 1070 1662 1107 ἐπαναὸάλ
1665 1075 1769 1111 εσθε;
1790 1073 1863 1110 ἀντὶ
1879 1089 1939 1111 του
1959 1075 2301 1144 733ptcroMcoth3AE

1390 1137 1454 1163 280.
1484 1140 1660 1178 προιωμεν
1681 1131 1821 1170 αὐτῶντ
1841 1132 2130 1183 Προηγησώμεθα
2148 1135 2216 1171 τῶν
2241 1136 2369 1173 λοιπῶν
2391 1151 2421 1175 15

1336 1185 1516 1230 γυναικῶν.

1390 1256 1454 1283 261.
1485 1245 1643 1299 ἄντικρυς
1663 1262 1672 1287 :
1694 1249 1770 1287 ἀντὶ
1785 1266 1844 1288 του
1862 1252 1998 1291 αὐτίκα.
2015 1260 2054 1291 R.

1391 1315 1453 1339 284.
1484 1305 1766 1358 ὑπαποτρέχεινε
1786 1309 1921 1348 Ὀπίσω
1939 1310 2084 1363 τρέχειν.

1390 1359 1595 1401 πάτταλον
1618 1364 1670 1402 T6
1691 1366 1858 1416 τυχόν.οἱ
1882 1368 1948 1421 γὰρ
1974 1369 2113 1422 ύστερον
2139 1370 2291 1415 ἐλθόντες
2310 1372 2371 1410 οὔκ

1340 1416 1536 1467 ἓλάμὸανον
1553 1420 1591 1458 τὸ
1611 1423 1910 1470 ἐκκλησιαστικόν.
2390 1443 2429 1467 20

1392 1488 1454 1514 285.
1482 1477 1522 1514 τὸ
1539 1478 1675 1531 ανδρας.
1699 1489 1737 1519 R.

1393 1546 1453 1571 286.
1484 1536 1624 1588 ἐκπέσῃ.
1641 1546 1677 1575 R.

1392 1605 1455 1631 288.
1487 1594 1696 1645 (ἐνδούμεναι
1731 1611 1740 1636 :

1339 1648 1471 1699 τόλμαν
1490 1652 1634 1706 λάθρα.)

1394 1721 1458 1747 289.
1491 1710 1701 1763 (χωρῶμενῑ
1719 1714 1823 1752 Τουτ’
1852 1714 1926 1753 ἐστὶ
1945 1715 1986 1754 τὸ
2006 1716 2138 1767 μέλοςὸ
2163 1723 2256 1757 εἶπεν
2280 1720 2372 1759 ἔνδον
2393 1735 2425 1760 25

1343 1765 1462 1810 αὐταῖς
1477 1768 1516 1805 τὸ
1532 1771 1739 1821 ἀγροικικόν.
1746 1772 1758 1822 >

1400 1838 1462 1865 291.
1492 1826 1568 1879 πρῲ
1602 1828 1879 1878 μονοσυλλάὸως.

1342 1885 1446 1929 ὄντος.

1781 1599 2048 1649 Καταδυόμεναι
2083 1602 2130 1644 εἷς
2161 1602 2373 1651 τηλικαύτην

1962 1831 2038 1869 ἀντὶ
2065 1835 2124 1871 τοῦ
2152 1833 2202 1871 ἔτι
2235 1835 2376 1888 κνέφους

1395 1947 1610 1999 κεκονιμένος
1623 1963 1631 1988 2
1647 1943 1714 1987 οἷον
1731 1950 1933 1996 σπουδάζων
1944 1951 2036 1991 πάνυ
2047 1954 2105 1992 καὶ
2120 1955 2241 2006 σχεδὸν
2252 1951 2377 2001 κόνῖκς

1342 2006 1625 2058 πεπληρωμενος.
1641 2015 1680 2045 R.
2395 2031 2427 2058 3⁰

1395 2078 1459 2104 292.
1490 2065 1719 2135 ὑπότριμμα.
1738 2066 1828 2105 Αντι
1841 2082 1901 2105 του
1917 2068 2029 2120 δριμύ.
2048 2071 2078 2107 οἱ
2093 2070 2161 2124 γαρ
2185 2073 2376 2118 δικάζοντες

1343 2123 1403 2174 ὀερε
1388 2121 1550 2159 είλουσι
1531 2123 1661 2174 οριμεῖς
1674 2127 1771 2161 εἰναι.

1396 2179 1566 2231 στέργων.
1582 2180 1770 2230 ΗΟΟμενΟς
1788 2182 1971 2234 σκΟρΟδΟῑς.
1989 2184 2048 2222 καὶ
2064 2201 2164 2225 τοῦτο
2181 2189 2375 2241 αγρῦῑκῑκὸν

1344 2237 1517 2288 Εμφαίνεῑ.

1396 2307 1460 2332 293.
1491 2293 1883 2345 ἀναπλάττειόνόματα.
1901 2305 1939 2335 Ρ..

2393 2328 2427 2352 35

1396 2365 1458 2390 295.
1491 2359 1559 2401 μηο
1563 2367 1596 2388 εν
1621 2354 1899 2405 παραχορδιεῖςζ
1918 2354 2049 2429 Παρὰα
2053 2358 2179 2408 ῥυθμὸν
2204 2361 2376 2435 ποιησεις,

1345 2408 1451 2459 μηδεν
1467 2409 1627 2462 παραφθέ
1628 2410 1709 2461 γξῃ,
1727 2411 1817 2449 ἀλλὰ
1835 2413 1885 2450 δει
1900 2414 2008 2451 εἰπεῖν
2027 2413 2131 2460 ὅπως.
2149 2417 2357 2468 σύμὸολον
2338 2421 2376 2459 οέ

1343 2482 1375 2504 τι
1391 2467 1488 2513 δηλοῖ
1502 2467 1644 2520 φανερὸν
1659 2468 1739 2515 ἤδη.

1396 2538 1459 2564 296.
1490 2525 1565 2562 ἀντὶ
1581 2529 1640 2563 τοῦ
1658 2525 1812 2565 σεαυτόν.
1830 2533 1868 2564 R.

1395 2596 1456 2622 297.
1486 2583 1631 2629 πλησίον
1650 2583 1822 2630 ἀλληλων.
1837 2592 1875 2622 R.
2393 2612 2427 2637 40

1395 2659 1457 2684 298.
1488 2646 1619 2684 ὁπόσ’”“
1603 2660 1668 2686 αν.
1681 2647 1839 2687 ‘Gurdo-“¹
1823 2665 1864 2686 αν
1880 2648 1938 2701 δέῃ
1952 2652 2156 2703 χειροτονεῖν
2172 2653 2234 2698 τὰς
2248 2655 2374 2706 ἡμετέ-

1344 2719 1404 2756 ρας
1419 2703 1530 2757 φίλας.
1544 2712 1582 2742 R.

1395 2781 1458 2806 300.
1489 2767 1552 2820 δ’ρα
1578 2769 1608 2806 δ’
1632 2768 1724 2812 ὅπως
1744 2782 1753 2808 :

1342 2825 1521 2876 ἐκκλησία.

1395 2897 1457 2922 302.
1487 2882 1565 2921 ἔνθα
1579 2885 1608 2921 οἱ
1624 2884 1784 2936 στέφανοι
1799 2884 1995 2922 πλέκονται.

1342 2943 1437 2979 λειαν
1457 2944 1517 2978 τοῦ
1536 2945 1657 2989 μισθοῦ
1674 2941 1823 2986 δικάζειν
1841 2942 2018 2982 θελόντων.
2033 2950 2072 2981 R.

1774 2769 1865 2823 Ὁρᾷ
1890 2770 2015 2823 ἄνδρας
2040 2774 2241 2825 προσιόντας
2265 2778 2300 2814 ἐν
2329 2780 2372 2830 τῇ

2087 2890 2132 2931 ὡς
2143 2887 2198 2926 διὰ
2206 2889 2268 2936 τὴν
2279 2892 2372 2930 εὐτέ-
2390 2910 2423 2936 45

1395 3016 1458 3041 303.
1487 3003 1693 3055 Μυρωνίδης
1708 3016 1716 3042 :
1735 3006 1816 3043 Τῶν
1829 3003 2098 3055 εὐδοκιμούντων
2114 3002 2210 3053 οὗτος
2231 3012 2248 3047 ὁ
2264 3026 2369 3064 στρα-

1341 3060 1454 3111 1⁷66<-

1393 3131 1457 3156 604.
1486 3116 1698 3170 παρεγίνετο.
1715 3124 1753 3155 R.

1394 3188 1457 3214 306.
1487 3176 1522 3212 ἐν
1540 3175 1683 3227 ἀσκιδίῳ
1695 3189 1706 3214 t
1720 3175 1861 3227 Πρὸςτὸ
1875 3178 2018 3229 ἀρχαῖον
2036 3178 2108 3223 ἔθος
2123 3181 2367 3232 σεσημείωται.
2387 3207 2421 3231 50

1395 3246 1458 3271 310.
1487 3233 1785 3284 πηλοφορουντες;
1805 3233 1870 3277 (Ως
1881 3235 2098 3288 χειροτέχναι
2114 3238 2172 3275 καὶ
2191 3240 2366 3289 μισθωτοί.

1395 3308 1458 3333 317.
1489 3297 1506 3332 6
1524 3297 1747 3346 Κοπρεαῖοςζ
1764 3295 1933 3335 Βούλεται
1951 3300 2057 3338 εἰπεῖν
2083 3302 2128 3344 ὥς
2151 3300 2202 3339 ὅτι
2226 3303 2368 3355 ἠπειγό-

1307 3368 1412 3401 μην
1431 3354 1667 3399 ἀποπατῆσαι.
