<?xml version="1.0" encoding="UTF-8"?>
<!DOCTYPE html PUBLIC "-//W3C//DTD XHTML 1.0 Transitional//EN"
    "http://www.w3.org/TR/xhtml1/DTD/xhtml1-transitional.dtd">
<html xmlns="http://www.w3.org/1999/xhtml" xml:lang="en" lang="en">
 <head>
  <title>
</title>
<meta http-equiv="Content-Type" content="text/html;charset=utf-8" />
  <meta name='ocr-system' content='tesseract 3.04.00' />
  <meta name='ocr-capabilities' content='ocr_page ocr_carea ocr_par ocr_line ocrx_word'/>
</head>
<body>
  <div class='ocr_page' id='page_1' title='image "./scholiagraecaina00dbuoft_0557.png"; bbox 0 0 2517 3792; ppageno 0'>
   <div class='ocr_carea' id='block_1_1' title="bbox 1114 179 2282 218">
    <p class='ocr_par' dir='ltr' id='par_1_1' title="bbox 1114 179 2282 218">
     <span class='ocr_line' id='line_1_1' title="bbox 1114 179 2282 218; baseline 0.001 -2"><span class='ocrx_word' id='word_1_1' title='bbox 1114 179 1380 218; x_wconf 72' lang='lat' dir='ltr'><strong>RANARUM.</strong></span> <span class='ocrx_word' id='word_1_2' title='bbox 2205 185 2282 218; x_wconf 81' lang='lat'>515</span> 
     </span>
    </p>
   </div>
   <div class='ocr_carea' id='block_1_2' title="bbox 197 265 1226 3390">
    <p class='ocr_par' dir='ltr' id='par_1_2' title="bbox 199 265 1216 484">
     <span class='ocr_line' id='line_1_2' title="bbox 255 265 1210 318; baseline -0.008 -9"><span class='ocrx_word' id='word_1_3' title='bbox 255 272 302 308; x_wconf 82' lang='grc'>58</span> <span class='ocrx_word' id='word_1_4' title='bbox 322 274 368 309; x_wconf 83' lang='lat' dir='ltr'>R.</span> <span class='ocrx_word' id='word_1_5' title='bbox 392 270 505 307; x_wconf 87' lang='lat' dir='ltr'>habet</span> <span class='ocrx_word' id='word_1_6' title='bbox 525 269 700 310; x_wconf 83' lang='grc' dir='ltr'>Ἀττικῶς.</span> <span class='ocrx_word' id='word_1_7' title='bbox 725 267 801 304; x_wconf 78' lang='grc' dir='ltr'>ἀντὶ</span> <span class='ocrx_word' id='word_1_8' title='bbox 819 269 878 304; x_wconf 75' lang='grc' dir='ltr'>τοῦ</span> <span class='ocrx_word' id='word_1_9' title='bbox 900 265 970 318; x_wconf 70' lang='grc' dir='ltr'>ἔχω</span> <span class='ocrx_word' id='word_1_10' title='bbox 995 266 1060 318; x_wconf 80' lang='grc' dir='ltr'>γὰρ</span> <span class='ocrx_word' id='word_1_11' title='bbox 1083 267 1210 307; x_wconf 88' lang='grc' dir='ltr'>κακῶς.</span> 
     </span>
     <span class='ocr_line' id='line_1_3' title="bbox 199 325 1214 380; baseline -0.009 -11"><span class='ocrx_word' id='word_1_12' title='bbox 199 331 237 369; x_wconf 84' lang='grc' dir='ltr'>τὸ</span> <span class='ocrx_word' id='word_1_13' title='bbox 252 330 288 368; x_wconf 82' lang='grc' dir='ltr'>δὲ</span> <span class='ocrx_word' id='word_1_14' title='bbox 300 329 388 368; x_wconf 82' lang='grc' dir='ltr'>ἀλλὰ</span> <span class='ocrx_word' id='word_1_15' title='bbox 402 328 669 380; x_wconf 84' lang='grc' dir='ltr'>παρέλκεται.-</span> <span class='ocrx_word' id='word_1_16' title='bbox 686 329 734 364; x_wconf 93' lang='grc'>26</span> <span class='ocrx_word' id='word_1_17' title='bbox 746 326 836 364; x_wconf 87' lang='grc' dir='ltr'>ἀλλά</span> <span class='ocrx_word' id='word_1_18' title='bbox 855 341 928 363; x_wconf 78' lang='lat' dir='ltr'><strong>oin.</strong></span> <span class='ocrx_word' id='word_1_19' title='bbox 945 328 992 364; x_wconf 93' lang='lat'><strong>(·).</strong></span> <span class='ocrx_word' id='word_1_20' title='bbox 1014 327 1126 363; x_wconf 81' lang='grc' dir='ltr'>Καλλ.</span> <span class='ocrx_word' id='word_1_21' title='bbox 1145 325 1214 361; x_wconf 80' lang='grc' dir='ltr'>οὐδ’</span> 
     </span>
     <span class='ocr_line' id='line_1_4' title="bbox 199 382 1216 435; baseline -0.008 -9"><span class='ocrx_word' id='word_1_22' title='bbox 199 389 275 426; x_wconf 80' lang='grc' dir='ltr'>ἀλλ’</span> <span class='ocrx_word' id='word_1_23' title='bbox 297 382 366 433; x_wconf 71' lang='grc' dir='ltr'>ἧκα</span> <span class='ocrx_word' id='word_1_24' title='bbox 399 382 502 435; x_wconf 72' lang='grc' dir='ltr'>(ἧκεν</span> <span class='ocrx_word' id='word_1_25' title='bbox 533 387 603 435; x_wconf 90' lang='lat' dir='ltr'>G.)</span> <span class='ocrx_word' id='word_1_26' title='bbox 632 389 679 423; x_wconf 97' lang='lat' dir='ltr'>V.</span> <span class='ocrx_word' id='word_1_27' title='bbox 711 386 888 423; x_wconf 80' lang='lat' dir='ltr'>Correxit</span> <span class='ocrx_word' id='word_1_28' title='bbox 917 384 1137 422; x_wconf 79' lang='lat' dir='ltr'>Diudorlius</span> <span class='ocrx_word' id='word_1_29' title='bbox 1170 396 1216 418; x_wconf 83' lang='lat' dir='ltr'>ex</span> 
     </span>
     <span class='ocr_line' id='line_1_5' title="bbox 199 445 549 484; baseline -0.011 -1"><span class='ocrx_word' id='word_1_30' title='bbox 199 447 318 484; x_wconf 80' lang='lat' dir='ltr'><strong>schol.</strong></span> <span class='ocrx_word' id='word_1_31' title='bbox 341 445 440 482; x_wconf 86' lang='lat' dir='ltr'><strong>Nub.</strong></span> <span class='ocrx_word' id='word_1_32' title='bbox 462 446 549 480; x_wconf 75' lang='lat'><strong>232.</strong></span> 
     </span>
    </p>

    <p class='ocr_par' dir='ltr' id='par_1_3' title="bbox 197 498 1218 783">
     <span class='ocr_line' id='line_1_6' title="bbox 252 498 1210 551; baseline -0.006 -11"><span class='ocrx_word' id='word_1_33' title='bbox 252 505 300 540; x_wconf 91' lang='grc'>63</span> <span class='ocrx_word' id='word_1_34' title='bbox 329 504 381 540; x_wconf 90' lang='lat' dir='ltr'>sic</span> <span class='ocrx_word' id='word_1_35' title='bbox 404 506 464 547; x_wconf 91' lang='lat' dir='ltr'>V.,</span> <span class='ocrx_word' id='word_1_36' title='bbox 487 501 526 538; x_wconf 81' lang='grc' dir='ltr'>τὸ</span> <span class='ocrx_word' id='word_1_37' title='bbox 555 500 588 537; x_wconf 75' lang='grc' dir='ltr'>δὲ</span> <span class='ocrx_word' id='word_1_38' title='bbox 615 499 729 542; x_wconf 83' lang='grc' dir='ltr'>ἔτνους</span> <span class='ocrx_word' id='word_1_39' title='bbox 755 500 893 538; x_wconf 82' lang='grc' dir='ltr'>δασύνει</span> <span class='ocrx_word' id='word_1_40' title='bbox 924 498 1063 551; x_wconf 83' lang='grc' dir='ltr'>ἀθάρας.</span> <span class='ocrx_word' id='word_1_41' title='bbox 1085 498 1210 539; x_wconf 84' lang='grc' dir='ltr'>ἄλλως.</span> 
     </span>
     <span class='ocr_line' id='line_1_7' title="bbox 197 557 1217 613; baseline -0.007 -15"><span class='ocrx_word' id='word_1_42' title='bbox 197 560 342 613; x_wconf 82' lang='grc' dir='ltr'>ὀσπρίου</span> <span class='ocrx_word' id='word_1_43' title='bbox 358 562 519 597; x_wconf 81' lang='grc' dir='ltr'>πισσινοῦ</span> <span class='ocrx_word' id='word_1_44' title='bbox 543 558 618 604; x_wconf 83' lang='grc' dir='ltr'>ἤτοι</span> <span class='ocrx_word' id='word_1_45' title='bbox 636 558 784 608; x_wconf 84' lang='grc' dir='ltr'>κυάμου.</span> <span class='ocrx_word' id='word_1_46' title='bbox 802 561 847 601; x_wconf 84' lang='grc' dir='ltr'>ὡς</span> <span class='ocrx_word' id='word_1_47' title='bbox 870 557 1217 609; x_wconf 80' lang='grc' dir='ltr'>ἀδηφάγον-κωμῳ-</span> 
     </span>
     <span class='ocr_line' id='line_1_8' title="bbox 199 614 1218 669; baseline -0.007 -13"><span class='ocrx_word' id='word_1_48' title='bbox 199 619 327 656; x_wconf 81' lang='grc' dir='ltr'>δοῦσιν.</span> <span class='ocrx_word' id='word_1_49' title='bbox 342 643 382 649; x_wconf 92' lang='grc'>-</span> <span class='ocrx_word' id='word_1_50' title='bbox 402 620 449 655; x_wconf 86' lang='grc'>32</span> <span class='ocrx_word' id='word_1_51' title='bbox 481 617 625 669; x_wconf 76' lang='grc' dir='ltr'>ὀσπρίοις</span> <span class='ocrx_word' id='word_1_52' title='bbox 653 617 798 654; x_wconf 86' lang='grc' dir='ltr'>πισύνου</span> <span class='ocrx_word' id='word_1_53' title='bbox 819 620 864 655; x_wconf 87' lang='grc' dir='ltr'>Θ.</span> <span class='ocrx_word' id='word_1_54' title='bbox 887 619 1047 653; x_wconf 80' lang='grc' dir='ltr'>πισσινοῧ</span> <span class='ocrx_word' id='word_1_55' title='bbox 1073 614 1158 651; x_wconf 85' lang='lat' dir='ltr'><strong>Ald.</strong></span> <span class='ocrx_word' id='word_1_56' title='bbox 1180 640 1218 645; x_wconf 94' lang='grc'>-</span> 
     </span>
     <span class='ocr_line' id='line_1_9' title="bbox 200 667 1218 725; baseline -0.007 -12"><span class='ocrx_word' id='word_1_57' title='bbox 200 677 246 713; x_wconf 82' lang='lat'>33</span> <span class='ocrx_word' id='word_1_58' title='bbox 268 675 304 713; x_wconf 82' lang='grc' dir='ltr'>δὲ</span> <span class='ocrx_word' id='word_1_59' title='bbox 320 690 394 713; x_wconf 85' lang='lat' dir='ltr'>om.</span> <span class='ocrx_word' id='word_1_60' title='bbox 411 680 483 722; x_wconf 63' lang='lat' dir='ltr'>M„</span> <span class='ocrx_word' id='word_1_61' title='bbox 502 677 567 725; x_wconf 92' lang='lat' dir='ltr'>qui</span> <span class='ocrx_word' id='word_1_62' title='bbox 589 674 674 712; x_wconf 78' lang='grc' dir='ltr'>δασὺ</span> <span class='ocrx_word' id='word_1_63' title='bbox 703 677 757 714; x_wconf 85' lang='grc' dir='ltr'>ἀθ.</span> <span class='ocrx_word' id='word_1_64' title='bbox 788 677 832 714; x_wconf 93' lang='grc' dir='ltr'>Θ.</span> <span class='ocrx_word' id='word_1_65' title='bbox 862 688 935 711; x_wconf 83' lang='lat' dir='ltr'>om.</span> <span class='ocrx_word' id='word_1_66' title='bbox 958 667 1044 715; x_wconf 71' lang='grc' dir='ltr'>εἶδος</span> <span class='ocrx_word' id='word_1_67' title='bbox 1060 702 1070 719; x_wconf 87' lang='grc'><strong>,</strong></span> <span class='ocrx_word' id='word_1_68' title='bbox 1095 671 1218 720; x_wconf 82' lang='lat' dir='ltr'>spatio</span> 
     </span>
     <span class='ocr_line' id='line_1_10' title="bbox 198 729 1203 783; baseline -0.007 -13"><span class='ocrx_word' id='word_1_69' title='bbox 198 747 335 770; x_wconf 86' lang='lat' dir='ltr'><strong>vacuo.</strong></span> <span class='ocrx_word' id='word_1_70' title='bbox 351 732 477 771; x_wconf 81' lang='grc' dir='ltr'>Ἰστέον</span> <span class='ocrx_word' id='word_1_71' title='bbox 490 732 541 770; x_wconf 78' lang='grc' dir='ltr'>ὅτι</span> <span class='ocrx_word' id='word_1_72' title='bbox 555 734 585 770; x_wconf 82' lang='grc' dir='ltr'>οἱ</span> <span class='ocrx_word' id='word_1_73' title='bbox 601 734 741 775; x_wconf 68' lang='grc' dir='ltr'>Θ.-3.’,</span> <span class='ocrx_word' id='word_1_74' title='bbox 758 732 878 783; x_wconf 75' lang='grc' dir='ltr'>μάχας</span> <span class='ocrx_word' id='word_1_75' title='bbox 899 729 1088 783; x_wconf 77' lang='grc' dir='ltr'>ἐρρωμένοι</span> <span class='ocrx_word' id='word_1_76' title='bbox 1110 732 1203 777; x_wconf 84' lang='lat' dir='ltr'><strong>Reg.</strong></span> 
     </span>
    </p>

    <p class='ocr_par' dir='ltr' id='par_1_4' title="bbox 198 786 1222 1189">
     <span class='ocr_line' id='line_1_11' title="bbox 252 786 1220 837; baseline -0.008 -9"><span class='ocrx_word' id='word_1_77' title='bbox 252 792 314 836; x_wconf 84' lang='lat'>64,</span> <span class='ocrx_word' id='word_1_78' title='bbox 335 792 380 837; x_wconf 83' lang='lat'>37</span> <span class='ocrx_word' id='word_1_79' title='bbox 399 793 441 828; x_wconf 90' lang='grc' dir='ltr'>Δ.</span> <span class='ocrx_word' id='word_1_80' title='bbox 461 806 515 828; x_wconf 88' lang='grc' dir='ltr'>σοι</span> <span class='ocrx_word' id='word_1_81' title='bbox 532 793 576 832; x_wconf 81' lang='grc' dir='ltr'>ὡς</span> <span class='ocrx_word' id='word_1_82' title='bbox 593 795 636 826; x_wconf 92' lang='lat' dir='ltr'>V.</span> <span class='ocrx_word' id='word_1_83' title='bbox 655 790 740 827; x_wconf 91' lang='lat' dir='ltr'><strong>Ald.</strong></span> <span class='ocrx_word' id='word_1_84' title='bbox 757 793 798 827; x_wconf 89' lang='grc' dir='ltr'>Δ.</span> <span class='ocrx_word' id='word_1_85' title='bbox 815 804 854 826; x_wconf 88' lang='grc' dir='ltr'>σε</span> <span class='ocrx_word' id='word_1_86' title='bbox 869 791 915 830; x_wconf 85' lang='grc' dir='ltr'>ὡς</span> <span class='ocrx_word' id='word_1_87' title='bbox 931 790 978 826; x_wconf 90' lang='grc' dir='ltr'>Θ.</span> <span class='ocrx_word' id='word_1_88' title='bbox 1000 786 1151 824; x_wconf 80' lang='grc' dir='ltr'>διδάσκω</span> <span class='ocrx_word' id='word_1_89' title='bbox 1166 799 1220 821; x_wconf 89' lang='grc' dir='ltr'>σοι</span> 
     </span>
     <span class='ocr_line' id='line_1_12' title="bbox 198 841 1221 901; baseline -0.007 -15"><span class='ocrx_word' id='word_1_90' title='bbox 198 863 273 886; x_wconf 92' lang='lat' dir='ltr'>om.</span> <span class='ocrx_word' id='word_1_91' title='bbox 291 853 343 887; x_wconf 89' lang='lat' dir='ltr'>M.</span> <span class='ocrx_word' id='word_1_92' title='bbox 367 849 556 901; x_wconf 72' lang='grc' dir='ltr'>ὑπερὸαλῶ</span> <span class='ocrx_word' id='word_1_93' title='bbox 575 849 621 887; x_wconf 93' lang='grc' dir='ltr'>Θ.</span> <span class='ocrx_word' id='word_1_94' title='bbox 639 852 731 897; x_wconf 76' lang='lat' dir='ltr'>ch.</span> <span class='ocrx_word' id='word_1_95' title='bbox 755 841 820 899; x_wconf 72' lang='grc' dir='ltr'>ἆρα</span> <span class='ocrx_word' id='word_1_96' title='bbox 836 845 1029 883; x_wconf 77' lang='grc' dir='ltr'>ἐκδιδάσκω</span> <span class='ocrx_word' id='word_1_97' title='bbox 1050 843 1088 880; x_wconf 81' lang='grc' dir='ltr'>τὸ</span> <span class='ocrx_word' id='word_1_98' title='bbox 1116 842 1221 894; x_wconf 82' lang='grc' dir='ltr'>σαφὲς</span> 
     </span>
     <span class='ocr_line' id='line_1_13' title="bbox 198 899 1221 959; baseline -0.009 -14"><span class='ocrx_word' id='word_1_99' title='bbox 198 907 276 953; x_wconf 85' lang='grc' dir='ltr'>ἤτοι</span> <span class='ocrx_word' id='word_1_100' title='bbox 295 906 334 944; x_wconf 81' lang='grc' dir='ltr'>τὸ</span> <span class='ocrx_word' id='word_1_101' title='bbox 349 907 515 959; x_wconf 81' lang='grc' dir='ltr'>διάπυρον</span> <span class='ocrx_word' id='word_1_102' title='bbox 529 909 589 943; x_wconf 80' lang='grc' dir='ltr'>τοῦ</span> <span class='ocrx_word' id='word_1_103' title='bbox 607 905 714 943; x_wconf 83' lang='grc' dir='ltr'>πόθου</span> <span class='ocrx_word' id='word_1_104' title='bbox 731 899 768 942; x_wconf 63' lang='grc' dir='ltr'>οὗ</span> <span class='ocrx_word' id='word_1_105' title='bbox 786 905 857 955; x_wconf 77' lang='grc' dir='ltr'>ἔχω</span> <span class='ocrx_word' id='word_1_106' title='bbox 873 902 928 940; x_wconf 73' lang='grc' dir='ltr'>διὰ</span> <span class='ocrx_word' id='word_1_107' title='bbox 942 906 1002 940; x_wconf 80' lang='grc' dir='ltr'>τοῦ</span> <span class='ocrx_word' id='word_1_108' title='bbox 1019 901 1221 950; x_wconf 77' lang='grc' dir='ltr'>αἰνίγματος</span> 
     </span>
     <span class='ocr_line' id='line_1_14' title="bbox 200 957 1219 1016; baseline -0.007 -14"><span class='ocrx_word' id='word_1_109' title='bbox 200 969 260 1002; x_wconf 78' lang='grc' dir='ltr'>τοῦ</span> <span class='ocrx_word' id='word_1_110' title='bbox 276 964 399 1010; x_wconf 84' lang='grc' dir='ltr'>ἔτνους,</span> <span class='ocrx_word' id='word_1_111' title='bbox 420 963 442 1009; x_wconf 85' lang='grc' dir='ltr'>ἢ</span> <span class='ocrx_word' id='word_1_112' title='bbox 464 963 520 1001; x_wconf 83' lang='grc' dir='ltr'>ἵνα</span> <span class='ocrx_word' id='word_1_113' title='bbox 539 962 658 1016; x_wconf 76' lang='grc' dir='ltr'>φράσω</span> <span class='ocrx_word' id='word_1_114' title='bbox 676 961 802 1004; x_wconf 82' lang='grc' dir='ltr'>ἄλλως.</span> <span class='ocrx_word' id='word_1_115' title='bbox 819 986 860 993; x_wconf 94' lang='grc'>-</span> <span class='ocrx_word' id='word_1_116' title='bbox 875 961 922 997; x_wconf 82' lang='grc'>38</span> <span class='ocrx_word' id='word_1_117' title='bbox 938 959 959 1005; x_wconf 87' lang='grc' dir='ltr'>ἢ</span> <span class='ocrx_word' id='word_1_118' title='bbox 979 960 1074 1010; x_wconf 80' lang='grc' dir='ltr'>ἄλλῳ</span> <span class='ocrx_word' id='word_1_119' title='bbox 1095 959 1179 996; x_wconf 79' lang='lat' dir='ltr'><strong>Ald.</strong></span> <span class='ocrx_word' id='word_1_120' title='bbox 1199 957 1219 1004; x_wconf 78' lang='grc' dir='ltr'>ἢ</span> 
     </span>
     <span class='ocr_line' id='line_1_15' title="bbox 198 1012 1222 1074; baseline -0.007 -15"><span class='ocrx_word' id='word_1_121' title='bbox 198 1021 299 1072; x_wconf 76' lang='grc' dir='ltr'>ἑτέρα</span> <span class='ocrx_word' id='word_1_122' title='bbox 318 1022 440 1074; x_wconf 81' lang='grc' dir='ltr'>φράσω</span> <span class='ocrx_word' id='word_1_123' title='bbox 460 1020 535 1058; x_wconf 75' lang='grc' dir='ltr'>ἀντὶ</span> <span class='ocrx_word' id='word_1_124' title='bbox 559 1023 618 1057; x_wconf 81' lang='grc' dir='ltr'>τοῦ</span> <span class='ocrx_word' id='word_1_125' title='bbox 637 1020 773 1069; x_wconf 85' lang='grc' dir='ltr'>ἀγγελῶ</span> <span class='ocrx_word' id='word_1_126' title='bbox 786 1020 932 1067; x_wconf 76' lang='lat' dir='ltr'><strong>V.-39</strong></span> <span class='ocrx_word' id='word_1_127' title='bbox 949 1012 1018 1055; x_wconf 67' lang='grc' dir='ltr'>οἷον</span> <span class='ocrx_word' id='word_1_128' title='bbox 1037 1017 1132 1068; x_wconf 80' lang='grc' dir='ltr'>ἄλλῳ</span> <span class='ocrx_word' id='word_1_129' title='bbox 1145 1015 1222 1068; x_wconf 87' lang='grc' dir='ltr'>τρό-</span> 
     </span>
     <span class='ocr_line' id='line_1_16' title="bbox 198 1074 1221 1131; baseline -0.006 -14"><span class='ocrx_word' id='word_1_130' title='bbox 198 1095 254 1131; x_wconf 86' lang='grc' dir='ltr'>πῳ</span> <span class='ocrx_word' id='word_1_131' title='bbox 269 1080 441 1116; x_wconf 86' lang='lat' dir='ltr'>additum</span> <span class='ocrx_word' id='word_1_132' title='bbox 457 1092 503 1116; x_wconf 82' lang='lat' dir='ltr'>ex</span> <span class='ocrx_word' id='word_1_133' title='bbox 525 1082 572 1115; x_wconf 83' lang='lat' dir='ltr'>V.</span> <span class='ocrx_word' id='word_1_134' title='bbox 599 1076 786 1128; x_wconf 79' lang='grc' dir='ltr'>ἧμίστιχον</span> <span class='ocrx_word' id='word_1_135' title='bbox 818 1077 1005 1119; x_wconf 79' lang='grc' dir='ltr'>Α1ι1.-4ο</span> <span class='ocrx_word' id='word_1_136' title='bbox 1030 1074 1221 1127; x_wconf 76' lang='grc' dir='ltr'>Εὐριπίδου</span> 
     </span>
     <span class='ocr_line' id='line_1_17' title="bbox 199 1136 455 1189; baseline -0.008 -13"><span class='ocrx_word' id='word_1_137' title='bbox 199 1136 393 1189; x_wconf 55' lang='grc' dir='ltr'>’Υψιπύλης</span> <span class='ocrx_word' id='word_1_138' title='bbox 409 1141 455 1175; x_wconf 87' lang='lat' dir='ltr'>R.</span> 
     </span>
    </p>

    <p class='ocr_par' dir='ltr' id='par_1_5' title="bbox 199 1191 1224 1882">
     <span class='ocr_line' id='line_1_18' title="bbox 252 1191 1222 1246; baseline -0.003 -14"><span class='ocrx_word' id='word_1_139' title='bbox 252 1197 316 1242; x_wconf 88' lang='lat'>67,</span> <span class='ocrx_word' id='word_1_140' title='bbox 338 1197 460 1240; x_wconf 86' lang='grc'>41-43</span> <span class='ocrx_word' id='word_1_141' title='bbox 488 1193 590 1237; x_wconf 77' lang='grc' dir='ltr'>Τινὲς</span> <span class='ocrx_word' id='word_1_142' title='bbox 622 1191 944 1246; x_wconf 80' lang='grc' dir='ltr'>διορίζουσι-αὐτό.</span> <span class='ocrx_word' id='word_1_143' title='bbox 974 1193 1100 1235; x_wconf 89' lang='grc' dir='ltr'>ἄλλως.</span> <span class='ocrx_word' id='word_1_144' title='bbox 1132 1191 1222 1235; x_wconf 80' lang='grc' dir='ltr'>τινὲς</span> 
     </span>
     <span class='ocr_line' id='line_1_19' title="bbox 199 1250 1220 1304; baseline -0.002 -15"><span class='ocrx_word' id='word_1_145' title='bbox 199 1251 382 1304; x_wconf 83' lang='grc' dir='ltr'>βούλονται</span> <span class='ocrx_word' id='word_1_146' title='bbox 406 1253 440 1291; x_wconf 81' lang='grc' dir='ltr'>ἓν</span> <span class='ocrx_word' id='word_1_147' title='bbox 459 1251 647 1304; x_wconf 87' lang='grc' dir='ltr'>πρόσωπον</span> <span class='ocrx_word' id='word_1_148' title='bbox 673 1251 752 1290; x_wconf 83' lang='grc' dir='ltr'>ὅλον</span> <span class='ocrx_word' id='word_1_149' title='bbox 779 1255 827 1288; x_wconf 88' lang='lat' dir='ltr'>V.</span> <span class='ocrx_word' id='word_1_150' title='bbox 843 1280 881 1284; x_wconf 89' lang='lat'><em>-</em></span> <span class='ocrx_word' id='word_1_151' title='bbox 906 1257 953 1295; x_wconf 88' lang='grc'>42</span> <span class='ocrx_word' id='word_1_152' title='bbox 977 1250 1056 1288; x_wconf 84' lang='grc' dir='ltr'>ὅλον</span> <span class='ocrx_word' id='word_1_153' title='bbox 1079 1259 1166 1288; x_wconf 87' lang='lat' dir='ltr'>ante</span> <span class='ocrx_word' id='word_1_154' title='bbox 1186 1250 1220 1288; x_wconf 85' lang='grc' dir='ltr'>ἓν</span> 
     </span>
     <span class='ocr_line' id='line_1_20' title="bbox 199 1308 1222 1362; baseline -0.002 -14"><span class='ocrx_word' id='word_1_155' title='bbox 199 1320 350 1361; x_wconf 84' lang='lat' dir='ltr'>ponunt</span> <span class='ocrx_word' id='word_1_156' title='bbox 365 1312 410 1349; x_wconf 89' lang='grc' dir='ltr'>Θ.</span> <span class='ocrx_word' id='word_1_157' title='bbox 435 1315 489 1348; x_wconf 91' lang='grc' dir='ltr'>Μ.</span> <span class='ocrx_word' id='word_1_158' title='bbox 503 1335 544 1342; x_wconf 90' lang='grc'>-</span> <span class='ocrx_word' id='word_1_159' title='bbox 565 1313 610 1356; x_wconf 89' lang='grc'>43</span> <span class='ocrx_word' id='word_1_160' title='bbox 630 1325 689 1360; x_wconf 88' lang='lat' dir='ltr'>sq.</span> <span class='ocrx_word' id='word_1_161' title='bbox 714 1312 807 1362; x_wconf 78' lang='grc' dir='ltr'>αὐτῷ</span> <span class='ocrx_word' id='word_1_162' title='bbox 825 1308 929 1348; x_wconf 74' lang='grc' dir='ltr'>οὕτω.</span> <span class='ocrx_word' id='word_1_163' title='bbox 950 1309 1011 1346; x_wconf 78' lang='grc' dir='ltr'>καὶ</span> <span class='ocrx_word' id='word_1_164' title='bbox 1036 1310 1071 1346; x_wconf 81' lang='grc' dir='ltr'>αἱ</span> <span class='ocrx_word' id='word_1_165' title='bbox 1092 1308 1222 1361; x_wconf 84' lang='grc' dir='ltr'>γραφαὶ</span> 
     </span>
     <span class='ocr_line' id='line_1_21' title="bbox 200 1367 1223 1421; baseline -0.002 -15"><span class='ocrx_word' id='word_1_166' title='bbox 200 1368 342 1421; x_wconf 86' lang='grc' dir='ltr'>φέρουσι</span> <span class='ocrx_word' id='word_1_167' title='bbox 361 1368 619 1415; x_wconf 77' lang='grc' dir='ltr'>τελευτήσαντα</span> <span class='ocrx_word' id='word_1_168' title='bbox 637 1369 694 1406; x_wconf 81' lang='grc' dir='ltr'>τὸν</span> <span class='ocrx_word' id='word_1_169' title='bbox 717 1368 788 1406; x_wconf 82' lang='grc' dir='ltr'>υἱὸν</span> <span class='ocrx_word' id='word_1_170' title='bbox 807 1367 998 1420; x_wconf 76' lang='grc' dir='ltr'>Εὐριπίδου</span> <span class='ocrx_word' id='word_1_171' title='bbox 1031 1367 1223 1419; x_wconf 74' lang='grc' dir='ltr'>δεδοιχέναι</span> 
     </span>
     <span class='ocr_line' id='line_1_22' title="bbox 199 1426 1224 1477; baseline -0.001 -12"><span class='ocrx_word' id='word_1_172' title='bbox 199 1429 305 1465; x_wconf 79' lang='grc' dir='ltr'>αὐτοῦ</span> <span class='ocrx_word' id='word_1_173' title='bbox 323 1429 357 1464; x_wconf 82' lang='grc' dir='ltr'>ἐν</span> <span class='ocrx_word' id='word_1_174' title='bbox 381 1427 479 1464; x_wconf 82' lang='grc' dir='ltr'>ἄστει</span> <span class='ocrx_word' id='word_1_175' title='bbox 499 1426 756 1477; x_wconf 86' lang='grc' dir='ltr'>ὁμωνύμως.-</span> <span class='ocrx_word' id='word_1_176' title='bbox 774 1430 823 1464; x_wconf 84' lang='grc' dir='ltr'>Μ.</span> <span class='ocrx_word' id='word_1_177' title='bbox 842 1451 881 1456; x_wconf 90' lang='grc'>-</span> <span class='ocrx_word' id='word_1_178' title='bbox 903 1432 948 1470; x_wconf 87' lang='grc'>44</span> <span class='ocrx_word' id='word_1_179' title='bbox 973 1428 1007 1463; x_wconf 80' lang='grc' dir='ltr'>αἱ</span> <span class='ocrx_word' id='word_1_180' title='bbox 1026 1440 1101 1463; x_wconf 87' lang='lat' dir='ltr'>om.</span> <span class='ocrx_word' id='word_1_181' title='bbox 1124 1429 1167 1464; x_wconf 87' lang='lat' dir='ltr'>V.</span> <span class='ocrx_word' id='word_1_182' title='bbox 1183 1451 1224 1457; x_wconf 90' lang='lat'>—-</span> 
     </span>
     <span class='ocr_line' id='line_1_23' title="bbox 202 1484 1222 1536; baseline 0 -15"><span class='ocrx_word' id='word_1_183' title='bbox 202 1485 250 1527; x_wconf 84' lang='lat'>45</span> <span class='ocrx_word' id='word_1_184' title='bbox 275 1485 462 1535; x_wconf 84' lang='grc' dir='ltr'>ὁμώνυμον</span> <span class='ocrx_word' id='word_1_185' title='bbox 489 1488 534 1521; x_wconf 92' lang='lat' dir='ltr'>G.</span> <span class='ocrx_word' id='word_1_186' title='bbox 570 1484 764 1534; x_wconf 76' lang='grc' dir='ltr'>ὁμωνύμως</span> <span class='ocrx_word' id='word_1_187' title='bbox 791 1489 836 1521; x_wconf 92' lang='lat' dir='ltr'>V.</span> <span class='ocrx_word' id='word_1_188' title='bbox 866 1485 950 1522; x_wconf 92' lang='lat' dir='ltr'><strong>Ald.</strong></span> <span class='ocrx_word' id='word_1_189' title='bbox 968 1513 1007 1518; x_wconf 81' lang='grc'>-</span> <span class='ocrx_word' id='word_1_190' title='bbox 1025 1484 1074 1521; x_wconf 77' lang='grc'>46</span> <span class='ocrx_word' id='word_1_191' title='bbox 1105 1486 1138 1522; x_wconf 82' lang='grc' dir='ltr'>ἐν</span> <span class='ocrx_word' id='word_1_192' title='bbox 1173 1486 1222 1536; x_wconf 79' lang='grc' dir='ltr'>τῷ</span> 
     </span>
     <span class='ocr_line' id='line_1_24' title="bbox 199 1540 1224 1596; baseline -0.002 -16"><span class='ocrx_word' id='word_1_193' title='bbox 199 1541 330 1595; x_wconf 85' lang='grc' dir='ltr'>πρώτῳ</span> <span class='ocrx_word' id='word_1_194' title='bbox 357 1540 603 1596; x_wconf 76' lang='grc' dir='ltr'>ἕτεριφιγένεια</span> <span class='ocrx_word' id='word_1_195' title='bbox 628 1541 909 1595; x_wconf 77' lang='grc' dir='ltr'>(ἓτεριφιγένειαν</span> <span class='ocrx_word' id='word_1_196' title='bbox 939 1542 1006 1593; x_wconf 91' lang='lat' dir='ltr'>G.)</span> <span class='ocrx_word' id='word_1_197' title='bbox 1037 1546 1082 1579; x_wconf 90' lang='lat' dir='ltr'>V.</span> <span class='ocrx_word' id='word_1_198' title='bbox 1106 1545 1224 1579; x_wconf 80' lang='lat' dir='ltr'>Error</span> 
     </span>
     <span class='ocr_line' id='line_1_25' title="bbox 199 1600 1222 1651; baseline -0.002 -13"><span class='ocrx_word' id='word_1_199' title='bbox 199 1600 372 1647; x_wconf 82' lang='lat' dir='ltr'>librarii,</span> <span class='ocrx_word' id='word_1_200' title='bbox 393 1601 460 1651; x_wconf 91' lang='lat' dir='ltr'>qui</span> <span class='ocrx_word' id='word_1_201' title='bbox 478 1600 657 1637; x_wconf 80' lang='lat' dir='ltr'>vocabuli</span> <span class='ocrx_word' id='word_1_202' title='bbox 672 1600 769 1638; x_wconf 77' lang='grc' dir='ltr'>ἄστει</span> <span class='ocrx_word' id='word_1_203' title='bbox 788 1600 992 1638; x_wconf 85' lang='lat' dir='ltr'><strong>obscurius</strong></span> <span class='ocrx_word' id='word_1_204' title='bbox 1018 1600 1154 1650; x_wconf 80' lang='lat' dir='ltr'>scripti</span> <span class='ocrx_word' id='word_1_205' title='bbox 1173 1601 1222 1637; x_wconf 89' lang='lat' dir='ltr'>li·-</span> 
     </span>
     <span class='ocr_line' id='line_1_26' title="bbox 201 1658 1223 1710; baseline -0.002 -14"><span class='ocrx_word' id='word_1_206' title='bbox 201 1669 320 1697; x_wconf 81' lang='lat' dir='ltr'>teram</span> <span class='ocrx_word' id='word_1_207' title='bbox 340 1660 501 1710; x_wconf 83' lang='lat' dir='ltr'><strong>primam</strong></span> <span class='ocrx_word' id='word_1_208' title='bbox 519 1672 589 1708; x_wconf 80' lang='lat' dir='ltr'>pro</span> <span class='ocrx_word' id='word_1_209' title='bbox 607 1667 698 1695; x_wconf 86' lang='lat' dir='ltr'>nota</span> <span class='ocrx_word' id='word_1_210' title='bbox 718 1660 869 1695; x_wconf 84' lang='lat' dir='ltr'>numeri</span> <span class='ocrx_word' id='word_1_211' title='bbox 891 1660 1050 1709; x_wconf 86' lang='lat' dir='ltr'>accepit.</span> <span class='ocrx_word' id='word_1_212' title='bbox 1076 1658 1223 1696; x_wconf 86' lang='lat' dir='ltr'><strong>Deinde</strong></span> 
     </span>
     <span class='ocr_line' id='line_1_27' title="bbox 199 1715 1224 1768; baseline 0 -15"><span class='ocrx_word' id='word_1_213' title='bbox 199 1717 364 1765; x_wconf 85' lang='grc' dir='ltr'>ἀλκμαίω</span> <span class='ocrx_word' id='word_1_214' title='bbox 393 1717 487 1754; x_wconf 85' lang='grc' dir='ltr'>διονα</span> <span class='ocrx_word' id='word_1_215' title='bbox 510 1716 615 1768; x_wconf 75' lang='grc' dir='ltr'>βάκχ.</span> <span class='ocrx_word' id='word_1_216' title='bbox 633 1721 680 1756; x_wconf 88' lang='lat' dir='ltr'>V.</span> <span class='ocrx_word' id='word_1_217' title='bbox 699 1717 951 1754; x_wconf 82' lang='lat' dir='ltr'>Scribendum</span> <span class='ocrx_word' id='word_1_218' title='bbox 981 1717 1132 1754; x_wconf 79' lang='lat' dir='ltr'>videtur</span> <span class='ocrx_word' id='word_1_219' title='bbox 1150 1715 1224 1754; x_wconf 72' lang='grc' dir='ltr'>Ἀλ-</span> 
     </span>
     <span class='ocr_line' id='line_1_28' title="bbox 199 1773 1220 1827; baseline -0.001 -16"><span class='ocrx_word' id='word_1_220' title='bbox 199 1774 361 1824; x_wconf 87' lang='grc' dir='ltr'>κμαίωνα</span> <span class='ocrx_word' id='word_1_221' title='bbox 375 1773 434 1811; x_wconf 87' lang='grc' dir='ltr'>τὸν</span> <span class='ocrx_word' id='word_1_222' title='bbox 458 1773 513 1812; x_wconf 80' lang='grc' dir='ltr'>διὰ</span> <span class='ocrx_word' id='word_1_223' title='bbox 529 1774 698 1827; x_wconf 85' lang='grc' dir='ltr'>Κορίνθου</span> <span class='ocrx_word' id='word_1_224' title='bbox 718 1789 726 1811; x_wconf 87' lang='lat'>:</span> <span class='ocrx_word' id='word_1_225' title='bbox 743 1775 830 1812; x_wconf 88' lang='lat' dir='ltr'>vide</span> <span class='ocrx_word' id='word_1_226' title='bbox 850 1776 998 1824; x_wconf 80' lang='lat' dir='ltr'><strong>praefat.</strong></span> <span class='ocrx_word' id='word_1_227' title='bbox 1017 1775 1065 1812; x_wconf 85' lang='lat' dir='ltr'>ad</span> <span class='ocrx_word' id='word_1_228' title='bbox 1085 1776 1220 1825; x_wconf 86' lang='lat' dir='ltr'><strong>Eurip.</strong></span> 
     </span>
     <span class='ocr_line' id='line_1_29' title="bbox 199 1833 582 1882; baseline -0.003 -13"><span class='ocrx_word' id='word_1_229' title='bbox 199 1833 341 1870; x_wconf 88' lang='lat' dir='ltr'><strong>Alcest.</strong></span> <span class='ocrx_word' id='word_1_230' title='bbox 360 1846 398 1882; x_wconf 90' lang='lat' dir='ltr'>p.</span> <span class='ocrx_word' id='word_1_231' title='bbox 416 1846 450 1881; x_wconf 88' lang='lat'>9.</span> <span class='ocrx_word' id='word_1_232' title='bbox 465 1836 582 1869; x_wconf 75' lang='lat' dir='ltr'><strong>Dmn.</strong></span> 
     </span>
    </p>

    <p class='ocr_par' dir='ltr' id='par_1_6' title="bbox 256 1889 948 1942">
     <span class='ocr_line' id='line_1_30' title="bbox 256 1889 948 1942; baseline 0.001 -15"><span class='ocrx_word' id='word_1_233' title='bbox 256 1905 302 1937; x_wconf 82' lang='lat'>72</span> <span class='ocrx_word' id='word_1_234' title='bbox 317 1919 326 1936; x_wconf 91' lang='lat'>,</span> <span class='ocrx_word' id='word_1_235' title='bbox 351 1897 400 1940; x_wconf 89' lang='lat'>49</span> <span class='ocrx_word' id='word_1_236' title='bbox 417 1889 615 1941; x_wconf 74' lang='grc' dir='ltr'>συμμάχων</span> <span class='ocrx_word' id='word_1_237' title='bbox 637 1891 682 1928; x_wconf 92' lang='grc' dir='ltr'>Θ.</span> <span class='ocrx_word' id='word_1_238' title='bbox 698 1890 884 1942; x_wconf 75' lang='grc' dir='ltr'>σύμμαχος</span> <span class='ocrx_word' id='word_1_239' title='bbox 903 1895 948 1928; x_wconf 88' lang='lat' dir='ltr'>V.</span> 
     </span>
    </p>

    <p class='ocr_par' dir='ltr' id='par_1_7' title="bbox 201 1945 1225 2926">
     <span class='ocr_line' id='line_1_31' title="bbox 258 1945 1224 2002; baseline 0.002 -17"><span class='ocrx_word' id='word_1_240' title='bbox 258 1950 325 1997; x_wconf 86' lang='grc'>73,</span> <span class='ocrx_word' id='word_1_241' title='bbox 349 1950 394 1986; x_wconf 87' lang='grc'>51</span> <span class='ocrx_word' id='word_1_242' title='bbox 430 1950 483 1986; x_wconf 92' lang='lat' dir='ltr'>sic</span> <span class='ocrx_word' id='word_1_243' title='bbox 512 1949 614 1995; x_wconf 90' lang='lat' dir='ltr'><strong>Ald.,</strong></span> <span class='ocrx_word' id='word_1_244' title='bbox 646 1948 768 2002; x_wconf 81' lang='grc' dir='ltr'>Ἰοφῶν</span> <span class='ocrx_word' id='word_1_245' title='bbox 786 1949 856 1992; x_wconf 81' lang='grc' dir='ltr'>υἱὸς</span> <span class='ocrx_word' id='word_1_246' title='bbox 879 1945 921 1997; x_wconf 64' lang='grc' dir='ltr'>ἦν</span> <span class='ocrx_word' id='word_1_247' title='bbox 951 1947 1167 2002; x_wconf 79' lang='grc' dir='ltr'>Σοφοκλέους</span> <span class='ocrx_word' id='word_1_248' title='bbox 1185 1951 1224 1987; x_wconf 84' lang='grc' dir='ltr'>ἐκ</span> 
     </span>
     <span class='ocr_line' id='line_1_32' title="bbox 201 2005 1223 2059; baseline 0 -14"><span class='ocrx_word' id='word_1_249' title='bbox 201 2006 441 2059; x_wconf 84' lang='grc' dir='ltr'>Νικοστράτης</span> <span class='ocrx_word' id='word_1_250' title='bbox 456 2022 464 2029; x_wconf 96' lang='grc'><em>·</em></span> <span class='ocrx_word' id='word_1_251' title='bbox 482 2005 517 2049; x_wconf 81' lang='grc' dir='ltr'>ὃς</span> <span class='ocrx_word' id='word_1_252' title='bbox 533 2006 674 2052; x_wconf 83' lang='grc' dir='ltr'>δόκησιν</span> <span class='ocrx_word' id='word_1_253' title='bbox 693 2013 858 2059; x_wconf 74' lang='grc' dir='ltr'>παρεῖχεν</span> <span class='ocrx_word' id='word_1_254' title='bbox 871 2037 880 2054; x_wconf 87' lang='grc'><strong>,</strong></span> <span class='ocrx_word' id='word_1_255' title='bbox 910 2007 962 2045; x_wconf 76' lang='grc' dir='ltr'>ὅτι</span> <span class='ocrx_word' id='word_1_256' title='bbox 979 2014 1050 2050; x_wconf 85' lang='grc' dir='ltr'>τοῖς</span> <span class='ocrx_word' id='word_1_257' title='bbox 1069 2011 1130 2045; x_wconf 77' lang='grc' dir='ltr'>τοῦ</span> <span class='ocrx_word' id='word_1_258' title='bbox 1149 2023 1223 2045; x_wconf 90' lang='grc' dir='ltr'>πα-</span> 
     </span>
     <span class='ocr_line' id='line_1_33' title="bbox 201 2063 1223 2118; baseline 0.002 -17"><span class='ocrx_word' id='word_1_259' title='bbox 201 2063 280 2117; x_wconf 84' lang='grc' dir='ltr'>τρὸς</span> <span class='ocrx_word' id='word_1_260' title='bbox 296 2066 424 2118; x_wconf 79' lang='grc' dir='ltr'>ἐχρῆτο</span> <span class='ocrx_word' id='word_1_261' title='bbox 438 2064 632 2115; x_wconf 75' lang='grc' dir='ltr'>ποιήμασιν</span> <span class='ocrx_word' id='word_1_262' title='bbox 651 2067 697 2107; x_wconf 82' lang='grc' dir='ltr'>ὡς</span> <span class='ocrx_word' id='word_1_263' title='bbox 718 2066 868 2108; x_wconf 76' lang='grc' dir='ltr'>οἰκείοις.</span> <span class='ocrx_word' id='word_1_264' title='bbox 887 2066 1051 2116; x_wconf 80' lang='grc' dir='ltr'>εἰσήγαγε</span> <span class='ocrx_word' id='word_1_265' title='bbox 1077 2064 1114 2103; x_wconf 79' lang='grc' dir='ltr'>δέ</span> <span class='ocrx_word' id='word_1_266' title='bbox 1139 2081 1223 2103; x_wconf 87' lang='grc' dir='ltr'>ποτε</span> 
     </span>
     <span class='ocr_line' id='line_1_34' title="bbox 201 2122 1224 2175; baseline 0.001 -16"><span class='ocrx_word' id='word_1_267' title='bbox 201 2122 385 2174; x_wconf 71' lang='grc' dir='ltr'>Σοφοκλῆς</span> <span class='ocrx_word' id='word_1_268' title='bbox 411 2122 446 2158; x_wconf 80' lang='grc' dir='ltr'>ἐν</span> <span class='ocrx_word' id='word_1_269' title='bbox 473 2122 625 2174; x_wconf 87' lang='grc' dir='ltr'>δράματι</span> <span class='ocrx_word' id='word_1_270' title='bbox 655 2122 712 2159; x_wconf 81' lang='grc' dir='ltr'>τὸν</span> <span class='ocrx_word' id='word_1_271' title='bbox 743 2122 913 2174; x_wconf 80' lang='grc' dir='ltr'>Ἰοφῶντα</span> <span class='ocrx_word' id='word_1_272' title='bbox 944 2126 1134 2175; x_wconf 77' lang='grc' dir='ltr'>φθονοῦντα</span> <span class='ocrx_word' id='word_1_273' title='bbox 1165 2124 1224 2160; x_wconf 83' lang='grc' dir='ltr'>καὶ</span> 
     </span>
     <span class='ocr_line' id='line_1_35' title="bbox 201 2178 1223 2233; baseline 0.002 -17"><span class='ocrx_word' id='word_1_274' title='bbox 201 2180 286 2232; x_wconf 85' lang='grc' dir='ltr'>πρὸς</span> <span class='ocrx_word' id='word_1_275' title='bbox 311 2178 390 2222; x_wconf 74' lang='grc' dir='ltr'>τοὺς</span> <span class='ocrx_word' id='word_1_276' title='bbox 415 2179 587 2232; x_wconf 81' lang='grc' dir='ltr'>φράτορας</span> <span class='ocrx_word' id='word_1_277' title='bbox 616 2181 832 2230; x_wconf 75' lang='grc' dir='ltr'>ἐγκαλοῦντα</span> <span class='ocrx_word' id='word_1_278' title='bbox 864 2184 913 2232; x_wconf 71' lang='grc' dir='ltr'>τῷ</span> <span class='ocrx_word' id='word_1_279' title='bbox 943 2182 1049 2233; x_wconf 83' lang='grc' dir='ltr'>πατρὶ</span> <span class='ocrx_word' id='word_1_280' title='bbox 1079 2184 1125 2224; x_wconf 83' lang='grc' dir='ltr'>ὡς</span> <span class='ocrx_word' id='word_1_281' title='bbox 1157 2179 1223 2218; x_wconf 78' lang='grc' dir='ltr'>ὑπὸ</span> 
     </span>
     <span class='ocr_line' id='line_1_36' title="bbox 202 2237 1222 2292; baseline 0.002 -18"><span class='ocrx_word' id='word_1_282' title='bbox 202 2237 318 2290; x_wconf 84' lang='grc' dir='ltr'>γήρως</span> <span class='ocrx_word' id='word_1_283' title='bbox 335 2242 631 2290; x_wconf 69' lang='grc' dir='ltr'>παραφρονοῦντι.</span> <span class='ocrx_word' id='word_1_284' title='bbox 649 2240 679 2275; x_wconf 83' lang='grc' dir='ltr'>οἱ</span> <span class='ocrx_word' id='word_1_285' title='bbox 698 2237 733 2275; x_wconf 81' lang='grc' dir='ltr'>δὲ</span> <span class='ocrx_word' id='word_1_286' title='bbox 754 2240 802 2290; x_wconf 84' lang='grc' dir='ltr'>τῷ</span> <span class='ocrx_word' id='word_1_287' title='bbox 820 2239 978 2292; x_wconf 85' lang='grc' dir='ltr'>Ἰοφῶντι</span> <span class='ocrx_word' id='word_1_288' title='bbox 993 2239 1222 2289; x_wconf 77' lang='grc' dir='ltr'>ἐπετίμησαν.</span> 
     </span>
     <span class='ocr_line' id='line_1_37' title="bbox 204 2294 1222 2347; baseline 0.001 -15"><span class='ocrx_word' id='word_1_289' title='bbox 204 2294 361 2347; x_wconf 81' lang='grc' dir='ltr'>Σάτυρος</span> <span class='ocrx_word' id='word_1_290' title='bbox 375 2294 412 2332; x_wconf 84' lang='grc' dir='ltr'>δέ</span> <span class='ocrx_word' id='word_1_291' title='bbox 427 2310 531 2346; x_wconf 79' lang='grc' dir='ltr'>φησιν</span> <span class='ocrx_word' id='word_1_292' title='bbox 553 2295 656 2332; x_wconf 82' lang='grc' dir='ltr'>αὐτὸν</span> <span class='ocrx_word' id='word_1_293' title='bbox 673 2298 781 2332; x_wconf 72' lang='grc' dir='ltr'>εἰπεῖν</span> <span class='ocrx_word' id='word_1_294' title='bbox 795 2324 804 2341; x_wconf 90' lang='grc'><strong>,</strong></span> <span class='ocrx_word' id='word_1_295' title='bbox 823 2298 851 2333; x_wconf 88' lang='grc' dir='ltr'>εἰ</span> <span class='ocrx_word' id='word_1_296' title='bbox 867 2296 928 2346; x_wconf 83' lang='grc' dir='ltr'>μὲν</span> <span class='ocrx_word' id='word_1_297' title='bbox 946 2296 1017 2347; x_wconf 76' lang='grc' dir='ltr'>εἰμὶ</span> <span class='ocrx_word' id='word_1_298' title='bbox 1030 2298 1222 2346; x_wconf 73' lang='grc' dir='ltr'>Σοφοκλῆς,</span> 
     </span>
     <span class='ocr_line' id='line_1_38' title="bbox 205 2353 1223 2406; baseline 0.003 -17"><span class='ocrx_word' id='word_1_299' title='bbox 205 2353 243 2389; x_wconf 82' lang='grc' dir='ltr'>οὗ</span> <span class='ocrx_word' id='word_1_300' title='bbox 258 2355 473 2404; x_wconf 79' lang='grc' dir='ltr'>παραφρονῶ</span> <span class='ocrx_word' id='word_1_301' title='bbox 486 2368 493 2376; x_wconf 89' lang='grc'><em>·</em></span> <span class='ocrx_word' id='word_1_302' title='bbox 511 2354 540 2389; x_wconf 86' lang='grc' dir='ltr'>εἷ</span> <span class='ocrx_word' id='word_1_303' title='bbox 557 2353 592 2390; x_wconf 77' lang='grc' dir='ltr'>δὲ</span> <span class='ocrx_word' id='word_1_304' title='bbox 609 2356 840 2405; x_wconf 84' lang='grc' dir='ltr'>παραφρονῶ,</span> <span class='ocrx_word' id='word_1_305' title='bbox 856 2356 1037 2406; x_wconf 65' lang='grc' dir='ltr'>Σοφοκλῆς</span> <span class='ocrx_word' id='word_1_306' title='bbox 1054 2356 1115 2391; x_wconf 84' lang='grc' dir='ltr'>οὐκ</span> <span class='ocrx_word' id='word_1_307' title='bbox 1131 2355 1203 2404; x_wconf 79' lang='grc' dir='ltr'>εἰμί</span> <span class='ocrx_word' id='word_1_308' title='bbox 1216 2370 1223 2377; x_wconf 95' lang='grc'><em>·</em></span> 
     </span>
     <span class='ocr_line' id='line_1_39' title="bbox 203 2408 1224 2464; baseline 0.003 -18"><span class='ocrx_word' id='word_1_309' title='bbox 203 2409 263 2446; x_wconf 46' lang='grc' dir='ltr'>κα).</span> <span class='ocrx_word' id='word_1_310' title='bbox 279 2408 358 2446; x_wconf 86' lang='grc' dir='ltr'>τότε</span> <span class='ocrx_word' id='word_1_311' title='bbox 375 2408 434 2447; x_wconf 82' lang='grc' dir='ltr'>τὸν</span> <span class='ocrx_word' id='word_1_312' title='bbox 455 2410 628 2448; x_wconf 83' lang='grc' dir='ltr'>Οἰδίποδα</span> <span class='ocrx_word' id='word_1_313' title='bbox 644 2413 871 2462; x_wconf 83' lang='grc' dir='ltr'>παραγνῶναι</span> <span class='ocrx_word' id='word_1_314' title='bbox 888 2412 974 2463; x_wconf 81' lang='lat' dir='ltr'><strong>(scr.</strong></span> <span class='ocrx_word' id='word_1_315' title='bbox 992 2415 1224 2464; x_wconf 88' lang='grc' dir='ltr'>παραναγνῶ-</span> 
     </span>
     <span class='ocr_line' id='line_1_40' title="bbox 205 2466 1223 2522; baseline 0.004 -18"><span class='ocrx_word' id='word_1_316' title='bbox 205 2467 291 2517; x_wconf 85' lang='grc' dir='ltr'>ναι).</span> <span class='ocrx_word' id='word_1_317' title='bbox 316 2469 355 2504; x_wconf 84' lang='grc' dir='ltr'>οὐ</span> <span class='ocrx_word' id='word_1_318' title='bbox 385 2466 488 2517; x_wconf 76' lang='grc' dir='ltr'>μόνον</span> <span class='ocrx_word' id='word_1_319' title='bbox 520 2467 561 2514; x_wconf 85' lang='grc' dir='ltr'>δὴ</span> <span class='ocrx_word' id='word_1_320' title='bbox 586 2469 740 2521; x_wconf 85' lang='grc' dir='ltr'>Χοιρίλῳ</span> <span class='ocrx_word' id='word_1_321' title='bbox 769 2469 828 2507; x_wconf 77' lang='grc' dir='ltr'>καὶ</span> <span class='ocrx_word' id='word_1_322' title='bbox 850 2475 920 2512; x_wconf 85' lang='grc' dir='ltr'>τοῖς</span> <span class='ocrx_word' id='word_1_323' title='bbox 947 2470 1027 2522; x_wconf 80' lang='grc' dir='ltr'>περὶ</span> <span class='ocrx_word' id='word_1_324' title='bbox 1046 2470 1223 2521; x_wconf 60' lang='grc' dir='ltr'>Αἰσχύλον</span> 
     </span>
     <span class='ocr_line' id='line_1_41' title="bbox 204 2526 1224 2582; baseline 0.005 -19"><span class='ocrx_word' id='word_1_325' title='bbox 204 2526 264 2563; x_wconf 81' lang='grc' dir='ltr'>καὶ</span> <span class='ocrx_word' id='word_1_326' title='bbox 282 2526 494 2578; x_wconf 82' lang='grc' dir='ltr'>Εὐριπίδην,</span> <span class='ocrx_word' id='word_1_327' title='bbox 511 2526 602 2564; x_wconf 82' lang='grc' dir='ltr'>ἀλλὰ</span> <span class='ocrx_word' id='word_1_328' title='bbox 623 2527 682 2565; x_wconf 87' lang='grc' dir='ltr'>καὶ</span> <span class='ocrx_word' id='word_1_329' title='bbox 701 2527 858 2581; x_wconf 87' lang='grc' dir='ltr'>Ἰοφῶντι</span> <span class='ocrx_word' id='word_1_330' title='bbox 881 2529 1144 2580; x_wconf 86' lang='grc' dir='ltr'>συνηγωνίσατο</span> <span class='ocrx_word' id='word_1_331' title='bbox 1174 2532 1224 2582; x_wconf 86' lang='grc' dir='ltr'>τῷ</span> 
     </span>
     <span class='ocr_line' id='line_1_42' title="bbox 206 2584 1224 2639; baseline 0.005 -18"><span class='ocrx_word' id='word_1_332' title='bbox 206 2586 282 2636; x_wconf 82' lang='grc' dir='ltr'>υἱῷ.</span> <span class='ocrx_word' id='word_1_333' title='bbox 300 2588 404 2622; x_wconf 79' lang='grc' dir='ltr'>τοῦτο</span> <span class='ocrx_word' id='word_1_334' title='bbox 424 2584 490 2638; x_wconf 82' lang='grc' dir='ltr'>γὰρ</span> <span class='ocrx_word' id='word_1_335' title='bbox 520 2584 624 2636; x_wconf 85' lang='grc' dir='ltr'>μόνον</span> <span class='ocrx_word' id='word_1_336' title='bbox 647 2585 695 2624; x_wconf 82' lang='grc' dir='ltr'>ἔτ’</span> <span class='ocrx_word' id='word_1_337' title='bbox 719 2587 812 2625; x_wconf 77' lang='grc' dir='ltr'>ἐστὶν</span> <span class='ocrx_word' id='word_1_338' title='bbox 845 2586 973 2638; x_wconf 81' lang='grc' dir='ltr'>ἀγαθόν</span> <span class='ocrx_word' id='word_1_339' title='bbox 992 2604 999 2625; x_wconf 92' lang='lat'><strong>:</strong></span> <span class='ocrx_word' id='word_1_340' title='bbox 1025 2588 1224 2639; x_wconf 81' lang='grc' dir='ltr'>ἠγωνίσατο</span> 
     </span>
     <span class='ocr_line' id='line_1_43' title="bbox 204 2643 1223 2698; baseline 0.007 -19"><span class='ocrx_word' id='word_1_341' title='bbox 204 2643 289 2680; x_wconf 79' lang='lat' dir='ltr'><strong>Ald.</strong></span> <span class='ocrx_word' id='word_1_342' title='bbox 305 2646 400 2690; x_wconf 88' lang='lat' dir='ltr'>Quae</span> <span class='ocrx_word' id='word_1_343' title='bbox 419 2648 601 2682; x_wconf 86' lang='lat' dir='ltr'>Musurus</span> <span class='ocrx_word' id='word_1_344' title='bbox 620 2645 868 2696; x_wconf 78' lang='lat' dir='ltr'>interpolavit</span> <span class='ocrx_word' id='word_1_345' title='bbox 887 2661 933 2684; x_wconf 83' lang='lat' dir='ltr'>ex</span> <span class='ocrx_word' id='word_1_346' title='bbox 952 2648 1140 2698; x_wconf 81' lang='lat' dir='ltr'>scriptore</span> <span class='ocrx_word' id='word_1_347' title='bbox 1152 2649 1223 2685; x_wconf 89' lang='lat' dir='ltr'>Vi-</span> 
     </span>
     <span class='ocr_line' id='line_1_44' title="bbox 208 2702 1224 2756; baseline 0.005 -19"><span class='ocrx_word' id='word_1_348' title='bbox 208 2709 255 2737; x_wconf 89' lang='lat' dir='ltr'>tae</span> <span class='ocrx_word' id='word_1_349' title='bbox 270 2702 481 2752; x_wconf 90' lang='lat' dir='ltr'>Sophoclis.</span> <span class='ocrx_word' id='word_1_350' title='bbox 498 2702 641 2745; x_wconf 79' lang='grc' dir='ltr'>Υἱὸς-ὃ</span> <span class='ocrx_word' id='word_1_351' title='bbox 656 2703 780 2756; x_wconf 83' lang='grc' dir='ltr'>Ἰοφῶν</span> <span class='ocrx_word' id='word_1_352' title='bbox 798 2719 872 2742; x_wconf 88' lang='lat' dir='ltr'><strong>orn.</strong></span> <span class='ocrx_word' id='word_1_353' title='bbox 887 2707 935 2744; x_wconf 89' lang='grc' dir='ltr'>Θ.</span> <span class='ocrx_word' id='word_1_354' title='bbox 957 2709 1011 2743; x_wconf 93' lang='grc' dir='ltr'>Μ.</span> <span class='ocrx_word' id='word_1_355' title='bbox 1024 2729 1066 2735; x_wconf 95' lang='grc'>-</span> <span class='ocrx_word' id='word_1_356' title='bbox 1083 2707 1130 2743; x_wconf 86' lang='grc'>52</span> <span class='ocrx_word' id='word_1_357' title='bbox 1144 2720 1224 2756; x_wconf 88' lang='lat' dir='ltr'><strong>sqq.</strong></span> 
     </span>
     <span class='ocr_line' id='line_1_45' title="bbox 206 2759 1224 2816; baseline 0.006 -21"><span class='ocrx_word' id='word_1_358' title='bbox 206 2759 404 2807; x_wconf 83' lang='grc' dir='ltr'>ἠγωνίσατο</span> <span class='ocrx_word' id='word_1_359' title='bbox 439 2770 512 2798; x_wconf 86' lang='lat' dir='ltr'><strong>etc.</strong></span> <span class='ocrx_word' id='word_1_360' title='bbox 553 2776 630 2799; x_wconf 91' lang='lat' dir='ltr'>om.</span> <span class='ocrx_word' id='word_1_361' title='bbox 667 2763 713 2801; x_wconf 87' lang='grc' dir='ltr'>Θ.</span> <span class='ocrx_word' id='word_1_362' title='bbox 741 2787 780 2793; x_wconf 90' lang='grc'><strong>-</strong></span> <span class='ocrx_word' id='word_1_363' title='bbox 832 2764 877 2808; x_wconf 84' lang='grc'>54</span> <span class='ocrx_word' id='word_1_364' title='bbox 909 2763 1056 2816; x_wconf 82' lang='grc' dir='ltr'>εἰρηκὼς</span> <span class='ocrx_word' id='word_1_365' title='bbox 1083 2779 1224 2816; x_wconf 89' lang='grc' dir='ltr'>τραγῳ-</span> 
     </span>
     <span class='ocr_line' id='line_1_46' title="bbox 209 2816 1225 2875; baseline 0.007 -22"><span class='ocrx_word' id='word_1_366' title='bbox 209 2816 283 2854; x_wconf 87' lang='grc' dir='ltr'>δίαν</span> <span class='ocrx_word' id='word_1_367' title='bbox 312 2817 456 2868; x_wconf 84' lang='lat' dir='ltr'>(codex</span> <span class='ocrx_word' id='word_1_368' title='bbox 475 2820 674 2874; x_wconf 84' lang='grc' dir='ltr'>τραγῳδία)</span> <span class='ocrx_word' id='word_1_369' title='bbox 705 2821 876 2860; x_wconf 84' lang='lat' dir='ltr'>additum</span> <span class='ocrx_word' id='word_1_370' title='bbox 905 2837 950 2861; x_wconf 81' lang='lat' dir='ltr'>ex</span> <span class='ocrx_word' id='word_1_371' title='bbox 970 2828 1016 2862; x_wconf 92' lang='lat' dir='ltr'>V.</span> <span class='ocrx_word' id='word_1_372' title='bbox 1048 2823 1225 2875; x_wconf 80' lang='grc' dir='ltr'>εἰρηκότος</span> 
     </span>
     <span class='ocr_line' id='line_1_47' title="bbox 207 2874 468 2926; baseline 0.011 -16"><span class='ocrx_word' id='word_1_373' title='bbox 207 2874 401 2926; x_wconf 83' lang='grc' dir='ltr'>τραγῳδίαν</span> <span class='ocrx_word' id='word_1_374' title='bbox 423 2880 468 2913; x_wconf 98' lang='lat' dir='ltr'>G.</span> 
     </span>
    </p>

    <p class='ocr_par' dir='ltr' id='par_1_8' title="bbox 209 2932 1226 3390">
     <span class='ocr_line' id='line_1_48' title="bbox 265 2932 1221 2991; baseline 0.01 -23"><span class='ocrx_word' id='word_1_375' title='bbox 265 2932 328 2978; x_wconf 87' lang='lat'>75,</span> <span class='ocrx_word' id='word_1_376' title='bbox 349 2946 370 2969; x_wconf 84' lang='lat'><strong>2</strong></span> <span class='ocrx_word' id='word_1_377' title='bbox 393 2934 568 2984; x_wconf 89' lang='grc' dir='ltr'>προελθὼν</span> <span class='ocrx_word' id='word_1_378' title='bbox 592 2937 828 2975; x_wconf 80' lang='lat' dir='ltr'>Dindorlius.</span> <span class='ocrx_word' id='word_1_379' title='bbox 849 2939 980 2977; x_wconf 89' lang='lat' dir='ltr'>Codex</span> <span class='ocrx_word' id='word_1_380' title='bbox 1003 2939 1221 2991; x_wconf 72' lang='grc' dir='ltr'>παρελθέτω.</span> 
     </span>
     <span class='ocr_line' id='line_1_49' title="bbox 209 2991 1223 3048; baseline 0.008 -21"><span class='ocrx_word' id='word_1_381' title='bbox 209 2993 253 3027; x_wconf 91' lang='lat' dir='ltr'>In</span> <span class='ocrx_word' id='word_1_382' title='bbox 269 2993 314 3029; x_wconf 85' lang='lat' dir='ltr'>G.</span> <span class='ocrx_word' id='word_1_383' title='bbox 339 2991 465 3040; x_wconf 81' lang='grc' dir='ltr'>ἀγαθὸν</span> <span class='ocrx_word' id='word_1_384' title='bbox 483 2993 566 3043; x_wconf 75' lang='grc' dir='ltr'>φασὶ</span> <span class='ocrx_word' id='word_1_385' title='bbox 585 2995 785 3047; x_wconf 82' lang='grc' dir='ltr'>παρελθέτω</span> <span class='ocrx_word' id='word_1_386' title='bbox 801 2996 861 3033; x_wconf 74' lang='grc' dir='ltr'>καὶ</span> <span class='ocrx_word' id='word_1_387' title='bbox 876 2992 992 3048; x_wconf 71' lang='grc' dir='ltr'>ἔψεξεν</span> <span class='ocrx_word' id='word_1_388' title='bbox 1012 2998 1223 3037; x_wconf 83' lang='grc' dir='ltr'>αὐτόν.-3-</span> 
     </span>
     <span class='ocr_line' id='line_1_50' title="bbox 211 3049 1222 3109; baseline 0.009 -25"><span class='ocrx_word' id='word_1_389' title='bbox 211 3050 234 3085; x_wconf 92' lang='grc'>6</span> <span class='ocrx_word' id='word_1_390' title='bbox 251 3062 326 3086; x_wconf 91' lang='lat' dir='ltr'>om.</span> <span class='ocrx_word' id='word_1_391' title='bbox 352 3049 469 3109; x_wconf 47' lang='lat' dir='ltr'>etian}</span> <span class='ocrx_word' id='word_1_392' title='bbox 482 3051 529 3087; x_wconf 87' lang='grc' dir='ltr'>Θ.</span> <span class='ocrx_word' id='word_1_393' title='bbox 549 3052 599 3088; x_wconf 91' lang='grc' dir='ltr'>Μ.</span> <span class='ocrx_word' id='word_1_394' title='bbox 614 3081 654 3086; x_wconf 88' lang='grc'>-</span> <span class='ocrx_word' id='word_1_395' title='bbox 671 3054 692 3089; x_wconf 88' lang='grc'>5</span> <span class='ocrx_word' id='word_1_396' title='bbox 716 3053 738 3099; x_wconf 84' lang='grc' dir='ltr'>ἢ</span> <span class='ocrx_word' id='word_1_397' title='bbox 761 3054 926 3108; x_wconf 88' lang='grc' dir='ltr'>πρότερον</span> <span class='ocrx_word' id='word_1_398' title='bbox 959 3056 993 3093; x_wconf 79' lang='grc' dir='ltr'>ἐν</span> <span class='ocrx_word' id='word_1_399' title='bbox 1021 3058 1064 3107; x_wconf 77' lang='grc' dir='ltr'>τῇ</span> <span class='ocrx_word' id='word_1_400' title='bbox 1080 3057 1132 3095; x_wconf 84' lang='lat' dir='ltr'>V·</span> <span class='ocrx_word' id='word_1_401' title='bbox 1147 3059 1222 3093; x_wconf 88' lang='lat'>—6</span> 
     </span>
     <span class='ocr_line' id='line_1_51' title="bbox 211 3106 1224 3163; baseline 0.009 -21"><span class='ocrx_word' id='word_1_402' title='bbox 211 3106 317 3144; x_wconf 88' lang='lat' dir='ltr'>addit</span> <span class='ocrx_word' id='word_1_403' title='bbox 335 3107 422 3144; x_wconf 88' lang='lat' dir='ltr'><strong>Ald.</strong></span> <span class='ocrx_word' id='word_1_404' title='bbox 446 3110 488 3152; x_wconf 80' lang='grc' dir='ltr'>ἠν</span> <span class='ocrx_word' id='word_1_405' title='bbox 505 3107 571 3160; x_wconf 88' lang='grc' dir='ltr'>γὰρ</span> <span class='ocrx_word' id='word_1_406' title='bbox 591 3112 608 3145; x_wconf 85' lang='grc' dir='ltr'>ὁ</span> <span class='ocrx_word' id='word_1_407' title='bbox 629 3111 810 3162; x_wconf 74' lang='grc' dir='ltr'>Σοφοκλῆς</span> <span class='ocrx_word' id='word_1_408' title='bbox 824 3112 1004 3163; x_wconf 79' lang='grc' dir='ltr'>Αἰσχύλου</span> <span class='ocrx_word' id='word_1_409' title='bbox 1025 3117 1088 3163; x_wconf 83' lang='grc' dir='ltr'>μὲν</span> <span class='ocrx_word' id='word_1_410' title='bbox 1115 3113 1224 3151; x_wconf 86' lang='grc' dir='ltr'>ἔτεσιν</span> 
     </span>
     <span class='ocr_line' id='line_1_52' title="bbox 211 3162 1224 3220; baseline 0.01 -21"><span class='ocrx_word' id='word_1_411' title='bbox 211 3162 298 3201; x_wconf 79' lang='grc' dir='ltr'>ἑπτὰ</span> <span class='ocrx_word' id='word_1_412' title='bbox 319 3162 501 3216; x_wconf 88' lang='grc' dir='ltr'>νεώτερος,</span> <span class='ocrx_word' id='word_1_413' title='bbox 518 3166 708 3217; x_wconf 77' lang='grc' dir='ltr'>Εὐριπίδου</span> <span class='ocrx_word' id='word_1_414' title='bbox 725 3168 761 3206; x_wconf 82' lang='grc' dir='ltr'>δὲ</span> <span class='ocrx_word' id='word_1_415' title='bbox 775 3169 847 3209; x_wconf 88' lang='grc' dir='ltr'>κδ’.</span> <span class='ocrx_word' id='word_1_416' title='bbox 873 3171 1024 3220; x_wconf 84' lang='lat' dir='ltr'>Adjecit</span> <span class='ocrx_word' id='word_1_417' title='bbox 1044 3174 1224 3209; x_wconf 82' lang='lat' dir='ltr'>Musurus</span> 
     </span>
     <span class='ocr_line' id='line_1_53' title="bbox 212 3222 1226 3278; baseline 0.011 -21"><span class='ocrx_word' id='word_1_418' title='bbox 212 3222 446 3271; x_wconf 85' lang='lat' dir='ltr'>negligenter</span> <span class='ocrx_word' id='word_1_419' title='bbox 465 3223 656 3274; x_wconf 81' lang='lat' dir='ltr'>descripta</span> <span class='ocrx_word' id='word_1_420' title='bbox 676 3239 723 3262; x_wconf 83' lang='lat' dir='ltr'>ex</span> <span class='ocrx_word' id='word_1_421' title='bbox 745 3228 835 3265; x_wconf 86' lang='lat' dir='ltr'>Vita</span> <span class='ocrx_word' id='word_1_422' title='bbox 851 3230 1051 3278; x_wconf 88' lang='lat' dir='ltr'>Sophoclis</span> <span class='ocrx_word' id='word_1_423' title='bbox 1065 3259 1075 3276; x_wconf 89' lang='lat'>‚</span> <span class='ocrx_word' id='word_1_424' title='bbox 1091 3230 1158 3267; x_wconf 88' lang='lat' dir='ltr'>ubi</span> <span class='ocrx_word' id='word_1_425' title='bbox 1176 3231 1226 3267; x_wconf 90' lang='lat' dir='ltr'>le-</span> 
     </span>
     <span class='ocr_line' id='line_1_54' title="bbox 211 3277 1224 3336; baseline 0.012 -22"><span class='ocrx_word' id='word_1_426' title='bbox 211 3279 316 3329; x_wconf 87' lang='lat' dir='ltr'>gitur</span> <span class='ocrx_word' id='word_1_427' title='bbox 333 3277 496 3331; x_wconf 85' lang='grc' dir='ltr'>νεώτερος</span> <span class='ocrx_word' id='word_1_428' title='bbox 516 3280 574 3325; x_wconf 82' lang='grc' dir='ltr'>ἔτη</span> <span class='ocrx_word' id='word_1_429' title='bbox 600 3282 797 3335; x_wconf 76' lang='grc' dir='ltr'>δεκαεπτὰ,</span> <span class='ocrx_word' id='word_1_430' title='bbox 818 3285 1011 3336; x_wconf 69' lang='grc' dir='ltr'>Εὐριπίδου</span> <span class='ocrx_word' id='word_1_431' title='bbox 1026 3285 1062 3325; x_wconf 70' lang='grc' dir='ltr'>δὲ</span> <span class='ocrx_word' id='word_1_432' title='bbox 1079 3286 1224 3325; x_wconf 83' lang='grc' dir='ltr'>παλαιό-</span> 
     </span>
     <span class='ocr_line' id='line_1_55' title="bbox 213 3336 737 3390; baseline 0.01 -17"><span class='ocrx_word' id='word_1_433' title='bbox 213 3351 307 3389; x_wconf 80' lang='grc' dir='ltr'>τερος</span> <span class='ocrx_word' id='word_1_434' title='bbox 322 3336 599 3390; x_wconf 83' lang='grc' dir='ltr'>εἰκοσιτέσσαρα.</span> <span class='ocrx_word' id='word_1_435' title='bbox 620 3342 737 3379; x_wconf 73' lang='lat' dir='ltr'><strong>Dum.</strong></span> 
     </span>
    </p>
   </div>
   <div class='ocr_carea' id='block_1_3' title="bbox 1272 263 2300 3432">
    <p class='ocr_par' dir='ltr' id='par_1_9' title="bbox 1272 263 2300 2740">
     <span class='ocr_line' id='line_1_56' title="bbox 1327 263 2268 316; baseline -0.003 -13"><span class='ocrx_word' id='word_1_436' title='bbox 1327 268 1389 312; x_wconf 79' lang='lat'>78,</span> <span class='ocrx_word' id='word_1_437' title='bbox 1410 279 1428 311; x_wconf 85' lang='lat'><strong>7</strong></span> <span class='ocrx_word' id='word_1_438' title='bbox 1453 264 1519 316; x_wconf 81' lang='grc' dir='ltr'>γὰρ</span> <span class='ocrx_word' id='word_1_439' title='bbox 1538 279 1614 303; x_wconf 82' lang='lat' dir='ltr'>om.</span> <span class='ocrx_word' id='word_1_440' title='bbox 1638 269 1682 300; x_wconf 82' lang='lat' dir='ltr'>V.</span> <span class='ocrx_word' id='word_1_441' title='bbox 1710 267 1763 301; x_wconf 80' lang='lat' dir='ltr'>M.</span> <span class='ocrx_word' id='word_1_442' title='bbox 1787 266 1804 300; x_wconf 87' lang='grc' dir='ltr'>ὁ</span> <span class='ocrx_word' id='word_1_443' title='bbox 1819 263 1985 300; x_wconf 83' lang='lat' dir='ltr'>additum</span> <span class='ocrx_word' id='word_1_444' title='bbox 2002 276 2048 299; x_wconf 85' lang='lat' dir='ltr'>cx</span> <span class='ocrx_word' id='word_1_445' title='bbox 2065 266 2110 300; x_wconf 88' lang='lat' dir='ltr'>R.</span> <span class='ocrx_word' id='word_1_446' title='bbox 2127 291 2166 296; x_wconf 89' lang='lat'><em>-</em></span> <span class='ocrx_word' id='word_1_447' title='bbox 2181 264 2203 300; x_wconf 91' lang='lat'>8</span> <span class='ocrx_word' id='word_1_448' title='bbox 2220 264 2268 302; x_wconf 84' lang='lat' dir='ltr'>&#39;lo</span> 
     </span>
     <span class='ocr_line' id='line_1_57' title="bbox 1272 321 2285 374; baseline 0 -15"><span class='ocrx_word' id='word_1_449' title='bbox 1272 325 1343 374; x_wconf 73' lang='grc' dir='ltr'>φῶν</span> <span class='ocrx_word' id='word_1_450' title='bbox 1362 337 1434 360; x_wconf 84' lang='lat' dir='ltr'>om.</span> <span class='ocrx_word' id='word_1_451' title='bbox 1452 326 1498 361; x_wconf 93' lang='grc' dir='ltr'>Θ.</span> <span class='ocrx_word' id='word_1_452' title='bbox 1519 327 1569 361; x_wconf 84' lang='grc' dir='ltr'>Μ.</span> <span class='ocrx_word' id='word_1_453' title='bbox 1586 348 1623 353; x_wconf 96' lang='grc'>-</span> <span class='ocrx_word' id='word_1_454' title='bbox 1641 337 1664 371; x_wconf 87' lang='lat'><strong>9</strong></span> <span class='ocrx_word' id='word_1_455' title='bbox 1678 321 1860 371; x_wconf 73' lang='grc' dir='ltr'>ποιήματα</span> <span class='ocrx_word' id='word_1_456' title='bbox 1880 321 2050 359; x_wconf 86' lang='lat' dir='ltr'>additum</span> <span class='ocrx_word' id='word_1_457' title='bbox 2069 335 2114 359; x_wconf 87' lang='lat' dir='ltr'>ex</span> <span class='ocrx_word' id='word_1_458' title='bbox 2129 325 2175 360; x_wconf 89' lang='lat' dir='ltr'>R.</span> <span class='ocrx_word' id='word_1_459' title='bbox 2199 323 2285 359; x_wconf 78' lang='grc' dir='ltr'>ἀπο-</span> 
     </span>
     <span class='ocr_line' id='line_1_58' title="bbox 1273 378 2282 433; baseline 0.001 -17"><span class='ocrx_word' id='word_1_460' title='bbox 1273 379 1389 417; x_wconf 74' lang='grc' dir='ltr'>6αλὼν</span> <span class='ocrx_word' id='word_1_461' title='bbox 1412 380 1532 433; x_wconf 82' lang='grc' dir='ltr'>Ἰοφῶν</span> <span class='ocrx_word' id='word_1_462' title='bbox 1556 381 1593 416; x_wconf 88' lang='grc' dir='ltr'>οὐ</span> <span class='ocrx_word' id='word_1_463' title='bbox 1615 379 1719 429; x_wconf 69' lang='grc' dir='ltr'>μόνον</span> <span class='ocrx_word' id='word_1_464' title='bbox 1745 379 1801 416; x_wconf 80' lang='grc' dir='ltr'>ἐπὶ</span> <span class='ocrx_word' id='word_1_465' title='bbox 1824 382 1866 416; x_wconf 93' lang='lat' dir='ltr'>V.</span> <span class='ocrx_word' id='word_1_466' title='bbox 1892 379 1931 416; x_wconf 81' lang='grc' dir='ltr'>οὐ</span> <span class='ocrx_word' id='word_1_467' title='bbox 1963 378 2065 429; x_wconf 73' lang='grc' dir='ltr'>μόνον</span> <span class='ocrx_word' id='word_1_468' title='bbox 2090 378 2127 416; x_wconf 85' lang='grc' dir='ltr'>δὲ</span> <span class='ocrx_word' id='word_1_469' title='bbox 2152 380 2282 418; x_wconf 85' lang='lat' dir='ltr'>ceteri.</span> 
     </span>
     <span class='ocr_line' id='line_1_59' title="bbox 1272 437 2286 489; baseline 0.001 -16"><span class='ocrx_word' id='word_1_470' title='bbox 1272 437 1329 474; x_wconf 82' lang='grc' dir='ltr'>ἐπὶ</span> <span class='ocrx_word' id='word_1_471' title='bbox 1347 441 1395 489; x_wconf 81' lang='grc' dir='ltr'>τῷ</span> <span class='ocrx_word' id='word_1_472' title='bbox 1422 453 1496 476; x_wconf 84' lang='lat' dir='ltr'>om.</span> <span class='ocrx_word' id='word_1_473' title='bbox 1517 440 1564 476; x_wconf 88' lang='grc' dir='ltr'>Θ.</span> <span class='ocrx_word' id='word_1_474' title='bbox 1588 441 1636 489; x_wconf 77' lang='grc' dir='ltr'>τῷ</span> <span class='ocrx_word' id='word_1_475' title='bbox 1656 439 1805 475; x_wconf 79' lang='lat' dir='ltr'>addidit</span> <span class='ocrx_word' id='word_1_476' title='bbox 1825 442 1982 482; x_wconf 75' lang='lat' dir='ltr'>Portus3</span> <span class='ocrx_word' id='word_1_477' title='bbox 2013 437 2154 474; x_wconf 83' lang='lat' dir='ltr'>habere</span> <span class='ocrx_word' id='word_1_478' title='bbox 2175 439 2286 475; x_wconf 85' lang='lat' dir='ltr'>vide-</span> 
     </span>
     <span class='ocr_line' id='line_1_60' title="bbox 1274 496 2280 547; baseline 0 -16"><span class='ocrx_word' id='word_1_479' title='bbox 1274 505 1334 532; x_wconf 78' lang='lat' dir='ltr'>tui·</span> <span class='ocrx_word' id='word_1_480' title='bbox 1363 500 1415 532; x_wconf 88' lang='lat' dir='ltr'>M.</span> <span class='ocrx_word' id='word_1_481' title='bbox 1434 519 1479 524; x_wconf 98' lang='lat'><strong>—</strong></span> <span class='ocrx_word' id='word_1_482' title='bbox 1508 511 1551 533; x_wconf 90' lang='lat'>10</span> <span class='ocrx_word' id='word_1_483' title='bbox 1581 496 1807 547; x_wconf 77' lang='grc' dir='ltr'>ἐπιγράφεται</span> <span class='ocrx_word' id='word_1_484' title='bbox 1829 499 1870 532; x_wconf 70' lang='lat' dir='ltr'>V.</span> <span class='ocrx_word' id='word_1_485' title='bbox 1905 496 2134 547; x_wconf 83' lang='grc' dir='ltr'>τραγῳδεῖται</span> <span class='ocrx_word' id='word_1_486' title='bbox 2161 497 2206 533; x_wconf 90' lang='grc' dir='ltr'>Θ.</span> <span class='ocrx_word' id='word_1_487' title='bbox 2226 497 2280 534; x_wconf 87' lang='lat' dir='ltr'>M.</span> 
     </span>
     <span class='ocr_line' id='line_1_61' title="bbox 1273 552 2287 603; baseline 0.001 -14"><span class='ocrx_word' id='word_1_488' title='bbox 1273 553 1328 590; x_wconf 81' lang='grc' dir='ltr'>ἐπὶ</span> <span class='ocrx_word' id='word_1_489' title='bbox 1349 556 1397 603; x_wconf 80' lang='grc' dir='ltr'>τῷ</span> <span class='ocrx_word' id='word_1_490' title='bbox 1427 553 1465 590; x_wconf 81' lang='grc' dir='ltr'>τὸ</span> <span class='ocrx_word' id='word_1_491' title='bbox 1487 555 1530 590; x_wconf 89' lang='lat' dir='ltr'>V.</span> <span class='ocrx_word' id='word_1_492' title='bbox 1568 552 1656 589; x_wconf 74' lang='grc' dir='ltr'>ἀλλὰ</span> <span class='ocrx_word' id='word_1_493' title='bbox 1677 554 1735 589; x_wconf 77' lang='grc' dir='ltr'>καὶ</span> <span class='ocrx_word' id='word_1_494' title='bbox 1757 552 1813 589; x_wconf 77' lang='grc' dir='ltr'>ἐπὶ</span> <span class='ocrx_word' id='word_1_495' title='bbox 1843 555 1892 603; x_wconf 76' lang='grc' dir='ltr'>τῷ</span> <span class='ocrx_word' id='word_1_496' title='bbox 1913 557 1965 590; x_wconf 88' lang='grc' dir='ltr'>Μ.</span> <span class='ocrx_word' id='word_1_497' title='bbox 1981 580 2032 585; x_wconf 92' lang='lat'>—-</span> <span class='ocrx_word' id='word_1_498' title='bbox 2057 568 2071 589; x_wconf 91' lang='lat'>1</span> <span class='ocrx_word' id='word_1_499' title='bbox 2085 567 2097 590; x_wconf 89' lang='lat'>1</span> <span class='ocrx_word' id='word_1_500' title='bbox 2132 553 2287 603; x_wconf 78' lang='grc' dir='ltr'>μαλακὸς</span> 
     </span>
     <span class='ocr_line' id='line_1_62' title="bbox 1273 611 2286 664; baseline 0 -16"><span class='ocrx_word' id='word_1_501' title='bbox 1273 614 1319 650; x_wconf 90' lang='grc' dir='ltr'>Θ.</span> <span class='ocrx_word' id='word_1_502' title='bbox 1343 616 1395 648; x_wconf 86' lang='grc' dir='ltr'>Μ.</span> <span class='ocrx_word' id='word_1_503' title='bbox 1417 611 1547 664; x_wconf 77' lang='grc' dir='ltr'>μακρὸς</span> <span class='ocrx_word' id='word_1_504' title='bbox 1563 615 1607 648; x_wconf 88' lang='lat' dir='ltr'>V.</span> <span class='ocrx_word' id='word_1_505' title='bbox 1625 611 1709 648; x_wconf 88' lang='lat' dir='ltr'><strong>Ald.</strong></span> <span class='ocrx_word' id='word_1_506' title='bbox 1728 634 1778 639; x_wconf 92' lang='lat'>-—</span> <span class='ocrx_word' id='word_1_507' title='bbox 1801 626 1812 646; x_wconf 85' lang='lat'>1</span> <span class='ocrx_word' id='word_1_508' title='bbox 1828 625 1841 646; x_wconf 92' lang='lat'>1</span> <span class='ocrx_word' id='word_1_509' title='bbox 1863 611 2098 663; x_wconf 68' lang='grc' dir='ltr'>Νικόστρατος</span> <span class='ocrx_word' id='word_1_510' title='bbox 2110 616 2153 649; x_wconf 88' lang='lat' dir='ltr'>V.</span> <span class='ocrx_word' id='word_1_511' title='bbox 2176 613 2286 650; x_wconf 68' lang='grc' dir='ltr'>Νικο-</span> 
     </span>
     <span class='ocr_line' id='line_1_63' title="bbox 1274 669 2283 722; baseline -0.001 -15"><span class='ocrx_word' id='word_1_512' title='bbox 1274 669 1421 722; x_wconf 84' lang='grc' dir='ltr'>στράτου</span> <span class='ocrx_word' id='word_1_513' title='bbox 1439 674 1484 707; x_wconf 85' lang='lat' dir='ltr'>G.</span> <span class='ocrx_word' id='word_1_514' title='bbox 1513 683 1587 705; x_wconf 80' lang='lat' dir='ltr'>om.</span> <span class='ocrx_word' id='word_1_515' title='bbox 1612 673 1659 705; x_wconf 81' lang='lat' dir='ltr'>V.</span> <span class='ocrx_word' id='word_1_516' title='bbox 1696 682 1771 704; x_wconf 88' lang='lat' dir='ltr'>non</span> <span class='ocrx_word' id='word_1_517' title='bbox 1801 672 1846 705; x_wconf 90' lang='lat' dir='ltr'><strong>G.</strong></span> <span class='ocrx_word' id='word_1_518' title='bbox 1865 696 1916 701; x_wconf 82' lang='lat'><em>-</em></span> <span class='ocrx_word' id='word_1_519' title='bbox 1940 682 1984 704; x_wconf 87' lang='grc'>12</span> <span class='ocrx_word' id='word_1_520' title='bbox 2008 669 2209 720; x_wconf 80' lang='grc' dir='ltr'>Ἀρίστωνος</span> <span class='ocrx_word' id='word_1_521' title='bbox 2237 673 2283 706; x_wconf 91' lang='lat' dir='ltr'><strong>G.</strong></span> 
     </span>
     <span class='ocr_line' id='line_1_64' title="bbox 1273 725 2287 776; baseline 0 -13"><span class='ocrx_word' id='word_1_522' title='bbox 1273 726 1388 769; x_wconf 81' lang='grc' dir='ltr'>νόθους</span> <span class='ocrx_word' id='word_1_523' title='bbox 1398 731 1445 763; x_wconf 80' lang='lat' dir='ltr'>V.</span> <span class='ocrx_word' id='word_1_524' title='bbox 1462 741 1539 763; x_wconf 86' lang='lat' dir='ltr'>non</span> <span class='ocrx_word' id='word_1_525' title='bbox 1557 728 1695 763; x_wconf 84' lang='lat' dir='ltr'><strong>G.-13</strong></span> <span class='ocrx_word' id='word_1_526' title='bbox 1713 726 1834 763; x_wconf 81' lang='lat' dir='ltr'>codex</span> <span class='ocrx_word' id='word_1_527' title='bbox 1854 725 2067 776; x_wconf 83' lang='grc' dir='ltr'>Θεοδωρίδος</span> <span class='ocrx_word' id='word_1_528' title='bbox 2085 726 2287 776; x_wconf 88' lang='grc' dir='ltr'>Σικυμνίας.</span> 
     </span>
     <span class='ocr_line' id='line_1_65' title="bbox 1277 783 2289 834; baseline -0.002 -13"><span class='ocrx_word' id='word_1_529' title='bbox 1277 786 1420 822; x_wconf 75' lang='lat' dir='ltr'>Deinde</span> <span class='ocrx_word' id='word_1_530' title='bbox 1444 784 1484 822; x_wconf 77' lang='grc' dir='ltr'>τὸ</span> <span class='ocrx_word' id='word_1_531' title='bbox 1506 784 1541 821; x_wconf 83' lang='grc' dir='ltr'>δὲ</span> <span class='ocrx_word' id='word_1_532' title='bbox 1571 783 1628 833; x_wconf 79' lang='grc' dir='ltr'>(δὲ</span> <span class='ocrx_word' id='word_1_533' title='bbox 1654 798 1729 822; x_wconf 89' lang='lat' dir='ltr'>om.</span> <span class='ocrx_word' id='word_1_534' title='bbox 1747 784 1818 834; x_wconf 84' lang='lat' dir='ltr'>M.)</span> <span class='ocrx_word' id='word_1_535' title='bbox 1834 784 1917 820; x_wconf 88' lang='grc' dir='ltr'>κωδ.</span> <span class='ocrx_word' id='word_1_536' title='bbox 1936 796 2010 820; x_wconf 90' lang='lat' dir='ltr'>om.</span> <span class='ocrx_word' id='word_1_537' title='bbox 2028 786 2075 819; x_wconf 88' lang='lat' dir='ltr'>R.</span> <span class='ocrx_word' id='word_1_538' title='bbox 2092 787 2138 819; x_wconf 92' lang='lat' dir='ltr'>V.</span> <span class='ocrx_word' id='word_1_539' title='bbox 2176 807 2226 811; x_wconf 97' lang='lat'><strong>—</strong></span> <span class='ocrx_word' id='word_1_540' title='bbox 2247 790 2289 826; x_wconf 86' lang='lat'>14</span> 
     </span>
     <span class='ocr_line' id='line_1_66' title="bbox 1275 837 2290 886; baseline -0.002 -6"><span class='ocrx_word' id='word_1_541' title='bbox 1275 843 1351 880; x_wconf 78' lang='grc' dir='ltr'>ἀντὶ</span> <span class='ocrx_word' id='word_1_542' title='bbox 1380 847 1440 880; x_wconf 71' lang='grc' dir='ltr'>τοῦ</span> <span class='ocrx_word' id='word_1_543' title='bbox 1474 843 1557 881; x_wconf 85' lang='lat' dir='ltr'><strong>add.</strong></span> <span class='ocrx_word' id='word_1_544' title='bbox 1587 846 1631 879; x_wconf 88' lang='lat' dir='ltr'>R.</span> <span class='ocrx_word' id='word_1_545' title='bbox 1657 837 1726 879; x_wconf 65' lang='grc' dir='ltr'>οἷον</span> <span class='ocrx_word' id='word_1_546' title='bbox 1753 846 1805 879; x_wconf 91' lang='grc' dir='ltr'>Μ.</span> <span class='ocrx_word' id='word_1_547' title='bbox 1838 845 1882 878; x_wconf 89' lang='lat' dir='ltr'>In</span> <span class='ocrx_word' id='word_1_548' title='bbox 1903 843 1949 880; x_wconf 91' lang='grc' dir='ltr'>Θ.</span> <span class='ocrx_word' id='word_1_549' title='bbox 1972 850 2028 878; x_wconf 84' lang='lat' dir='ltr'>est</span> <span class='ocrx_word' id='word_1_550' title='bbox 2058 841 2246 878; x_wconf 83' lang='grc' dir='ltr'>κωδωνίσω</span> <span class='ocrx_word' id='word_1_551' title='bbox 2267 841 2290 886; x_wconf 81' lang='grc' dir='ltr'>ἢ</span> 
     </span>
     <span class='ocr_line' id='line_1_67' title="bbox 1275 896 2291 950; baseline -0.002 -14"><span class='ocrx_word' id='word_1_552' title='bbox 1275 899 1526 950; x_wconf 81' lang='grc' dir='ltr'>κωμωδήσωῆ</span> <span class='ocrx_word' id='word_1_553' title='bbox 1561 900 1763 949; x_wconf 84' lang='grc' dir='ltr'>δοκιμάσω,</span> <span class='ocrx_word' id='word_1_554' title='bbox 1794 898 1847 935; x_wconf 74' lang='grc' dir='ltr'>ὅτι</span> <span class='ocrx_word' id='word_1_555' title='bbox 1876 907 1947 936; x_wconf 87' lang='lat' dir='ltr'><strong>etc.</strong></span> <span class='ocrx_word' id='word_1_556' title='bbox 1975 921 2027 926; x_wconf 91' lang='lat'>—</span> <span class='ocrx_word' id='word_1_557' title='bbox 2058 900 2102 934; x_wconf 87' lang='lat'>16</span> <span class='ocrx_word' id='word_1_558' title='bbox 2135 896 2291 935; x_wconf 85' lang='grc' dir='ltr'>κώδωσιν</span> 
     </span>
     <span class='ocr_line' id='line_1_68' title="bbox 1275 955 2293 995; baseline -0.004 0"><span class='ocrx_word' id='word_1_559' title='bbox 1275 959 1445 995; x_wconf 85' lang='lat' dir='ltr'>additum</span> <span class='ocrx_word' id='word_1_560' title='bbox 1475 973 1521 995; x_wconf 82' lang='lat' dir='ltr'>ex</span> <span class='ocrx_word' id='word_1_561' title='bbox 1546 962 1592 995; x_wconf 87' lang='lat' dir='ltr'>V.</span> <span class='ocrx_word' id='word_1_562' title='bbox 1622 967 1658 995; x_wconf 89' lang='lat' dir='ltr'>et</span> <span class='ocrx_word' id='word_1_563' title='bbox 1687 957 1802 994; x_wconf 84' lang='lat' dir='ltr'>Suida</span> <span class='ocrx_word' id='word_1_564' title='bbox 1828 971 1857 994; x_wconf 87' lang='lat' dir='ltr'>s.</span> <span class='ocrx_word' id='word_1_565' title='bbox 1885 955 2156 995; x_wconf 87' lang='grc' dir='ltr'>Διακωδωνίσω.</span> <span class='ocrx_word' id='word_1_566' title='bbox 2175 983 2226 990; x_wconf 91' lang='grc'>.-.</span> <span class='ocrx_word' id='word_1_567' title='bbox 2249 957 2293 992; x_wconf 91' lang='lat'>16</span> 
     </span>
     <span class='ocr_line' id='line_1_69' title="bbox 1275 1012 2294 1068; baseline -0.005 -14"><span class='ocrx_word' id='word_1_568' title='bbox 1275 1017 1450 1068; x_wconf 66' lang='grc' dir='ltr'>ψοφοδεεῖς</span> <span class='ocrx_word' id='word_1_569' title='bbox 1466 1020 1511 1052; x_wconf 88' lang='lat' dir='ltr'>V.</span> <span class='ocrx_word' id='word_1_570' title='bbox 1530 1019 1579 1051; x_wconf 84' lang='lat' dir='ltr'>M.</span> <span class='ocrx_word' id='word_1_571' title='bbox 1602 1024 1639 1052; x_wconf 90' lang='lat' dir='ltr'>et</span> <span class='ocrx_word' id='word_1_572' title='bbox 1658 1015 1805 1052; x_wconf 76' lang='lat' dir='ltr'><strong>Suidas.</strong></span> <span class='ocrx_word' id='word_1_573' title='bbox 1827 1012 1998 1066; x_wconf 74' lang='grc' dir='ltr'>ψοφώδεις</span> <span class='ocrx_word' id='word_1_574' title='bbox 2014 1013 2100 1051; x_wconf 77' lang='lat' dir='ltr'><strong>Ald.</strong></span> <span class='ocrx_word' id='word_1_575' title='bbox 2126 1014 2226 1050; x_wconf 88' lang='lat' dir='ltr'>Hinc</span> <span class='ocrx_word' id='word_1_576' title='bbox 2245 1013 2294 1050; x_wconf 86' lang='lat' dir='ltr'>ad</span> 
     </span>
     <span class='ocr_line' id='line_1_70' title="bbox 1277 1071 2294 1121; baseline -0.004 -10"><span class='ocrx_word' id='word_1_577' title='bbox 1277 1076 1389 1111; x_wconf 85' lang='lat' dir='ltr'>finem</span> <span class='ocrx_word' id='word_1_578' title='bbox 1409 1074 1541 1110; x_wconf 86' lang='lat' dir='ltr'>scholii</span> <span class='ocrx_word' id='word_1_579' title='bbox 1565 1074 1618 1110; x_wconf 84' lang='lat' dir='ltr'>sic</span> <span class='ocrx_word' id='word_1_580' title='bbox 1638 1081 1679 1109; x_wconf 91' lang='lat' dir='ltr'>ut</span> <span class='ocrx_word' id='word_1_581' title='bbox 1698 1073 1841 1109; x_wconf 85' lang='lat' dir='ltr'>editum</span> <span class='ocrx_word' id='word_1_582' title='bbox 1861 1081 1917 1108; x_wconf 79' lang='lat' dir='ltr'>cst</span> <span class='ocrx_word' id='word_1_583' title='bbox 1940 1075 2005 1118; x_wconf 90' lang='lat' dir='ltr'>V.,</span> <span class='ocrx_word' id='word_1_584' title='bbox 2026 1084 2193 1121; x_wconf 85' lang='lat' dir='ltr'>quocum</span> <span class='ocrx_word' id='word_1_585' title='bbox 2217 1071 2294 1108; x_wconf 78' lang='lat' dir='ltr'>fere</span> 
     </span>
     <span class='ocr_line' id='line_1_71' title="bbox 1277 1124 2292 1181; baseline -0.004 -12"><span class='ocrx_word' id='word_1_586' title='bbox 1277 1133 1466 1169; x_wconf 78' lang='lat' dir='ltr'>consentit</span> <span class='ocrx_word' id='word_1_587' title='bbox 1499 1132 1646 1168; x_wconf 84' lang='lat' dir='ltr'><strong>Suidas.</strong></span> <span class='ocrx_word' id='word_1_588' title='bbox 1690 1124 1777 1176; x_wconf 64' lang='grc' dir='ltr'>εἷεν,</span> <span class='ocrx_word' id='word_1_589' title='bbox 1810 1129 1832 1175; x_wconf 80' lang='grc' dir='ltr'>ἢ</span> <span class='ocrx_word' id='word_1_590' title='bbox 1860 1129 1893 1179; x_wconf 81' lang='grc' dir='ltr'>(ἢ</span> <span class='ocrx_word' id='word_1_591' title='bbox 1922 1144 1996 1167; x_wconf 86' lang='lat' dir='ltr'>om.</span> <span class='ocrx_word' id='word_1_592' title='bbox 2019 1129 2080 1178; x_wconf 90' lang='grc' dir='ltr'>Θ.)</span> <span class='ocrx_word' id='word_1_593' title='bbox 2101 1131 2130 1166; x_wconf 82' lang='grc' dir='ltr'>εἰ</span> <span class='ocrx_word' id='word_1_594' title='bbox 2150 1128 2292 1181; x_wconf 67' lang='grc' dir='ltr'>θόρυόον</span> 
     </span>
     <span class='ocr_line' id='line_1_72' title="bbox 1277 1186 2295 1240; baseline -0.004 -12"><span class='ocrx_word' id='word_1_595' title='bbox 1277 1189 1461 1240; x_wconf 75' lang='grc' dir='ltr'>ὑπομένειν</span> <span class='ocrx_word' id='word_1_596' title='bbox 1484 1188 1644 1226; x_wconf 89' lang='grc' dir='ltr'>δύνανται</span> <span class='ocrx_word' id='word_1_597' title='bbox 1666 1186 1884 1239; x_wconf 79' lang='grc' dir='ltr'>(ὑπομένοιεν</span> <span class='ocrx_word' id='word_1_598' title='bbox 1908 1188 1968 1238; x_wconf 87' lang='grc' dir='ltr'>Θ.)</span> <span class='ocrx_word' id='word_1_599' title='bbox 1983 1217 1993 1234; x_wconf 82' lang='grc'><strong>,</strong></span> <span class='ocrx_word' id='word_1_600' title='bbox 2021 1186 2146 1236; x_wconf 73' lang='grc' dir='ltr'>μήπως</span> <span class='ocrx_word' id='word_1_601' title='bbox 2170 1188 2204 1223; x_wconf 84' lang='grc' dir='ltr'>ἐν</span> <span class='ocrx_word' id='word_1_602' title='bbox 2225 1201 2295 1224; x_wconf 89' lang='grc' dir='ltr'>πο-</span> 
     </span>
     <span class='ocr_line' id='line_1_73' title="bbox 1275 1244 2296 1301; baseline -0.007 -14"><span class='ocrx_word' id='word_1_603' title='bbox 1275 1249 1373 1301; x_wconf 75' lang='grc' dir='ltr'>λέμῳ</span> <span class='ocrx_word' id='word_1_604' title='bbox 1392 1251 1438 1291; x_wconf 86' lang='grc' dir='ltr'>εἷς</span> <span class='ocrx_word' id='word_1_605' title='bbox 1459 1247 1616 1285; x_wconf 86' lang='grc' dir='ltr'>κίνδυνον</span> <span class='ocrx_word' id='word_1_606' title='bbox 1646 1247 1705 1284; x_wconf 79' lang='grc' dir='ltr'>ὑπ’</span> <span class='ocrx_word' id='word_1_607' title='bbox 1729 1248 1841 1283; x_wconf 78' lang='grc' dir='ltr'>αὐτῶν</span> <span class='ocrx_word' id='word_1_608' title='bbox 1863 1245 2065 1295; x_wconf 68' lang='grc' dir='ltr'>ε’μὸληθεῖεν</span> <span class='ocrx_word' id='word_1_609' title='bbox 2095 1244 2296 1294; x_wconf 76' lang='grc' dir='ltr'>(μήπως-</span> 
     </span>
     <span class='ocr_line' id='line_1_74' title="bbox 1277 1302 2296 1358; baseline -0.006 -13"><span class='ocrx_word' id='word_1_610' title='bbox 1277 1307 1479 1358; x_wconf 65' lang='grc' dir='ltr'>ἐμὸληθεῖεν</span> <span class='ocrx_word' id='word_1_611' title='bbox 1499 1320 1576 1343; x_wconf 89' lang='lat' dir='ltr'>om.</span> <span class='ocrx_word' id='word_1_612' title='bbox 1595 1307 1641 1344; x_wconf 88' lang='grc' dir='ltr'>Θ.</span> <span class='ocrx_word' id='word_1_613' title='bbox 1654 1305 1720 1354; x_wconf 87' lang='grc' dir='ltr'>Μ.)</span> <span class='ocrx_word' id='word_1_614' title='bbox 1733 1305 1793 1342; x_wconf 77' lang='grc' dir='ltr'>καὶ</span> <span class='ocrx_word' id='word_1_615' title='bbox 1810 1302 1888 1346; x_wconf 77' lang='grc' dir='ltr'>τοὺς</span> <span class='ocrx_word' id='word_1_616' title='bbox 1901 1303 2058 1356; x_wconf 84' lang='grc' dir='ltr'>ὄρτυγας.</span> <span class='ocrx_word' id='word_1_617' title='bbox 2076 1302 2164 1345; x_wconf 80' lang='grc' dir='ltr'>τινὲς</span> <span class='ocrx_word' id='word_1_618' title='bbox 2179 1302 2215 1339; x_wconf 80' lang='grc' dir='ltr'>δὲ</span> <span class='ocrx_word' id='word_1_619' title='bbox 2228 1302 2296 1340; x_wconf 80' lang='grc' dir='ltr'>ἀπὸ</span> 
     </span>
     <span class='ocr_line' id='line_1_75' title="bbox 1276 1360 2297 1415; baseline -0.007 -12"><span class='ocrx_word' id='word_1_620' title='bbox 1276 1369 1344 1403; x_wconf 85' lang='grc' dir='ltr'>τῶν</span> <span class='ocrx_word' id='word_1_621' title='bbox 1378 1364 1524 1415; x_wconf 74' lang='grc' dir='ltr'>ἀγγείων</span> <span class='ocrx_word' id='word_1_622' title='bbox 1549 1367 1618 1401; x_wconf 85' lang='grc' dir='ltr'>τῶν</span> <span class='ocrx_word' id='word_1_623' title='bbox 1653 1365 1788 1414; x_wconf 87' lang='grc' dir='ltr'>σαθρῶν</span> <span class='ocrx_word' id='word_1_624' title='bbox 1808 1378 1815 1385; x_wconf 94' lang='grc'>·</span> <span class='ocrx_word' id='word_1_625' title='bbox 1844 1362 1919 1399; x_wconf 80' lang='grc' dir='ltr'>ἐπεὶ</span> <span class='ocrx_word' id='word_1_626' title='bbox 1945 1360 2034 1398; x_wconf 81' lang='grc' dir='ltr'>οὕτω</span> <span class='ocrx_word' id='word_1_627' title='bbox 2069 1361 2297 1410; x_wconf 85' lang='grc' dir='ltr'>δοκιμάζουσι</span> 
     </span>
     <span class='ocr_line' id='line_1_76' title="bbox 1278 1419 2294 1476; baseline -0.006 -15"><span class='ocrx_word' id='word_1_628' title='bbox 1278 1423 1529 1476; x_wconf 84' lang='grc' dir='ltr'>διακρούοντες.</span> <span class='ocrx_word' id='word_1_629' title='bbox 1548 1421 1637 1464; x_wconf 79' lang='grc' dir='ltr'>τινὲς</span> <span class='ocrx_word' id='word_1_630' title='bbox 1652 1421 1684 1458; x_wconf 69' lang='grc' dir='ltr'>δὲ</span> <span class='ocrx_word' id='word_1_631' title='bbox 1704 1423 1744 1459; x_wconf 81' lang='grc' dir='ltr'>ἐκ</span> <span class='ocrx_word' id='word_1_632' title='bbox 1762 1426 1957 1473; x_wconf 83' lang='grc' dir='ltr'>μεταφορᾶς</span> <span class='ocrx_word' id='word_1_633' title='bbox 1971 1422 2039 1456; x_wconf 86' lang='grc' dir='ltr'>τῶν</span> <span class='ocrx_word' id='word_1_634' title='bbox 2057 1419 2294 1469; x_wconf 84' lang='grc' dir='ltr'>νομισμάτων.</span> 
     </span>
     <span class='ocr_line' id='line_1_77' title="bbox 1278 1476 2296 1534; baseline -0.007 -14"><span class='ocrx_word' id='word_1_635' title='bbox 1278 1482 1380 1534; x_wconf 82' lang='grc' dir='ltr'>(τινὲς</span> <span class='ocrx_word' id='word_1_636' title='bbox 1401 1481 1712 1531; x_wconf 78' lang='grc' dir='ltr'>δὲ-νομισμάτων</span> <span class='ocrx_word' id='word_1_637' title='bbox 1736 1493 1812 1516; x_wconf 88' lang='lat' dir='ltr'>om.</span> <span class='ocrx_word' id='word_1_638' title='bbox 1834 1480 1881 1517; x_wconf 92' lang='grc' dir='ltr'>Θ.</span> <span class='ocrx_word' id='word_1_639' title='bbox 1906 1483 1960 1515; x_wconf 90' lang='grc' dir='ltr'>Μ.</span> <span class='ocrx_word' id='word_1_640' title='bbox 1985 1478 2103 1515; x_wconf 85' lang='lat' dir='ltr'>Addit</span> <span class='ocrx_word' id='word_1_641' title='bbox 2123 1481 2217 1527; x_wconf 82' lang='lat' dir='ltr'><strong>Reg.</strong></span> <span class='ocrx_word' id='word_1_642' title='bbox 2238 1476 2296 1514; x_wconf 80' lang='grc' dir='ltr'>καὶ</span> 
     </span>
     <span class='ocr_line' id='line_1_78' title="bbox 1277 1534 2296 1592; baseline -0.008 -14"><span class='ocrx_word' id='word_1_643' title='bbox 1277 1545 1388 1578; x_wconf 74' lang='grc' dir='ltr'>ταῦτα</span> <span class='ocrx_word' id='word_1_644' title='bbox 1405 1540 1471 1592; x_wconf 85' lang='grc' dir='ltr'>γὰρ</span> <span class='ocrx_word' id='word_1_645' title='bbox 1489 1541 1519 1577; x_wconf 82' lang='grc' dir='ltr'>οἳ</span> <span class='ocrx_word' id='word_1_646' title='bbox 1540 1538 1731 1590; x_wconf 66' lang='grc' dir='ltr'>παχύτεροι</span> <span class='ocrx_word' id='word_1_647' title='bbox 1746 1537 1802 1574; x_wconf 79' lang='grc' dir='ltr'>διὰ</span> <span class='ocrx_word' id='word_1_648' title='bbox 1818 1540 1878 1574; x_wconf 75' lang='grc' dir='ltr'>τοῦ</span> <span class='ocrx_word' id='word_1_649' title='bbox 1895 1535 1983 1587; x_wconf 77' lang='grc' dir='ltr'>ἤχου</span> <span class='ocrx_word' id='word_1_650' title='bbox 2011 1535 2268 1585; x_wconf 83' lang='grc' dir='ltr'>δοκιμάζουσιν.</span> <span class='ocrx_word' id='word_1_651' title='bbox 2284 1534 2296 1583; x_wconf 87' lang='grc'>)</span> 
     </span>
     <span class='ocr_line' id='line_1_79' title="bbox 1278 1592 2298 1649; baseline -0.007 -12"><span class='ocrx_word' id='word_1_652' title='bbox 1278 1599 1365 1641; x_wconf 79' lang='grc' dir='ltr'>τινὲς</span> <span class='ocrx_word' id='word_1_653' title='bbox 1382 1598 1416 1636; x_wconf 80' lang='grc' dir='ltr'>δὲ</span> <span class='ocrx_word' id='word_1_654' title='bbox 1433 1598 1502 1636; x_wconf 81' lang='grc' dir='ltr'>ἀπὸ</span> <span class='ocrx_word' id='word_1_655' title='bbox 1519 1600 1586 1635; x_wconf 91' lang='grc' dir='ltr'>τῶν</span> <span class='ocrx_word' id='word_1_656' title='bbox 1605 1596 1780 1649; x_wconf 81' lang='grc' dir='ltr'>φυλάκων,</span> <span class='ocrx_word' id='word_1_657' title='bbox 1801 1594 2000 1645; x_wconf 78' lang='grc' dir='ltr'>Δημήτριος</span> <span class='ocrx_word' id='word_1_658' title='bbox 2017 1593 2083 1646; x_wconf 90' lang='grc' dir='ltr'>γάρ</span> <span class='ocrx_word' id='word_1_659' title='bbox 2101 1592 2152 1643; x_wconf 74' lang='grc' dir='ltr'>(δέ</span> <span class='ocrx_word' id='word_1_660' title='bbox 2166 1594 2211 1632; x_wconf 93' lang='grc' dir='ltr'>Θ.</span> <span class='ocrx_word' id='word_1_661' title='bbox 2227 1594 2298 1643; x_wconf 92' lang='grc' dir='ltr'>Μ.)</span> 
     </span>
     <span class='ocr_line' id='line_1_80' title="bbox 1279 1650 2298 1710; baseline -0.008 -15"><span class='ocrx_word' id='word_1_662' title='bbox 1279 1673 1382 1710; x_wconf 78' lang='grc' dir='ltr'>φησιν</span> <span class='ocrx_word' id='word_1_663' title='bbox 1409 1656 1462 1694; x_wconf 75' lang='grc' dir='ltr'>ὅτι</span> <span class='ocrx_word' id='word_1_664' title='bbox 1478 1655 1569 1694; x_wconf 79' lang='grc' dir='ltr'>κατὰ</span> <span class='ocrx_word' id='word_1_665' title='bbox 1587 1654 1648 1697; x_wconf 71' lang='grc' dir='ltr'>τὰς</span> <span class='ocrx_word' id='word_1_666' title='bbox 1667 1653 1823 1706; x_wconf 78' lang='grc' dir='ltr'>φυλακὰς</span> <span class='ocrx_word' id='word_1_667' title='bbox 1842 1655 1871 1690; x_wconf 87' lang='grc' dir='ltr'>εἷ</span> <span class='ocrx_word' id='word_1_668' title='bbox 1900 1651 2133 1704; x_wconf 82' lang='grc' dir='ltr'>ἐγρηγόρασι,</span> <span class='ocrx_word' id='word_1_669' title='bbox 2159 1650 2298 1688; x_wconf 82' lang='grc' dir='ltr'>κώδωσι</span> 
     </span>
     <span class='ocr_line' id='line_1_81' title="bbox 1280 1708 2298 1766; baseline -0.008 -13"><span class='ocrx_word' id='word_1_670' title='bbox 1280 1713 1500 1766; x_wconf 79' lang='grc' dir='ltr'>διεσήμαινον</span> <span class='ocrx_word' id='word_1_671' title='bbox 1516 1713 1688 1765; x_wconf 82' lang='grc' dir='ltr'>(κώδωσιν</span> <span class='ocrx_word' id='word_1_672' title='bbox 1706 1711 1895 1760; x_wconf 72' lang='grc' dir='ltr'>ἐσήμαινον</span> <span class='ocrx_word' id='word_1_673' title='bbox 1914 1714 2000 1759; x_wconf 86' lang='grc' dir='ltr'>Μ.),</span> <span class='ocrx_word' id='word_1_674' title='bbox 2020 1709 2112 1751; x_wconf 75' lang='grc' dir='ltr'>ὅπως</span> <span class='ocrx_word' id='word_1_675' title='bbox 2129 1708 2170 1746; x_wconf 83' lang='grc' dir='ltr'>ἂν</span> <span class='ocrx_word' id='word_1_676' title='bbox 2192 1708 2298 1762; x_wconf 76' lang='grc' dir='ltr'>φθέγ-</span> 
     </span>
     <span class='ocr_line' id='line_1_82' title="bbox 1278 1766 2296 1825; baseline -0.008 -14"><span class='ocrx_word' id='word_1_677' title='bbox 1278 1789 1408 1824; x_wconf 86' lang='grc' dir='ltr'>γωνται</span> <span class='ocrx_word' id='word_1_678' title='bbox 1429 1772 1632 1825; x_wconf 79' lang='grc' dir='ltr'>(φθέγγηται</span> <span class='ocrx_word' id='word_1_679' title='bbox 1648 1772 1733 1818; x_wconf 88' lang='grc' dir='ltr'>Μ.).</span> <span class='ocrx_word' id='word_1_680' title='bbox 1759 1769 1891 1819; x_wconf 81' lang='grc' dir='ltr'>βέλτιον</span> <span class='ocrx_word' id='word_1_681' title='bbox 1910 1767 1945 1805; x_wconf 78' lang='grc' dir='ltr'>δὲ</span> <span class='ocrx_word' id='word_1_682' title='bbox 1962 1768 2001 1804; x_wconf 82' lang='grc' dir='ltr'>τὸ</span> <span class='ocrx_word' id='word_1_683' title='bbox 2021 1766 2078 1804; x_wconf 81' lang='grc' dir='ltr'>ἐπὶ</span> <span class='ocrx_word' id='word_1_684' title='bbox 2095 1769 2162 1804; x_wconf 90' lang='grc' dir='ltr'>τῶν</span> <span class='ocrx_word' id='word_1_685' title='bbox 2179 1766 2296 1804; x_wconf 81' lang='grc' dir='ltr'>ἵππων</span> 
     </span>
     <span class='ocr_line' id='line_1_83' title="bbox 1278 1824 2299 1881; baseline -0.007 -12"><span class='ocrx_word' id='word_1_686' title='bbox 1278 1832 1337 1869; x_wconf 87' lang='grc' dir='ltr'>καὶ</span> <span class='ocrx_word' id='word_1_687' title='bbox 1354 1833 1422 1869; x_wconf 88' lang='grc' dir='ltr'>τῶν</span> <span class='ocrx_word' id='word_1_688' title='bbox 1446 1830 1607 1881; x_wconf 82' lang='grc' dir='ltr'>ἀγγείων.</span> <span class='ocrx_word' id='word_1_689' title='bbox 1633 1828 1678 1866; x_wconf 80' lang='grc' dir='ltr'>τὰ</span> <span class='ocrx_word' id='word_1_690' title='bbox 1693 1828 1728 1865; x_wconf 81' lang='grc' dir='ltr'>δὲ</span> <span class='ocrx_word' id='word_1_691' title='bbox 1744 1828 1834 1864; x_wconf 71' lang='grc' dir='ltr'>ἄλλα</span> <span class='ocrx_word' id='word_1_692' title='bbox 1855 1824 1975 1876; x_wconf 75' lang='grc' dir='ltr'>(λοιπὰ</span> <span class='ocrx_word' id='word_1_693' title='bbox 1993 1826 2054 1875; x_wconf 90' lang='grc' dir='ltr'>Θ.)</span> <span class='ocrx_word' id='word_1_694' title='bbox 2075 1825 2299 1876; x_wconf 44' lang='grc' dir='ltr'>ἐσήεδίασται</span> 
     </span>
     <span class='ocr_line' id='line_1_84' title="bbox 1278 1883 2299 1936; baseline -0.01 -8"><span class='ocrx_word' id='word_1_695' title='bbox 1278 1892 1326 1928; x_wconf 88' lang='grc' dir='ltr'>Θ.</span> <span class='ocrx_word' id='word_1_696' title='bbox 1349 1894 1402 1926; x_wconf 91' lang='grc' dir='ltr'>Μ.</span> <span class='ocrx_word' id='word_1_697' title='bbox 1425 1889 1510 1928; x_wconf 90' lang='lat' dir='ltr'><strong>Ald.</strong></span> <span class='ocrx_word' id='word_1_698' title='bbox 1530 1909 1583 1917; x_wconf 87' lang='lat'>—-·</span> <span class='ocrx_word' id='word_1_699' title='bbox 1609 1901 1651 1934; x_wconf 94' lang='lat'>17</span> <span class='ocrx_word' id='word_1_700' title='bbox 1676 1900 1732 1936; x_wconf 85' lang='lat' dir='ltr'>sq.</span> <span class='ocrx_word' id='word_1_701' title='bbox 1757 1887 1788 1922; x_wconf 81' lang='grc' dir='ltr'>οἱ</span> <span class='ocrx_word' id='word_1_702' title='bbox 1814 1883 2057 1935; x_wconf 74' lang='grc' dir='ltr'>γὰρ-μάχην</span> <span class='ocrx_word' id='word_1_703' title='bbox 2078 1883 2299 1920; x_wconf 82' lang='lat' dir='ltr'>Dindorfius</span> 
     </span>
     <span class='ocr_line' id='line_1_85' title="bbox 1279 1942 2298 1997; baseline -0.008 -11"><span class='ocrx_word' id='word_1_704' title='bbox 1279 1949 1428 1986; x_wconf 85' lang='lat' dir='ltr'>addidit</span> <span class='ocrx_word' id='word_1_705' title='bbox 1445 1962 1491 1986; x_wconf 87' lang='lat' dir='ltr'>ex</span> <span class='ocrx_word' id='word_1_706' title='bbox 1521 1947 1648 1986; x_wconf 90' lang='lat' dir='ltr'><strong>Suida.</strong></span> <span class='ocrx_word' id='word_1_707' title='bbox 1672 1967 1720 1974; x_wconf 94' lang='lat'>—</span> <span class='ocrx_word' id='word_1_708' title='bbox 1741 1958 1788 1982; x_wconf 86' lang='lat'>20</span> <span class='ocrx_word' id='word_1_709' title='bbox 1819 1945 1982 1997; x_wconf 70' lang='grc' dir='ltr'>φυλακῶν</span> <span class='ocrx_word' id='word_1_710' title='bbox 2010 1942 2158 1979; x_wconf 78' lang='lat' dir='ltr'><strong>Suidas.</strong></span> <span class='ocrx_word' id='word_1_711' title='bbox 2188 1942 2298 1980; x_wconf 84' lang='lat' dir='ltr'>Libri</span> 
     </span>
     <span class='ocr_line' id='line_1_86' title="bbox 1279 2001 2298 2060; baseline -0.009 -15"><span class='ocrx_word' id='word_1_712' title='bbox 1279 2006 1454 2060; x_wconf 77' lang='grc' dir='ltr'>φυλάκων.</span> <span class='ocrx_word' id='word_1_713' title='bbox 1471 2034 1523 2040; x_wconf 88' lang='grc'>-</span> <span class='ocrx_word' id='word_1_714' title='bbox 1541 2019 1587 2042; x_wconf 85' lang='grc'>21</span> <span class='ocrx_word' id='word_1_715' title='bbox 1617 2003 1660 2042; x_wconf 80' lang='grc' dir='ltr'>τὰ</span> <span class='ocrx_word' id='word_1_716' title='bbox 1691 2002 1726 2041; x_wconf 82' lang='grc' dir='ltr'>δὲ</span> <span class='ocrx_word' id='word_1_717' title='bbox 1757 2002 1847 2040; x_wconf 84' lang='grc' dir='ltr'>ἄλλα</span> <span class='ocrx_word' id='word_1_718' title='bbox 1875 2001 2117 2053; x_wconf 79' lang='grc' dir='ltr'>ἐσχεδίασται,</span> <span class='ocrx_word' id='word_1_719' title='bbox 2145 2001 2186 2037; x_wconf 89' lang='lat' dir='ltr'>id</span> <span class='ocrx_word' id='word_1_720' title='bbox 2217 2009 2298 2043; x_wconf 82' lang='lat' dir='ltr'>est,</span> 
     </span>
     <span class='ocr_line' id='line_1_87' title="bbox 1279 2061 2297 2114; baseline -0.009 -12"><span class='ocrx_word' id='word_1_721' title='bbox 1279 2069 1420 2114; x_wconf 79' lang='lat' dir='ltr'>reliqua</span> <span class='ocrx_word' id='word_1_722' title='bbox 1439 2079 1528 2101; x_wconf 81' lang='lat' dir='ltr'>vero</span> <span class='ocrx_word' id='word_1_723' title='bbox 1548 2073 1635 2099; x_wconf 80' lang='lat' dir='ltr'>sunt</span> <span class='ocrx_word' id='word_1_724' title='bbox 1639 2062 1751 2109; x_wconf 81' lang='lat' dir='ltr'>salsa</span> <span class='ocrx_word' id='word_1_725' title='bbox 1777 2061 1862 2111; x_wconf 82' lang='lat' dir='ltr'>(vel</span> <span class='ocrx_word' id='word_1_726' title='bbox 1871 2062 1968 2108; x_wconf 80' lang='lat' dir='ltr'>ficta</span> <span class='ocrx_word' id='word_1_727' title='bbox 1978 2088 1990 2104; x_wconf 88' lang='lat'><em>,</em></span> <span class='ocrx_word' id='word_1_728' title='bbox 2028 2069 2065 2095; x_wconf 83' lang='lat' dir='ltr'>et</span> <span class='ocrx_word' id='word_1_729' title='bbox 2092 2063 2297 2094; x_wconf 79' lang='lat' dir='ltr'>commenti-</span> 
     </span>
     <span class='ocr_line' id='line_1_88' title="bbox 1279 2116 2296 2173; baseline -0.008 -13"><span class='ocrx_word' id='word_1_730' title='bbox 1279 2124 1357 2173; x_wconf 75' lang='lat' dir='ltr'><strong>tia).</strong></span> <span class='ocrx_word' id='word_1_731' title='bbox 1378 2127 1460 2160; x_wconf 89' lang='lat' dir='ltr'>Hoc</span> <span class='ocrx_word' id='word_1_732' title='bbox 1478 2122 1579 2159; x_wconf 88' lang='lat' dir='ltr'>enim</span> <span class='ocrx_word' id='word_1_733' title='bbox 1597 2133 1707 2158; x_wconf 86' lang='lat' dir='ltr'>sensu</span> <span class='ocrx_word' id='word_1_734' title='bbox 1730 2118 1971 2170; x_wconf 57' lang='lat' dir='ltr'>qeffioijfioet</span> <span class='ocrx_word' id='word_1_735' title='bbox 1998 2117 2100 2167; x_wconf 82' lang='lat' dir='ltr'>apud</span> <span class='ocrx_word' id='word_1_736' title='bbox 2133 2116 2296 2153; x_wconf 85' lang='lat' dir='ltr'>scholia-</span> 
     </span>
     <span class='ocr_line' id='line_1_89' title="bbox 1279 2174 2297 2227; baseline -0.01 -10"><span class='ocrx_word' id='word_1_737' title='bbox 1279 2190 1354 2217; x_wconf 80' lang='lat' dir='ltr'>stas</span> <span class='ocrx_word' id='word_1_738' title='bbox 1372 2179 1563 2216; x_wconf 80' lang='lat' dir='ltr'>interdum</span> <span class='ocrx_word' id='word_1_739' title='bbox 1584 2177 1787 2227; x_wconf 82' lang='lat' dir='ltr'>accipitur.</span> <span class='ocrx_word' id='word_1_740' title='bbox 1810 2176 1872 2213; x_wconf 79' lang='lat' dir='ltr'>Sic</span> <span class='ocrx_word' id='word_1_741' title='bbox 1895 2174 1941 2210; x_wconf 88' lang='lat' dir='ltr'>ad</span> <span class='ocrx_word' id='word_1_742' title='bbox 1968 2177 2082 2222; x_wconf 62' lang='lat' dir='ltr'><strong>Vesp.</strong></span> <span class='ocrx_word' id='word_1_743' title='bbox 2112 2187 2149 2209; x_wconf 81' lang='lat' dir='ltr'>v,</span> <span class='ocrx_word' id='word_1_744' title='bbox 2179 2175 2297 2220; x_wconf 77' lang='lat'>1169,</span> 
     </span>
     <span class='ocr_line' id='line_1_90' title="bbox 1279 2230 2300 2287; baseline -0.01 -12"><span class='ocrx_word' id='word_1_745' title='bbox 1279 2240 1308 2276; x_wconf 84' lang='grc' dir='ltr'>εἷ</span> <span class='ocrx_word' id='word_1_746' title='bbox 1324 2238 1359 2274; x_wconf 81' lang='grc' dir='ltr'>δὲ</span> <span class='ocrx_word' id='word_1_747' title='bbox 1377 2237 1425 2287; x_wconf 82' lang='grc' dir='ltr'>μὴ</span> <span class='ocrx_word' id='word_1_748' title='bbox 1442 2236 1666 2287; x_wconf 73' lang='grc' dir='ltr'>ἐσχεδίασται</span> <span class='ocrx_word' id='word_1_749' title='bbox 1684 2233 1723 2271; x_wconf 80' lang='grc' dir='ltr'>τὸ</span> <span class='ocrx_word' id='word_1_750' title='bbox 1743 2231 1993 2270; x_wconf 87' lang='grc' dir='ltr'>διαλακώνισον</span> <span class='ocrx_word' id='word_1_751' title='bbox 2005 2259 2013 2275; x_wconf 83' lang='grc'><strong>,</strong></span> <span class='ocrx_word' id='word_1_752' title='bbox 2033 2236 2103 2267; x_wconf 76' lang='lat' dir='ltr'>nisi</span> <span class='ocrx_word' id='word_1_753' title='bbox 2124 2230 2300 2267; x_wconf 80' lang='grc' dir='ltr'>διαλακώ-</span> 
     </span>
     <span class='ocr_line' id='line_1_91' title="bbox 1279 2286 2299 2342; baseline -0.008 -10"><span class='ocrx_word' id='word_1_754' title='bbox 1279 2311 1372 2333; x_wconf 89' lang='grc' dir='ltr'>νισον</span> <span class='ocrx_word' id='word_1_755' title='bbox 1392 2305 1448 2331; x_wconf 80' lang='lat' dir='ltr'>est</span> <span class='ocrx_word' id='word_1_756' title='bbox 1468 2296 1659 2342; x_wconf 71' lang='lat' dir='ltr'><strong>voxficta.</strong></span> <span class='ocrx_word' id='word_1_757' title='bbox 1679 2296 1726 2329; x_wconf 88' lang='lat' dir='ltr'>Et</span> <span class='ocrx_word' id='word_1_758' title='bbox 1750 2291 1797 2328; x_wconf 86' lang='lat' dir='ltr'>ad</span> <span class='ocrx_word' id='word_1_759' title='bbox 1815 2290 1919 2328; x_wconf 84' lang='lat' dir='ltr'><strong>Nub.</strong></span> <span class='ocrx_word' id='word_1_760' title='bbox 1945 2304 1979 2326; x_wconf 78' lang='lat' dir='ltr'>V.</span> <span class='ocrx_word' id='word_1_761' title='bbox 2000 2291 2096 2338; x_wconf 81' lang='lat'><strong>967,</strong></span> <span class='ocrx_word' id='word_1_762' title='bbox 2122 2292 2234 2326; x_wconf 79' lang='grc' dir='ltr'>ταῦτα</span> <span class='ocrx_word' id='word_1_763' title='bbox 2263 2286 2299 2324; x_wconf 80' lang='grc' dir='ltr'>δὲ</span> 
     </span>
     <span class='ocr_line' id='line_1_92' title="bbox 1280 2345 2299 2405; baseline -0.009 -14"><span class='ocrx_word' id='word_1_764' title='bbox 1280 2353 1464 2405; x_wconf 76' lang='grc' dir='ltr'>σχεδιάσαι</span> <span class='ocrx_word' id='word_1_765' title='bbox 1484 2351 1585 2389; x_wconf 81' lang='grc' dir='ltr'>ἔοικε.</span> <span class='ocrx_word' id='word_1_766' title='bbox 1607 2356 1654 2389; x_wconf 90' lang='lat' dir='ltr'>Et</span> <span class='ocrx_word' id='word_1_767' title='bbox 1673 2351 1720 2387; x_wconf 83' lang='lat' dir='ltr'>ad</span> <span class='ocrx_word' id='word_1_768' title='bbox 1746 2353 1846 2386; x_wconf 77' lang='lat' dir='ltr'>Aves</span> <span class='ocrx_word' id='word_1_769' title='bbox 1865 2363 1900 2385; x_wconf 75' lang='lat' dir='ltr'>V.</span> <span class='ocrx_word' id='word_1_770' title='bbox 1922 2349 1995 2394; x_wconf 84' lang='grc'>873</span> <span class='ocrx_word' id='word_1_771' title='bbox 2010 2377 2019 2394; x_wconf 88' lang='grc'><strong>,</strong></span> <span class='ocrx_word' id='word_1_772' title='bbox 2043 2350 2144 2383; x_wconf 77' lang='grc' dir='ltr'>τοῦτο</span> <span class='ocrx_word' id='word_1_773' title='bbox 2167 2345 2202 2384; x_wconf 83' lang='grc' dir='ltr'>δὲ</span> <span class='ocrx_word' id='word_1_774' title='bbox 2226 2346 2299 2396; x_wconf 76' lang='grc' dir='ltr'>μή-</span> 
     </span>
     <span class='ocr_line' id='line_1_93' title="bbox 1279 2403 2298 2462; baseline -0.01 -12"><span class='ocrx_word' id='word_1_775' title='bbox 1279 2427 1363 2450; x_wconf 87' lang='grc' dir='ltr'>ποτε</span> <span class='ocrx_word' id='word_1_776' title='bbox 1397 2411 1623 2462; x_wconf 74' lang='grc' dir='ltr'>ἐσχεδίασται</span> <span class='ocrx_word' id='word_1_777' title='bbox 1650 2408 1721 2460; x_wconf 86' lang='lat' dir='ltr'>(Et</span> <span class='ocrx_word' id='word_1_778' title='bbox 1741 2408 1793 2444; x_wconf 89' lang='lat' dir='ltr'>ib.</span> <span class='ocrx_word' id='word_1_779' title='bbox 1809 2407 1883 2453; x_wconf 86' lang='lat'>557</span> <span class='ocrx_word' id='word_1_780' title='bbox 1898 2436 1908 2453; x_wconf 90' lang='lat'>‚</span> <span class='ocrx_word' id='word_1_781' title='bbox 1936 2404 2158 2457; x_wconf 80' lang='grc' dir='ltr'>ἐσχεδίασται</span> <span class='ocrx_word' id='word_1_782' title='bbox 2184 2403 2221 2441; x_wconf 79' lang='grc' dir='ltr'>δὲ</span> <span class='ocrx_word' id='word_1_783' title='bbox 2240 2404 2298 2441; x_wconf 78' lang='grc' dir='ltr'>ὑπ’</span> 
     </span>
     <span class='ocr_line' id='line_1_94' title="bbox 1279 2463 2298 2518; baseline -0.01 -11"><span class='ocrx_word' id='word_1_784' title='bbox 1279 2468 1522 2518; x_wconf 61' lang='lat' dir='ltr'><strong>asszffiv.)Vide</strong></span> <span class='ocrx_word' id='word_1_785' title='bbox 1537 2475 1719 2517; x_wconf 81' lang='lat' dir='ltr'>praeterea</span> <span class='ocrx_word' id='word_1_786' title='bbox 1732 2465 1956 2502; x_wconf 84' lang='lat' dir='ltr'>scholiasten</span> <span class='ocrx_word' id='word_1_787' title='bbox 1968 2463 2065 2500; x_wconf 81' lang='lat' dir='ltr'>infra</span> <span class='ocrx_word' id='word_1_788' title='bbox 2079 2463 2126 2499; x_wconf 87' lang='lat' dir='ltr'>ad</span> <span class='ocrx_word' id='word_1_789' title='bbox 2138 2476 2175 2498; x_wconf 80' lang='lat' dir='ltr'>v.</span> <span class='ocrx_word' id='word_1_790' title='bbox 2188 2467 2298 2507; x_wconf 86' lang='lat'>1400,</span> 
     </span>
     <span class='ocr_line' id='line_1_95' title="bbox 1279 2520 2300 2577; baseline -0.011 -10"><span class='ocrx_word' id='word_1_791' title='bbox 1279 2528 1514 2577; x_wconf 78' lang='lat' dir='ltr'>Hesychium</span> <span class='ocrx_word' id='word_1_792' title='bbox 1532 2539 1569 2562; x_wconf 85' lang='lat' dir='ltr'>v.</span> <span class='ocrx_word' id='word_1_793' title='bbox 1593 2524 1808 2570; x_wconf 85' lang='grc' dir='ltr'>Πιτανάτης.</span> <span class='ocrx_word' id='word_1_794' title='bbox 1827 2524 2057 2561; x_wconf 55' lang='lat' dir='ltr'>Romu—23</span> <span class='ocrx_word' id='word_1_795' title='bbox 2079 2535 2160 2572; x_wconf 86' lang='lat' dir='ltr'><strong>sqq.</strong></span> <span class='ocrx_word' id='word_1_796' title='bbox 2184 2520 2300 2558; x_wconf 83' lang='grc' dir='ltr'>δύναν-</span> 
     </span>
     <span class='ocr_line' id='line_1_96' title="bbox 1278 2578 2300 2635; baseline -0.008 -12"><span class='ocrx_word' id='word_1_797' title='bbox 1278 2601 1347 2623; x_wconf 85' lang='grc' dir='ltr'>ται.</span> <span class='ocrx_word' id='word_1_798' title='bbox 1369 2584 1407 2623; x_wconf 85' lang='grc' dir='ltr'>τὸ</span> <span class='ocrx_word' id='word_1_799' title='bbox 1425 2583 1461 2621; x_wconf 82' lang='grc' dir='ltr'>δὲ</span> <span class='ocrx_word' id='word_1_800' title='bbox 1482 2582 1559 2625; x_wconf 75' lang='grc' dir='ltr'>τοὺς</span> <span class='ocrx_word' id='word_1_801' title='bbox 1592 2581 1748 2635; x_wconf 83' lang='grc' dir='ltr'>φύλακας</span> <span class='ocrx_word' id='word_1_802' title='bbox 1779 2579 2004 2633; x_wconf 77' lang='grc' dir='ltr'>ἐγρηγορέναι</span> <span class='ocrx_word' id='word_1_803' title='bbox 2023 2578 2161 2617; x_wconf 85' lang='grc' dir='ltr'>κώδωσι</span> <span class='ocrx_word' id='word_1_804' title='bbox 2182 2578 2300 2623; x_wconf 75' lang='grc' dir='ltr'>διεσή-</span> 
     </span>
     <span class='ocr_line' id='line_1_97' title="bbox 1281 2637 2299 2695; baseline -0.007 -14"><span class='ocrx_word' id='word_1_805' title='bbox 1281 2659 1402 2695; x_wconf 91' lang='grc' dir='ltr'>μαινον</span> <span class='ocrx_word' id='word_1_806' title='bbox 1419 2673 1428 2690; x_wconf 86' lang='grc'><strong>,</strong></span> <span class='ocrx_word' id='word_1_807' title='bbox 1449 2641 1542 2684; x_wconf 76' lang='grc' dir='ltr'>ὅπως</span> <span class='ocrx_word' id='word_1_808' title='bbox 1561 2640 1857 2692; x_wconf 80' lang='grc' dir='ltr'>ἀντιφθέγγωνται</span> <span class='ocrx_word' id='word_1_809' title='bbox 1876 2639 2024 2678; x_wconf 86' lang='lat' dir='ltr'><strong>Suidas.</strong></span> <span class='ocrx_word' id='word_1_810' title='bbox 2044 2661 2096 2667; x_wconf 89' lang='lat'>—-</span> <span class='ocrx_word' id='word_1_811' title='bbox 2118 2644 2164 2682; x_wconf 82' lang='grc'>24</span> <span class='ocrx_word' id='word_1_812' title='bbox 2186 2638 2244 2675; x_wconf 79' lang='grc' dir='ltr'>καὶ</span> <span class='ocrx_word' id='word_1_813' title='bbox 2261 2637 2299 2674; x_wconf 82' lang='grc' dir='ltr'>τὸ</span> 
     </span>
     <span class='ocr_line' id='line_1_98' title="bbox 1280 2700 1432 2740; baseline -0.02 0"><span class='ocrx_word' id='word_1_814' title='bbox 1280 2700 1369 2740; x_wconf 81' lang='grc' dir='ltr'>κατὰ</span> <span class='ocrx_word' id='word_1_815' title='bbox 1385 2706 1432 2738; x_wconf 82' lang='lat' dir='ltr'>V.</span> 
     </span>
    </p>

    <p class='ocr_par' dir='ltr' id='par_1_10' title="bbox 1280 2751 2295 2868">
     <span class='ocr_line' id='line_1_99' title="bbox 1335 2751 2295 2807; baseline -0.008 -11"><span class='ocrx_word' id='word_1_816' title='bbox 1335 2762 1398 2807; x_wconf 82' lang='lat'>82,</span> <span class='ocrx_word' id='word_1_817' title='bbox 1423 2759 1470 2795; x_wconf 91' lang='grc'>28</span> <span class='ocrx_word' id='word_1_818' title='bbox 1492 2756 1657 2799; x_wconf 81' lang='grc' dir='ltr'>ἁπλοϊκός</span> <span class='ocrx_word' id='word_1_819' title='bbox 1676 2772 1726 2799; x_wconf 87' lang='grc' dir='ltr'>τις</span> <span class='ocrx_word' id='word_1_820' title='bbox 1748 2755 1807 2793; x_wconf 85' lang='grc' dir='ltr'>καὶ</span> <span class='ocrx_word' id='word_1_821' title='bbox 1830 2759 1877 2792; x_wconf 91' lang='lat' dir='ltr'>V.</span> <span class='ocrx_word' id='word_1_822' title='bbox 1904 2763 1940 2791; x_wconf 87' lang='lat' dir='ltr'>et</span> <span class='ocrx_word' id='word_1_823' title='bbox 1958 2754 2024 2805; x_wconf 81' lang='grc' dir='ltr'>γὰρ</span> <span class='ocrx_word' id='word_1_824' title='bbox 2042 2767 2112 2804; x_wconf 83' lang='lat' dir='ltr'>pro</span> <span class='ocrx_word' id='word_1_825' title='bbox 2134 2751 2183 2790; x_wconf 82' lang='grc' dir='ltr'>δὲ.</span> <span class='ocrx_word' id='word_1_826' title='bbox 2200 2756 2295 2801; x_wconf 84' lang='lat' dir='ltr'><strong>Reg.</strong></span> 
     </span>
     <span class='ocr_line' id='line_1_100' title="bbox 1280 2815 1679 2868; baseline -0.013 -12"><span class='ocrx_word' id='word_1_827' title='bbox 1280 2817 1444 2862; x_wconf 82' lang='grc' dir='ltr'>ἁπλοϊκὸς</span> <span class='ocrx_word' id='word_1_828' title='bbox 1461 2817 1520 2854; x_wconf 81' lang='grc' dir='ltr'>καὶ</span> <span class='ocrx_word' id='word_1_829' title='bbox 1539 2815 1679 2868; x_wconf 73' lang='grc' dir='ltr'>ἀφελής.</span> 
     </span>
    </p>

    <p class='ocr_par' dir='ltr' id='par_1_11' title="bbox 1278 2870 2299 3394">
     <span class='ocr_line' id='line_1_101' title="bbox 1335 2870 2296 2927; baseline -0.009 -14"><span class='ocrx_word' id='word_1_830' title='bbox 1335 2879 1397 2924; x_wconf 80' lang='lat'>83,</span> <span class='ocrx_word' id='word_1_831' title='bbox 1420 2878 1468 2912; x_wconf 89' lang='grc' dir='ltr'>3ο</span> <span class='ocrx_word' id='word_1_832' title='bbox 1482 2874 1644 2927; x_wconf 84' lang='grc' dir='ltr'>τραγικὸς</span> <span class='ocrx_word' id='word_1_833' title='bbox 1659 2889 1696 2911; x_wconf 90' lang='grc' dir='ltr'>π.</span> <span class='ocrx_word' id='word_1_834' title='bbox 1713 2873 1796 2911; x_wconf 89' lang='lat' dir='ltr'><strong>Ald.</strong></span> <span class='ocrx_word' id='word_1_835' title='bbox 1815 2872 1998 2911; x_wconf 85' lang='lat' dir='ltr'>Scholion</span> <span class='ocrx_word' id='word_1_836' title='bbox 2018 2883 2095 2907; x_wconf 90' lang='lat' dir='ltr'>om.</span> <span class='ocrx_word' id='word_1_837' title='bbox 2119 2870 2166 2907; x_wconf 90' lang='grc' dir='ltr'>Θ.</span> <span class='ocrx_word' id='word_1_838' title='bbox 2190 2872 2296 2905; x_wconf 89' lang='grc' dir='ltr'>Μ.-</span> 
     </span>
     <span class='ocr_line' id='line_1_102' title="bbox 1281 2925 2299 2983; baseline -0.01 -11"><span class='ocrx_word' id='word_1_839' title='bbox 1281 2937 1301 2972; x_wconf 91' lang='grc'>3</span> <span class='ocrx_word' id='word_1_840' title='bbox 1312 2950 1325 2972; x_wconf 89' lang='grc'><strong>1</strong></span> <span class='ocrx_word' id='word_1_841' title='bbox 1339 2932 1552 2983; x_wconf 70' lang='grc' dir='ltr'>Τισαμενου.</span> <span class='ocrx_word' id='word_1_842' title='bbox 1567 2932 1601 2974; x_wconf 81' lang='grc' dir='ltr'>ὃς</span> <span class='ocrx_word' id='word_1_843' title='bbox 1619 2932 1840 2982; x_wconf 82' lang='grc' dir='ltr'>κωμῳδεῖται</span> <span class='ocrx_word' id='word_1_844' title='bbox 1854 2931 1900 2971; x_wconf 85' lang='grc' dir='ltr'>εἷς</span> <span class='ocrx_word' id='word_1_845' title='bbox 1917 2932 1962 2965; x_wconf 90' lang='lat' dir='ltr'>V.</span> <span class='ocrx_word' id='word_1_846' title='bbox 1982 2927 2040 2965; x_wconf 79' lang='grc' dir='ltr'>ἐπὶ</span> <span class='ocrx_word' id='word_1_847' title='bbox 2059 2925 2217 2977; x_wconf 77' lang='grc' dir='ltr'>μαλακίᾳ</span> <span class='ocrx_word' id='word_1_848' title='bbox 2231 2926 2299 2963; x_wconf 84' lang='grc' dir='ltr'>διε-</span> 
     </span>
     <span class='ocr_line' id='line_1_103' title="bbox 1280 2985 2297 3041; baseline -0.009 -11"><span class='ocrx_word' id='word_1_849' title='bbox 1280 2993 1428 3031; x_wconf 72' lang='grc' dir='ltr'>ὅάλλετο</span> <span class='ocrx_word' id='word_1_850' title='bbox 1442 2992 1594 3028; x_wconf 89' lang='lat' dir='ltr'><strong>Ald.—</strong></span> <span class='ocrx_word' id='word_1_851' title='bbox 1616 2992 1664 3026; x_wconf 78' lang='lat'>32</span> <span class='ocrx_word' id='word_1_852' title='bbox 1683 2988 1852 3041; x_wconf 77' lang='grc' dir='ltr'>κωμῳδοῦ</span> <span class='ocrx_word' id='word_1_853' title='bbox 1881 2986 1951 3028; x_wconf 83' lang='grc' dir='ltr'>υἱὸς</span> <span class='ocrx_word' id='word_1_854' title='bbox 1977 2989 2024 3022; x_wconf 92' lang='lat' dir='ltr'>V.</span> <span class='ocrx_word' id='word_1_855' title='bbox 2061 2985 2218 3023; x_wconf 73' lang='lat' dir='ltr'>Cori-exi</span> <span class='ocrx_word' id='word_1_856' title='bbox 2251 2997 2297 3021; x_wconf 83' lang='lat' dir='ltr'>ex</span> 
     </span>
     <span class='ocr_line' id='line_1_104' title="bbox 1280 3042 2297 3098; baseline -0.01 -10"><span class='ocrx_word' id='word_1_857' title='bbox 1280 3050 1398 3089; x_wconf 87' lang='lat' dir='ltr'>Suida</span> <span class='ocrx_word' id='word_1_858' title='bbox 1427 3063 1455 3087; x_wconf 78' lang='lat' dir='ltr'>s.</span> <span class='ocrx_word' id='word_1_859' title='bbox 1482 3047 1655 3098; x_wconf 81' lang='grc' dir='ltr'>Ἀγάθων,</span> <span class='ocrx_word' id='word_1_860' title='bbox 1683 3046 1792 3095; x_wconf 85' lang='lat' dir='ltr'>cujus</span> <span class='ocrx_word' id='word_1_861' title='bbox 1821 3044 1906 3082; x_wconf 87' lang='lat' dir='ltr'><strong>cod.</strong></span> <span class='ocrx_word' id='word_1_862' title='bbox 1931 3043 2046 3080; x_wconf 86' lang='lat' dir='ltr'><strong>Paris.</strong></span> <span class='ocrx_word' id='word_1_863' title='bbox 2064 3042 2297 3095; x_wconf 79' lang='grc' dir='ltr'>Ακωμῳδιο-</span> 
     </span>
     <span class='ocr_line' id='line_1_105' title="bbox 1278 3100 2296 3156; baseline -0.011 -8"><span class='ocrx_word' id='word_1_864' title='bbox 1278 3109 1386 3152; x_wconf 81' lang='grc' dir='ltr'>ποιός.</span> <span class='ocrx_word' id='word_1_865' title='bbox 1412 3112 1530 3146; x_wconf 68' lang='lat' dir='ltr'><strong>Dum.</strong></span> <span class='ocrx_word' id='word_1_866' title='bbox 1562 3103 1770 3156; x_wconf 88' lang='grc' dir='ltr'>Σωκράτους</span> <span class='ocrx_word' id='word_1_867' title='bbox 1798 3103 1945 3141; x_wconf 87' lang='lat' dir='ltr'><strong>Suidas.</strong></span> <span class='ocrx_word' id='word_1_868' title='bbox 1978 3100 2219 3139; x_wconf 85' lang='grc' dir='ltr'>διδασκαλείου</span> <span class='ocrx_word' id='word_1_869' title='bbox 2251 3105 2296 3138; x_wconf 89' lang='lat' dir='ltr'>G.</span> 
     </span>
     <span class='ocr_line' id='line_1_106' title="bbox 1280 3159 2295 3211; baseline -0.011 -5"><span class='ocrx_word' id='word_1_870' title='bbox 1280 3167 1503 3207; x_wconf 82' lang='grc' dir='ltr'>διδασκαλίου</span> <span class='ocrx_word' id='word_1_871' title='bbox 1531 3168 1573 3203; x_wconf 91' lang='lat' dir='ltr'>V.</span> <span class='ocrx_word' id='word_1_872' title='bbox 1603 3162 1811 3201; x_wconf 71' lang='grc' dir='ltr'>διδασκάλου</span> <span class='ocrx_word' id='word_1_873' title='bbox 1832 3162 1947 3211; x_wconf 84' lang='lat' dir='ltr'>vulgo</span> <span class='ocrx_word' id='word_1_874' title='bbox 1973 3160 2076 3210; x_wconf 89' lang='lat' dir='ltr'>apud</span> <span class='ocrx_word' id='word_1_875' title='bbox 2107 3159 2264 3196; x_wconf 87' lang='lat' dir='ltr'>Suidam</span> <span class='ocrx_word' id='word_1_876' title='bbox 2287 3173 2295 3194; x_wconf 90' lang='lat'>:</span> 
     </span>
     <span class='ocr_line' id='line_1_107' title="bbox 1280 3216 2295 3266; baseline -0.013 -1"><span class='ocrx_word' id='word_1_877' title='bbox 1280 3227 1345 3266; x_wconf 87' lang='lat' dir='ltr'>sed</span> <span class='ocrx_word' id='word_1_878' title='bbox 1361 3227 1436 3263; x_wconf 90' lang='lat' dir='ltr'>duo</span> <span class='ocrx_word' id='word_1_879' title='bbox 1449 3223 1559 3262; x_wconf 91' lang='lat' dir='ltr'>codd.</span> <span class='ocrx_word' id='word_1_880' title='bbox 1576 3219 1829 3266; x_wconf 83' lang='grc' dir='ltr'>διδασκαλείου,</span> <span class='ocrx_word' id='word_1_881' title='bbox 1839 3233 1936 3256; x_wconf 81' lang='lat' dir='ltr'>unus</span> <span class='ocrx_word' id='word_1_882' title='bbox 1952 3216 2186 3255; x_wconf 85' lang='grc' dir='ltr'>διδασκαλίου.</span> <span class='ocrx_word' id='word_1_883' title='bbox 2198 3217 2295 3253; x_wconf 89' lang='lat' dir='ltr'>Hinc</span> 
     </span>
     <span class='ocr_line' id='line_1_108' title="bbox 1281 3272 2294 3338; baseline -0.018 -12"><span class='ocrx_word' id='word_1_884' title='bbox 1281 3300 1398 3338; x_wconf 86' lang='lat' dir='ltr'>usque</span> <span class='ocrx_word' id='word_1_885' title='bbox 1419 3285 1465 3322; x_wconf 85' lang='lat' dir='ltr'>ad</span> <span class='ocrx_word' id='word_1_886' title='bbox 1484 3285 1506 3321; x_wconf 95' lang='lat' dir='ltr'>l.</span> <span class='ocrx_word' id='word_1_887' title='bbox 1528 3286 1573 3325; x_wconf 81' lang='grc'>34</span> <span class='ocrx_word' id='word_1_888' title='bbox 1599 3282 1652 3318; x_wconf 87' lang='lat' dir='ltr'>sic</span> <span class='ocrx_word' id='word_1_889' title='bbox 1668 3281 1708 3316; x_wconf 89' lang='lat' dir='ltr'>in</span> <span class='ocrx_word' id='word_1_890' title='bbox 1722 3280 1770 3318; x_wconf 91' lang='grc' dir='ltr'>Θ.</span> <span class='ocrx_word' id='word_1_891' title='bbox 1793 3277 1898 3322; x_wconf 90' lang='lat' dir='ltr'><strong>Ald.,</strong></span> <span class='ocrx_word' id='word_1_892' title='bbox 1913 3275 2066 3317; x_wconf 80' lang='grc' dir='ltr'>ποθεινὸς</span> <span class='ocrx_word' id='word_1_893' title='bbox 2079 3280 2149 3316; x_wconf 91' lang='grc' dir='ltr'>τοῖς</span> <span class='ocrx_word' id='word_1_894' title='bbox 2166 3272 2294 3322; x_wconf 78' lang='grc' dir='ltr'>φίλοιςε</span> 
     </span>
     <span class='ocr_line' id='line_1_109' title="bbox 1279 3329 2295 3394; baseline -0.016 -12"><span class='ocrx_word' id='word_1_895' title='bbox 1279 3351 1350 3388; x_wconf 78' lang='grc' dir='ltr'>τοῖς</span> <span class='ocrx_word' id='word_1_896' title='bbox 1381 3347 1508 3394; x_wconf 82' lang='grc' dir='ltr'>σοφοῖς.</span> <span class='ocrx_word' id='word_1_897' title='bbox 1538 3335 1634 3382; x_wconf 69' lang='grc' dir='ltr'>οἶτος</span> <span class='ocrx_word' id='word_1_898' title='bbox 1659 3337 1694 3375; x_wconf 85' lang='grc' dir='ltr'>δὲ</span> <span class='ocrx_word' id='word_1_899' title='bbox 1722 3340 1740 3376; x_wconf 81' lang='grc' dir='ltr'>ὃ</span> <span class='ocrx_word' id='word_1_900' title='bbox 1767 3335 1929 3386; x_wconf 77' lang='grc' dir='ltr'>Ἀγάθων</span> <span class='ocrx_word' id='word_1_901' title='bbox 1954 3329 2206 3384; x_wconf 81' lang='grc' dir='ltr'>κωμῳδοποιὸς</span> <span class='ocrx_word' id='word_1_902' title='bbox 2237 3332 2295 3366; x_wconf 76' lang='grc' dir='ltr'>τοῦ</span> 
     </span>
    </p>

    <p class='ocr_par' dir='ltr' id='par_1_12' title="bbox 2105 3403 2155 3432">
     <span class='ocr_line' id='line_1_110' title="bbox 2105 3403 2155 3432; baseline 0 0"><span class='ocrx_word' id='word_1_903' title='bbox 2105 3403 2155 3432; x_wconf 82' lang='grc'>33.</span> 
     </span>
    </p>
   </div>
  </div>
 </body>
</html>
