2517 3792
1145 160 1302 198 PACIS.
2199 165 2271 198 465

187 271 205 289 α
223 261 336 299 recte,
355 252 385 289 si
407 251 495 293 ὄζειν
513 246 615 285 αὐτόν
637 246 859 284 εςτίὺειωικ)
860 250 1008 284 Dis-n.
1012 248 1105 295 ..39
1122 255 1206 296 post

190 311 283 348 αὐτῶ
296 310 452 349 additV.
473 306 495 352 ἢ
509 306 566 343 καὶ
586 321 632 348 ως
648 303 1206 357 §up50w0'22;(sc1·.ssupcorto’tm)

189 373 277 405 πνεῖ.
298 393 349 400 -
371 367 449 410 4ο(
437 381 467 402 υ
458 363 594 401 πάθεσιν
612 363 730 415 ὥσπερ
747 364 808 400 οὐκ
827 362 893 400 ἔδει
914 363 1034 416 φάσειν
1058 367 1099 399 V.

534 427 553 446 κ
573 416 588 446 θ

241 460 316 505 46
307 473 345 496 ιη
365 462 410 494 V.
432 458 550 502 ἑλληνι
573 472 594 493 α
616 454 674 492 ἰὼν
697 458 849 508 ἀρχαῖος.
873 459 959 494 Om.
979 459 1021 494 G.

243 519 311 562 48,
337 518 384 553 52
410 529 465 565 sq.
484 514 632 552 ἀπέθανε
652 513 716 566 γὰρ
743 518 760 551 ὁ
780 518 823 551 R.
843 545 882 551 .-.
905 515 950 550 53
972 514 1109 563 λέγεται
1132 527 1205 550 om.

188 577 232 612 V.
254 577 275 620 ἡ
292 576 359 611 τῶν
378 575 511 626 ἀνδρῶν
533 588 566 610 κ.
588 577 632 610 R.
657 595 702 601 —
731 573 776 618 54
794 573 897 609 addit
915 572 1000 609 Ald.
1018 571 1039 617 ἢ
1060 571 1098 607 τὸ
1118 569 1207 606 από-

188 630 300 682 ξυσμα
319 634 386 669 τῶν
409 634 544 683 βυρσῶν
563 630 601 668 τὸ
623 630 766 682 μικρὸν,
797 630 847 668 30
833 630 980 667 emam.
968 646 1042 666 -ται
1057 628 1122 665 ὑπὸ
1138 643 1206 664 των

186 690 354 728 σκυτέων.
380 712 426 718 -
453 705 472 736 7
494 689 618 735 πάπλη
639 688 673 725 33
690 689 823 725 codex.
842 689 945 725 Idem
966 689 1009 724 13
1025 686 1153 737 ἠνόρει.

242 749 304 798 59,
327 751 371 785 16
392 748 430 785 τὸ
444 748 546 800 σάρον
567 747 605 785 τὸ
619 748 854 799 κοσμητῆριον
876 751 920 783 R.
939 778 979 782 -
1002 761 1044 792 17
1067 745 1105 782 τὸ
1118 747 1207 789 πλῆ-

186 808 242 849 θος
255 820 330 844 om.
352 810 398 844 G.
419 811 505 844 Post
523 806 637 858 ρύπων
659 806 763 843 addit
779 810 823 842 V.
837 811 949 841 πᾶσαι
963 803 1046 841 ποτὲ
1066 803 1113 853 γτί
1125 818 1208 839 ποτε

187 865 248 914 G.)
272 859 329 902 οὖν
355 858 383 902 (ἶ)
403 867 482 903 Ζεῦ.
502 865 540 902 τὸ
561 865 597 902 33
622 864 714 916 κόρει
731 863 808 900 ἀντὶ
822 866 894 899 τοῦ.
916 893 954 899 ..-
981 863 1026 898 18
1046 861 1085 898 τὸ
1104 861 1139 898 33
1158 860 1206 910 μὴ

186 922 279 975 κόρει
295 924 379 960 Ald.
398 927 529 961 παῦσαι
551 923 696 959 addidit
713 921 932 958 Dindorffius
944 950 953 966 ,
973 933 1020 957 ex
1041 926 1151 956 πᾶσαι
1168 921 1207 955 in

186 981 312 1018 verbis
333 982 475 1019 codicis
499 982 634 1018 Veneti
656 980 898 1017 memoratis:
919 998 931 1010 ¹‹
948 979 1086 1015 deinde
1099 981 1206 1015 ποιῶν

186 1048 324 1089 praeter
340 1039 488 1076 codices
508 1040 620 1075 etiam
637 1039 770 1075 Snidas
794 1051 822 1074 s.
845 1035 1008 1088 Κόρημα.
1030 1037 1207 1073 Aldinum

184 1096 235 1148 μὴ
251 1097 341 1135 ποίει
358 1098 406 1135 ab
426 1111 471 1134 eo
487 1098 655 1147 positum
676 1105 731 1133 est
746 1096 813 1146 qui
828 1109 905 1132 non
920 1095 1208 1132 animadvertis-

185 1164 242 1192 set
271 1157 541 1206 imperativum
568 1159 702 1193 παῦσαι
729 1154 938 1198 excidisse,
977 1168 1054 1204 quo
1083 1155 1208 1191 Suidae

184 1227 338 1264 quoque
360 1214 483 1251 codex
503 1214 636 1251 caruit.
650 1232 665 1247 »
685 1244 726 1250 -
750 1228 795 1264 19
818 1212 876 1251 καὶ
900 1221 937 1250 et
959 1227 1006 1250 20
1026 1229 1053 1250 π

183 1285 258 1310 om.
279 1275 327 1311 V.
344 1272 514 1315 πολλάκις
529 1286 605 1309 om.
620 1272 758 1311 Suidas
770 1302 781 1319 ,
805 1289 820 1304 «
833 1280 934 1309 recte
947 1302 956 1318 ‚
981 1281 1107 1309 ortum
1123 1273 1206 1308 for—

183 1339 280 1369 tasse
302 1345 349 1369 ex
363 1332 602 1383 praecedente
615 1347 682 1369 που
699 1331 795 1377 καί»,
807 1331 985 1368 Dindorf.
1004 1362 1044 1369 ..
1065 1345 1108 1368 21
1132 1334 1208 1382 βου-

181 1388 324 1439 λόμενος
347 1391 408 1427 hic
435 1393 500 1436 R.‚
523 1399 612 1440 post
635 1388 826 1427 ἀπολέσθαι
850 1392 892 1426 V.
913 1419 955 1425 -.
976 1402 1022 1425 22
1052 1395 1208 1438 σημᾶναι

182 1448 415 1486 Dindorfius.
440 1448 603 1498 σημαίνει
620 1452 664 1485 R.
686 1447 862 1498 συμὸᾶναι
886 1451 931 1484 V.
960 1447 1135 1497 συμέἦναι
1159 1451 1206 1484 G.

236 1507 306 1554 62,
335 1507 382 1543 23
401 1500 488 1559 ’Ἆρα
507 1506 540 1544 τί
557 1508 677 1558 διανοῇ
700 1510 746 1543 V.
765 1506 846 1543 Ald.
864 1537 905 1543 ..
924 1519 971 1553 27
990 1511 1147 1559 τρυγαῖος
1161 1510 1205 1544 R.

183 1564 288 1604 Idem
301 1567 362 1610 τῆς
382 1563 532 1617 πρώτης.

236 1623 285 1660 63
299 1652 308 1669 ,
334 1624 381 1668 34
402 1623 461 1660 καὶ
481 1622 648 1676 ἀφανίσας
668 1636 744 1661 om.
772 1626 816 1660 V.
835 1652 876 1658 -
894 1622 941 1658 35
963 1621 1206 1660 ἓκὸαλλουσῶν

182 1684 229 1721 R.
258 1689 296 1718 et
319 1681 454 1719 Suidas
471 1694 500 1718 S.
518 1680 762 1724 Ἔκκοκκίσας.
784 1680 910 1718 Ceteri
928 1680 1203 1732 καθαιρομένων.

1055 1229 1092 1250 ου
1115 1213 1174 1250 καὶ
1191 1215 1207 1250 ὃ

182 1774 222 1782 -
240 1744 288 1781 38
304 1744 494 1798 πρέποντος
511 1753 548 1781 et
564 1747 581 1782 ὁ
599 1746 711 1797 Τρυγ.
732 1747 777 1781 V.

235 1810 300 1856 65,
324 1817 371 1856 42
391 1810 496 1860 μανίη
515 1809 598 1846 Ald.
615 1818 652 1846 et
671 1814 731 1856 V.,
754 1818 795 1846 nt
809 1809 977 1847 videtur.
1028 1802 1038 1810 .

234 1870 284 1907 68
298 1899 308 1916 ,
329 1870 376 1914 45
394 1870 480 1907 AJd.
501 1870 600 1915 δηλοῖ
616 1871 665 1920 τῷ
685 1868 793 1906 θέλειν
813 1867 972 1921 κανθάρῳ
997 1869 1044 1911 εἷς
1067 1867 1128 1911 τὰς
1146 1872 1205 1906 τοῦ

180 1927 262 1971 Διὸς
278 1929 386 1965 ἐλθεῖν
404 1928 523 1971 αὐλάς.
554 1932 598 1965 V.
621 1929 720 1980 ἀρκεῖ
738 1926 819 1981 γὰρ.
842 1958 883 1964 -
904 1934 949 1975 47
975 1928 1032 1966 τὸν
1056 1941 1134 1965 om.
1159 1933 1204 1966 R.

181 2018 222 2024 -
239 1994 287 2036 49
307 1989 366 2024 τοῦ
381 1988 524 2039 οὐρανοῦ
539 1990 587 2024 V.
610 2001 687 2023 non
702 1990 749 2023 G.

236 2065 297 2099 70,
314 2052 360 2088 53
380 2065 435 2101 sq.
451 2052 504 2088 sic
523 2051 564 2087 in
582 2055 625 2087 R.
642 2080 652 2097 ,
674 2049 713 2087 τὸ
735 2055 809 2093 ταῖς
835 2048 936 2101 χερσὶ
957 2049 1015 2087 καὶ
1035 2055 1106 2092 τοῖς
1122 2050 1204 2087 ποσὶ

183 2108 384 2159 βιαζόμενον
406 2110 452 2151 εἰς
471 2107 554 2161 ὕψος
574 2107 771 2144 ἀναὸαίνειν
794 2109 1048 2159 ἀναρριχᾶσθαι
1069 2106 1200 2157 ἔλεγον.

181 2200 221 2206 ..-
241 2182 262 2205 2
278 2171 357 2221 ἀρρ.
379 2167 400 2206 ὅ
417 2170 490 2207 ἐστι
507 2183 539 2205 κ.
557 2172 604 2205 R.
630 2198 672 2205 ...
691 2169 712 2203 6
729 2182 784 2218 sq.
813 2166 909 2219 παρὰ
925 2167 1015 2204 τὸ-
1028 2169 1199 2218 ἀραχνιῶ.

183 2227 305 2277 Hujus
344 2227 583 2276 etymologiae
616 2227 736 2275 gratia
775 2226 1012 2275 grammatici
1049 2226 1202 2274 quidam

182 2287 412 2336 Ξιναριχᾶσθαι
429 2285 594 2335 simpiici
609 2300 626 2336 ρ
645 2284 760 2320 scribi
772 2284 980 2333 jusserunt.
999 2284 1202 2333 Phrynich.

182 2357 220 2380 n
244 2344 360 2379 Bekk.
386 2343 530 2379 Anecd.
561 2356 600 2393 p.
636 2356 679 2390 19
694 2371 703 2388 ,
733 2343 810 2378 25:
835 2343 1091 2394 ἀναριγασθαιε
1111 2341 1202 2379 πάνυ

184 2398 319 2445 Ἀττικὴ
345 2402 367 2445 ἡ
397 2399 506 2452 φωνή.
534 2399 698 2449 στ-μαίνει
725 2398 762 2436 33
790 2414 828 2436 το
860 2404 929 2441 τοῖς
953 2398 1034 2436 ποσὶ
1055 2414 1114 2435 και
1130 2405 1203 2443 ταῖς

185 2458 298 2510 χερσὶν
316 2458 542 2508 ἀντεχόμενον
560 2457 776 2504 ἀναοαίνειν,
800 2461 868 2494 οἷον
888 2456 1094 2510 &wip-stoma
1114 2473 1144 2495 οι
1168 2456 1202 2494 33

181 2515 240 2553 δύο
274 2531 314 2569 ρρ
341 2516 527 2568 γράφοντες
560 2515 811 2568 ἁμαρτάνουσι.
848 2515 931 2553 Vid.
972 2519 1118 2552 Hemst.
1157 2516 1204 2553 ad

179 2575 319 2613 Thom.
337 2578 393 2611 M.
411 2581 450 2625 p.
471 2574 660 2612 61.Verbi
676 2574 857 2624 simplicis
871 2575 1050 2625 ἀριχῶμαι
1068 2582 1202 2611 testem

178 2634 460 2683 Hipponactem
495 2641 681 2669 memorat
712 2636 838 2681 Etym.
876 2637 931 2670 M.
970 2647 1008 2682 p.
1036 2647 1104 2682 99,
1141 2648 1202 2681 20,

179 2692 460 2741 compositique
472 2692 725 2743 ἀναρριχᾶσθαι
736 2691 1002 2740 imperfectum
1015 2705 1092 2728 non
1102 2695 1204 2745 ἠναρ-

180 2748 358 2800 ριχώμην,
389 2750 454 2786 sed
478 2748 728 2801 ἀνηρριχώμην
759 2750 918 2786 formari
946 2750 1071 2786 tradit.
1104 2752 1203 2788 Mihi

179 2806 418 2856 probabilius
432 2807 584 2844 videtur
600 2808 759 2854 Atticos,
775 2809 879 2844 nulla
893 2807 1022 2844 habita
1038 2807 1202 2847 obsoleti

178 2864 286 2901 istius
301 2865 480 2915 ἀριχῶμαι
500 2866 661 2914 ratione,
682 2867 939 2917 ἀναρριχᾶσθαι
955 2874 993 2902 et
1014 2867 1204 2918 ἅνερριχώ-

179 2937 249 2972 μην
265 2921 420 2958 dixisse.
433 2925 554 2959 Dmn.
573 2924 650 2970 Qui
662 2924 890 2973 scripturam
899 2924 1036 2961 Veneti
1049 2925 1202 2975 ἀραχνίω

179 2981 345 3017 correxit
365 2994 413 3017 ex
425 2984 551 3029 Etym.
571 2985 625 3020 M.
639 3010 648 3027 ,
668 2982 735 3019 ubi
754 2978 994 3019 Herodianus
1011 2984 1046 3019 ἓν
1060 2986 1109 3035 τῷ
1124 2984 1202 3036 περὶ

177 3039 298 3074 παθῶν
318 3038 469 3074 citatur.
486 3067 528 3073 -
551 3053 591 3074 11
613 3041 800 3084 καθολικῆς
819 3043 865 3076 V.
890 3041 1075 3085 καθολικῆς
1090 3056 1202 3092 προσ-

179 3095 285 3148 ῳδίας
321 3099 368 3132 G.
396 3124 438 3131 -
477 3108 521 3131 12
549 3095 664 3146 ἔλεγεν
693 3101 741 3134 V.
764 3128 805 3134 ...
834 3099 878 3134 13
908 3099 1139 3150 ἄναρριχᾶται
1168 3100 1202 3137 33

179 3153 297 3205 ὥσπερ
310 3152 455 3198 πίθηκος
469 3153 603 3190 Suidas
616 3167 646 3191 s.
666 3154 923 3205 Ἀνερριχῶντο.
938 3185 980 3191 -
999 3170 1011 3191 1
1022 3157 1042 3192 5
1062 3156 1202 3208 ἐναρτία

179 3211 217 3249 δὲ
228 3212 266 3248 λε
283 3209 390 3262 (λέγει
413 3210 480 3260 G.)
500 3215 544 3246 V.
565 3213 722 3249 Correxi
738 3213 885 3263 ἐναργεῖ,
902 3221 943 3249 nt
958 3222 1014 3249 est
1029 3214 1069 3249 in
1084 3214 1200 3251 schol.

179 3269 311 3320 Equit.
346 3268 420 3312 403
434 3297 444 3315 ,
476 3276 513 3304 et
534 3269 605 3304 601
636 3285 644 3305 z
681 3270 816 3320 ἐναργεῖ
839 3269 874 3306 33
900 3268 988 3306 λέξει
1015 3269 1198 3321 κέχρηται.

181 3327 328 3366 Eodem
356 3339 471 3363 sensu
492 3325 632 3362 dictum
659 3326 854 3379 ἐμφαντικῇ
890 3325 926 3363 33
951 3326 1042 3370 λέξει
1067 3327 1202 3380 κέχρη-

279 3407 450 3437 ΑωετοΡΗ.
472 3407 582 3438 Senot.

1266 262 1325 283 ται
1348 247 1440 284 ibid.
1478 249 1565 295 281,
1598 256 1634 284 et
1659 249 1697 284 in
1734 249 1852 286 schol.
1883 250 1984 288 Nub.
2016 251 2123 288 1216.
2156 255 2277 290 Dim).

1322 312 1366 357 73
1381 341 1390 358 ,
1410 325 1457 358 27
1478 311 1647 364 Ἡρακλεῖ
1662 313 1708 363 τῷ
1723 313 1778 349 ἐπὶ
1798 312 1855 350 τὸν
1874 316 2046 366 ζωστῆρα,
2066 329 2205 352 nomen
2223 316 2282 353 fa·-

1266 368 1364 406 bulae
1379 370 1533 406 aliunde
1554 384 1628 406 non
1653 371 1860 420 cognitum.
1883 373 2111 423 Intelligitur
2129 377 2281 411 Hercu-

1268 427 1319 463 les
1341 442 1472 464 zonam
1501 429 1720 477 Hippolyta·
1742 431 1941 478 petiturus.
1965 432 2194 484 Πυγμαρίωνι
2216 434 2283 481 (sic

1268 488 1314 521 V.
1333 495 1369 522 et
1382 487 1456 535 G.),
1473 500 1609 522 nomen
1624 496 1852 536 suspectum,
1868 489 2053 539 cnjnsego
2069 491 2155 527 satis
2168 491 2282 527 habui

1271 545 1575 580 terminationem
1594 546 1804 581 correxisse
1826 548 1935 583 metri
1960 548 2109 585 indicio.
2135 550 2282 594 Quodsi

1272 601 1485 653 Πυγμαρίων
1513 611 1614 638 recte
1643 603 1797 651 scripsi,
1826 606 2123 653 comparandum
2146 621 2283 644 nomen

1270 660 1498 708 Πυγμαλίων.
1514 659 1627 696 Dind.
1645 691 1685 696 -
1703 662 1750 696 28
1766 661 1964 710 λοχαγωγος
1980 666 2026 699 G.
2046 664 2283 702 Proh-abilius

1272 718 1422 754 videtin·
1448 718 1647 754 Dindorlio
1675 711 1714 762 ἦν
1740 721 1808 754 τῶν
1825 734 1856 754 7..
1873 721 1947 764 Qni
1968 721 2009 756 31
2032 725 2144 758 πονῶν
2164 725 2285 760 corri-

1270 776 1433 824 gendum
1449 790 1528 812 esse
1545 784 1664 825 putat.
1686 806 1726 812 -
1748 777 1794 812 32
1812 778 1887 813 ἀλλ’
1903 777 1978 814 οὐδὲ
1997 783 2036 814 V.
2055 783 2214 817 Metrinn
2230 790 2286 818 est

1269 835 1549 884 anapaesticnm.
1562 834 1982 887 ΡοςικάιθαροςοΧςίἀίῑ
2000 831 2097 881 οἶτος
2111 840 2168 875 xel
2183 840 2284 877 ἐστίν.

1269 896 1387 929 ΒιΜ).
1414 923 1454 929 .-
1473 894 1518 935 34
1541 892 1632 929 πάνυ
1651 894 1877 930 Mcinekins.
1901 895 2029 931 Codex
2044 896 2165 936 πάὶαι.
2182 899 2285 934 -35

1269 950 1341 987 ὅθεν
1368 949 1568 1003 τρέφεσθαι
1587 951 1773 1000 Reliquiae
1792 955 1997 990 tetiametii
2015 957 2229 1005 anapaestici
2250 957 2286 992 in

1268 1009 1422 1046 brevius
1436 1010 1622 1046 contracti
1637 1011 1694 1046 vel
1711 1009 1757 1046 ab
1770 1011 1969 1049 scholiasta
1979 1014 2037 1049 vel
2054 1012 2099 1049 ab
2112 1014 2287 1051 librariis.

1267 1065 1390 1099 D1xn.
1416 1093 1458 1099 ..
1485 1063 1531 1098 36
1552 1060 1650 1111 λόγος
1674 1061 1765 1098 ἐστὶν
1789 1067 1833 1099 V.
1861 1066 2036 1102 Correxit
2063 1068 2286 1103 Meinekius.

1324 1127 1386 1172 76,
1409 1132 1457 1175 49
1478 1124 1679 1177 Εὐριπίδου.
1703 1126 1741 1162 ἐκ
1757 1133 1950 1181 μεταφορᾶς
1977 1131 2036 1165 τοῦ
2059 1129 2227 1180 Πηγάσου
2243 1134 2288 1168 R.

1268 1184 1515 1233 sequentibus
1540 1185 1701 1220 omissis.

1323 1251 1385 1296 78,
1406 1250 1425 1286 3
1446 1248 1614 1287 Βούλεται
1628 1263 1702 1286 (nm.
1721 1252 1765 1287 V.

1322 1315 1390 1360 80,
1413 1314 1435 1349 8
1461 1312 1574 1365 αἰώρα
1593 1314 1672 1349 haec
1693 1313 1867 1350 maehina
1888 1314 2027 1351 dicitur
2042 1317 2230 1354 aPolluce
2252 1324 2288 1364 4,

1274 1386 1357 1418 127.
1380 1401 1419 1408 .-
1440 1385 1463 1420 9
1483 1372 1674 1414 πολοῦντας
1691 1371 1828 1409 Suidas
1844 1385 1871 1408 s.
1890 1372 2075 1425 Ἐώρημα.

1322 1439 1530 1485 82,17-23
1552 1452 1626 1474 om.
1647 1442 1692 1476 G.
1714 1469 1755 1475 -.
1779 1453 1821 1485 17
1843 1439 2100 1486 ἀναπαιστικὴ,
2130 1441 2289 1479 18ἐννέα

1267 1495 1327 1533 καὶ
1345 1495 1532 1548 τριάκοντα
1550 1495 1686 1548 με’τρον,
1708 1510 1750 1532 21
1771 1498 1839 1533 τῶν
1858 1497 2039 1556 μετεώρων
2055 1502 2101 1536 V.
2114 1529 2155 1536 -.
2170 1502 2288 1543 24-36

1269 1553 1466 1604 legebatur
1486 1555 1566 1605 ἀτρε
1568 1569 1638 1622 μας
1664 1568 1730 1622 μοι
1751 1569 1878 1602 πετου,
1898 1558 1926 1592 ὠ
1947 1557 2108 1608 κάνθαρε.
2130 1563 2211 1596 τοῦτ
2212 1575 2230 1597 ο
2253 1558 2288 1597 33

1267 1612 1305 1647 λε
1290 1609 1359 1660 ’γει
1389 1609 1606 1655 ἐπιοεοηκως
1634 1610 1675 1656 ἧς
1679 1628 1700 1657 η
1730 1614 1747 1648 ὃ
1773 1616 1944 1664 Τρυγαῖος
1969 1617 2018 1651 τῶ
2045 1616 2205 1668 κανθάρῳ
2230 1618 2288 1654 καὶ

1269 1668 1437 1721 μετέωρος
1456 1669 1545 1721 ἀρθε
1541 1685 1568 1711 ις
1584 1685 1641 1706 και
1663 1669 1790 1712 δεδιώς.
1811 1670 1978 1708 κάνθων
1960 1672 1996 1709 οὲ
2020 1673 2143 1724 κυρίως
2161 1678 2177 1712 ὁ
2198 1674 2270 1717 ὅνςο

1267 1742 1324 1764 νυν
1345 1727 1379 1764 33
1395 1729 1668 1779 ὑποκοριστικῶς
1686 1730 1713 1764 ὠ
1734 1728 1895 1780 κάνθαρε.
1915 1730 2082 1783 κάνθαρος
2101 1730 2136 1768 33
2154 1748 2182 1768 ει
2176 1747 2288 1784 ,ρηται

1266 1784 1361 1836 παρὰ
1376 1801 1433 1822 τον
1452 1786 1612 1823 κάνθωνα
1630 1785 1687 1822 τὸν
1707 1785 1802 1831 ὄνον,
1831 1786 1889 1823 καὶ
1911 1803 1968 1824 τον
1995 1789 2112 1841 θορὸν,
2131 1789 2289 1827 τουτέστι

1266 1844 1304 1881 τὸ
1337 1843 1489 1895 σπέρμα.
1524 1843 1608 1896 φασὶ
1636 1843 1748 1896 γὰρ“
1729 1860 1780 1881 οτι
1803 1848 1971 1898 κάνθαρος
1999 1846 2088 1884 οὕτω
2116 1848 2287 1885 τίκτεται·

1266 1904 1292 1939 ἐ
1283 1900 1350 1938 τὰν
1372 1918 1464 1974 ευρῃ
1474 1901 1551 1939 ὄνου
1566 1902 1696 1955 κόπρον
1716 1902 1944 1955 στρογγυλην,
1961 1904 2056 1955 μένει
2077 1906 2202 1944 κυλίων
2219 1913 2290 1950 τοῖς

1265 1976 1366 1998 ποσιν
1384 1959 1490 2006 αὐτὴν
1512 1960 1570 1997 καὶ
1590 1976 1639 1997 τω
1663 1960 1758 1997 κυλίε
1764 1977 1792 1998 ιν
1810 1963 2035 2014 ἀποσπερμαί
2039 1980 2099 2011 νει,
2117 1980 2175 2002 και
2193 1966 2287 2002 ἐκεῖ-

1638 2021 1681 2055 31
1709 2018 1827 2063 ἔπαιξε
1844 2036 1901 2057 τον
1918 2020 2040 2059 κάνθον
2055 2027 2100 2060 V.
2115 2049 2154 2054 —
2172 2025 2218 2060 32
2235 2024 2287 2061 sic

1265 2082 1310 2115 R.
1331 2087 1368 2115 et
1388 2079 1522 2115 Suidas
1553 2091 1581 2114 s.
1609 2077 1800 2129 Κάνθαρος.
1828 2094 1986 2117 τουπ-εστι
2009 2081 2104 2132 παρὰ
2128 2081 2184 2118 τὸν
2211 2081 2286 2119 ὄνον

1266 2023 1319 2056 θεν
1337 2021 1367 2056 οἱ
1388 2018 1618 2071 κανθαροι...

1266 2140 1310 2173 V.
1323 2167 1366 2172 —
1384 2135 1472 2173 33”
1451 2151 1545 2188 ορον,
1566 2137 1611 2179 34
1629 2135 1738 2187 τούτῳ
1755 2137 1843 2175 τίκτ.
1864 2141 1897 2174 V
1931 2169 1972 2175 -
1992 2140 2040 2175 36
2060 2139 2124 2188 γίν.
2146 2141 2230 2182 ζωον
2245 2143 2287 2176 V.

1263 2194 1302 2231 τὸ
1322 2197 1406 2237 ζῶον
1430 2210 1463 2244 γ
1485 2195 1636 2232 Suidas.
1656 2224 1698 2231 .-.
1719 2175 1801 2231 [²38³
1786 2211 1862 2247 ορον
1883 2197 2028 2234 Suidas.
2048 2196 2125 2248 ὅρον
2141 2200 2186 2235 V.
2201 2199 2288 2235 κάν-

1264 2257 1359 2305 θορος
1389 2254 1536 2292 Snidas.
1570 2254 1655 2291 καθὸ
1684 2253 1760 2305 ὄρος
1788 2260 1831 2292 V.
1858 2287 1898 2292 .-
1926 2258 1974 2305 39
1995 2255 2016 2302 ἢ
2041 2260 2058 2294 ὁ
2080 2256 2186 2309 θορὼν
2209 2258 2287 2310 περὶ

1264 2311 1362 2363 (πρὸς
1386 2313 1425 2348 in
1461 2312 1545 2348 cod.
1566 2312 1681 2348 Paris.
1705 2312 1754 2361 A)
1775 2313 1920 2350 Suidas.
1947 2316 1964 2350 ὃ
1991 2316 2098 2366 θορῶν
2117 2319 2163 2352 V.
2178 2342 2219 2347 -
2240 2323 2288 2361 4ο

1263 2369 1340 2422 περὶ
1357 2369 1422 2415 τὴν
1438 2371 1585 2408 Suidas.

1319 2434 1381 2481 85,
1402 2435 1421 2471 3
1439 2434 1705 2486 περικαυστικόν
1726 2439 1772 2472 G.
1787 2435 2072 2487 παρακαυστικόν
2091 2440 2133 2474 V.
2148 2441 2287 2475 Emen-

1264 2492 1432 2529 dandum
1454 2502 1549 2543 puto
1567 2494 1709 2544 ἱδρῶτος
1722 2493 1996 2545 περιποιητικὸν,
2011 2496 2208 2534 καυστικόν.
2227 2499 2288 2535 Sic

1265 2549 1410 2600 αἵματος
1433 2552 1694 2603 περιποιητικὸν
1724 2553 1820 2589 dixit
1843 2553 2014 2592 Eustath.
2038 2554 2085 2590 ad
2110 2558 2219 2591 Hom.
2247 2570 2285 2605 p.

1269 2623 1386 2657 1170,
1414 2611 1472 2647 18.
1496 2611 1628 2659 Καῧμα
1652 2609 1812 2660 ἷόάλιμον
1835 2610 1898 2660 (ex
1920 2612 2077 2648 Hesiodi
2101 2613 2174 2663 Op.
2198 2613 2288 2664 417)

1265 2669 1502 2718 grammatici
1535 2682 1603 2718 per
1634 2668 1858 2722 ἱδρωτοποιὸν
1885 2670 2127 2720 interpretari
2154 2673 2287 2708 solent.

1264 2730 1386 2763 Dm).

1319 2792 1383 2838 87,
1407 2803 1426 2835 7
1450 2788 1498 2839 μὴ
1518 2789 1643 2841 βδέσῃς
1662 2790 1799 2839 (codex
1818 2789 1958 2841 βλέσης)
1979 2791 2150 2827 additum
2172 2804 2215 2827 ex
2231 2796 2286 2836 R.‚

1266 2849 1331 2898 qui
1351 2851 1413 2893 τῆς
1433 2849 1622 2893 ἀναπνοῆς,
1646 2857 1688 2884 ut
1708 2849 1782 2885 Ald

1316 2924 1379 2960 90,
1406 2924 1450 2947 12
1468 2910 1524 2948 τὸν
1542 2911 1684 2962 οὐρανὸν
1701 2915 1746 2947 V.

1315 2989 1378 3023 92,
1404 2975 1449 3010 15
1467 2973 1555 3025 πέτῃ
1579 2978 1625 3011 R.
1642 2974 1728 3011 Ald.
1749 2974 1920 3010 Alterum
1944 2973 2002 3009 καὶ
2024 2986 2097 3011 om.
2118 2974 2229 3012 iidem
2247 2985 2285 3013 et

1262 3033 1384 3070 Suidae
1403 3031 1522 3068 codex
1540 3033 1656 3068 Paris.
1679 3045 1707 3067 s.
1727 3032 2022 3082 Μετεωροκοπεῖς.
2038 3056 2077 3062 -
2098 3035 2142 3069 16
2158 3032 2196 3069 τὸ
2209 3046 2284 3071 om.

1262 3094 1305 3127 V.
1324 3090 1454 3141 πλάτῃ,
1476 3104 1517 3136 17
1537 3088 1613 3126 θάλ.
1629 3087 1835 3138 συγκόπτειν
1849 3089 1935 3125 Ald.
1949 3114 1991 3119 —
2009 3090 2054 3125 18
2069 3105 2285 3142 μετεωροσο-

1262 3151 1392 3200 φιστῶν
1420 3157 1475 3185 est
1499 3148 1536 3184 in
1557 3148 1642 3184 loco
1659 3146 1842 3184 Nubium.
1867 3151 2115 3199 περισκοποῧσι
2136 3150 2283 3197 Suidas,

1263 3221 1310 3244 ex
1331 3221 1407 3256 quo
1437 3221 1483 3256 19
1512 3205 1547 3242 33
1568 3205 1751 3242 additum.
1775 3234 1815 3240 -
1838 3219 1885 3242 2ο
1907 3206 2119 3257 πτερυγίζεις
2146 3207 2203 3245 καὶ
2224 3209 2284 3244 ἕν-

1261 3269 1376 3302 τεῧθεν
1397 3269 1438 3301 V.

1315 3331 1378 3378 95,
1403 3334 1448 3372 24
1470 3326 1506 3365 δὲ
1529 3341 1603 3364 om.
1626 3332 1668 3364 R.
1686 3327 1773 3379 πέτῃ
1790 3332 1835 3366 R.
1856 3329 1941 3366 Ald.

2160 3410 2200 3438 30
