2533 3808
183 236 258 269 266

238 328 301 354 164.
330 309 505 363 Φρύνιχος
520 309 538 345 ὃ
556 304 739 358 τραγικὸς,
754 302 830 340 ἐπεὶ
846 300 1021 346 Ἀθηναῖος
1039 294 1094 345 ἦν.

239 384 300 409 168.
331 372 369 407 ἐκ
390 354 510 404 τούτου
541 394 550 402 .
583 393 592 401 .
625 392 634 400 .
668 392 676 400 .
698 360 757 398 καὶ
777 361 810 396 ἐν
825 360 895 400 τοῖς
912 355 1072 407 Ὄρνισιν
1098 358 1215 401 [1295]

185 432 247 467 οὐκ
264 428 403 465 ἄλλοθεν
422 421 562 474 κορυδὸν
583 418 684 456 αὐτὸν
701 417 880 466 ὠνόμασεν
899 415 975 452 ἀλλ’
990 412 1012 459 ἢ
1030 413 1083 451 ὅτι
1102 411 1221 464 μικρὸς

729 214 989 255 SCHOLIA
1017 212 1075 249 IN
1104 209 1764 250 THESMOPHORIAZUSAS.

1330 309 1394 336 273.
1424 297 1662 352 Ἱπποκράτης
1681 299 1815 350 ἐγένετο
1840 299 2034 346 Ἀθηναῖος,
2054 298 2089 343 ὃς
2109 294 2200 352 εἶχεν
2221 300 2311 344 υἱοὺς

1277 354 1293 369 *
1314 354 1334 373 ⁴*
1353 354 1552 393 διεὸάλλετο
1572 355 1608 393 δὲ
1628 356 1689 393 σὺν
1709 357 1824 400 αὐτοῖς
1842 360 1888 400 ὡς
1908 356 2125 400 ἀπαίδευτος.

1331 424 1396 450 274.
1425 411 1477 449 ὅτι
1491 412 1582 450 κατὰ
1597 413 1743 464 δύναμιν
1759 418 1821 461 τῆς
1839 414 1962 459 λέξεως
1974 445 1983 462 ,
2001 416 2078 453 ἀντὶ
2094 419 2154 453 τοῦ
2174 414 2314 467 ἀθρόους

185 485 245 524 καὶ
256 486 335 533 αἷσγ
343 481 408 533 θός.
422 480 481 517 καὶ
492 475 725 524 Τηλεκλείδης
736 473 908 515 Ἡσιόδοις
919 490 934 504 «
949 472 1024 508 ἀλλ’
1038 474 1060 516 ἡ
1075 469 1222 507 τάλαινα
1278 468 1423 512 πάντας.
1444 469 1484 507 τὸ
1499 469 1565 521 γὰρ
1583 470 1691 522 ἄρδην
1706 471 1822 521 ὅμοιόν
1840 475 1913 510 ἐστι
1929 476 1978 525 τῷ
1995 474 2145 526 φοράδην
2164 472 2314 523 ἐνέγκαι·

151 554 167 578 5
188 562 202 577 q
220 538 398 580 Φιλοκλέα
414 538 431 553 *
458 537 478 555 '⁶
507 537 527 554 ¹⁴²
554 536 572 554 ²*
589 527 660 580 οῧν,
677 534 706 570 εἷ
726 532 754 569 δ’
768 530 859 569 ἐστὶν
874 529 1053 581 Αἰσχύλου
1074 527 1221 580 φρόνημ’
1249 528 1253 607 ι

188 618 202 633 «ι
225 599 327 649 ἔχων.
354 615 367 629 ·>
1191 642 1200 654 x

238 653 431 708 τραγῳδίας
459 648 604 697 ποιητὴς
625 647 767 702 αἰσχρὸς
785 647 824 686 τὸ
840 645 1026 700 πρόσωπον
1047 643 1107 682 καὶ
1126 658 1225 693 σιμος

186 713 246 752 καὶ
261 712 378 765 μικρὸς
391 710 429 749 τὸ
444 712 560 760 σῶμα.
735 717 737 720 “

243 785 305 811 173.
336 769 441 811 κακὸς
457 768 566 819 ἤμην.

139 848 170 873 10
245 842 307 868 177.
340 826 462 880 σοφοὺς
492 826 623 876 μᾶλλον
647 823 762 873 ἔλεγον
787 821 848 860 καὶ
874 818 1039 873 σοφιστὰς
1054 817 1131 861 τοὺς
1149 816 1229 869 περὶ

191 885 359 938 μουσικὴν
375 884 435 923 καὶ
449 881 646 929 ποιητικήν.

245 960 306 984 179.
337 942 472 995 μεγάλῃ
490 940 550 979 καὶ
564 942 760 990 θαυμαστῇ.
864 989 884 997 Ν

246 1017 308 1042 190.
337 1002 445 1055 γέρων
468 999 534 1052 γὰρ
556 997 634 1036 τότε
656 995 846 1050 Εὐριπίδης
862 999 922 1042 ἠν·
949 994 1038 1046 ἕκτῳ
1060 997 1142 1045 γοῦν
1162 991 1231 1030 ἔτει

193 1061 332 1114 ὕστερον
349 1060 506 1108 τελευτᾷ.

144 1136 174 1160 15
248 1131 320 1158 194.
342 1117 375 1162 ἐξ
391 1114 611 1161 Ἀλκήστιδος
628 1112 818 1164 Εὐριπίδου
833 1112 939 1162 [694].

249 1191 311 1216 199.
341 1173 529 1228 ἐκφεύγειν.

247 1248 311 1273 203.
340 1233 398 1270 ἐὰν
411 1236 512 1270 τοῦτο
524 1228 737 1278 ποιήσωμεν.

248 1306 313 1332 214.
343 1293 487 1336 ἀληθῶς.

250 1365 317 1390 215.
349 1349 394 1388 τὰ
406 1347 534 1399 γένεια.
548 1350 659 1383 ταῦτα
674 1343 708 1381 δὲ
720 1342 844 1381 ἔλαὲεν
857 1341 971 1380 ἐκτῶν
986 1340 1124 1380 Ἰδαίων
1138 1342 1236 1391 Κρα-

145 1433 180 1459 20
197 1409 302 1448 τίνου.

251 1481 314 1506 220.
343 1463 440 1517 παρὰ
452 1462 490 1501 τὸ
505 1458 710 1513 δουροδόκης
722 1461 768 1502 ὡς
779 1456 893 1496 πολλὰ
907 1472 950 1495 αυ
983 1488 992 1496 .
1026 1487 1035 1496 .

252 1539 316 1564 221.
345 1522 401 1561 ἵνα
417 1517 676 1569 ἀποτεταμένης
693 1519 798 1562 αὐτῆς
815 1517 883 1554 καλ
914 1545 923 1554 .
956 1545 964 1553 .
996 1545 1005 1554 .
1020 1530 1088 1554 νεν.
1111 1567 1130 1576 -

253 1597 317 1622 224.
349 1580 423 1619 ἀντὶ
436 1583 494 1617 τοῦ
513 1580 558 1621 εἷς
571 1580 638 1615 τῶν
659 1574 841 1628 Ἐρινύων.
858 1573 984 1611 ἄσυλον
1006 1573 1074 1626 γὰρ
1100 1577 1192 1625 εἰχον
1211 1573 1242 1609 οἱ

201 1639 527 1690 καταλαμὸάνοντες
549 1634 594 1673 τὰ
616 1633 692 1686 ἱερὰ
713 1635 781 1671 τῶν
805 1631 987 1684 Ἐρινύων.

151 1719 185 1743 25
257 1713 320 1739 227.
348 1697 412 1744 τὴν
431 1696 512 1747 μίαν
530 1696 648 1745 κομῶν
665 1691 800 1744 γνάθον,
812 1690 874 1738 τὴν
890 1690 1007 1743 ἑτέραν
1020 1687 1242 1741 ἐψιλωμένος.

259 1772 324 1797 231.
355 1755 407 1793 ὅτι
423 1754 461 1792 τὸ
480 1752 596 1804 μύζειν
610 1754 789 1803 παρῆκται
803 1750 872 1787 ἀπὸ
888 1752 946 1786 τοῦ
963 1752 1008 1798 μῦ
1023 1746 1246 1806 πολλοῖςωᾶλ-

205 1819 276 1859 λοις
292 1814 431 1865 ὁμοίως.
450 1810 565 1863 μύζειν
581 1807 617 1846 δέ
632 1810 706 1846 ἐστι
721 1807 760 1846 τὸ
774 1808 843 1851 τοῖς
859 1810 1033 1859 μυκτῆρσι
1048 1805 1146 1843 ποιὸν
1159 1808 1245 1856 ἠχον

209 1874 399 1912 ἀποτελεῖν.

261 1946 327 1970 232.
359 1927 443 1983 ψιλὴ
471 1926 565 1971 τάξις
593 1925 683 1964 ἐστὶν
707 1923 958 1983 ἀγεννεστάσυτη,
982 1921 1057 1969 ἥτις
1081 1920 1248 1972 βάλλεται

158 2012 192 2036 30
212 1991 402 2042 ἔμπροσθεν
416 1990 474 2024 τοῦ
490 1982 722 2036 στρατοπέδου
739 1981 852 2033 γυμνὴ
867 1985 952 2019 οὐσα
967 1980 1095 2026 ὅπλων,
1112 1979 1173 2017 καὶ
1190 1979 1248 2017 ἐὰν

210 2047 349 2101 ταραχὴ
367 2046 520 2098 γένηται,
535 2042 648 2088 ἐκείνη
662 2040 783 2093 πρώτη
802 2040 1006 2091 ἀναιρεῖται.
1024 2043 1124 2076 τοῦτο
1141 2037 1177 2075 δὲ
1194 2037 1250 2075 λέ-

211 2123 283 2158 γει,
298 2105 371 2143 ἐπεὶ
386 2103 564 2156 ἐψίλωται.
768 2098 774 2104 ’

265 2177 327 2202 235.
358 2160 538 2199 διαὸάλλει
558 2160 675 2195 τοῦτον
696 2158 740 2199 ὡς
759 2154 977 2207 ξυρούμενον.

266 2236 328 2260 236.
359 2218 448 2271 μετὰ
463 2216 530 2270 γὰρ
549 2215 588 2253 τὸ
606 2217 750 2260 τυθῆναι
766 2213 810 2252 τὰ
831 2212 1000 2266 δελφάκια
1017 2212 1252 2265 φλογίζονται,

165 2303 196 2327 35
213 2281 270 2319 ἵνα
290 2280 498 2332 ψιλωθῶσιν.

268 2353 332 2377 242.
362 2339 406 2379 ὡς
431 2336 460 2372 εἷ
480 2333 596 2382 ἔλεγεν
617 2330 740 2368 οἰκίαν.

269 2410 334 2434 245.
365 2393 512 2434 ἄσὸολος
531 2392 690 2428 καλεῖται
708 2391 730 2433 ἢ
752 2386 879 2433 αἷθάλη
900 2390 959 2424 τοῦ
979 2386 1094 2439 πυρός.

271 2467 334 2493 246.
364 2451 490 2504 τράμις
509 2452 527 2486 ὁ
546 2446 738 2506 πρωκτός*

273 2526 336 2550 254.
366 2510 439 2548 δέον
456 2508 562 2545 εἰπεῖν
580 2505 689 2557 μύρου
708 2508 782 2541 εἰπε
797 2502 951 2541 ποσθίου.
970 2502 1110 2541 πόσθιον
1131 2503 1168 2541 δέ
1185 2505 1258 2541 ἐστι

169 2596 203 2621 40
220 2571 259 2608 τὸ
280 2570 405 2607 αἰδοῖον
425 2570 486 2604 τοῦ
507 2562 637 2616 ἀνδρός.
661 2561 841 2599 διαὸάλλει
862 2559 898 2597 δὲ
918 2560 1021 2598 αὐτὸν
1040 2562 1085 2603 ὡς
1106 2561 1180 2610 μετ’
1203 2563 1260 2599 αὗ-

223 2632 281 2666 τοῦ
300 2625 521 2678 ἑταιρίζοντα.

276 2700 340 2724 258.
372 2683 424 2721 ὅτι
445 2680 508 2727 τὴν
527 2677 705 2730 περίθετον
727 2675 847 2718 οὕτως.
868 2675 928 2712 καὶ
951 2679 1052 2712 τοῦτο
1072 2675 1107 2713 δὲ
1126 2678 1171 2719 εἷς
1189 2692 1261 2727 μα-

225 2743 364 2787 λακίαν,
383 2740 441 2778 ἵνα
468 2736 622 2787 λανθάνῃ
643 2733 764 2776 νυκτὸς
785 2733 844 2770 καὶ
869 2735 915 2776 ὡς
933 2732 1017 2783 γυνὴ
1044 2732 1180 2785 πάσχῃ,
1201 2735 1263 2772 λέ-

226 2817 326 2853 γουσι
360 2798 395 2837 δὲ
425 2796 604 2848 περίθετον
639 2791 840 2844 πρόσωπον,
876 2792 922 2833 ὡς
955 2790 1199 2842 Ἀριστομένης
1230 2795 1264 2830 ἐν

175 2882 209 2906 45
230 2859 356 2907 Γόησιν
385 2875 399 2890 «
423 2850 637 2905 παντευχίαν
659 2850 694 2888 δὲ
721 2853 780 2887 τοῦ
810 2852 887 2886 θεοῦ
908 2847 1038 2895 ταύτην
1057 2849 1179 2887 λαὸεῖν
1206 2850 1266 2888 καὶ

231 2937 247 2952 α
266 2916 443 2969 περίθετον
460 2912 658 2966 πρόσωπον,
679 2908 696 2946 δ
717 2906 834 2946 λαὸὼν
853 2905 981 2944 ἕσταθι.
1000 2925 1016 2940 »

284 2989 347 3013 259.
375 2972 490 3010 πάντα
510 2970 640 3022 ἔχουσα
659 2966 703 3004 τὰ
722 2969 866 3003 τοιαῦτα
887 2967 920 3002 ἐν
939 2967 1058 3017 ἑαυτῇ.

286 3046 348 3072 261.
377 3034 436 3077 τῆς
455 3028 583 3074 κλίνης.
601 3027 747 3078 στρῶμα
766 3023 904 3061 δίδωσιν
924 3025 1030 3075 αὐτῷ.

291 3089 429 3143 βάθριόν
458 3104 491 3125 τι
509 3090 531 3132 ἡ
557 3083 666 3127 κλινὶς
694 3081 948 3132 εἷστεταμένον.
971 3082 1072 3127 δῆλον
1098 3081 1132 3119 δὲ
1161 3081 1212 3119 ὅτι
1232 3082 1271 3120 τὸ

186 3174 220 3197 50
239 3149 403 3201 ἔγκυκλον
422 3145 574 3195 ἱμάτιον,
595 3145 612 3180 ὃ
630 3141 666 3180 δὲ
685 3140 858 3193 κροκωτὸς
878 3139 1020 3189 ἔνδυμα.

292 3219 355 3245 263.
385 3207 512 3256 χαῦνα.
540 3199 722 3239 διαὸάλλει
754 3197 789 3236 δὲ
818 3197 923 3236 πάλιν
943 3197 1001 3235 τὸν
1030 3197 1207 3247 Ἀγάθωνα
1226 3201 1272 3241 ὡς

239 3268 377 3318 χαῦνον.

293 3337 358 3361 268.
388 3323 433 3362 ὡς
451 3317 535 3369 γυνὴ
561 3315 735 3361 λαλήσεις.

296 3393 358 3418 272.
389 3380 427 3415 ἐκ
450 3379 509 3421 τῆς
528 3372 759 3418 Μελανίππης
778 3370 977 3420 Εὐριπίδου.

1280 528 1302 571 ἡ
1320 524 1387 578 γὰρ
1408 526 1505 578 ἄρσις
1531 531 1632 565 τοῦτο
1661 529 1769 574 δηλοῖ.
1791 531 1820 567 εἷ
1843 529 1892 580 μὴ
1911 534 1969 567 νῦν
1998 535 2099 568 τοῦτο
2131 530 2313 582 βούλεται,
2334 547 2351 573 5

1281 583 1414 628 πάντας
1434 587 1520 635 ὁμοῦ
1541 585 1639 637 αἴρω.

1335 662 1398 688 276.
1427 648 1548 695 ἐπειδὴ
1567 651 1601 687 ἐν
1622 649 1822 702 Ἱππολύτῳ
1841 651 1924 702 [008]
1939 656 2040 689 τοῦτο
2055 645 2148 689 εἶπεν
2166 652 2316 705 Εὐριπί-

1284 707 1361 754 δης,
1379 710 1438 744 νῦν
1458 707 1709 758 εὖλαὸούμενος
1733 707 1827 760 λέγει
1848 708 1901 746 ὅτι
1920 711 1941 755 ἠ
1959 709 2046 762 φρήν
2068 725 2128 747 σου
2152 710 2318 760 ὀμώμοκε

1284 765 1344 802 καὶ
1364 767 1429 817 οὐχ
1447 768 1468 811 ἠ
1488 767 1641 817 γλῶττα.

1339 841 1403 867 277.
1434 829 1696 882 παρεπιγραφή.
1724 831 1942 867 ἕκκυκλεῖται
1979 829 2036 868 ἐπὶ
2054 829 2094 868 τὸ
2125 829 2188 874 ἔξω
2207 830 2246 868 τὸ
2265 824 2324 868 θέ-
2346 845 2377 869 10

1288 885 1486 939 σμοφόριον,

1341 958 1404 983 278.
1434 944 1490 982 ὅτε
1504 944 1628 995 ἔμελλε
1647 945 1801 994 γίνεσθαι
1819 945 2006 994 ἐκκλησία,
2023 948 2167 996 σημεῖον
2185 945 2326 984 ἐτίθετο.

1289 1002 1396 1046 οὕτως
1412 997 1468 1041 οὖν
1490 1003 1550 1040 καὶ
1574 1005 1642 1040 τῶν
1662 1006 1834 1054 γυναικῶν
1856 1005 2058 1054 μελλουσῶν
2088 1003 2329 1051 ἐκκλησιάζειν

1291 1062 1432 1112 σημεῖον
1453 1062 1595 1100 τίθεται.

1344 1132 1407 1157 279.
1438 1121 1596 1169 μιμεῖται
1615 1118 1678 1166 τὴν
1699 1119 1815 1172 φωνὴν
1835 1121 2007 1171 γυναικός.

1345 1190 1407 1216 282.
1438 1177 1567 1218 δυϊκόν.
1583 1177 1624 1215 τὸ
1643 1177 1775 1222 ἐντελὲς
1793 1178 2012 1231 περικαλλέε.

1347 1249 1410 1274 289.
1440 1238 1485 1279 ὡς
1512 1239 1573 1282 τῆς
1605 1237 1771 1289 θυγατρὸς
1801 1239 1905 1275 αὐτοῦ
1937 1238 2014 1275 κατ’
2033 1237 2215 1284 ἐπίκλησιν
2242 1237 2336 1279 οὕτω,

1294 1292 1523 1342 καλουμένης.
1545 1288 1612 1331 οἷον
1634 1294 1758 1345 βοίδιον
1779 1294 1800 1340 ἢ
1817 1295 1958 1347 χρυσίον
1975 1295 1997 1342 ἢ
2017 1295 2173 1348 μύρτιον.
2195 1295 2278 1340 ἴσως
2298 1296 2333 1334 δὲ

1295 1350 1335 1389 τὸ
1355 1352 1481 1390 αἰδοῖον
1501 1352 1540 1389 τὸ
1559 1353 1754 1403 γυναικεῖον
1773 1354 1975 1393 αἰνίττεται.

2352 1137 2383 1160 15

1350 1428 1415 1453 290.
1447 1415 1658 1461 ἀναισθήτου
1676 1416 1736 1453 καὶ
1755 1419 1889 1468 μωροῦ,
1905 1415 1962 1453 ἵνα
1982 1420 2094 1469 κρατῇ
2115 1418 2235 1456 αὐτοῦ.

1351 1486 1421 1511 291.
1451 1472 1509 1510 τὸν
1540 1473 1781 1525 παιδαρίσκον.
1815 1473 1898 1518 ἴσως
1929 1474 1965 1512 δὲ
1989 1475 2088 1528 παρὰ
2116 1475 2178 1522 τὴν
2206 1475 2338 1524 πόσθην

1300 1530 1384 1568 αὐτὸ
1415 1530 1612 1577 συνέθηκεν.
1646 1531 1723 1570 ἀντὶ
1753 1535 1813 1570 τοῦ
1842 1536 2028 1587 κατωφερῆ
2059 1533 2118 1572 τὸν
2152 1537 2232 1572 νοῦν
2272 1549 2338 1585 μου

1299 1588 1456 1635 ποίησον.

1354 1661 1419 1687 295.
1449 1647 1534 1699 γυνὴ
1554 1648 1753 1699 μιμουμένη
1774 1649 1923 1702 κήρυκα.

1355 1709 1442 1757 πεζῇ
1468 1707 1621 1759 εὐφημίᾳ
1647 1709 1802 1759 χρῶνται
1827 1709 1859 1745 οἳ
1878 1708 2046 1759 κωμικοὶ,
2070 1708 2210 1748 ἐπειδὰν
2237 1709 2342 1763 εὐχὴν
2362 1726 2397 1750 26

1303 1763 1325 1809 ἢ
1343 1762 1507 1816 ψήφισμα
1528 1765 1724 1816 εἰσάγωσιν.

1358 1835 1421 1860 298.
1451 1825 1497 1866 ὡς
1516 1824 1613 1875 ἀνδρὶ
1632 1827 1693 1869 τῆς
1713 1823 1948 1875 Περσεφόνης.

1359 1880 1493 1930 δαίμων
1519 1882 1600 1934 περὶ
1624 1881 1686 1928 τὴν
1715 1882 1925 1934 Δήμητραν,
1945 1881 1990 1930 ἣν
2022 1884 2294 1936 προλογίζουσαν
2313 1888 2348 1923 ἐν

1307 1945 1383 1987 ταῖς
1403 1945 1535 1998 ἑτέραις
1553 1946 1922 1998 Θεσμοφοριαζούσαις
1943 1946 2119 1995 ἐποίησεν.

1361 2017 1424 2041 299.
1456 2002 1524 2040 εἴτε
1541 2006 1583 2054 τῇ
1609 2007 1654 2055 γῇ
1673 2003 1740 2041 εἴτε
1757 2007 1800 2055 τῇ
1821 2005 1921 2058 ἑστίᾳ
1936 2035 1946 2053 ,
1963 2006 2090 2056 ὁμοίως
2105 2007 2173 2060 πρὸ
2189 2011 2248 2046 τοῦ
2269 2007 2348 2052 Διὸς
2367 2023 2403 2047 30

1309 2061 1445 2099 θύουσιν
1466 2063 1566 2113 αὐτῇ.

2355 1438 2390 1462 21»

1362 2133 1425 2158 311).
1457 2120 1526 2157 ἀπὸ
1545 2123 1658 2158 κοινοῦ
1680 2119 1833 2173 εὔχεσθε.

1364 2192 1427 2217 312.
1461 2181 1478 2216 ὁ
1494 2178 1594 2230 χορὸς
1615 2179 1684 2216 ἀπὸ
1702 2181 1875 2230 γυναικῶν
1893 2183 2251 2234 θεσμοφοριαζουσῶν.

1365 2256 1428 2281 324.
1459 2242 1518 2280 τὸν
1546 2242 1614 2281 ὑπὸ
1642 2246 1710 2281 τῶν
1747 2244 1885 2295 ἀνέμων
1918 2244 2134 2295 κινούμενον.
2166 2251 2286 2284 πᾶσαν
2315 2248 2351 2285 δὲ

1313 2301 1447 2348 κίνησιν
1464 2302 1629 2339 καλοῦσιν
1647 2296 1795 2355 οἶστρον.

1367 2379 1429 2404 327.
1460 2368 1482 2411 ἡ
1503 2369 1562 2403 τοῦ
1582 2366 1809 2409 Ἀπόλλωνος.

1369 2437 1432 2462 329.
1463 2423 1519 2460 ἐπὶ
1538 2423 1577 2461 τὸ
1593 2423 1777 2461 τελεστικὰ
1794 2422 1838 2461 τὰ
1857 2423 2052 2475 πράγματα
2068 2424 2238 2474 γενέσθαι.

1370 2484 1417 2525 εἷς
1435 2481 1531 2524 τέλος
1551 2481 1693 2531 ἄγοιμεν
1713 2481 1757 2518 τὰ
1775 2481 1931 2525 δόξαντα.

1371 2553 1433 2578 336.
1464 2539 1578 2591 φιλίαν
1599 2538 1749 2578 σπένδει.

2372 2320 2408 2344 33

1373 2617 1435 2642 339.
1467 2605 1505 2639 ἐκ
1534 2605 1595 2648 τῆς
1614 2602 1770 2652 κατάρας
1788 2605 1848 2647 τῆς
1878 2601 1934 2638 ἐπὶ
1954 2607 2024 2644 τοῖς
2053 2603 2355 2655 Πεισιστρατίδαις
2375 2619 2409 2643 40

1320 2660 1503 2712 γενομένης
1517 2664 1628 2697 ταῦτα
1642 2659 1842 2712 παρέμιξεν.
1899 2659 1990 2697 ἔοικέ
2003 2676 2079 2697 τινα
2099 2662 2358 2713 παραμιγνύναι

1321 2723 1389 2757 τῶν
1409 2718 1460 2770 ἐφ’
1482 2717 1603 2769 Ἱππίᾳ
1622 2717 1874 2769 ψηφισθέντων.

1375 2790 1436 2814 341.
1467 2781 1609 2813 κατεῖπε
1627 2775 1710 2827 πρὸς
1729 2775 1785 2812 τὸν
1807 2775 1988 2822 δεσπότην.

1377 2848 1439 2872 345.
1469 2833 1525 2871 ἵνα
1546 2835 1634 2884 αὐτῆ
1655 2833 1873 2884 συγγένηται.

1378 2912 1440 2937 340.
1470 2896 1569 2943 ἢκαὶ
1586 2896 1725 2948 δέχεται
1746 2898 1840 2949 δῶρα
1859 2897 1942 2950 παρ’
1961 2897 2101 2950 ἑταίρας
2123 2900 2180 2937 ἐπὶ
2200 2904 2250 2954 τῷ
2272 2917 2361 2954 προ-
2380 2916 2413 2943 45

1327 2957 1456 2996 διδόναι
1480 2956 1539 2994 καὶ
1559 2959 1787 3007 συγχωρῆσαι
1811 2958 1899 3007 αὐτῇ
1926 2956 1984 2994 τὸν
2005 2957 2114 3009 φίλον.
2138 2959 2308 3012 γράφεται
2327 2961 2364 2999 ἔν

1327 3032 1414 3054 τισιν
1433 3015 1553 3067 ἑταίρα
1573 3014 1633 3051 καὶ
1649 3014 1741 3052 ἔστιν
1759 3015 1871 3066 ἕτερος
1892 3018 1980 3057 νοῧς.
2065 3014 2210 3060 Ἄλλως.
2229 3018 2287 3055 ἐὰν
2302 3017 2364 3069 μὲν

1330 3075 1410 3113 ἄνευ
1435 3077 1495 3112 τοῦ
1518 3089 1527 3110 ι
1558 3088 1611 3124 γρ.
1632 3072 1772 3124 ἑταίρα,
1798 3072 1915 3115 οὕτως·
1944 3072 1967 3118 ἢ
1990 3072 2130 3124 δέχεται
2155 3075 2250 3127 δῶρα
2278 3075 2365 3129 ὑπὲρ

1329 3137 1387 3170 τοῦ
1409 3131 1526 3184 ἑταίρα
1543 3126 1629 3168 οὖσα
1648 3130 1847 3182 προδιδόναι
1863 3130 1923 3168 τὸν
1938 3130 2047 3182 φίλον.
2066 3130 2124 3168 ἐὰν
2142 3133 2178 3170 δὲ
2192 3132 2254 3170 σὺν
2271 3137 2320 3186 τῷ
2338 3150 2366 3181 ι,

1330 3188 1559 3242 προδιδοῧσάν
1577 3204 1652 3226 τινα
1678 3188 1818 3240 ἑταίραν
1838 3195 1895 3226 τον
1916 3190 2040 3234 ἑαυτῆς
2057 3190 2167 3241 φίλον.
2386 3205 2420 3230 50

1385 3267 1435 3292 347
1478 3257 1536 3290 τοῦ
1563 3252 1695 3290 &tio-0
1754 3268 1761 3273 ·
1799 3252 1808 3266 ⁸
1896 3251 1905 3267 “
1961 3250 1994 3265 “’
2071 3251 2080 3263 ’
2203 3269 2212 3276 “
2265 3254 2276 3269 “
2357 3256 2366 3270 “

1442 3284 1448 3291 .
1599 3282 1613 3296 ς
1664 3279 1673 3290 .
1698 3270 1728 3290 υ.
1755 3268 1836 3303 [σους
1868 3267 1935 3304 γαρ
1957 3266 2016 3290 ουο
2045 3251 2182 3304 ξεσται,
2204 3269 2303 3307 Αοευς
2332 3256 2373 3295 δε.

1335 3312 1364 3326 PU?

1299 3317 1304 3360 ί
1332 3329 1379 3357 ες.

1388 3385 1451 3409 359.
1483 3372 1695 3420 καταρᾶσθε.
