2533 3808
245 266 316 297 342

990 239 1241 278 SCHOLIA
1276 238 1335 276 IN
1370 238 1622 279 PLUTUM.

241 347 300 381 τοῦ
320 342 470 391 φάγοιτε.
492 339 529 368 V
551 334 662 405 ⁷1706v,
683 330 778 375 δίκην
804 327 938 381 τράγων
965 326 1040 369 τοὺς
1068 325 1181 378 ὄρχεις
1201 323 1275 361 λεί·
1336 327 1354 361 6
1377 324 1530 377 δεύτερος
1548 324 1778 377 τετράμετρος
1797 328 1919 364 καταλ·
1904 325 2068 374 ιηκτικὸς,
2086 328 2132 369 ὡς
2151 325 2194 364 τὰ
2214 326 2280 396 πρὸ
2296 337 2373 365 του-

240 414 331 451 χετε.
353 405 392 433 Ρ.
414 394 548 445 λείγετε
567 390 611 428 τὰ
628 391 741 427 αἰδοῖα
761 386 930 433 δηλονότι.
954 393 1011 424 Βι-

292 469 353 493 296.
383 449 584 504 θρεττανελὸ
607 448 664 486 τὸν
684 445 863 485 Κύκλωπα
892 458 900 481 :
933 444 979 480 Ω.
1006 440 1131 479 σαυτὸν
1151 439 1277 492 παρεί-

240 528 359 554 κασας.
378 518 418 547 Ρ.

203 589 218 612 5
399 565 617 619 βληχώμενοι
661 577 669 601 1
709 560 945 602 Αναὲοῶντες.
979 555 1233 598 καταλαὸόντες
1267 568 1275 592 ;

239 627 411 678 εὨσπερ’
397 630 522 663 εκεῖνον
542 626 559 660 6
580 620 786 665 Οδυσσεὺς,
804 617 1052 670 κρατήσαντες
1072 621 1112 649 P

292 699 355 724 298.
387 698 503 735 πηραν
532 681 656 732 ἔχοντα
689 693 697 717 :
729 676 915 721 Φιλοξένου
947 674 1020 713 ἐστὶ
1052 671 1276 724 παρηγμένον

240 745 299 782 καὶ
315 758 416 781 τουτο
439 740 477 779 τὸ
501 739 613 793 ῥητόν.
630 741 781 775 τοιοῦτον
799 734 865 787 γὰρ
894 734 950 771 τὸν
973 732 1152 771 Κύκλωπα
1178 729 1275 767 εἰσά-

240 817 310 852 γει,
341 814 456 851 πηραν
490 797 615 848 ἔχοντα
649 795 708 833 καὶ
746 793 803 831 ἐπι
834 791 943 842 ταύτῃ
984 789 1123 841 λάχανα
1158 788 1274 840 ἄγρια

240 863 351 897 ταῦτα
368 858 404 895 δέ
423 871 506 909 φησι
525 854 585 892 καὶ
604 853 648 891 τὰ
665 852 760 902 ἑξης.
779 854 823 894 ὡς
839 866 898 888 και
916 866 976 894 της
992 847 1197 901 τυφλώσεως
1214 848 1276 883 αὐ-

241 933 300 955 του
328 916 431 962 οὔσης
467 917 500 951 ἐν
529 916 577 950 τῶ
608 927 792 961 ποιηματι.
825 930 868 935 --
900 907 1043 949 Ἄλλως.
1077 908 1222 943 ἐνταυθα
1260 907 1276 941 6

191 875 223 899 16

241 973 386 1020 ποιητὴς
404 972 621 1023 παιγνιωδῶς
640 971 738 1021 ἐπιφε
731 968 792 1020 ’ρει
811 967 854 1004 τὰ
873 983 932 1003 του
954 964 1141 1008 Φιλοξένου
1163 963 1275 1001 εἰπόν-

240 1049 296 1076 τος
309 1031 423 1084 πήραν
438 1028 622 1082 βαστάζειν
637 1027 695 1065 τὸν
712 1025 905 1071 Κύκλωπα,
920 1023 1153 1074 καιλάγαναε
1141 1021 1275 1059 ἐσθίειν.

242 1091 330 1130 ούτω
340 1089 407 1142 γὰρ
421 1087 591 1133 πεποίηκε
602 1085 659 1123 τὸν
671 1100 731 1122 του
746 1083 964 1124 Κύκλωπος
953 1079 1167 1133 υποκριτὴνε
1155 1081 1198 1122 ἷς
1213 1077 1275 1124 τὴν

243 1147 373 1194 σκηνὴν
397 1145 632 1195 εἰσαγόμενον.
659 1142 812 1193 ἐμνήσθη
835 1140 870 1178 δὲ
892 1156 951 1178 και
971 1143 1032 1185 τ·7,ς
1051 1137 1274 1190 τυολώσεως,

240 1211 287 1251 ὡς
310 1206 413 1251 οὔσης
434 1206 466 1241 ἐν
487 1206 536 1240 τῶ
555 1201 740 1252 ποιήματι.
771 1215 881 1237 ταυτα
907 1197 942 1236 δὲ
969 1197 1084 1234 πάντα
1105 1194 1275 1247 διασύρων

240 1265 297 1303 τὸν
321 1262 506 1305 Φιλόξενον
535 1264 641 1305 εἶπεν,
670 1260 715 1301 ὡς
737 1257 784 1308 μὴ
809 1255 1032 1302 ἀληθεύοντα.
1061 1257 1078 1291 6
1103 1253 1170 1305 γὰρ
1201 1251 1276 1291 Κύ-

240 1320 397 1373 κλωψ,“
374 1336 418 1363 ως
437 1334 537 1372 φησιν
557 1316 736 1390 υΟμηρος,
754 1313 838 1367 κρέα
858 1314 972 1359 ἤσθιε,
989 1328 1048 1350 και
1066 1313 1102 1348 06
1119 1311 1276 1361 λάγανα·

242 1379 263 1416 ἃ
276 1379 387 1416 τοίνυν
407 1377 530 1430 ἔφησεν
549 1377 621 1412 ἒκει
636 1378 653 1412 6
673 1372 879 1419 Φιλόξενος,
897 1375 1007 1408 ταῦτα
1025 1373 1041 1408 6
1057 1368 1158 1421 χορὸς
1178 1370 1224 1411 εἷς
1239 1368 1278 1405 τὸ

243 1437 346 1488 μέσον
367 1434 538 1487 ἀναφέρει.
562 1437 652 1467 Junt.

293 1509 407 1545 πηραν
431 1507 440 1531 :
467 1490 672 1537 Σακούλιον,
704 1487 821 1540 ωσπερ
854 1489 992 1529 ἐκεῖνος.
1026 1484 1165 1536 λάχανα
1195 1497 1204 1523 Ζ
1237 1484 1275 1523 Ἃ

242 1556 384 1602 συνῆγεν
402 1553 526 1592 εκεῒνος
544 1550 589 1591 εἷς
605 1546 745 1600 τροφήν.
764 1545 908 1595 ἐμέθυσε
925 1544 991 1596 γὰρ
1010 1545 1137 1581 ἐκεῖνον
1156 1543 1278 1581 Ὀδυσ-

244 1610 334 1654 σεύς.
354 1607 520 1661 δροσερὰ;
536 1610 655 1659 Τρυιρε
641 1605 714 1658 ιρά.
732 1605 1010 1655 κραιπαλῶντας
1028 1601 1223 1641 Μεθύοντα.
1236 1609 1276 1638 Ρ

293 1684 352 1706 και
363 1667 640 1720 κραιπαλῶνταῖ
677 1662 769 1702 Ἀντι
786 1678 844 1700 του
862 1663 901 1699 ἐκ
920 1661 1025 1711 μέθης
1041 1662 1277 1706 ἀτακτοῦντα,

243 1726 428 1777 μεθύοντα,
443 1723 512 1761 ἀπὸ
524 1726 583 1760 τοῦ
600 1724 667 1759 τῶν
682 1719 824 1772 καιρίων
843 1719 1083 1789 σφάκὲἶλλεσθαι
1113 1745 1161 1750 --
1179 1733 1275 1770 κραι-

240 1784 335 1831 πάλη
356 1782 423 1835 γαρ
443 1785 464 1827 ἠ
484 1779 624 1833 χθεσινὴ
655 1778 741 1828 μέθη
762 1777 950 1830 καραπάλη
971 1793 1020 1819 τις
1040 1780 1137 1814 οὖσα.
1157 1784 1197 1813 V.

293 1856 355 1880 299.
384 1841 572 1891 ἡγούμενον
594 1852 603 1877 :
627 1837 930 1889 Προοδοποιουντα
949 1834 1097 1881 τούτοις,
1121 1838 1168 1877 οῖς
1187 1838 1279 1884 ἡμας

242 1899 449 1942 ἀπεικάζεις.
468 1906 505 1935 Θ.
528 1904 569 1933 Ρ.

293 1971 357 1996 300.
388 1958 461 2002 εἷκῆ
482 1970 491 1993 :
515 1953 661 1999 Μάτην,
681 1951 740 1989 καὶ
755 1953 800 1993 ὡς
819 1950 956 2002 ἔτυχεν·
974 1949 995 1996 ἢ
1017 1949 1183 2003 ἀκαίρως.
1203 1950 1278 1987 ὅθεν

241 2015 300 2054 καὶ
318 2017 460 2059 εἰκαῖος,
479 2015 495 2049 6
514 2011 670 2061 μάταιος.
687 2017 777 2045 Jnnt.

298 2074 384 2122 (εἷκῆ
407 2069 442 2108 δὲ
467 2066 729 2119 καταδαρθέντα
750 2080 765 2104 :-

241 2147 327 2176 που,
348 2133 392 2172 ὡς
411 2129 467 2166 τὸν
500 2125 702 2170 Κύκλωπα,
732 2123 768 2161 ὃν
801 2127 971 2174 μιμεῖται.
995 2128 1054 2161 τοῦ
1085 2123 1119 2161 δὲ
1148 2123 1278 2161 οἰκέτου

243 2187 448 2240 μνησθέντος
480 2189 538 2223 τοῦ
560 2183 771 2228 Κύκλωπος,
801 2185 830 2219 οἱ
859 2182 1014 2235 γέροντες
1042 2181 1228 2232 ἐπάγουσιν
1257 2181 1278 2218 ἃ

195 1163 222 1186 15

190 2032 223 2056 30

786 2066 849 2108 ξΩς
870 2065 958 2103 ἔοικε
976 2065 1278 2116 κατακοιμηθέντα

242 2251 347 2288 ἔπαθε.
373 2247 469 2298 παρὰ
490 2250 549 2284 τοῦ
574 2243 769 2286 Ὀδυσσέως
788 2246 805 2280 6
826 2243 1005 2295 Κύκλωψ.)
1028 2267 1080 2271 -
1108 2245 1281 2296 καταδαρ-

191 2325 223 2348 ssa
243 2309 342 2346 θέντα
361 2321 370 2346 1
391 2305 462 2345 Καὶ
482 2302 687 2342 ὓπνώσαντα
704 2301 960 2340 καταπεσόντα.
981 2310 1020 2339 P.

296 2380 358 2404 301.
387 2361 629 2416 [σφηκίσκοη]
645 2360 744 2404 ξύλον
761 2358 975 2409 ὠξυμμένον,
995 2359 1070 2397 ἐπεὶ
1084 2358 1143 2397 καὶ
1157 2361 1174 2396 6
1191 2359 1280 2411 σφὴξ

243 2424 318 2469 ὀξὺς
338 2425 376 2460 ἐκ
401 2425 467 2459 τῶν
489 2421 640 2458 ὄπισθεν.
727 2416 882 2467 (Ἄλλως.
905 2417 1111 2464 ἐπιτηδευτὴ
1142 2422 1162 2463 ἡ
1194 2417 1281 2461 λέξις

243 2498 341 2533 παρα
359 2481 416 2518 τὸν
436 2483 569 2531 σφῆκα·
588 2477 632 2514 τὰ
650 2475 716 2527 γὰρ
735 2474 854 2526 μακρὰ
871 2478 937 2512 τῶν
955 2475 1063 2519 ξύλων
1081 2491 1140 2512 και
1158 2478 1202 2518 εἷς
1225 2475 1279 2519 ὀξὺ

247 2537 441 2590 συνηγμένα
467 2535 675 2588 σφηκίσκους
704 2534 918 2578 καλουσιν,
903 2534 977 2570 επεὶ
1004 2533 1063 2570 καὶ
1093 2536 1123 2570 οἱ
1150 2549 1282 2604 σρηκες

194 2617 228 2640 40
247 2598 309 2644 τὴν
339 2595 470 2634 κοιλίαν
505 2589 845 2639 ἐπισυνέσταλμένην
871 2590 1022 2640 ἔχουσιν,
1051 2591 1162 2641 ἰσχνοὶ
1191 2591 1282 2633 ὄντες

247 2657 396 2695 ὄπισθεν.
429 2669 488 2691 και
508 2651 584 2694 τοὺς
607 2647 779 2700 λαγαροὺς
799 2646 834 2683 δὲ
863 2663 932 2690 τοις
960 2648 1118 2697 σώμασιν
1148 2649 1282 2699 ἀνθρώ-

247 2731 330 2758 πους
347 2729 406 2751 και
425 2711 472 2762 μὴ
491 2708 726 2762 προκοιλίους,
745 2704 936 2758 σοηκώδεις
953 2706 1084 2758 φασίν.)
1104 2727 1149 2732 —
1203 2706 1282 2743 Ἅλ-

247 2775 325 2815 λως.
348 2771 445 2815 ξύλον
462 2768 500 2806 τὸ
518 2784 578 2817 μεν
594 2766 695 2804 ἄνω.
683 2765 760 2816 3¹70v
781 2778 900 2813 παγυ,
919 2764 957 2801 τὸ
977 2763 1011 2801 δὲ
1029 2764 1124 2801 κάτω
1144 2764 1281 2802 λεπτόν.

247 2829 392 2872 Ἄλλως.
413 2831 457 2870 ὡς
479 2843 538 2864 και
552 2841 612 2871 της
625 2822 829 2862 τυφλώσεως
849 2836 906 2857 του
926 2821 1117 2864 Κύκλωπος
1133 2837 1251 2873 περικε
1237 2837 1284 2858 ..ι-

197 2905 229 2927 43
251 2889 354 2939 μένης
370 2889 404 2924 ἐν
419 2889 467 2938 τῷ
482 2884 664 2934 ποιήματι.
679 2890 718 2919 V.
738 2880 966 2936 (ἐκτυφλῶσαί
982 2880 1019 2917 σέ
1034 2895 1147 2932 φησιν,
1166 2883 1211 2922 ὡς
1227 2879 1283 2916 τὸν

254 2946 444 2989 Κύκλωπα,
461 2942 496 2980 ὃν
515 2944 632 2993 μιμῇ.)
655 2965 704 2969 -
725 2940 877 2991 ἡμμένον
900 2953 908 2978 :
934 2937 1168 2987 Κεκαυμένον.
1193 2952 1284 2989 σφη-

253 3004 395 3040 κίσκον;
418 3001 551 3039 Πάλον.
578 3008 617 3038 Θ.
645 3012 704 3040 Dv.
721 3005 759 3034 Ρ.
776 2999 892 3037 δαλόν.
909 3005 968 3034 Br.

305 3074 366 3098 302.
396 3058 484 3111 [ἐγὼ
503 3057 539 3095 δὲ
556 3056 618 3102 τὴν
640 3056 806 3108 Κίρκηνε
826 3055 989 3096 ’Έκθεσις
1009 3070 1070 3100 της
1085 3054 1206 3099 διπλῆς
1226 3068 1286 3090 συ-

255 3119 475 3167 στηματικῶν
508 3115 636 3166 στίχων
665 3113 724 3151 καὶ
758 3113 878 3151 κώλων
915 3112 1034 3150 εικοσι.
1069 3111 1134 3148 εἰσὶ
1165 3110 1198 3147 δὲ
1226 3113 1286 3147 τοῦ

204 3190 236 3214 50
255 3175 392 3228 πρώτου
414 3188 633 3222 συστηματος
655 3172 768 3223 στίχοι
788 3188 847 3209 και
873 3173 968 3209 κῶλα
993 3168 1092 3206 ἑπτά.
1118 3168 1246 3206 τούτων
1270 3170 1287 3204 6

255 3236 389 3285 πρῶτος
411 3230 639 3282 τετράμετρος
671 3229 929 3276 ἀκατάληκτος,
956 3231 1024 3265 οῖον
1050 3225 1088 3263 τὸ
1121 3241 1179 3263 του
1207 3225 1313 3263 ‘'zm-

256 3290 373 3335 καίου,

360 3406 438 3440 δέξαι
454 3414 489 3444 με
506 3403 705 3442 κωμάζοντα,
724 3402 822 3441 δέξαι,
840 3401 986 3440 λίσσομαί
1001 3411 1035 3431 σε
1046 3424 1053 3438 ,
1068 3400 1225 3438 λίσσομαι.

1311 3271 1313 3287 Ι

1311 3304 1313 3322 1

1336 398 1414 419 των·
1432 384 1449 419 6
1470 383 1504 419 δὲ
1527 382 1639 433 τρίτος
1662 383 1819 435 δίαετρος
1839 386 2088 432 ἀκατάληκτός·
2109 388 2126 423 6
2154 386 2188 423 03
2211 386 2372 438 τέταρτος

1334 439 1565 492 τετράμετρος
1595 443 1709 479 καταλ
1702 443 1850 488 ιηκτικὸς
1879 443 2004 493 ὁμοίως
2037 447 2087 496 τῷ
2116 443 2274 496 δευτέριν
2298 447 2315 482 6
2336 444 2372 482 δὲ

1340 497 1494 546 πέαπτος
1513 497 1637 546 ὁμοίως
1662 501 1711 548 τῷ
1730 500 1846 552 τρίτῳ·
1867 503 1916 537 6
1904 501 2000 544 ε’κτος
2032 502 2210 555 τρίαετρος
2235 502 2369 540 ἀκατά-

1335 557 1471 601 ληκτος·
1493 558 1510 592 6
1528 554 1562 592 δὲ
1579 555 1759 606 ἑὲδομος
1741 558 2173 610 οίμετροςκαταληκτικός·
2191 563 2237 603 ὡς
2256 561 2369 598 ἐκεῖνα
2386 567 2403 592 5

1334 629 1394 651 του
1415 612 1651 665 Ἀνακρέοντος

1561 709 1577 738 ὅ
1591 711 1644 752 μὲν
1658 711 1751 741 θέλων
1766 709 1918 750 μάχεσθαι
1930 733 1938 748 ,

1559 758 1688 799 πάρεστι
1705 758 1781 798 γὰρ,
1798 757 1959 797 μαχέσθω.

1335 839 1595 910 ἑφθημιυερῆ
1577 838 1612 877 03
1635 839 1679 876 τὰ
1699 841 1842 876 τοιαῦτα
1863 839 2044 888 καλεῖται,
2065 841 2111 883 ὡς
2136 845 2226 893 τρεῖς
2249 844 2371 895 ἔχοντα

1334 895 1441 940 πόδας
1470 914 1529 935 και
1550 897 1741 944 συλλαὸην·
1775 910 1831 934 επι
1851 899 1900 948 τῷ
1925 896 2016 934 τέλει
2041 899 2299 954 woepof-fpoefaoq]
2319 926 2370 931 —
2394 919 2426 942 ιο

1334 954 1397 1001 τ·7,ν
1422 956 1585 1008 Κίρκην
1599 955 1684 1002 Τὴν
1704 953 1830 994 Λαίδα.
1849 962 1889 991 Ρ
1907 957 2159 997 ἀνακυκῶσανε
2177 959 2374 1012 Ταράττου-

1336 1029 1410 1051 σαν.
1434 1027 1497 1055 Βυ
1520 1015 1768 1066 ταράττουσαν,
1787 1014 2008 1065 μιγνύουσαν.
2027 1022 2064 1052 Θ.
2083 1023 2122 1052 Ρ

1388 1085 1451 1111 303.
1483 1072 1634 1123 ἑταίρους
1662 1089 1721 1110 του
1742 1073 1968 1110 Φιλωνίδουῑ
1994 1072 2053 1120 (ΔΞ
2055 1088 2090 1110 ον
2116 1075 2224 1112 εἰπεῖν
2248 1075 2374 1114 Ὀδυο·Μ

1336 1130 1419 1173 σέως
1430 1160 1439 1176 ,
1456 1134 1473 1168 6
1490 1131 1525 1168 03
1542 1131 1738 1169 Φιλωνίδου
1759 1136 1845 1170 εἰπε.
1865 1132 2028 1168 κωμωδεῗ
2043 1130 2076 1161 Ρ
2063 1160 2077 1168 3
2092 1133 2192 1170 αὐτὸν
2209 1149 2255 1176 ως
2270 1133 2375 1171 πλού-

1337 1203 1408 1224 σιον
1428 1189 1487 1225 καὶ
1506 1189 1717 1241 παρασίτους
1737 1189 1859 1240 ἔχοντα
1881 1206 1940 1227 και
1961 1189 2017 1227 δια
2035 1190 2092 1227 τὸν
2114 1189 2279 1234 Amo&
2260 1206 2371 1243 ερωτα

1337 1248 1371 1283 ἐν
1398 1246 1555 1298 Κορίνθῳ
1584 1247 1758 1297 διάγοντα.
1787 1250 2006 1297 κωμωδειται
2028 1247 2062 1285 δὲ
2089 1264 2148 1285 και
2169 1251 2214 1292 ὡς
2240 1248 2372 1294 συιι3δης

1337 1302 1397 1340 σὺν
1429 1310 1498 1347 τοῖς
1520 1304 1666 1364 ἑταίροις
1702 1306 1826 1352 αὐτοῦ,
1855 1305 1910 1348 ους
1943 1305 2096 1357 κάπρους
2131 1322 2217 1345 ειπε.
2245 1306 2308 1353 τὴν
2337 1307 2373 1345 δε

1338 1359 1453 1399 Λαίδα
1475 1362 1607 1414 Κίρκην
1629 1366 1722 1408 εἰπε,
1745 1362 1820 1399 ἐπει
1845 1362 1923 1406 τοὺς
1949 1363 2098 1434 ἐραστὰς
2119 1364 2372 1417 ἓιραρμάκευεν.

1336 1417 1480 1463 Ἄλλως.
1510 1419 1627 1472 ὥσπερ
1653 1435 1712 1457 και
1741 1420 1873 1471 Κίρκην
1900 1437 1984 1472 φησι
2009 1421 2143 1466 παίζων
2168 1422 2230 1468 τὴν
2259 1420 2374 1461 Λαιδα

1338 1478 1612 1530 φαρμάσσουσαν
1638 1478 1715 1521 τοὺς
1740 1480 1901 1530 ἐρῶντας.
1927 1483 2097 1531 τροπικῶς
2121 1478 2155 1517 δὲ
2186 1480 2302 1525 παίζει
2329 1483 2375 1524 εἷς

2394 1211 2426 1236 15

1322 1535 1467 1583 ’ταύτην
1501 1538 1627 1575 ἐκεῖθεν
1658 1537 1752 1587 ἄγων
1773 1536 1835 1583 τὴν
1866 1537 2034 1589 ἱστορίαν·
2064 1539 2167 1584 δῆλον
2200 1537 2236 1576 δὲ
2257 1541 2296 1576 ἐκ
2314 1543 2374 1577 τοῦ

1337 1595 1416 1648 περὶ
1451 1596 1649 1634 Φιλωνίδου
1682 1596 1904 1649 διειληςρέναι.
1934 1597 2086 1649 κάπρους
2118 1597 2155 1635 δέ
2183 1613 2267 1650 φησι
2299 1597 2375 1641 τοὺς

1338 1654 1492 1705 ἑταίρους
1509 1660 1567 1692 τοῦ
1585 1655 1782 1694 Φιλωνίδου
1800 1658 1849 1708 τῷ
1867 1655 1937 1708 ὅλῳ
1955 1656 2030 1702 ἤθει
2042 1658 2064 1705 ,)
2087 1655 2108 1701 ἢ
2125 1659 2174 1707 τῷ
2193 1656 2377 1702 διαὸεὸλη-

1340 1713 1432 1762 μένῳ
1452 1715 1498 1755 ὡς
1518 1713 1640 1760 ὑώδης.
1671 1714 1730 1752 καὶ
1750 1718 1861 1752 ταῦτα
1883 1717 1928 1758 εἷς
1958 1715 2159 1761 Φιλωνίδην
2181 1714 2239 1752 τὸν
2267 1716 2376 1753 Μελι-

1337 1769 1419 1819 τέα,
1434 1773 1478 1813 ὡς
1493 1771 1551 1821 [06
1573 1772 1675 1822 μόνον
1697 1771 1817 1822 μέγαν,
1838 1772 1927 1809 ἀλλὰ
1947 1772 2028 1822 καὶ]
2048 1774 2167 1823 ἀμαθῆ
2188 1772 2247 1810 καὶ
2267 1771 2373 1819 ὓώδη.

1338 1828 1398 1866 καὶ
1418 1829 1619 1882 Νικοχάρης
1636 1831 1669 1866 ἐν
1689 1829 1864 1882 Γαλατείᾳ

1562 1915 1591 1946 τί
1609 1916 1672 1952 δῆτ’
1688 1915 1940 1955 ἀπαιδευτότερος
1956 1915 1982 1945 εἶ
1996 1914 2168 1946 Φιλωνίδου

1561 1965 1614 1992 τοῦ
1630 1963 1782 1997 Μελιτέως
1791 1972 1800 2000 ;

1338 2050 1499 2105 Ῐ[”Αλ.λιι)ς
1521 2054 1555 2089 ἐν
1579 2069 1621 2103 τη
1642 2068 1738 2105 νησω
1759 2054 1827 2089 τῶν
1851 2051 2117 2104 Λαιστρυγόνων
2142 2055 2163 2098 ἡ
2186 2052 2300 2122 Κίρκη
2320 2057 2374 2099 ἠν,

1338 2111 1454 2154 πάσας
1475 2113 1640 2161 γυναῖκας
1660 2112 1881 2162 παρελθουσα
1907 2109 2079 2160 μαγείαις.
2097 2109 2291 2161 προσέσχεν
2317 2115 2374 2148 οὐν

1339 2168 1527 2211 Ὀδυσσεὺς
1550 2171 1583 2206 ἓν
1602 2172 1643 2219 τῇ
1671 2184 1766 2219 νησω
1788 2167 1877 2218 μετὰ
1897 2167 1935 2205 τὸ
1956 2171 2075 2220 φυγεῖν
2094 2167 2151 2205 τὸν
2173 2162 2374 2215 Κύκλωπα,

1339 2244 1398 2266 και
1415 2227 1557 2279 πέμψας
1575 2226 1670 2270 τινὰς
1686 2229 1753 2264 τῶν
1776 2227 1904 2264 αὐτοῦ’
1897 2227 1990 2272 ιδειν,
2010 2226 2060 2268 τίς
2078 2225 2120 2263 ἂν
2138 2225 2225 2272 εἴης
2212 2227 2376 2273 ἐνταῦθα,

1340 2286 1464 2338 ἔρημος
1484 2285 1550 2337 γὰρ
1578 2288 1620 2331 ἠν
1641 2288 1658 2322 6
1679 2287 1806 2337 χῶρος,
1836 2283 1911 2321 ε’πει
1943 2283 2148 2326 ἀπελθόντες
2176 2287 2289 2330 ουτοι,
2317 2283 2377 2321 καὶ

1338 2344 1401 2390 τὴν
1425 2344 1557 2396 Κίρκην
1578 2342 1871 2416 εὓρόντες,χοῖροι
1886 2343 1944 2379 ὑπ’
1964 2343 2070 2388 αὐτῆς
2091 2340 2146 2378 διά
2162 2357 2251 2385 τινος
2269 2345 2376 2379 ποτοῦ

2394 2128 2429 2153 30

1339 2403 1533 2453 γεγόνασιν,
1555 2401 1657 2444 αὐτὸς
1677 2403 1723 2444 εἷς
1753 2400 1816 2447 τὴν
1837 2399 1966 2438 τούτων
1988 2399 2131 2452 ἀφίκετο
2151 2399 2306 2445 ζητησιν.
2323 2402 2375 2437 ἐν·
2396 2432 2401 2439 .

1340 2477 1454 2512 τυχων
1473 2464 1530 2497 οὖν
1553 2461 1587 2496 ἐν
1605 2463 1654 2511 τῷ
1676 2458 1772 2512 μέσω
1800 2475 1860 2504 της
1889 2459 1966 2496 ὁδοῦ
1986 2460 2036 2508 τῷ
2057 2457 2192 2509 εΕρμῇ,
2219 2473 2305 2495 και
2294 2458 2377 2510 παρ’

1341 2520 1444 2556 αὐτου
1471 2516 1590 2567 μαθων
1620 2517 1662 2554 τὰ
1686 2517 1766 2568 περὶ
1793 2519 1860 2553 τῶν
1887 2516 2043 2567 ἑταίρων,
2065 2531 2124 2552 και
2144 2514 2263 2551 λαὸων
2293 2515 2376 2567 παρ’

1342 2578 1446 2613 αὐτου
1466 2575 1503 2612 τὸ
1524 2577 1640 2624 μῶλυ,
1659 2574 1768 2620 ἥτιςέ
1754 2590 1845 2611 εστιν
1869 2573 2127 2624 ἀντιοάρμακος
2148 2573 2298 2623 βοτάνη,
2317 2573 2375 2610 τὸν

1341 2637 1401 2679 τ·7,ς
1432 2633 1565 2684 Κίρκης
1585 2626 1676 2669 οἶκον
1707 2647 1790 2668 κατε
1777 2630 1891 2668 έλαὸε·
1922 2630 2193 2701 ἐπιχειρησάσης
2225 2633 2282 2667 οὖν
2317 2633 2376 2667 καὶ

1343 2690 1442 2727 αὐτὸν
1463 2689 1506 2726 τὰ
1524 2689 1626 2739 ὅμοια
1647 2690 1790 2740 δρᾶσαι,
1808 2688 1846 2725 τὸ
1864 2687 1953 2740 ξίφος
1972 2687 2048 2724 κατ’
2071 2689 2175 2732 αὐτῆς
2193 2686 2375 2728 ἀνέτεινεν.
2397 2710 2431 2735 40

1343 2749 1416 2786 ὅθεν
1443 2747 1529 2794 αὐτ-7,
1558 2749 1746 2799 φοὸηθεῖσα
1766 2746 1843 2788 τούς
1863 2761 1898 2782 τε
1920 2745 2075 2797 ἑταίρους
2092 2746 2196 2782 αὐτοῦ
2210 2745 2295 2798 πρὸς
2312 2746 2375 2793 τὴν

1345 2807 1493 2859 ἀρχαίαν
1520 2805 1653 2857 μορφὴν
1676 2804 1957 2850 ἀποκατέστησε,
1978 2803 2036 2841 καὶ
2064 2803 2146 2856 πρὸς
2168 2803 2256 2853 μίξιν
2281 2806 2375 2857 αὐτῷ

1344 2865 1514 2902 συνελθεῖν
1552 2865 1595 2900 ἐτ-
1585 2861 1778 2912 εθύμησεν.
1810 2864 1827 2898 6
1859 2860 1893 2898 δὲ
1929 2877 1989 2898 και
1986 2860 2144 2933 ἐμίγη,
2179 2875 2238 2897 και
2269 2863 2378 2899 παῖδα

1344 2922 1444 2973 ἔσχεν
1466 2920 1499 2964 ἐξ
1521 2922 1627 2965 αὐτ-7ης
1653 2918 1866 2969 Ιηλέγονον,
1892 2918 1945 2970 ὑφ’
1968 2922 2006 2956 οὗ
2038 2919 2097 2956 καὶ
2127 2917 2268 2978 ὕστερον
2300 2922 2377 2958 κατ’

1345 2979 1483 3029 ἄγνοιαν
1502 2976 1649 3029 ἀνῃρέθη
1668 2976 1796 3028 κέντρω
1810 2976 1979 3028 τρυγόνος.
1998 2975 2104 3014 θέλων
2122 2980 2179 3014 οὖν
2199 2980 2217 3014 ὁ
2232 2977 2377 3024 ποιητὴς

1345 3039 1482 3089 σκωξιαι
1502 3036 1558 3073 τὸν
1580 3035 1792 3081 Φιλωνίδην,
1813 3034 1865 3072 ὅτι
1891 3036 1994 3072 αὐτοῦ
2015 3035 2082 3086 ἤρα
2101 3034 2244 3082 Λαῒς,’
2225 3052 2300 3074 αντι
2320 3052 2378 3074 του

1345 3096 1450 3132 εἰπεῖν
1470 3093 1546 3136 τοὺς
1567 3093 1718 3144 ἑταίρους
1738 3097 1795 3130 τοῦ
1823 3091 2036 3140 Ὀδυσσέως,
2057 3093 2253 3132 Φιλωνίδου
2273 3089 2379 3132 εἶπεν·

1346 3152 1421 3190 ἀντὶ
1441 3152 1475 3189 δὲ
1504 3155 1561 3189 τοῦ
1582 3153 1690 3188 εἰπεῖν
1715 3153 1748 3188 ε”ν
1769 3154 1810 3202 τῇ
1833 3150 1928 3203 νήσῳ
1949 3153 2018 3189 τῶν
2041 3150 2322 3203 Λαιστρυγόνων,
2343 3155 2381 3191 ἐν

1349 3210 1503 3262 Κορίνθῳ
1531 3210 1682 3262 εἴρηκεν,
1704 3212 1749 3252 ὡς
1773 3211 1843 3247 ἐκεῖ
1870 3213 1930 3256 τῆς
1961 3208 2090 3252 Λαΐδος
2113 3209 2306 3262 οἷκούσης.]]
2328 3233 2378 3240 —-

1347 3269 1414 3307 ἔδει
1443 3268 1477 3306 δὲ
1499 3269 1564 3321 ἄρα
1595 3268 1654 3305 καὶ
1675 3268 1731 3305 τὸν
1759 3267 1932 3307 Ὀδυσσέα
1961 3267 2098 3320 θανάτῳ
2123 3270 2318 3318 περιπεσεῖν
2398 3292 2431 3316 50

1312 3356 1313 3362 ι
1350 3327 1522 3377 μέμνηται
1542 3328 1633 3377 [τῆς]
1654 3326 1805 3378 ἱστορίας
1828 3326 1886 3364 καὶ
1906 3329 1923 3363 6
1943 3325 2136 3368 Ὀππιανὸς
2158 3327 2192 3363 ἓν
2212 3325 2378 3365 Ἁλιευτι-

1349 3389 1416 3423 κιῗιν
1441 3389 1472 3436 β.
1497 3397 1586 3427 Cant,
1612 3399 1635 3422 1.
1653 3385 1674 3431 ἣ
1695 3384 1770 3427 τοὺς
1789 3384 1940 3436 ἑταίρους
1958 3397 1966 3423 :
1983 3386 2055 3422 Τοῦ
2073 3383 2267 3428 Ὀδυσσέως
2282 3384 2375 3436 ὤφει-
