2517 3792
914 187 1122 226 SCHOLI
1132 187 1164 225 A
1201 187 1260 225 IN
1295 186 1545 226 PLUTUM.

179 277 328 327 σήμερον
362 275 498 326 ἔχουσιν
523 274 552 310 οἱ
579 271 741 324 Ἓὸραῖοι
769 271 886 310 ἐπάνω
914 289 982 309 των
1014 275 1210 325 τραπεζῶν.

177 338 245 372 τῶν
264 335 405 385 καρπῶν
425 331 486 374 τὰς
506 331 667 382 ἀπαρχὰς
693 331 727 367 ἐν
754 346 863 383 καιριι)
883 347 947 367 τινι
967 330 1108 373 ταύταις
1135 333 1211 367 ἀνε-

179 392 350 445 κρέμνων,
367 392 399 427 ἐν
421 388 455 426 δὲ
468 388 573 441 ἑτέρῳ
591 388 716 426 ἔκαιον.
735 396 774 426 Υ.
790 388 944 425 παλαιὰν
965 402 972 427 :
995 388 1210 440 Κατάξηρον.

181 448 375 502 εἰρεσιώνην
417 461 425 485 2
469 446 606 485 Κλάδον
648 449 662 484 ἐ

142 517 159 542 5
178 505 341 546 κλάδονηιι
323 522 344 551 η
362 504 529 557 στέφανον
547 504 579 548 εξ
598 504 724 542 ἀνθέων
745 521 765 549 η
784 505 919 542 κλάδων
942 503 1211 553 πεπλησμένων.

177 567 264 604 Θ.σ
243 562 421 616 στέφανον,
440 562 528 600 κλάδ
511 578 565 600 ον
587 562 716 606 ἐλαίας.
746 572 805 601 Dr.
831 563 997 600 καύσεται
1024 576 1032 602 :

176 621 309 660 καύσει.
332 629 369 658 R.

231 694 310 719 1055.
341 679 419 731 [ποῖ
444 678 553 716 τάλαν
579 692 586 718 :

178 737 366 780 ἀκολασίας
386 738 489 775 τόπον
513 737 693 783 ζητούσης.
719 761 769 765 -
792 737 847 774 διὰ
866 737 1024 788 χρόνου;

128 807 160 831 10
176 797 250 834 λοῦ.
276 795 361 848 πρός
380 811 421 845 με
446 808 454 834 2

177 870 277 906 φεται
300 856 381 897 παῖς
386 869 432 892 αι.
456 861 497 892 Ρ.
521 853 590 890 ἀπὸ
610 856 696 890 τοῦ
686 852 799 897 παίζω
822 858 905 896 παῖς
909 868 958 890 αι.
981 852 1018 888 τὸ
1035 851 1070 888 δε
1089 857 1215 887 παῖσαι

666 446 766 489 λαίας
796 446 908 498 ξηρόν.
943 455 1007 484 LB.
1079 447 1212 484 ἐλάϊνον

1059 563 1133 600 ἀντὶ
1154 565 1213 599 τοῦ

614 680 667 719 Τὸ
694 686 753 718 ποῖ
782 679 995 717 σκωπτικόν·
1020 680 1120 724 δηλοῖ
1147 677 1213 728 γὰρ

1044 737 1110 774 Διὰ
1128 736 1214 772 πολ-

480 795 538 837 Εἴς
563 811 617 844 με.
638 801 791 833 παῖσαι;
813 795 894 833 Ἀπὸ
912 799 970 832 τοῦ
993 794 1109 842 παίω,
1129 791 1215 844 γρά-

178 912 246 950 ἀπὸ
269 916 328 950 τοῦ
345 912 439 949 παίω
435 911 507 971 ἐφ’
533 911 661 963 ἑτέρου.
684 919 725 949 Υ.
747 910 867 954 παῖξαι
893 911 1066 952 Ἀττικιι.1ς
1089 911 1135 949 Θ.
1157 910 1217 946 ποῖ

177 970 286 1008 τάλαν
308 984 317 1009 t
337 972 413 1009 Οὐκ
431 973 458 1007 ὠ
476 969 538 1006 αθ)
543 985 583 1007 ιε
603 968 688 1019 LB.]

233 1042 312 1067 1050.
343 1027 485 1065 παιδιὰν
505 1026 582 1063 τίνα
603 1040 610 1064 :
631 1025 754 1068 Οὕτως
776 1026 922 1063 Ἀττικοὶ
943 1024 1215 1078 βραχυκαταλῆ-

128 1099 160 1124 15
179 1102 267 1129 κτως
285 1085 344 1123 καὶ
373 1084 611 1137 παροξυτόνως
630 1083 687 1120 ἐπὶ
715 1087 775 1122 τοῦ
802 1084 975 1135 παιγνίου.
1001 1108 1052 1113 -—
1080 1086 1182 1121 αὐτοῦ
1206 1097 1214 1122 :

178 1145 368 1184 Ἐνταῦθα.
386 1152 448 1181 Dv.
470 1144 503 1179 ἐν
523 1143 616 1194 αὐτῷ
629 1144 678 1194 τῷ
694 1142 803 1195 τόπῳ.
818 1150 860 1180 Ρ.
882 1142 994 1194 κάρυα
1012 1157 1020 1182 2
1041 1143 1214 1196 Καρύδια.

177 1201 316 1240 παιδιὰν
333 1200 409 1238 τίνα
428 1213 437 1238 z
457 1200 622 1250 Παίγνιον
645 1200 813 1239 ποταπόν.
834 1209 900 1239 LB.

232 1273 311 1311 1057.
340 1258 467 1301 πόσους
491 1258 579 1310 ἔχεις
596 1258 736 1302 ὀδόντας
755 1272 762 1297 :
785 1258 870 1297 Δέον
891 1261 998 1296 εἰπεῖν
1018 1258 1150 1308 κάρυα,
1169 1252 1218 1295 εἶ’-

177 1334 240 1356 πεν
259 1316 416 1363 ὀδόντας,
437 1319 481 1359 ὡς
501 1317 585 1368 πρὸς
613 1320 734 1369 γραῦν.
756 1340 801 1345 --
820 1320 919 1354 τοῦτο
947 1316 1029 1368 παρ’
1057 1318 1217 1354 ὑπόνοιαν

125 1391 161 1416 20
180 1370 253 1414 εἷπε
269 1375 448 1427 κωμῳδῶν
470 1374 575 1419 αὐτὴν
594 1377 638 1418 ὡς
653 1374 744 1412 πάνυ
760 1375 883 1426 γραίαν
897 1390 904 1398 ·
926 1374 994 1412 ἔδει
1014 1374 1081 1426 γὰρ
1097 1376 1216 1422 εἰπεῖν,

177 1434 270 1473 πόσα
292 1435 328 1471 ἐν
352 1432 472 1485 χερσὶν
493 1433 581 1484 ἔχω,
603 1433 722 1485 ὥσπερ
750 1433 889 1471 εἰώθασι
909 1432 1020 1484 λέγειν
1042 1436 1073 1471 οἱ
1093 1432 1136 1470 τὰ
1157 1433 1216 1485 ἅρ-

178 1509 236 1530 τια
260 1491 409 1545 περισσὰ
439 1491 629 1535 παίζοντες.
660 1500 749 1529 .Ιι11]ῑ.
837 1490 1007 1541 (Ἄλλως.)
1039 1491 1114 1528 ἀντὶ
1139 1494 1218 1537 τοῦ,

177 1550 270 1588 πόσα
286 1550 376 1602 ἔχεις
394 1549 520 1602 κάρυα.
539 1549 662 1587 παιδιὰ
678 1550 745 1602 γάρ
766 1552 839 1588 ἐστι
861 1549 1003 1596 τοιαύτη
1015 1566 1022 1573 ·
1042 1549 1218 1601 δραξάμε-

178 1607 233 1651 νός
249 1624 299 1651 τις
326 1608 464 1659 καρύων
494 1608 553 1646 καὶ
574 1608 726 1651 ἐκτείνας
750 1608 812 1654 τὴν
838 1614 939 1660 χεῖρα
972 1610 1103 1660 ἐρωτᾷ,
1125 1607 1217 1645 πόσα

126 1679 161 1704 25
180 1665 270 1718 ἔχω;
291 1666 351 1703 καὶ
372 1666 430 1704 ἐὰν
452 1666 618 1718 ἐπιτύχῃ,
633 1666 807 1715 λαμὸάνει
823 1666 889 1704 ὅσα
906 1666 978 1718 ἔχει
997 1669 1032 1704 ἐν
1046 1670 1089 1718 τῇ
1110 1666 1216 1719 χειρί·

179 1725 238 1762 ἐὰν
263 1723 298 1762 δὲ
322 1723 462 1777 ἁμάρτῃ
483 1724 573 1762 κατὰ
590 1724 653 1771 τὴν
670 1725 864 1777 ἀπόκρισιν,
887 1725 1039 1763 ἀποτίνει
1062 1724 1126 1762 ὅσα
1144 1725 1185 1761 ἂν
1202 1729 1218 1763 6

179 1782 357 1835 ἐρωτήσας
384 1782 534 1835 εὑρεθείη
562 1783 651 1834 ἔχων
677 1785 712 1821 ἐν
731 1786 774 1835 τῇ
802 1783 907 1836 χειρί.
933 1808 979 1813 —
998 1782 1177 1834 γνώσομαι
1206 1798 1215 1822 t

178 1840 355 1892 Γνωρίσω.
373 1848 414 1879 Ρ.

233 1912 312 1938 1059.
342 1898 506 1937 ἀπότισον
529 1912 538 1938 :
563 1898 722 1946 Ἀπόδος,
744 1902 935 1946 ἡττηθεῑσα
964 1899 1003 1937 τὸ
1024 1915 1217 1952 συμπεφω-

128 1971 162 1996 30
179 1956 339 2008 νημένον.
359 1964 426 1996 LB.
442 1958 579 2002 ἀπόδος.
593 1960 640 1997 Θ.
657 1959 964 2004 συνθηκοποίησον.
988 1966 1023 1997 V.
1044 1958 1190 2011 γόμφιον
1208 1972 1216 1997 :

179 2016 338 2054 Γονιαῖον
353 2016 486 2054 ὀδόντα.
504 2017 550 2055 Θ.
570 2024 638 2055 LB.
659 2017 828 2067 γωνιακὸν
849 2016 985 2056 ὀδόντα.
1009 2025 1073 2055 Dv.
1092 2027 1134 2057 P.
1157 2032 1218 2070 :po—

182 2079 232 2126 ρεῖ
255 2087 263 2112 :
282 2073 403 2126 Φέρει.
423 2075 470 2113 Θ.

236 2145 315 2171 1060.
344 2132 532 2170 ταλάντατ’
560 2145 569 2170 :
601 2132 820 2170 Ἀθλιώτατε.
842 2134 889 2171 Θ.
920 2132 1084 2183 ὑγιαίνειν
1111 2147 1120 2171 :
1147 2134 1217 2172 Τὸν

182 2193 269 2228 νοῦν.
290 2198 351 2230 Dv.
373 2194 474 2241 ὑγιῶς
492 2190 582 2242 ἔχειν
599 2190 656 2228 τὸν
674 2195 767 2229 νοῦν.
792 2199 834 2229 Ρ.

130 2259 164 2284 :35
237 2261 317 2286 1061.
348 2247 475 2285 πλυνόν
497 2263 540 2297 με
559 2263 666 2285 ποιων
690 2262 697 2286 :
718 2248 949 2300 Ἐ’ρύὲριστον
972 2249 1108 2298 πλῦμα
1126 2250 1219 2286 πλυ-

182 2305 236 2348 νὸς
256 2305 291 2343 δὲ
317 2305 480 2349 ὀξυτόνως
499 2306 538 2343 τὸ
570 2308 707 2356 ἀγγεῖον
729 2306 831 2352 αὐτο,
857 2305 1100 2358 παροξυτόνως
1126 2305 1161 2344 δε
1181 2307 1220 2344 τὸ

182 2362 410 2412 πλυνόμενον.
432 2386 482 2391 -
495 2364 622 2401 πλυνόν
643 2378 651 2402 2
668 2363 918 2417 Ἐ’ρύοριστον·
937 2363 1062 2407 πλυνος
1076 2364 1217 2411 λεκάνη.

184 2430 247 2459 Dv.
269 2421 408 2471 ἄτιμον·
428 2423 553 2465 πλυνὸς
569 2421 636 2474 γὰρ
655 2426 676 2468 ἡ
695 2422 823 2469 λεκάνη
842 2424 876 2459 ἐν
896 2417 919 2473 ἧ
935 2421 978 2459 τὰ
999 2422 1122 2472 ἱμάτια
1137 2426 1220 2461 πλυ-

184 2477 310 2529 νόμενα
328 2481 449 2531 ἀφιᾶσι
468 2479 525 2517 τὸν
547 2479 665 2532 ῥύπον.
687 2482 734 2519 Θ.
754 2480 888 2530 ἄτιμον.
913 2487 981 2518 LB.
1003 2480 1219 2533 ἐρύὸριστον,

134 2550 168 2575 «ο
186 2536 500 2587 καταπεπλυμένην
518 2537 661 2575 ὀνείδεσι
686 2538 745 2575 καὶ
763 2544 1028 2591 μυκτηρισμοῖς.
1050 2546 1112 2577 Br.
1138 2540 1221 2592 ἐφύ-

186 2593 325 2646 ὅριστον
355 2594 432 2641 ἤτοι
462 2595 824 2646 καταπεπατημένην.
857 2604 899 2635 Ρ.
935 2599 1132 2651 καταγελᾷς
1162 2597 1220 2636 τὸν

187 2651 384 2701 ἀσχήμονα.
412 2660 447 2692 V.

242 2722 318 2746 1062.
347 2709 442 2748 ὄναιο

187 2773 254 2803 Dv.
273 2766 448 2805 ἐκπλύνειε

469 2723 479 2750 z
511 2710 660 2763 ὠφελείο.
654 2726 679 2754 ς
706 2710 1140 2774 τύχοις.1ἶ.ὠφεληθείης.
1167 2714 1217 2752 Θ.

473 2781 482 2806 :
509 2769 743 2821 κακεμφάτως
765 2770 835 2819 (ἐπι
866 2771 1057 2821 συνουσίας)
1082 2775 1157 2809 εἰπε
1181 2771 1220 2810 τὸ

136 2833 171 2858 45
190 2821 368 2860 ἐκπλύνειέ
384 2838 436 2862 σε.
464 2833 504 2864 R.
526 2833 567 2864 V.
590 2828 815 2880 ἀποκαθαρεῖ.
835 2827 892 2865 ἐπὶ
923 2830 1104 2873 συνουσίας
1127 2834 1219 2868 εἶπεν

190 2878 368 2916 ἐκπλύνειε
387 2896 438 2919 σε.
465 2890 506 2920 Ρ.
526 2885 677 2935 αἰσχρῶς
692 2884 830 2931 νοητέον
849 2901 888 2923 το
908 2886 1088 2925 ἐκπλύνειε
1109 2903 1146 2925 σε
1165 2888 1222 2926 ἐπὶ

191 2935 365 2975 συνουσία.
387 2939 432 2977 Θ.

246 3007 324 3033 106³.
354 2997 594 3042 καπηλικιι1ς’
575 3012 674 3049 εχειζ
696 3000 786 3038 Ἀντι
803 3005 864 3039 τοῦ
878 2988 1009 3056 πανουρ
1012 3006 1131 3054 γικῶς·
1149 3005 1223 3043 ἐπει

192 3053 223 3088 οἱ
242 3051 394 3098 κάπηλοι
423 3053 551 3105 (χρίειν
570 3056 629 3092 καὶ
650 3058 825 3096 ἀναποιεῖν
852 3059 896 3096 τὰ
922 3060 1045 3109 ιμάτια
1069 3062 1220 3101 εἰώθασι.

139 3124 174 3149 50
192 3108 263 3158 και)
284 3108 342 3146 τὸν
359 3113 446 3147 οἶνον
465 3109 501 3148 δὲ
516 3112 750 3161 ὀνθυλεύουσι,
772 3117 1024 3167 συμμιγνύντες
1046 3121 1141 3172 αὐτῷ
1158 3136 1223 3158 σα-

191 3166 290 3219 πρόν.
316 3190 369 3196 --
396 3172 626 3218 κομμωτικῶς
653 3187 712 3209 και
740 3175 1013 3225 ἐψιμυθισμένως
1041 3178 1134 3228 ἔχει,
1164 3179 1223 3216 καὶ

192 3225 230 3261 06
249 3223 311 3270 τὴν
336 3225 427 3263 κατὰ
455 3226 556 3279 φύσιν
587 3228 707 3280 χροιὰν
739 3230 889 3281 ἔχουσα,
922 3235 1012 3271 ἀλλὰ
1041 3236 1137 3273 νόθον
1164 3237 1223 3274 καὶ

192 3281 303 3329 ξένην.
324 3284 370 3322 Θ.
388 3292 483 3323 Junt.
504 3286 542 3322 06
573 3286 674 3331 δῆθε
692 3289 876 3338 Οὐδαμῶς.
903 3299 965 3329 Dv.
985 3294 1220 3338 καπηλικῶς;

193 3341 441 3391 Κομμωτικῶς
475 3342 620 3395 ὀφείλων
653 3345 828 3384 κάνταῦθα
866 3348 986 3396 εἰπεῖν,
1022 3353 1224 3397 καπηλικῶς

2226 199 2299 232 379

1267 272 1372 309 πάλιν
1400 265 1474 309 εἶπε
1498 271 1644 316 παίζων.
1666 278 1728 310 Ι.Β.
1748 275 1996 325 πανουργικῶς.
2013 287 2054 318 p.
2084 274 2156 327 ἔχει
2185 290 2194 315 :
2214 277 2300 316 Διά-

1268 346 1391 369 κειται.
1416 341 1477 370 Do.

1327 403 1404 429 1001.
1435 393 1654 428 ἐκπλυνεῖται
1675 402 1683 427 ;
1706 388 1951 435 Ἐκπλυνθείη.
1974 397 2040 430 LB.
2062 392 2300 432 ἇποπεσεῖται.

1269 454 1386 486 Paris.

1325 520 1401 545 1065.
1432 506 1508 558 ὄψει
1538 504 1719 550 κατάδηλα
1751 517 1758 542 :
1789 504 1912 555 Θεάση
1943 506 2020 544 λίαν
2053 508 2198 561 φανερά,
2231 517 2299 549 LB
2318 524 2336 548 5

1811 562 1868 600 Ιὰ
1885 564 2026 616 φανερά.
2048 573 2088 602 Ρ.
2110 568 2152 604 τὰ
2174 568 2297 620 ῥάκηῑ

1269 621 1329 664 τὰς
1347 622 1495 674 ῥυτίοας.
1516 634 1553 663 R.
1572 636 1632 662 τας
1655 619 1790 671 ρυτίοας
1807 619 1867 662 τὰς
1891 622 2124 668 ἐπιδιπλώσας
2143 631 2202 664 τοῦ
2226 629 2260 665 δε
2247 628 2303 681 [ρ-

1271 695 1389 728 ματος.
1410 682 1456 719 Θ.
1479 679 1582 729 ἤγουν
1600 694 1659 720 τας
1677 677 1825 729 ρυτίδας.
1844 685 1906 715 LB.
1927 681 1987 733 ρυτ
1992 679 2162 720 ιδώυιατα
2182 693 2222 723 P
2243 687 2304 738 §¹⁴⁵²-

1269 752 1326 779 κος
1346 753 1384 774 το
1403 735 1645 809 διερρηγμένον
1663 735 1819 785 ἱμάτιον·
1846 741 2086 789 μεταφορικῶς
2113 735 2170 778 οὖν
2201 759 2304 795 φησιν

1271 796 1417 832 ἐνταῦθα
1446 795 1553 847 ράκη,
1577 794 1682 844 ἤγουν
1710 810 1770 837 τας
1795 794 1934 865 ρυτίοας
1964 799 2023 833 τοῦ
2057 798 2303 852 διεφθαρμένου
2327 813 2359 837 10

1272 855 1358 891 αὐτ·
1341 871 1376 899 ης
1394 853 1580 906 προσώπου
1600 852 1666 890 ὑπὸ
1682 857 1742 889 τοῦ
1759 868 1884 904 γηρως.
1902 862 1963 892 LB.

1327 926 1404 951 1066.
1436 912 1599 963 ὑγιαίνειν
1623 925 1631 950 :
1655 911 1781 962 εΥγιῶς
1799 910 1901 962 ἔχειν.
1922 920 1983 950 Dv.

1327 984 1406 1010 1067.
1435 977 1539 1022 πειρᾷ
1567 984 1574 1008 :
1607 970 1832 1013 Συνουο-ιάζει
1852 986 1902 1008 σε.
1922 978 1989 1008 LB.
2008 972 2151 1012 συνεύει.
2169 977 2216 1015 Θ.
2246 986 2306 1015 Dv.

1272 1036 1312 1066 P.
1330 1028 1466 1066 τιτθίων
1491 1043 1499 1067 2
1523 1031 1603 1067 'low
1623 1044 1777 1078 μαστων.
1799 1036 1865 1066 LB.
1883 1030 1929 1067 Θ.
1947 1037 2011 1067 De).
2037 1038 2078 1070 P.

1328 1101 1405 1126 1069.
1436 1089 1481 1158 ιῖ1ς
1503 1086 1613 1140 πόρνη
1634 1086 1695 1133 τὴν
1727 1086 1929 1138 Ἀφροδίτην
1961 1087 2118 1137 ὄμνυσιν.
2147 1107 2213 1128 των
2240 1109 2307 1143 μα·
2331 1106 2362 1131 15

1274 1161 1364 1183 στιι1ν
1388 1145 1590 1198 ἐφάπτεται.
1614 1145 1803 1196 ἀναίτχυιτ
1806 1161 1840 1191 ε,
1858 1144 1976 1194 ὶάγνε.
1995 1148 2040 1185 Θ.
2059 1149 2121 1185 οὐκ
2137 1151 2221 1198 ἐυ.οῦ
2244 1152 2307 1203 γ

1274 1203 1503 1256 Ἐφάπτεται.
1524 1203 1692 1255 βοελυρε·
1685 1235 1693 1242 .
1714 1201 1846 1249 Μισητ
1822 1219 1868 1249 .ε,
1888 1204 2105 1256 ἅναίσχυντε.
2117 1217 2190 1247 ·.LB

1330 1276 1407 1301 1070.
1438 1277 1467 1299 ει
1483 1261 1630 1315 ηψάμην
1646 1278 1714 1299 των
1733 1261 1880 1298 τιτθίων.
1901 1269 1939 1299 Β.
1957 1279 2020 1309 την

1269 562 1369 615 ὄρεα
1389 565 1548 606 Θεάσεις.
1576 562 1785 607 κατάδηλα;

2043 1264 2254 1313 Ἑκάτην
2215 1273 2311 1314 οὗτος

1273 1322 1318 1362 ὡς
1349 1319 1495 1372 σώφρων
1526 1321 1679 1371 ὄμνυσιν.
1708 1321 1753 1358 Θ.
1782 1322 1828 1362 ὡς
1849 1319 2007 1373 σώφρων.
2037 1332 2100 1361 Dv.
2126 1327 2163 1363 06
2184 1328 2271 1374 δῆτα
2299 1343 2308 1367 t

1273 1379 1448 1428 Οὐδαμῶς
1465 1378 1664 1432 ἐφάπτομαι
1682 1380 1798 1424 αὐτῆς.
1822 1387 1888 1417 LB.
2331 1397 2365 1423 20

1330 1450 1406 1475 1071.
1437 1438 1498 1474 οὐκ
1516 1439 1560 1474 ἐῶ
1583 1450 1590 1475 :
1610 1439 1687 1476 Οὐκ
1711 1437 1844 1489 ἐφίημι.
1872 1446 1938 1476 LB.
1960 1440 2021 1476 οὐκ
2038 1440 2141 1478 ἐάσω.
2168 1451 2230 1481 Dv.
2251 1444 2313 1490 τὴν

1275 1494 1423 1547 μείρακα
1448 1509 1456 1532 t
1477 1494 1600 1539 Παίζει
1620 1495 1770 1547 μείρακα
1784 1495 1847 1541 τὴν
1864 1500 1972 1548 γραῦν
1987 1499 2176 1549 ὀνομάζων.
2191 1503 2235 1540 Θ.
2250 1503 2313 1549 τὴν

1273 1557 1393 1605 γραῦν.
1415 1562 1481 1591 LB.

1330 1624 1407 1649 1072.
1439 1612 1618 1664 ὑπερφιλῶ
1649 1625 1658 1650 :
1690 1611 1779 1650 Λίαν
1809 1613 1898 1664 φιλῶ
1931 1613 2051 1659 αὐτήν.
2088 1624 2154 1654 LB.
2184 1618 2269 1672 ὑπὲρ
2301 1633 2311 1659 :

1273 1668 1376 1708 Λίαν.
1396 1678 1456 1707 Βυ.
2332 1688 2365 1713 25

1329 1740 1408 1765 1073.
1438 1727 1472 1764 τί
1488 1733 1674 1779 κατηγορεῖ
1696 1741 1704 1766 :
1725 1727 1840 1777 Ἐμοῧ
1857 1731 1878 1774 ἡ
1899 1733 2017 1781 γραῦς.
2035 1739 2102 1769 LB.

1328 1798 1406 1823 1074.
1437 1785 1601 1836 ὑὸριστὴν
1621 1798 1630 1823 2
1652 1785 1828 1830 Ἀλαζόνα.
1852 1797 1919 1828 LB.

1329 1857 1406 1883 1075.
1435 1843 1546 1881 πάλαι
1564 1845 1641 1881 ποτ’
1660 1838 1748 1889 ἦσαν
1770 1844 1909 1895 ἄλκιμοι
1932 1846 2099 1892 Μιλήσιοι
2120 1861 2128 1886 :
2145 1849 2233 1894 τινὲς
2249 1852 2316 1895 τοῖς

1274 1902 1444 1955 Κυπρίοις
1474 1901 1558 1955 φασὶ
1577 1905 1677 1940 τοῦτο
1699 1905 1842 1955 ῥηθῆναι
1867 1905 2084 1955 βουλομένοις
2117 1906 2208 1958 ἔχειν
2229 1924 2316 1959 συμ-

1274 1960 1417 2011 μάχους.
1438 1963 1476 1999 R.
1498 1961 1544 1999 Θ.
2336 1983 2370 2008 30

1327 2032 1406 2057 1076.
1436 2018 1475 2055 τὸ
1492 2017 1525 2055 τί
1545 2031 1553 2055 :
1577 2019 1623 2056 Οἱ
1639 2018 1908 2070 χαλεπαίνοντες
1929 2019 2036 2064 οὕτως
2055 2020 2189 2072 ἔλεγον,
2210 2024 2248 2062 τὸ
2266 2026 2313 2064 τί,

1273 2100 1325 2105 —
1341 2076 1409 2127 ἐγὼ
1426 2090 1433 2114 ;
1450 2078 1600 2114 Οὐκοῦν.
1616 2078 1653 2114 06
1670 2081 1854 2128 μαχοῦμαι
1872 2092 1880 2116 :
1898 2080 1950 2117 06
1962 2080 2237 2131 διενεχθήσομαι.
2251 2092 2312 2120 De).

1274 2136 1326 2173 06
1343 2134 1556 2186 μαχέσομαι.
1572 2142 1639 2174 LB.
1654 2138 1682 2173 εἷ
1695 2136 1810 2187 βούλει
1821 2136 1940 2173 λαέεῖν
1951 2137 2079 2185 ταύτην
2092 2141 2138 2182 εἷς
2150 2144 2312 2191 γυναῖκα.

1274 2195 1320 2232 Θ.
1335 2192 1373 2230 τὸ
1390 2192 1422 2229 τί
1442 2207 1450 2231 :
1467 2194 1519 2230 06
1542 2194 1679 2245 μαχέσῃ
1702 2195 1797 2244 ἐμοί;
1819 2204 1884 2233 LB.

1330 2264 1408 2289 1077.
1439 2251 1684 2301 αἰσχυνόμενος
1715 2267 1723 2291 :
1744 2253 2029 2306 Ἐντρεπόμενος,
2052 2256 2312 2307 εὐλαὸούμενος.
2335 2273 2368 2298 35

1274 2316 1342 2346 LB.
1362 2308 1424 2354 τὴν
1440 2309 1578 2354 ἡλικίαν
1602 2324 1609 2348 :
1634 2310 1685 2348 Τὸ
1700 2311 1757 2348 σὸν
1774 2315 1894 2364 γῆρας.
1916 2313 1963 2350 Θ.
1985 2322 2049 2353 Dv.

1555 2380 1564 2405 ;
1600 2368 1639 2406 τὸ
1670 2371 1912 2415 συνουσιάζειν.
1952 2380 1990 2409 R.
2006 2380 2047 2410 P.
2083 2372 2268 2424 ἐπέτρεπον
2303 2388 2312 2413 t

1275 2424 1483 2464 Ἔνεδίδουν.
1511 2432 1578 2464 LB.
1598 2427 1824 2480 συνεχώρουν,
1847 2430 2023 2468 ἐνεδίδουν.
2043 2439 2084 2469 Ρ.
2099 2437 2208 2469 ποιεῖν
2229 2446 2237 2471 ;
2265 2432 2314 2470 ιῸ

1278 2482 1448 2534 βούλεται.
1470 2492 1536 2522 LB.

1331 2554 1409 2580 1079.
1441 2542 1624 2581 συλλαὸὼν

1275 2603 1396 2650 γραῦν.
1414 2609 1483 2639 LB.

1332 2671 1411 2696 1080.
1442 2658 1498 2695 τὸν
1518 2662 1595 2696 νοῦν

1330 2380 1408 2405 1078.
1438 2367 1529 2405 τοῦτ’

1658 2556 1667 2582 :
1697 2542 1799 2582 Μετὰ
1828 2547 1901 2584 σοῦ.
1926 2544 1989 2592 τὴν
2025 2546 2174 2600 μείρακα
2205 2562 2213 2588 :
2241 2548 2316 2595 Τὴν
2334 2565 2371 2590 40

1614 2658 1691 2697 ;’“Ὸ
1705 2657 1827 2710 λέγεις.
1858 2659 1963 2704 ἀξιοῖς
1995 2675 2004 2700 ;
2036 2661 2148 2705 Ἄξιον
2179 2663 2314 2716 κρίνεις.

1279 2723 1342 2754 LB.
1363 2718 1524 2766 οὐδαμῶς
1546 2717 1637 2761 ἄξιον
1658 2716 1782 2769 κρίνεις
1799 2722 1978 2757 συνοικεῖν.
1998 2728 2038 2760 Ρ.

1332 2788 1408 2812 1081.
1438 2777 1455 2812 6
1473 2775 1500 2812 δ’
1525 2777 1718 2827 ἐπιτρέψων
1739 2789 1747 2812 :
1769 2776 1857 2813 Ἀντὶ
1882 2781 1940 2813 τοῦ
1962 2777 2029 2829 [[τίς
2054 2779 2156 2815 αὐτὸν
2170 2781 2210 2831 ἐᾷ’
2231 2781 2315 2816 ἀνα-

1275 2847 1455 2885 χωρ’-,σας
1487 2831 1509 2877 ἢ
1530 2833 1631 2875 αὐτὸς
1650 2836 1668 2870 6
1693 2834 1876 2904 Χρεμύλος
1891 2863 1899 2879 ,
1925 2833 1975 2871 ὅτι
2004 2836 2042 2872 06
2064 2839 2233 2886 συγχωρῶ
2262 2853 2315 2875 σοι
2332 2852 2369 2877 45

1277 2893 1378 2928 ἐᾶσαι
1398 2889 1518 2935 αὐτην.
1549 2889 1728 2927 δύναται
1711 2891 1745 2927 οὲ
1766 2891 1822 2937 τὸ,
1841 2894 1858 2928 ὁ
1881 2891 1910 2928 δ’
1936 2891 2139 2943 ἐπιτρέῐαων,
2160 2898 2219 2931 τοῦ
2235 2910 2314 2932 νεα-

1277 2947 1394 2985 νίσκου
1413 2951 1518 2993 εἰναι,
1548 2963 1576 2984 ιν
1614 2943 1655 2998 ᾖ]
1681 2947 1729 2991 τίς
1753 2964 1811 2998 μοι
1833 2948 2005 3000 ἐπιτρέψει
2028 2956 2178 2987 συνεῖναι
2205 2953 2316 3005 αὖτῇ;

1278 2999 1387 3042 εἶτα
1369 3021 1413 3048 ως
1432 3005 1706 3057 παραιτούμενος
1723 3005 1895 3057 ἐπιφερει,
1915 3006 1967 3043 ὅτι
1986 3008 2048 3044 οὐκ
2068 3007 2108 3044 ἂν
2134 3010 2221 3061 αὐτῇ
2240 3011 2316 3048 δια-

1277 3062 1433 3113 λεχθείην
1469 3062 1792 3114 διεσπεκλωμενῃξῖ
1776 3064 1898 3115 [ἤγουν
1930 3064 2170 3118 ἐξηραμμένῃ,
2197 3083 2314 3118 γαμη-

1278 3122 1394 3172 θείσῃ,
1421 3123 1455 3158 ἐν
1473 3125 1515 3173 τῇ
1542 3121 1704 3158 συνουσία
1725 3123 2063 3208 Νκατατετριμμένῃ,
2100 3123 2121 3170 ἢ
2149 3126 2313 3180 ἀχρηστω
2333 3145 2370 3170 5ο

1277 3179 1361 3231 πρὸς
1377 3179 1558 3216 συνουσίαν
1579 3178 1636 3216 δια
1649 3179 1687 3216 τὸ
1703 3179 1841 3232 γῆραςἯ.
1864 3182 2032 3219 σπεκλοῦν
2053 3181 2119 3235 γὰρ
2135 3183 2174 3221 τὸ
2193 3200 2315 3223 συνου-

1279 3237 1406 3282 σιάζειν
1417 3237 1542 3289 ,παρὰ
1561 3237 1599 3274 τὸ
1615 3239 1664 3274 πλ
1667 3237 1814 3275 έκεσθαι·
1828 3238 2022 3290 σπέκλωμα
2035 3241 2102 3293 γὰρ
2123 3244 2140 3279 ὁ
2155 3258 2240 3293 ηγος
2254 3259 2314 3289 της

1279 3294 1470 3338 συνουσίας.
1502 3295 1524 3341 ἢ
1546 3295 1791 3346 διαλελυμενῃ,
1823 3297 1947 3369 κυρίως
1972 3298 2029 3336 ἐπὶ
2055 3300 2214 3350 σχοινίων
2244 3303 2313 3338 τῶν

1279 3352 1494 3401 πλακέντων,
1520 3356 1594 3391 εἶτα
1615 3353 1875 3392 διαλυθέντων’
1859 3371 1894 3393 εν
1912 3355 2036 3409 χρόνῳ.
2056 3356 2078 3404 ἢ
2097 3359 2313 3405 ὑπεσπληνι-
