2517 3792
1005 180 1271 220 RANARUM.
2120 196 2195 228 525

102 270 138 306 ἐν
157 267 353 322 Ἀμφιάρεῳ
374 267 560 317 σατυρικῷ.
579 264 787 315 θλιὸομένης
808 264 874 317 γὰρ
894 268 955 311 τῆς
975 267 1118 319 καρδίας

99 329 241 371 πολλοῖς
259 331 358 364 τοῦτο
375 325 519 375 γίνεται.
539 324 651 374 Apud
673 324 826 361 Suidam
844 339 872 361 s.
902 325 1118 377 ‘sspozmu'tcmq

99 386 285 436 scriptum
313 383 373 420 καὶ
393 385 590 434 ὡρακιᾶσαι
607 380 747 431 λέγουσι
774 382 813 419 τὸ
845 381 910 419 ὑπὸ
938 382 1042 435 φοΈου
1072 385 1119 420 ὠ-

98 443 243 494 χριάσαι
264 440 469 490 θλιὸομένης
487 443 548 486 τῆς
565 440 720 491 καρδίας·
741 444 841 477 τοῦτο
859 439 893 477 δὲ
913 442 1053 484 πολλοῖς
1066 441 1118 491 γί-

99 515 206 536 “εται.
225 497 320 550 παρὰ
337 498 376 535 τὸ
393 497 456 544 τὴν
473 498 566 550 ὥραν
589 500 798 543 αἰκίζεσθαι,
820 498 841 536 ὅ
859 501 932 536 ἐστι
955 498 1016 545 τὴν
1035 515 1118 551 μορ-

99 556 178 609 φήν.
200 561 320 594 Dmn.
337 557 480 606 Regius
496 571 504 593 ε
523 556 677 607 Ὠρακία
695 556 821 608 κυρίως
834 560 855 602 ἡ
873 556 1053 608 ὠχρίασις,
1074 558 1119 598 ὡς

98 611 184 653 οῧσα
202 618 264 661 τῆς
288 614 380 667 ὥρας
395 616 453 653 καὶ
469 618 530 661 τῆς
556 618 693 667 μορφῆς
720 617 816 652 αἰκία
836 616 894 652 καὶ
923 616 1117 656 ἀλλοίωσις.

97 673 119 719 ἢ
137 672 206 710 ἀπὸ
218 676 278 710 τοῦ
300 671 374 726 ὥρα
390 676 412 719 ἡ
443 672 590 726 φροντίς·
607 675 637 710 οἱ
655 673 721 725 γὰρ
750 673 897 725 ἔμφοδοι
925 672 992 709 ἀπὸ
1025 671 1119 712 δέους

317 737 337 756 κ

97 765 270 817 γινόμενοι
291 765 491 819 ἐμφρόντεις
508 766 673 816 γίνονται,
690 788 741 794 -
757 768 804 804 30
824 769 925 802 τοῦτο
943 763 1009 816 γὰρ
1030 765 1076 802 Θ.

150 825 239 872 484,
262 826 388 874 36-39
406 825 458 861 sic
474 828 533 871 R.,
552 824 667 870 τίθησι
685 824 750 877 γὰρ
769 824 826 861 τὸν
858 821 1119 872 σπόγγον-χοί-

97 896 161 934 ριν.
177 881 353 931 λαμὸοίνει
369 880 652 935 γὰρ-πρωκτόν.

153 941 243 987 487,
264 947 312 984 4ο
331 939 399 990 ἐγὼ
426 954 500 977 om.
517 944 560 976 V.
574 963 629 972 —
660 946 705 983 41
737 953 793 989 sq.
817 937 1054 987 τοῧτο-λέγει
1070 941 1116 974 R.

95 997 284 1047 θαυμάζων
307 999 343 1036 δὲ
364 1001 466 1035 τοῦτο
483 997 578 1047 λέγει
597 1001 614 1035 6
629 999 660 1046 (6
677 1011 751 1035 om.
769 998 828 1045 V}
846 996 1014 1038 Διόνυσος
1029 998 1114 1032 ἑαυι

95 1055 154 1092 τὸν
175 1058 305 1094 ceteri.
319 1081 360 1088 —-
380 1059 427 1101 43
444 1058 568 1093 οἰκεῖον
591 1055 630 1092 τὸ
647 1071 678 1092 σ.
700 1059 741 1092 V.
768 1054 806 1092 τὸ
825 1070 858 1092 σ.
882 1056 1007 1092 οἰκεῖον
1036 1053 1116 1090 Ald.

94 1137 135 1144 —
154 1119 200 1158 44
221 1114 261 1151 τὸ
278 1114 313 1152 δὲ
332 1123 369 1151 et
387 1127 492 1164 seqq.
508 1127 583 1150 om.
606 1114 721 1150 etiam
739 1114 784 1152 Θ.

149 1173 239 1221 489,
263 1173 311 1214 46
327 1173 373 1210 Οἱ
390 1170 455 1223 γὰρ
476 1171 542 1208 ὑπὸ
558 1174 618 1209 τοῦ
637 1169 744 1224 φόὸου
767 1171 851 1208 Ald.

149 1235 247 1278 490,
272 1234 322 1278 49
348 1229 621 1279 corrigendum
651 1228 914 1279 Ἀπεμαξοίμην.
939 1231 1060 1265 Dum.
1078 1254 1119 1261 ,-

95 1286 144 1322 50
167 1286 352 1324 Πλούτωνι
371 1291 431 1334 V.‚
454 1300 502 1325 ex
521 1300 598 1337 quo
618 1289 661 1325 51
687 1286 739 1324 ἔτι
759 1287 940 1324 additum.

147 1351 222 1394 494
242 1344 334 1383 Ἀντὶ
352 1349 411 1383 τοῦ
432 1345 505 1394 ἄγε.
527 1345 698 1398 γράφεται
725 1345 901 1395 ληματίας
919 1345 1013 1395 {hoc
1043 1359 1116 1382 om.

94 1407 168 1456 G.).
189 1406 264 1443 ἀντὶ
289 1411 349 1444 τοῦ
372 1406 463 1458 μέγα
497 1413 643 1459 φρονεῖς.
669 1409 767 1457 λῆμα
788 1407 853 1459 γὰρ
885 1406 924 1444 τὸ
957 1406 1118 1459 φρόνημα

92 1468 137 1501 V.
154 1465 254 1515 λ’ἧμά
272 1466 347 1502 ἐστι
365 1465 406 1503 τὸ
429 1464 604 1518 φρόνημα.
623 1464 698 1502 ἀντὶ
717 1468 777 1502 τοῦ
798 1463 887 1514 μέγα
905 1470 1037 1517 φρονεῖς
1054 1480 1061 1487 ·
1080 1474 1116 1500 et

92 1523 253 1560 inferius
269 1551 278 1567 ,
294 1522 334 1560 τὸ
347 1523 395 1561 ἰ’θι
411 1528 468 1561 ν’ῦν
488 1523 565 1560 ἀντὶ
585 1526 645 1560 τοῦ
669 1522 731 1573 ἄγε
747 1527 791 1560 R.
811 1548 851 1554 —
869 1524 891 1560 8
918 1523 1117 1573 legebatur

92 1596 147 1632 γρ.
166 1575 224 1618 οῧν
245 1581 318 1620 καί.
846 1596 868 1631 γ

146 1642 223 1689 496
239 1643 284 1676 V.
303 1639 418 1677 habet
437 1641 468 1677 οἳ
496 1641 563 1691 γὰρ
594 1638 801 1692 φοὸούμενοι
823 1654 866 1689 με
887 1642 956 1677 τῶν
983 1639 1116 1690 σπλάγ-

90 1713 185 1749 χνων
207 1698 442 1736 αἰσθάνονται.

144 1758 234 1806 498,
260 1762 303 1800 14
327 1758 404 1795 Οὐκ
422 1757 567 1809 ὀφείλεις
595 1756 706 1807 λέγειν
727 1760 769 1793 V.

143 1828 233 1871 499,
255 1813 300 1858 '18
320 1823 388 1858 τῶν
410 1821 503 1874 Ἤρ,
529 1835 574 1870 19
595 1820 906 1873 Ἥρακλεοξανθίαν
933 1825 979 1859 R.

143 1885 295 1933 501,2ο
314 1885 403 1923 Ἀντὶ
423 1889 483 1922 τοῦ
505 1888 522 1923 ὃ
541 1889 735 1922 om.V.—
749 1892 796 1930 24
819 1888 837 1923 6
866 1899 940 1922 om.
958 1890 1002 1923 V.
1025 1880 1114 1937 Θ.ἧ

91 1943 193 1994 ἐμίγη
207 1947 318 1982 ἐκεῖσε
329 1943 519 1997 Ἡρακλῆς.
533 1943 676 1991 ἕστηκεν
692 1939 749 1982 οῧν
762 1947 795 1982 ἐν
812 1947 863 1998 τῷ
880 1945 976 1998 τόπῳ
993 1945 1112 1998 ἐκείνῳ

89 2000 302 2055 Ἡρακλέους
323 2002 463 2041 εἴδωλον
492 2003 762 2056 ἐπιφανέστατον
795 2007 888 2054 Reg.
909 2027 954 2032 —
979 2006 1027 2041 26
1054 2008 1110 2042 le-

88 2060 249 2110 gebatur
267 2059 485 2104 ἀλεξίκακον.
503 2061 599 2099 Vide
618 2062 783 2111 Hesych.
811 2075 838 2098 s.
858 2076 893 2098 v.
914 2061 980 2100 Ἐκ
998 2063 1112 2100 Μελί-

89 2134 148 2165 της
171 2119 368 2170 μαστιγίας.
394 2122 514 2158 Κυετ.
541 2150 592 2156 -..
616 2135 662 2169 27
701 2121 788 2158 πάνυ
812 2124 998 2174 προσφυῶς
1019 2124 1111 2160 τοῦτ’

89 2177 221 2223 εἰπὼν,
251 2176 305 2215 ὅτι
343 2179 460 2220 δοῦλος
487 2178 534 2217 ὢν
566 2183 583 2218 6
611 2180 764 2221 Ξανθίας
788 2179 906 2232 ὥσπερ
933 2180 1112 2231 Ἡρακλῆς

89 2233 181 2284 μέγα
207 2233 342 2287 ἐφρόνει
374 2235 490 2274 λαὸὼν
529 2236 592 2283 τὴν
624 2238 765 2282 λεοντῆν
797 2236 856 2273 καὶ
885 2236 924 2274 τὸ
959 2237 1108 2288 ῥόπαλον

89 2296 180 2342 Reg.
198 2315 251 2321 —
280 2295 328 2330 28
357 2294 509 2332 Γελάδου
542 2298 584 2332 V.
613 2296 659 2333 Θ.
693 2295 908 2345 Legebatur
943 2295 1108 2335 Ἐλάδου.

88 2348 273 2400 Ἀγελάδου
295 2353 497 2389 Meursius.
517 2352 673 2390 Γελάδαν
694 2356 832 2389 Tzetza
848 2367 1001 2403 quoque
1018 2355 1110 2393 dicit

87 2408 230 2445 Histor.
256 2423 294 2455 7,
317 2423 414 2459 9293
438 2411 475 2458 8,
502 2411 588 2447 325.
603 2434 644 2442 -
670 2412 716 2448 3ο
735 2410 844 2461 μέγαν
867 2412 1005 2461 λοιμὸν,
1021 2415 1109 2451 vide

87 2469 233 2503 Hemst.
253 2468 301 2504 ad
321 2468 440 2505 schol.
458 2470 559 2506 Pluti
582 2483 617 2507 v.
651 2483 734 2518 179.
750 2494 793 2500 —
815 2471 861 2506 32
890 2473 1108 2509 ὑπονοεῖσθαι

87 2526 131 2559 V.
154 2521 207 2560 ὅτι
226 2517 315 2575 ’ἦρχε
334 2527 492 2576 respicit
508 2527 556 2563 ad
574 2528 708 2576 legem,
728 2526 785 2564 τὸν
803 2526 954 2579 ἄρχοντα
972 2529 1020 2579 μὴ
1034 2546 1108 2567 κω·-

53 2602 57 2605 >
88 2581 227 2632 μῳδεῖν.
246 2584 362 2620 -33
393 2583 594 2634 ὠνομάσθαι
624 2585 883 2622 Dobraeus.-
912 2588 957 2623 35
988 2603 1106 2639 παρα-

87 2638 243 2683 σκευάζει
263 2639 299 2677 δὲ
320 2642 381 2688 Θ.,
406 2644 472 2692 qui
492 2642 566 2693 ἅμα
579 2645 628 2695 τῷ
648 2652 750 2681 recte
772 2645 933 2682 fortasse
953 2648 1105 2686 omittit.

86 2694 193 2732 Idem
215 2698 262 2733 38
283 2711 359 2735 om.
389 2701 535 2748 μᾶλλον.
552 2726 594 2733 -
612 2707 660 2745 40
688 2701 885 2751 legebatur
915 2702 1104 2755 Ἡρακλέα.

93 2753 190 2795 -43
218 2753 305 2791 Οἴου
339 2757 560 2794 Valckenar.
589 2758 751 2795 Diatrib.
785 2760 917 2810 Eurip.
953 2775 990 2811 p.
1017 2775 1104 2811 ²92·

87 2810 306 2859 Legebatur
337 2812 439 2857 Ἰοῦς.
472 2819 521 2853 Et
550 2817 759 2854 Κοθωκιδῶν
790 2818 877 2854 loco
909 2819 1106 2868 legebatur

87 2867 275 2907 Κολωνῶν.
300 2871 472 2910 Κοθώνων
493 2875 539 2912 Θ.
560 2875 690 2921 Κηδῶν
710 2877 996 2914 Valckenarius

141 2931 215 2969 505
229 2961 238 2978 ,
255 2932 301 2970 53
322 2931 600 2986 ἢ-σκιζομένων
629 2939 801 2976 additum
819 2954 865 2977 ex
881 2944 928 2978 R.
949 2966 990 2972 —
1006 2956 1026 2979 2.
1047 2944 1104 2981 τὸν

87 2989 228 3040 ἐριγμὸν
260 2991 430 3028 Pierson.
457 2995 506 3031 ad
540 2999 645 3033 Moer.
677 3010 714 3046 p.
743 2997 827 3035 158.
858 3000 1105 3051 ἐτυμολογοῦσι

88 3047 201 3084 idem.
220 3049 428 3100 ὁμολογοῦσι
449 3052 531 3089 Ald.

142 3117 231 3162 506,
249 3120 272 3155 6
293 3123 520 3172 κατερεικτῶν
537 3151 547 3169 ,
573 3138 592 3170 7
612 3117 673 3160 o‘tm

702 3126 933 3178 ἐσχισμένων,
959 3142 1004 3166 10
1025 3128 1103 3183 Ἥρ-

87 3172 110 3220 ἢ
126 3173 217 3234 οἷ’νῡτω
238 3174 318 3226 λέγε
335 3192 343 3200 ·
362 3182 593 3230 κατερεικτῶν
613 3181 689 3228 ἤτοι
704 3184 920 3235 ἐσχισμένων
936 3186 1081 3236 κυάμων
1094 3218 1104 3235 ,

87 3229 132 3269 ἵν’
149 3235 172 3283 ᾖ
188 3232 228 3270 τὸ
247 3232 361 3276 ἔτνους
378 3237 455 3287 ἑρμ.
475 3252 506 3274 τ.
525 3244 752 3291 κατερεικτῶν
769 3246 860 3292 Reg.

145 3294 234 3343 507,
264 3310 277 3332 1
288 3297 308 3333 5
321 3300 452 3349 πυρῶν.
468 3300 686 3350 Legebatur
701 3304 888 3356 νεοπύρων.
903 3330 941 3336 -
961 3307 1005 3342 18
1024 3306 1106 3344 κόλ-

89 3350 187 3394 λικας
207 3354 669 3407 Dindorfius.Legebatur
693 3362 844 3404 κύλικας.
866 3366 957 3412 Reg.
979 3363 1106 3401 κόλλα-

1178 268 1233 306 601
1254 270 1298 306 τὰ
1321 272 1444 314 κοινῶς
1470 271 1639 320 λεγόμενα
1666 273 1837 310 κολλίκια.
1854 299 1895 305 -
1918 288 1961 324 19
1981 275 2169 319 κολλάὸους
2186 305 2195 322 ,

1178 341 1248 377 pro
1268 327 1452 377 κόλλοπας,
1471 331 1693 367 recentioris
1713 332 1851 382 linguae
1868 334 1982 380 vitio,
2002 335 2106 384 quod
2126 348 2197 371 no-

1180 387 1272 423 tavit
1293 388 1533 437 Phrynichus
1551 403 1589 439 p.
1617 392 1686 439 193
1708 391 1766 427 ed.
1789 391 1883 428 Lob.
1901 417 1942 423 —-
1960 406 2008 430 20
2022 392 2198 431 καὸάλλια

1178 447 1269 495 Reg.

1233 504 1306 539 512
1327 505 1382 541 sic
1402 508 1446 542 R.
1467 504 1580 542 λείπει
1605 505 1643 542 τὸ
1660 505 1781 556 λέγεις.
1801 506 1823 552 ἢ
1846 508 1920 544 ἀντὶ
1948 512 2008 545 τοῦ
2030 509 2130 547 ἔασον
2150 512 2185 546 R

1179 560 1253 597 ἀντὶ
1273 564 1330 598 τοῦ
1347 560 1449 598 ἔασον
1471 576 1544 598 om.
1566 566 1608 599 V.
1629 563 1675 600 Θ.

1233 625 1320 667 516,
1344 627 1456 668 36-43
1476 638 1549 661 om.
1571 626 1684 662 etiam
1702 627 1746 664 Θ.
1767 630 1821 664 Μ.

1235 683 1322 727 518,
1344 689 1390 729 47
1409 681 1431 727 ἢ
1453 696 1527 719 om.
1545 686 1605 731 R„
1627 697 1675 721 ex
1692 698 1768 734 quo
1783 685 1958 722 additum
1981 688 2018 724 ἐκ
2033 687 2101 723 τῶν
2123 684 2198 722 662-

1179 739 1321 778 λίσκων.

1233 800 1308 835 520
1329 800 1434 836 addit
1451 801 1537 838 Ald.
1559 800 1598 838 τὸ
1615 800 1651 838 δὲ
1669 806 1750 843 παῖς
1767 804 1815 852 τῷ
1836 801 1993 854 Διονύσῳ
2012 801 2117 851 λέγει.

1234 863 1307 899 522
1326 865 1491 913 glossam
1519 866 1655 910 ἀληθῶς
1681 865 1846 916 ἐνόμισας
1864 866 1980 903 habet
2006 869 2050 903 R.
2079 868 2195 914 Reg.:

1179 923 1225 959 Οἱ
1244 923 1306 971 μέν
1329 937 1432 974 φασιν
1454 925 1499 965 ὡς
1516 923 1635 969 ἐπειδὴ
1658 923 1696 961 τὸ
1717 924 1766 973 μή
1788 925 1863 962 ἀντὶ
1879 929 1940 962 τοῦ
1959 918 2026 976 ἀρα
2044 923 2102 961 καὶ
2123 922 2198 959 ἀντὶ

1177 984 1237 1017 τοῦ
1256 982 1293 1017 οὐ
1325 981 1564 1030 λαμὸοίνεται,
1594 982 1682 1025 εἰκός
1711 985 1785 1021 ἐστι
1805 984 1865 1022 καὶ
1885 983 1925 1021 τὸ
1954 984 1992 1020 οὗ
2023 982 2071 1032 μὴ
2094 981 2197 1031 μόνον

1179 1042 1362 1093 ἀρνητικὸν
1376 1035 1462 1079 εἶναι
1475 1073 1484 1089 ,
1503 1042 1593 1080 ἀλλὰ
1611 1044 1670 1081 καὶ
1687 1044 1764 1081 ἀντὶ
1780 1048 1840 1082 τοῦ
1859 1039 1926 1097 ἀρα
1942 1043 2197 1094 λαμὸαζνεσθαι.

1179 1097 1220 1136 σὺ
1241 1098 1274 1136 δὲ
1294 1099 1384 1137 οὕτω
1399 1100 1478 1151 λέγε
1495 1117 1502 1124 ·
1521 1100 1595 1139 οὔτι
1613 1117 1679 1139 που
1698 1103 1850 1149 σπουδὴν
1871 1109 1979 1145 ποιεῖς
1996 1101 2072 1139 ἀντὶ
2086 1104 2144 1138 τοῦ
2162 1101 2199 1136 οὗ

1179 1156 1235 1194 διὰ
1253 1159 1406 1204 σπουδῆς
1434 1166 1543 1203 ποιεῖς
1572 1164 1671 1197 τοῦτο
1699 1161 1773 1208 ὁτιή
1796 1177 1834 1199 σε
1867 1161 1998 1205 παίζων
2020 1157 2200 1211 (Ηρακλέα

1179 1216 1348 1264 ἐποίησα;
1368 1211 1406 1254 εῧ
1431 1211 1508 1255 οἶδα
1536 1216 1588 1255 ὅτι
1609 1218 1716 1262 οὕτως
1739 1218 1813 1270 ἔχει
1828 1249 1838 1266 ,
1872 1220 1993 1257 οὗκοῧν
2027 1214 2200 1262 ἀπόστηθι

1178 1273 1300 1312 τούτου
1314 1291 1321 1298 ·
1341 1274 1362 1321 ἢ
1381 1275 1464 1326 πρὸς
1482 1275 1521 1313 τὸ
1542 1276 1617 1314 οὔτι
1636 1293 1701 1314 που
1717 1277 1828 1320 στίξον
1845 1293 1853 1300 ·
1875 1276 1914 1314 τὸ
1931 1275 1966 1313 δὲ
1985 1274 2105 1313 λοιπὸν
2121 1274 2198 1310 κατ’

1179 1331 1358 1384 ἐρώτησιν.
1378 1337 1425 1371 Et
1445 1336 1574 1384 paullo
1592 1345 1679 1385 post
1711 1337 1812 1373 idem
1832 1351 1840 1372 :
1859 1333 2029 1376 Ἅπαντες
2054 1334 2201 1370 ἐνταῦθα

1178 1390 1217 1427 τὸ
1237 1392 1274 1427 οὗ
1290 1391 1366 1428 ἀντὶ
1380 1395 1439 1429 τοῦ
1455 1386 1522 1445 ἀρα
1540 1393 1646 1445 φασί·
1666 1393 1824 1444 λέγοντες
1842 1393 1960 1445 ὥσπερ
1983 1392 2023 1430 τὸ
2053 1391 2101 1441 μὴ
2123 1389 2199 1427 ἀντὶ

1177 1452 1237 1486 τοῦ
1252 1451 1288 1487 οὐ
1303 1451 1362 1487 καὶ
1380 1451 1455 1488 ἀντὶ
1475 1455 1536 1488 τοῦ
1555 1446 1640 1504 ἀρα,
1662 1451 1750 1489 οὕτω
1767 1453 1826 1490 καὶ
1845 1451 1884 1490 τὸ
1901 1453 1938 1488 οὗ
1960 1452 1998 1488 οὐ
2017 1449 2119 1500 μόνον
2138 1450 2200 1500 ἀρ-

1177 1508 1336 1556 νητικὸν,
1358 1508 1447 1546 ἀλλὰ
1467 1510 1528 1547 καὶ
1550 1510 1626 1547 ἀντὶ
1645 1515 1703 1548 τοῦ
1721 1505 1801 1563 ἀρα.
1822 1510 1862 1547 τὸ
1883 1509 1919 1547 δέ
1937 1511 2012 1546 ἐστι
2029 1510 2196 1545 τοιοῦτον·

1177 1566 1346 1617 εἰώθαμεν
1365 1567 1446 1605 ὅταν
1466 1585 1501 1605 τι
1525 1570 1562 1606 οὐ
1580 1571 1699 1621 σαφῶς
1728 1569 1956 1620 γινώσκωμεν
1970 1597 1979 1614 ,
2003 1566 2080 1605 κατ’
2106 1565 2197 1618 ἐρώ-

1175 1640 1275 1670 τησιν
1310 1627 1513 1669 εἰκαστικῶς
1533 1626 1716 1679 προφέρειν
1732 1656 1741 1673 ,
1770 1626 1924 1668 θέλοντες
1941 1624 1998 1662 ’διὰ
2024 1627 2086 1669 τ’ἧς
2106 1626 2195 1676 ἐρω-

1175 1682 1308 1729 τήσεως
1327 1687 1449 1734 μαθεῖν
1469 1687 1497 1722 εἰ
1516 1685 1617 1723 τοῦτό
1638 1687 1730 1723 ἐστιν
1750 1684 1767 1723 ὃ
1785 1683 2060 1734 εἷκάζομεν.-5
2077 1681 2196 1727 ἐποίη-

1175 1757 1220 1778 σα
1240 1757 1278 1780 σε
1293 1746 1337 1779 R.

1229 1802 1318 1848 527,
1346 1816 1388 1839 12
1409 1802 1495 1840 αὐτὰ
1515 1805 1629 1841 etiam
1652 1805 1785 1842 Suidas
1806 1818 1833 1842 s.
1856 1806 1908 1844 Οὐ
1931 1802 2054 1849 δήπου.
2087 1803 2196 1837 ταῦτα

1173 1860 1259 1897 Ald.
1280 1856 1350 1898 οἷον
1369 1862 1406 1898 οὐ
1430 1862 1580 1906 διο-τάξω
1598 1876 1673 1899 om.
1693 1866 1736 1901 G.

1228 1928 1316 1974 534,
1340 1930 1459 1975 18-27
1478 1943 1552 1966 om.
1569 1931 1681 1967 etiam
1702 1932 1762 1974 Θ.,
1790 1939 1913 1968 totum
1930 1929 2104 1968 scholion
2120 1939 2196 1963 om.

1172 1988 1224 2022 M.
1238 2010 1280 2016 —
1300 1987 1348 2022 28
1377 1985 1433 2024 ὅτε
1450 1989 1502 2040 ἐφ.
1534 1988 1589 2025 διὰ
1611 1988 1672 2031 τὰς
1694 1992 1738 2026 R.
1759 1988 1812 2025 ὅτι
1841 1991 1894 2042 ἐφ.
1915 1988 1977 2031 τὰς
2004 1986 2132 2024 ceteri.
2157 2008 2196 2015 —-

1174 2057 1221 2091 29
1244 2044 1402 2083 διακόνου
1422 2050 1467 2084 R.
1491 2049 1617 2084 Ceteri
1640 2049 1785 2086 Αἰακοῦ.
1803 2073 1844 2079 -
1864 2050 1912 2084 30
1934 2051 1993 2085 τοῦ
2025 2045 2108 2098 ᾅδου
2127 2043 2197 2080 ad-

1172 2103 1295 2140 ditum
1315 2118 1363 2141 ex
1386 2109 1432 2142 R.
1454 2131 1495 2137 -
1517 2108 1564 2143 33
1588 2106 1623 2143 δὲ
1650 2120 1723 2144 om.
1744 2111 1806 2151 R„
1828 2107 1894 2156 qui
1914 2107 1993 2143 haec
2018 2103 2137 2141 verba
2155 2102 2196 2138 in

1172 2162 1366 2212 principio
1391 2165 1524 2201 scholii
1551 2167 1726 2204 collocat.
1741 2192 1783 2199 -
1799 2169 1845 2210 34
1870 2165 1927 2202 ἐπὶ
1951 2165 2125 2201 additum
2147 2173 2194 2197 ex

1170 2223 1215 2257 R.
1234 2223 1324 2258 Post
1342 2224 1452 2264 αὐτοῖς
1475 2223 1583 2260 addit
1602 2228 1644 2261 V.
1667 2224 1746 2261 ἰδὼν
1764 2224 1821 2262 τὸν
1850 2223 2015 2262 Διόνυσον
2046 2224 2063 2258 6
2085 2217 2187 2270 χορὸς

1170 2278 1417 2328 ἀποτιθέμενον
1434 2279 1495 2328 μὲν
1513 2281 1556 2317 τὰ
1574 2280 1789 2332 εΗρακλεόυς
1806 2280 1965 2331 σύμὸολα
1985 2278 2040 2316 ὅτε
2058 2277 2192 2323 ἤκουσεγ

1169 2334 1276 2386 φόὸου
1294 2335 1390 2384 ἀξια,
1408 2331 1483 2374 εἶτα
1503 2338 1608 2375 πάλιν
1635 2338 1776 2391 ὕστερον
1803 2338 2031 2388 λαμὸοίνοντα
2049 2339 2160 2372 ταῦτα
2176 2364 2185 2381 ,

1169 2392 1224 2430 ὅτε
1240 2393 1368 2439 ἤκουσε
1385 2395 1464 2447 περὶ
1486 2396 1624 2433 δείπνου
1640 2427 1650 2444 ,
1670 2396 1880 2448 ἀποδέχεται
1900 2395 2013 2434 αὐτόν.

1222 2452 1311 2498 536,
1330 2453 1377 2488 38
1399 2454 1431 2493 ἐς
1451 2454 1621 2491 additum
1645 2469 1692 2492 ex
1715 2456 1832 2493 Suida
1857 2469 1884 2492 s.
1903 2457 2027 2493 Ταῦτα
2051 2450 2125 2502 μὲν.
2146 2481 2184 2487 ,-

1170 2512 1217 2558 39
1234 2509 1330 2555 δίκης
1348 2510 1379 2547 σ’
1394 2515 1597 2550 Porsonus.
1616 2538 1656 2545 —
1674 2520 1796 2559 40-44
1819 2527 1892 2550 om.
1912 2513 2026 2550 etiam
2046 2512 2091 2550 Θ.

1222 2569 1311 2615 541,
1336 2571 1354 2605 3
1375 2571 1392 2606 ὃ
1406 2571 1496 2622 Θηρ.
1518 2570 1636 2622 γέγονε
1657 2575 1703 2610 V.
1721 2575 1738 2609 6
1755 2573 1846 2624 Θηρ.
1863 2585 1938 2608 om.
1958 2570 2072 2609 Θ.-5
2095 2568 2186 2605 scri-

1165 2625 1331 2664 bebatur
1352 2628 1531 2680 Στηριεύς.
1554 2629 1714 2682 Στιριεὺς
1731 2632 1858 2668 Suidae
1872 2630 1984 2668 codd.
2006 2643 2034 2665 s.
2057 2626 2184 2671 Δεξῑός-

2150 2696 2186 2715 ου

1164 2725 1221 2763 τὸν
1240 2726 1350 2775 δῆμον
1374 2728 1459 2764 Ald.
1477 2753 1517 2759 -
1535 2743 1554 2775 7
1574 2730 1816 2767 scribebatur
1833 2727 2044 2781 Ἀργινούσῃ.
2063 2729 2184 2778 ἀργενν

1166 2785 1253 2821 libri
1272 2786 1408 2834 optimi
1428 2787 1549 2823 Suidae
1571 2802 1599 2825 s.
1620 2788 1758 2840 Ἀργεόυ
1776 2798 1813 2825 et
1832 2787 1960 2831 Δεξιός.
1982 2791 2038 2823 De
2060 2786 2182 2821 forma

1166 2844 1332 2880 nominis
1356 2845 1454 2881 conf.
1479 2846 1527 2882 ad
1563 2847 1679 2883 schol.
1710 2847 1811 2884 Nub.
1837 2848 1871 2882 6.
1897 2870 1938 2876 —
1963 2847 1984 2881 8
2011 2842 2181 2892 ἀπαγωγὴ

1164 2901 1312 2938 Suidas.
1338 2902 1557 2950 Legebatur
1589 2904 1724 2954 ἀγωγὴ.
1757 2903 1857 2945 αὐτὸς
1884 2905 1929 2941 Θ-
1966 2910 2002 2938 et
2033 2901 2179 2938 SuidaS·

1165 2961 1260 3010 αὑτῷ
1281 2962 1323 2995 V.
1348 2960 1432 2996 Ald.
1448 2989 1486 2993 -
1503 2975 1526 3009 9
1556 2960 1787 3005 Καλλιξένους
1807 2965 1849 2999 V.
1876 2962 1920 2998 Θ.
1950 2968 1988 2996 et
2017 2959 2152 2996 Suidas
2169 2987 2179 3004 ‚

1165 3019 1230 3068 qui
1256 3017 1478 3062 κατάστασις.
1512 3020 1729 3069 Legebatur
1757 3020 2031 3069 μετάστασις.-
2058 3019 2102 3054 13
2135 3018 2182 3059 εἷς

1164 3077 1226 3121 τὴν
1244 3079 1289 3113 V.
1305 3104 1346 3110 -
1368 3084 1411 3122 14
1434 3078 1642 3125 ἀπεκάλουν,
1665 3093 1677 3114 1
1689 3079 1708 3114 5
1727 3075 2077 3126 ἀντιπολιτευομένων
2093 3076 2182 3113 Sui-

1166 3134 1242 3171 das.
1256 3161 1297 3167 —-
1320 3138 1365 3173 16
1384 3138 1497 3188 ἓαυτῷ
1514 3136 1634 3173 Suidae
1647 3136 1735 3173 libri
1754 3137 1890 3186 optimi
1910 3150 1917 3171 :
1934 3135 2026 3171 editi
2044 3135 2179 3170 ἑαυτοῦ.

1165 3216 1206 3222 —-
1221 3194 1266 3229 18
1287 3193 1465 3236 ὑποδέσεις
1490 3193 1635 3231 Suidas.
1656 3192 1832 3236 ὑποθέσεις
1857 3197 1903 3231 V.
1925 3192 2104 3233 ὑποδύσεις
2132 3192 2178 3229 Θ.

1164 3250 1248 3286 Ald.
1269 3275 1308 3281 —
1326 3265 1370 3300 19
1387 3251 1602 3303 ψηφίσασθαι
1620 3251 1785 3300 ἐπιζήμια
1800 3251 1948 3289 Suidas.
1965 3250 2179 3301 Legebatur

1165 3309 1442 3361 ἐπιψηφίσασθαι
1460 3310 1516 3346 ἐπὶ
1537 3310 1654 3361 ζημίᾳ.
1673 3340 1712 3344 -
1731 3325 1772 3347 21
1799 3319 1886 3361 post
1901 3304 1987 3348 εἶναι
2006 3310 2095 3346 libri
2109 3309 2178 3346 ad-

1166 3366 1260 3402 dunt
1277 3366 1334 3403 καὶ
1366 3369 1410 3409 εἷς
1430 3372 1529 3404 τοῦτο
1549 3370 1594 3410 ὡς
1627 3367 1674 3417 μὴ
1705 3368 1842 3418 γνήσιος
1871 3369 2013 3412 πολίτης
2039 3367 2176 3417 λέγεται
