2533 3808
319 196 391 226 ..Μ
1099 177 1396 216 ΛῡΝοΤΑΤιο
1427 178 1476 215 IN
1509 179 1681 217 Senot.

315 279 391 312 σθαι
414 275 453 310 V.
473 286 554 309 sme
573 288 633 309 τω.
655 287 702 307 τω
722 272 753 305 λ.
781 273 838 305 τοῦ
862 268 930 304 ὠοῦ
962 281 999 302 κε
988 266 1059 303 -υθε
1063 269 1140 302 σθαι
1161 267 1206 303 Θ,
1228 262 1325 301 λε’κι-
1352 262 1360 309 Ι
1388 262 1450 308 τὴν
1469 279 1532 312 (ην
1550 265 1595 302 Θ.
1614 266 1698 303 Ald.
1717 266 1833 316 ὃσημ.
1855 282 1885 303 τ.
1907 269 1972 316 γῆν
1992 280 2068 303 0111.
2089 268 2223 304 Snidis
2244 282 2273 305 s.
2291 268 2402 321 Ἔρη-

314 334 368 373 θος
385 325 529 372 εἰδοςΡι.
549 355 585 361 -
613 331 655 366 51
678 328 777 368 πίσος
799 330 843 363 R.
875 330 973 365 πῖσος
988 327 1029 359 V.
1054 325 1098 361 Θ.
1120 322 1220 359 πίσον
1244 321 1323 357 Ald.

311 403 350 424 π’.
354 394 432 428 σσος
447 387 580 423 Suidas
598 400 625 422 s.
645 384 798 426 Λέκιθος.
817 387 907 419 Post
927 381 1026 418 πίσον
1042 381 1150 419 addit
1168 379 1253 416 Ald.
1274 377 1326 415 ὅτι

311 445 345 480 ἐν
370 446 464 481 Πίσα
487 446 547 489 τῆς
567 441 709 485 Ἤλιδος
738 439 939 492 κατακόρως
970 438 1104 491 φύεται.
1129 438 1185 475 Ib.
1215 435 1325 473 διὰτὸ

311 505 398 537 εἶναι
414 500 558 538 λεκίθων
581 502 639 552 ὠῳ
665 499 788 550 ὁμοίαν
809 502 854 536 V.
875 522 912 529 —
946 498 992 533 52
1015 494 1222 547 omn-omn)
1227 510 1254 530 ιν

309 600 353 636 Θ.
388 599 485 644 δη)οῖ
513 612 586 637 om.
619 603 663 636 V.
670 599 767 649 ,qui
793 599 838 640 ὡς
867 611 924 633 και
955 596 988 632 ἐν
1021 498 1307 646 Λυσιστράτηῃ).Β
1278 596 1321 631 G.

309 656 554 735 Αυσιστροίτω
570 682 611 689 --
632 658 677 695 53
701 656 873 708 κέχρηται
895 655 969 704 τ’ἧ)
969 652 1043 690 ε”Ξει
1064 652 1193 689 addita
1210 666 1257 689 ex
1278 657 1319 688 R.

363 715 410 758 54
429 713 469 760 νὴ
488 714 544 752 τὸν
560 714 613 752 Δί’
629 715 728 752 libri.
746 739 784 745 -
804 729 815 749 1
836 713 892 750 τὸν
912 725 987 748 om.
1010 711 1069 755 Θ.
1090 711 1155 759 qui
1173 709 1251 759 ἐμο.
1266 709 1322 747 τὸν

306 772 461 810 λέκυθον.
480 798 520 804 -
538 779 557 816 4
577 772 810 825 ὀσπριόπωλιν
837 773 876 808 in
897 774 1014 807 Dorv.
1037 769 1088 805 ita
1111 769 1295 818 scriptum
1312 798 1320 813 ,

306 840 349 867 ut
371 831 586 869 discernere
608 845 684 868 non
714 832 824 867 liceat
844 838 971 865 utrum
993 828 1226 878 ὂσπριοπῶλις
1255 828 1321 873 sit,

307 903 353 926 an
374 890 552 927 mendose
572 890 864 942 ὀσπριοπῶλησαν
884 900 955 937 pro
969 885 1321 937 ὀσπριοπωλήσασαν.

305 950 450 985 Hmm.
469 949 624 984 πωλῶσα
645 948 779 984 codex.

362 1014 450 1054 429,
476 1021 491 1042 1
504 1020 516 1042 1
536 1005 658 1056 λέγεις·
679 1005 751 1043 ἐστὶ
767 1003 802 1041 δὲ
821 1007 920 1041 τοῦτο
935 1007 1053 1040 Dorv.
1071 1027 1111 1033 -
1133 1014 1176 1038 12
1191 1000 1321 1052 λε’γετε,

307 1064 360 1102 ὅτι
381 1065 606 1102 Schaeserus.
626 1063 764 1115 λέγεται
781 1093 790 1110 ,
811 1061 895 1113 ὅπερ
914 1062 1046 1098 codex.

360 1123 451 1172 431,
478 1136 524 1171 19
541 1120 865 1160 ὅπου-ἐνέὸαλλον
886 1124 947 1166 V.‚
969 1119 1034 1169 qui
1057 1132 1105 1155 20
1121 1116 1230 1168 τούτῳ
1248 1131 1320 1154 0111.

307 1181 441 1231 ἀγκίνοι
461 1182 508 1219 Θ.
533 1179 665 1229 ὅγκινοι
683 1178 820 1217 Suidas
844 1192 872 1214 s.
894 1177 1086 1228 Βάραθρον.
1104 1204 1143 1208 —
1165 1189 1207 1211 21
1241 1189 1321 1224 sqq.

307 1240 392 1276 vide
412 1240 458 1275 de
479 1239 548 1275 hac
570 1238 697 1275 fabula
712 1236 877 1273 Lobeck.
899 1235 1083 1284 Aglaoph.
1107 1248 1142 1284 p.
1167 1233 1254 1281 659.
1273 1255 1324 1260 -

307 1312 356 1334 22
374 1296 535 1334 ἓνέίῖαλον
551 1298 663 1334 etiam
683 1295 827 1333 Suidas.
844 1292 1027 1330 ἐνέὸαλλον
1045 1295 1089 1330 Θ.
1108 1292 1189 1329 Ald.
1208 1291 1322 1339 ἔλεγεν

309 1357 352 1394 Θ.
375 1381 415 1386 -
437 1356 484 1391 23
503 1358 524 1400 ἢ
546 1354 662 1406 μήτηρ
685 1356 729 1392 Θ.
750 1352 831 1389 Ald.
846 1377 886 1382 —
907 1358 952 1395 24
972 1352 1030 1388 καὶ
1052 1351 1176 1392 πάντες
1194 1349 1254 1395 τὴν
1277 1351 1321 1387 Θ.

307 1438 347 1443 —-
369 1413 416 1449 26
438 1411 503 1449 θεὼ
518 1414 563 1450 Θ.
587 1410 665 1449 θεὰν
689 1415 734 1449 V.
756 1408 858 1446 ἵλεων
890 1409 984 1458 (ἵλεω
1002 1408 1064 1456 Θ.)
1091 1413 1166 1450 ταῖς
1193 1407 1323 1450 θυσίαις

305 1471 351 1508 Θ.
374 1471 461 1508 Ald.

361 1537 434 1579 432
456 1534 593 1586 πρέπει.
619 1534 723 1584 ἤγουν
746 1533 924 1582 συντόμως
944 1533 990 1570 Θ.

361 1601 461 1646 435,
494 1601 539 1642 34
570 1598 655 1648 γυνὴ
684 1602 802 1635 Dorv
828 1597 942 1634 Palis.
974 1599 1065 1644 Reg.
1094 1595 1191 1640 δηὶοῖ
1219 1599 1322 1633 Junt.

307 1659 425 1696 δολοῦν
436 1659 552 1696 Pa1is
566 1658 704 1708 (aVid.
720 1656 853 1693 Suidas
869 1669 901 1691 v.
919 1652 1117 1695 Ἀπώλεσας
1131 1647 1297 1690 τὸνοίνον.
1310 1672 1324 1687 »

308 1721 414 1754 BAsT.
433 1725 529 1752 nott
547 1715 649 1765 mss.)
666 1715 790 1760 δηλοῦν
810 1717 930 1750 Doiv.
945 1713 1063 1748 τελοῦν
1078 1715 1169 1760 Rea.
1194 1715 1297 1748 Junt.

362 1776 436 1818 436
457 1778 503 1811 V.
523 1774 659 1823 incipit
681 1772 728 1809 ab
749 1771 824 1816 ἥτις
840 1800 848 1816 ,
870 1779 906 1806 et
925 1778 1013 1820 post
1030 1768 1211 1819 ἡμίξεστον
1232 1770 1254 1806 l.
1276 1770 1323 1814 45

307 1833 434 1882 ponit,
452 1831 595 1874 Ἄλλως.
614 1835 636 1877 ἡ
661 1828 958 1882 παρακλέπτουσά
985 1843 1027 1877 με
1045 1832 1119 1868 ταῖς
1150 1826 1322 1869 κοτύλαις.

307 1915 349 1922 -
374 1898 415 1934 41
443 1890 526 1940 φησι
548 1903 622 1926 om.
642 1894 689 1926 V.
724 1890 1005 1939 μικρομετροῦσα
1022 1888 1067 1924 Θ.
1097 1885 1182 1922 Ald.
1209 1885 1325 1928 κοντός

309 1949 532 1986 recentioris
551 1948 764 1984 Graecitatis
790 1945 1023 1982 vocabulum
1053 1953 1110 1980 est
1138 1944 1275 1980 brevem
1296 1959 1322 1981 s.

306 2021 458 2056 parvum
480 2005 708 2055 significans.
728 2028 769 2035 —
788 2010 835 2048 42
853 2008 929 2044 ταῖς
953 2007 1175 2054 μεταφοραῖς.
1205 2003 1325 2039 Intel-

310 2067 384 2115 ligo
414 2077 678 2101 mensurarum
707 2062 887 2099 subdolas
919 2062 1205 2099 immutationes
1233 2063 1325 2098 :illa

309 2135 483 2173 caupona
523 2121 807 2170 Blepsidemum
843 2121 1030 2156 minorem
1068 2132 1139 2168 pro
1182 2119 1325 2168 majore

308 2194 482 2218 mensura
497 2179 735 2228 subjiciendo
748 2178 962 2227 deceperat.
981 2180 1128 2213 Hmis'r.
1146 2176 1326 2223 ἢ-δίδω-

308 2254 361 2278 σιν
385 2252 459 2275 0111.
478 2239 591 2274 etiam
612 2239 658 2275 Θ.
679 2262 720 2268 -
740 2237 787 2280 43
819 2234 1048 2282 πεποιηκότος
1074 2238 1120 2274 V.
1142 2238 1186 2275 Θ.
1206 2260 1242 2266 —-
1277 2243 1325 2286 49

310 2304 463 2347 praestat
492 2294 756 2347 καρτερούλαις,
785 2294 888 2344 quod
915 2308 961 2331 ex
992 2295 1121 2331 codice
1155 2297 1325 2333 Parisino

308 2357 468 2408 protulit
488 2356 731 2404 Ducangius,
762 2355 851 2391 licet
872 2355 1105 2406 καρτελοῦραν
1132 2369 1177 2392 ex
1206 2358 1323 2394 Nice-

309 2417 432 2466 phoro
448 2412 669 2461 Blemmyda
684 2412 886 2449 addiderit.
907 2412 1006 2448 Vide
1021 2413 1118 2449 infra
1136 2414 1183 2450 ad
1199 2428 1232 2450 v,
1251 2416 1323 2461 737

309 2475 348 2510 in
366 2474 450 2508 fine.
469 2471 683 2508 Duum-52
702 2470 814 2520 ἰσχίον
834 2470 1044 2506 Sehaeserus
1060 2471 1198 2507 collato
1212 2475 1324 2509 Hom.

310 2532 355 2568 Il.
380 2533 423 2576 E,
448 2529 537 2565 305.
562 2527 685 2578 ἰσχύον
704 2529 820 2564 Paris.

367 2588 455 2633 438,
479 2588 499 2623 3
519 2585 541 2631 ἢ
563 2590 604 2622 V.
624 2587 670 2623 Θ.
692 2585 769 2630 ἤτοι
787 2585 868 2621 Ald.
887 2599 962 2623 om.
985 2589 1031 2624 R.
1052 2608 1091 2613 —
1113 2586 1136 2621 6
1156 2585 1208 2622 ὅτι
1224 2590 1245 2631 ἡ
1267 2603 1327 2624 πε-

311 2646 367 2683 νία
398 2643 516 2691 ἐστὶν,
547 2641 696 2685 ἀκούσας
721 2645 738 2679 ὃ
764 2643 826 2680 Βλ.
858 2641 978 2693 ἔφευγε
1008 2646 1126 2679 Dorv.

367 2708 443 2746 440
462 2702 662 2738 om.etiam
678 2701 824 2738 Θ.-16
844 2699 918 2736 ἀντὶ
938 2703 998 2736 τοῦ
1019 2699 1089 2736 οὐδ.
1110 2703 1154 2736 V.
1176 2713 1250 2737 om.
1273 2705 1319 2738 G.

367 2767 455 2805 442,
478 2761 522 2796 18
541 2759 606 2796 Ἔν
626 2775 694 2797 τινι
711 2756 841 2810 τρόπῳ.
859 2758 1057 2794 Glossator
1071 2757 1222 2794 videtur
1238 2769 1325 2796 ante

312 2822 442 2859 oculos
488 2820 666 2858 habuisse
702 2821 860 2856 alteram
895 2819 1122 2867 scripturam
1166 2819 1326 2869 οὐδαμῶς

311 2882 412 2930 [quae
432 2888 488 2916 est
507 2880 546 2916 in
566 2880 699 2929 Regio,
718 2877 783 2915 sed
803 2878 883 2914 sine
901 2876 978 2926 giu]
998 2879 1190 2914 Sena-FER.

367 2939 524 2986 443,19
542 2951 597 2987 sq.
623 2934 1071 2984 Ἀπολέσθαι-δυνοίμενον
1091 2947 1167 2972 om.
1185 2936 1229 2971 Θ.
1252 2934 1327 2978 ἐξο-

312 2994 413 3032 λέσαι
431 2995 617 3045 δυνάμενον
637 2994 659 3041 ἢ
687 2993 878 3032 ἀπολέσθαι
895 2991 1068 3044 ὀφεῖλον
1049 3003 1072 3038 η
1094 2990 1325 3042 ἐξιλοθρευτι-

314 3052 461 3104 κώτερον
479 3058 526 3091 V.
548 3054 622 3091 ἀντὶ
635 3056 695 3090 τοῦ
716 3051 761 3095 ἐξ.
781 3055 826 3088 R.
848 3076 887 3082 --
909 3064 957 3086 20
976 3050 997 3090 ἢ
1012 3055 1126 3101 χεῖρον
1147 3050 1283 3087 Suidas
1299 3065 1325 3089 ς.

315 3110 589 3163 Ἔξωλέστερον,
608 3126 678 3162 pro
704 3112 831 3148 verbis
848 3108 1127 3158 ἢ-δυνάμενον.

371 3170 459 3213 445,
483 3170 530 3205 25
551 3171 737 3212 Παντελῶς
750 3199 759 3216 ,
778 3169 889 3215 πάνυ,
909 3166 1097 3221 σφόδρα,ἢ
1115 3166 1206 3203 πάνυ
1226 3167 1326 3204 πολύ.

315 3226 375 3264 καὶ
393 3227 502 3265 Θουκ.
523 3227 556 3262 ἐν
578 3243 599 3263 α
616 3231 663 3263 V.
693 3226 886 3264 καταπολύ.
909 3226 967 3263 καὶ
987 3226 1098 3263 Θουκ.
1120 3226 1153 3262 ἐν
1181 3241 1202 3262 α
1225 3227 1271 3264 Θ.
1288 3252 1325 3258 -

318 3286 366 3322 26
384 3284 442 3321 καὶ
464 3298 536 3321 om.
559 3288 605 3320 V.

367 3347 385 3383 so
400 3348 462 3387 47,
488 3343 533 3380 32
552 3344 646 3382 παρὰ
669 3342 729 3388 τὴν
760 3343 811 3393 (τὸ
831 3342 893 3388 τὴν
915 3340 1072 3392 Θ.)ἔραν
1089 3371 1098 3388 ,
1128 3340 1145 3376 δ
1166 3341 1326 3390 σημαίνει

1387 336 1463 371 μος.
1488 323 1691 371 Sequentia
1712 338 1785 361 om.
1801 325 1915 361 etiam
1935 326 1997 372 Θ.
2023 341 2036 356 r<
2054 325 2193 375 quibus
2220 340 2297 363 non
2321 328 2402 365 dis-

1387 379 1527 415 similia
1545 380 1660 417 tradit
1684 382 1819 418 Thom.
1840 386 1939 432 Mag.
1957 355 1997 419 in'
2013 382 2135 421 εΌποι.
2156 402 2171 417 »
2192 388 2333 422 Hemst.
2350 408 2402 414 —

1388 436 1434 473 35
1453 450 1506 486 sq.
1524 436 1703 489 γράφεται.
1723 438 1779 475 ἐπὶ
1801 437 1836 475 δὲ
1853 440 2007 482 στάσεως
2023 439 2079 477 διὰ
2099 444 2158 478 τοῦ
2173 457 2209 488 η.
2228 441 2286 479 καὶ
2302 445 2402 479 τοῦτο

1386 492 1488 538 δῆλον
1508 494 1546 530 ἐκ
1566 497 1658 543 Reg.

1440 553 1528 598 448,
1552 553 1598 595 43
1620 551 1913 604 προμαχέσασθαι
1934 558 1994 591 τοῦ
2018 558 2093 592 θεοῦ
2119 560 2211 606 Reg.

1439 616 1528 659 449,
1551 617 1598 654 44
1627 609 1834 661 μαχούμεθα
1861 612 1947 662 αὐτῇ
1968 622 2055 662 post
2074 614 2203 656 ἐνδείας
2230 615 2339 665 ponit
2356 617 2402 654 Θ.

1384 666 1489 712 αὐτὴν
1513 671 1630 704 Dorv.
1648 667 1715 717 γάρ
1735 681 1808 703 om.
1825 668 1870 705 Θ.
1896 691 1929 697 -
1951 669 1997 712 45
2015 672 2077 714 τῆς
2096 671 2228 713 ἀδικίας
2244 675 2362 710 Dorv.

1440 726 1527 771 450,
1547 732 1609 772 47.
1631 727 1727 762 Voci
1747 724 1852 762 ὅπλον
1881 739 1951 775 pro
1976 730 2085 763 lorica
2113 729 2218 766 locus
2243 731 2400 767 concedi

1383 783 1571 820 debuerat
1592 785 1631 820 in
1652 784 1847 821 Glossario
1864 786 2064 834 Ducangii.
2083 787 2146 823 Sic
2166 788 2268 836 apud
2286 792 2400 831 Mau-

1383 843 1519 879 ricium
1538 843 1576 879 in
1595 845 1708 879 Strat.
1728 851 1844 891 atque
1863 843 1957 879 alios
1972 853 2193 893 usurpatur.
2210 848 2403 885 flamm.—

1384 902 1431 944 48
1453 899 1633 937 σουσοίνιον
1649 929 1659 947 ,
1678 901 1778 936 cons.
1801 899 1848 936 ad
1867 900 1984 936 schol.
2007 900 2109 937 Nub.
2129 915 2190 947 70.

1438 960 1526 1003 451,
1546 960 1596 995 56
1614 972 1696 1008 sqq.
1718 962 1793 995 Eos
1807 958 1894 995 ferit
1911 958 1990 994 haec
2011 958 2230 996 observatio
2245 989 2255 1007 ,
2276 961 2342 1010 qui
2355 961 2403 998 ab

1381 1017 1519 1054 Atticis
1536 1016 1697 1069 ἐνέχυρον
1719 1017 1901 1066 singulari
1921 1030 2081 1054 numero
2096 1019 2274 1067 usurpari
2289 1032 2403 1068 nega-

1382 1075 1473 1113 bant
1492 1092 1498 1112 :
1521 1077 1655 1113 Thom.
1680 1080 1776 1126 Mag.
1800 1077 1838 1112 in
1859 1090 1893 1112 v.
1918 1076 2053 1113 Snidas
2071 1077 2247 1114 ordinem
2270 1078 2401 1115 inver—

1384 1135 1453 1170 tit:
1475 1136 1512 1171 οὐ
1540 1134 1642 1184 μόνον
1674 1134 1833 1184 ἐνέχυρον
1866 1133 1971 1186 φασὶν
1988 1164 1997 1181 ,
2023 1133 2114 1171 ἀλλὰ
2145 1135 2204 1172 καὶ
2233 1135 2403 1188 ἐνέχυρα,

1384 1200 1508 1228 cetera
1554 1193 1673 1228 nostri
1717 1193 1931 1229 scholiastae
1967 1192 2134 1229 fideliter
2171 1194 2402 1232 exscribens.

1384 1254 1527 1288 HEMST.
1547 1276 1587 1281 —
1610 1251 1656 1286 52
1689 1249 1742 1287 ὅτι
1762 1264 1836 1287 om.
1857 1254 1902 1287 V.
1917 1274 1958 1280 -
1977 1250 2024 1294 54
2060 1249 2107 1299 μὴ
2129 1250 2277 1301 ἐνέχυρα
2297 1255 2341 1288 V.
2364 1277 2406 1283 —

1389 1324 1401 1345 1
1427 1309 1500 1346 δέον
1518 1307 1584 1361 γὰρ
1601 1310 1708 1345 εἰπεῖν
1725 1309 1809 1345 Ald.
1827 1308 1895 1344 ἔδει
1911 1309 2018 1345 εἰπεῖν
2035 1312 2081 1345 R.
2100 1307 2168 1346 ἔδει
2183 1308 2219 1345 δὲ
2232 1311 2340 1346 εἰπεῖν
2356 1311 2402 1348 Θ.

1382 1366 1434 1404 ὅτι
1459 1381 1533 1404 0111.
1556 1371 1603 1404 R
1621 1391 1662 1397 —
1680 1379 1700 1402 2
1732 1364 1897 1415 πολέμοις
1929 1366 1973 1404 Θ.
2007 1365 2107 1412 Ald„
2131 1367 2196 1415 qui
2222 1368 2405 1404 omittunt

1383 1428 1454 1463 οὐκ.
1482 1426 1688 1474 Sequentia
1718 1422 2065 1467 εἰκότως-τιθέασιν
2098 1437 2172 1461 om.
2210 1426 2323 1462 etiarn
2357 1427 2403 1464 Θ.

1384 1482 1524 1524 εικότως
1543 1485 1618 1519 εἰπε
1634 1481 1699 1518 τίθ.
1722 1482 2014 1530 Reg.D01v.—
2038 1480 2057 1515 3
2081 1478 2247 1523 δεικνοςς
2229 1496 2275 1523 ως
2297 1483 2328 1518 οι
2345 1481 2405 1519 πέ-

1383 1556 1481 1587 νητες
1502 1540 1557 1577 διὰ
1572 1555 1700 1582 παντος
1717 1538 1939 1581 δανείζονται.
1969 1541 2091 1575 Doiv.

1441 1600 1530 1646 453,
1547 1601 1568 1634 6
1589 1598 1874 1650 προπερισπῶσιν
1897 1599 1938 1635 R.
1963 1604 2002 1632 et
2021 1596 2156 1633 Suidas
2179 1610 2208 1634 s.
2240 1595 2403 1649 Τρόπαια

1384 1666 1420 1694 et
1437 1661 1562 1706 Etym.
1587 1660 1636 1694 M.
1658 1670 1695 1706 p.
1717 1656 1816 1703 769,
1848 1655 1904 1694 16.
1933 1654 2148 1704 Legebatnr
2169 1657 2400 1706 περισπῶσιν.

1383 1740 1424 1746 -
1442 1717 1463 1751 6
1485 1717 1530 1757 ὡς
1550 1724 1587 1752 et
1605 1713 1804 1763 sequentia
1825 1726 1898 1749 om.
1918 1713 2033 1749 etiam
2054 1713 2101 1751 Θ.
2125 1715 2190 1749 Est
2217 1715 2404 1751 recentis-

1386 1774 1469 1809 simi
1491 1772 1727 1823 grammatici
1749 1771 1967 1814 annotatio,
1988 1770 2094 1819 cujus
2115 1783 2202 1820 pars
2232 1772 2340 1820 prior
2358 1773 2404 1815 ὡς

1384 1831 1666 1883 παρὰ-οὐραῖον
1700 1843 1745 1865 ex
1772 1829 1962 1877 Gregorio
1991 1831 2078 1865 Cor.
2106 1836 2258 1876 sumpta
2277 1837 2333 1865 est
2363 1843 2402 1880 p.

1386 1889 1522 1927 21-23.
1546 1892 1664 1925 Dmn.
1680 1911 1721 1917 —
1745 1901 1785 1923 11
1809 1886 1924 1936 σφίσιν
1944 1884 1966 1931 ἢ
1987 1889 2089 1923 τοῦτο
2114 1890 2259 1924 Hemst.
2286 1887 2402 1938 σφίσιν

1384 1953 1484 1992 τοῦτο
1498 1950 1578 1986 Ald.
1601 1948 1715 2000 σφίσιν
1734 1946 1823 1984 οὕτω
1843 1951 1956 1996 Greg.
1975 1950 2062 1984 Cor.
2079 1973 2121 1980 —
2143 1950 2187 1984 13
2204 1962 2309 1998 seqq.
2329 1948 2403 1987 ἔστι

1386 2007 1420 2045 δὲ
1435 2023 1486 2060 τρ.
1504 2008 1645 2045 suntin
1656 2011 1788 2053 Dorv„
1805 2006 1870 2042 sed
1883 2005 2029 2042 mendis
2044 2006 2194 2054 insecta,
2209 2016 2247 2044 et
2261 2008 2301 2044 in
2311 2012 2404 2059 Reg.

1440 2067 1535 2112 454,
1561 2080 1602 2102 21
1627 2065 1874 2117 καθαρμάτους
1904 2064 1939 2101 δὲ
1960 2065 2093 2101 codex.
2114 2089 2152 2094 —
2179 2067 2297 2113 23-27
2327 2081 2403 2105 om.

1385 2125 1430 2163 Θ.
1448 2149 1489 2156 -
1507 2130 1554 2168 24
1575 2125 1678 2173 λιμοῦ
1699 2123 1781 2159 Ald.
1804 2126 2027 2160 Corn-ectum
2057 2137 2103 2159 ex
2123 2123 2272 2161 Thoma
2297 2128 2352 2163 M.
2375 2139 2404 2162 s.

1387 2183 1583 2234 Καθαρσια.
1601 2207 1642 2214 --
1660 2195 1704 2227 27
1728 2180 1937 2233 φλέγκεσθαι
1952 2209 1961 2225 ,
1984 2180 2031 2215 28
2063 2179 2264 2230 βδελύματα
2283 2185 2403 2220 Dorv,

1441 2243 1516 2285 456
1561 2254 1636 2277 0111.
1668 2240 1783 2276 etiam
1812 2240 1858 2277 Θ.
1903 2241 1945 2274 In
1979 2238 2062 2274 cod.
2097 2239 2271 2276 Parisino
2304 2240 2403 2276 scri—

1386 2308 1494 2349 ptum
1516 2300 1716 2344 παθητικῶς
1744 2296 1809 2346 μὲν
1832 2296 1902 2333 δοτ.
1936 2310 2044 2342 συντ.,
2075 2296 2186 2348 ἐνεργ.
2220 2296 2258 2334 δὲ
2280 2298 2362 2344 αἷτ.,
2386 2297 2405 2334 ὃ

1385 2357 1443 2394 καὶ
1464 2360 1661 2406 ἀγνοοῦντες
1676 2355 1765 2398 τινὲς
1780 2355 1945 2406 λοιδορεῖς
1960 2355 2035 2390 κτλ.
2055 2355 2166 2392 Unde
2188 2353 2206 2392 ὃ
2224 2368 2293 2402 pro
2315 2356 2404 2392 vul-

1385 2424 1473 2465 gato
1494 2417 1522 2452 εἷ
1539 2416 1669 2452 ascivi.
1694 2417 1811 2452 Dim).
1839 2415 2038 2462 ἀγνοοῦντες
2066 2425 2142 2449 om.
2165 2412 2260 2458 Ald„
2291 2413 2404 2450 habet

1385 2478 1490 2510 Junt.
1505 2499 1545 2504 --
1566 2475 1619 2510 36
1641 2487 1730 2514 τινες
1748 2473 1895 2508 ἐνταῦθα
1911 2500 1920 2518 ,
1942 2469 1980 2507 τὸ
1996 2472 2081 2519 ἡμῖν
2109 2472 2146 2508 οὖ
2170 2470 2255 2522 πρὸς
2273 2470 2312 2508 τὸ
2341 2472 2405 2509 ἐλ-

1386 2534 1489 2568 θοῦσα
1503 2562 1512 2578 ,
1533 2530 1621 2568 ἀλλὰ
1641 2530 1726 2582 πρὸς
1744 2530 1783 2567 τὸ
1800 2530 1964 2580 λοιδορεῖς
1983 2528 2198 2565 συνάπτουσι
2218 2532 2309 2578 Reg.

1440 2591 1514 2632 466
1535 2590 1643 2625 sicin
1660 2592 1716 2633 V.‚
1735 2586 1832 2633 τότε,
1854 2585 1963 2637 φησὶ,
1985 2585 2091 2622 κακὸν
2121 2588 2286 2634 ποιοῦμεν
2315 2587 2400 2636 μέλ-

1388 2649 1503 2687 λοντες
1522 2645 1702 2683 ἔκδοίλλειν
1724 2660 1762 2681 σε
1777 2642 2035 2691 ἐπιλαθοίμεθα.
2054 2641 2197 2685 Ἄλλως.
2218 2644 2247 2679 εἰ
2259 2647 2401 2681 τοῦτο-

1385 2703 1655 2753 ἐπιλαθοίμεθα,
1678 2700 1767 2750 μέγα
1792 2700 1832 2738 ἂν
1851 2699 2040 2751 δράσαιμεν
2062 2700 2181 2738 κακόν.
2201 2725 2242 2733 -
2270 2716 2282 2737 1
2308 2703 2402 2754 εἰρη-

1386 2761 1455 2803 κὼς
1477 2763 1524 2800 Θ.
1551 2760 1686 2812 εἴρηκεν
1708 2758 1754 2801 ὥς
1774 2759 1860 2796 Ald.

1440 2820 1528 2863 468,
1542 2832 1564 2867 9
1582 2817 1620 2854 τὸ
1638 2819 1741 2854 αὐτοῦ
1756 2820 1899 2853 Hemst.
1916 2814 1955 2852 τὸ
1970 2815 2053 2852 αὐτό
2069 2819 2161 2866 Reg.
2176 2820 2282 2855 Junt.
2297 2842 2339 2849 —
2357 2832 2369 2855 1
2382 2832 2397 2855 1

1386 2880 1423 2915 ἐκ
1437 2881 1496 2915 τοῦ
1513 2892 1549 2913 π.
1568 2878 1608 2913 E.

1441 2937 1516 2983 469
1538 2947 1615 2970 om.
1637 2933 1749 2970 etiam
1771 2934 1815 2971 Θ.
1832 2936 1873 2969 V.
1890 2933 2004 2971 habet
2027 2934 2090 2972 οὐκ
2105 2925 2304 2970 ἀποδέδωκε
2317 2932 2401 2971 σύν-

1385 2993 1634 3041 ταξιν-δοκῃ,
1657 2991 1744 3027 ἀλλὰ
1760 2990 1888 3040 (smib.
1905 2990 2030 3034 ἄλλως.
2038 2993 2182 3042 >ογημα
2201 2994 2301 3029 τοῦτο
2319 2992 2400 3030 Ἀτ-

1386 3051 1497 3097 τικὸν,
1516 3053 1544 3102 ᾧ
1562 3049 1620 3086 καὶ
1639 3048 1831 3100 “’()μηρος’
1816 3049 2010 3099 εχρήσατο,
2026 3049 2104 3087 ἀλλ’
2108 3048 2319 3109 -Ἀχαιοί-
2336 3048 2401 3101 ἄρ-

1385 3123 1507 3149 σαντες
1527 3105 1617 3144 κατὰ
1639 3105 1744 3155 θυμὸν
1765 3105 1823 3143 καὶ
1844 3105 1888 3142 τὰ
1908 3106 1996 3152 ἑξῆς
2014 3111 2114 3144 τοῦτο
2130 3110 2187 3143 οὖν
2203 3105 2400 3156 ἐμιμήσατο

1386 3166 1424 3203 τὸ
1443 3168 1579 3215 σχῆμα.
1597 3190 1638 3198 ..-
1662 3170 1705 3207 14
1727 3163 1749 3210 ἢ
1775 3166 1809 3201 ἐν
1827 3165 1918 3216 ἀργῇ
1941 3164 2074 3202 τίθεται
2093 3168 2186 3214 Reg.
2217 3168 2336 3202 Dorv.
2355 3165 2400 3206 ὡς

1387 3225 1420 3260 ἐν
1441 3225 1490 3275 τῷ
1504 3223 1597 3265 ὅπως
1612 3226 1703 3271 ch.
1722 3222 1848 3271 Pergit
1872 3225 1988 3259 Dorv.
2009 3223 2054 3264 ὡς
2068 3221 2107 3259 τὸ
2123 3220 2213 3263 ὅπως
2234 3220 2282 3270 μὴ
2303 3220 2400 3267 ποιή-

1387 3297 1455 3323 σεις
1472 3281 1511 3318 τὸ
1525 3279 1560 3317 δὲ
1581 3279 1763 3329 νοούμενον
1781 3309 1790 3326 ,
1810 3277 1931 3323 ἔξωθεν
1953 3282 2014 3316 τοῦ
2032 3282 2163 3318 σκοποῦ
2177 3278 2282 3329 ἤγουν
2301 3279 2335 3316 ἐν
2354 3281 2397 3329 τῇ

1389 3340 1500 3391 μέσῃ·
1526 3340 1571 3380 ὡς
1600 3339 1771 3375 ἐνταῦθα·
1801 3335 1823 3382 ἢ
1857 3338 1890 3374 ἐν
1921 3339 1971 3388 τῷ
2000 3337 2089 3375 τέλει
2111 3338 2158 3381 ὥς
2179 3335 2249 3385 ἔχει
2269 3349 2338 3378 etc.
2356 3357 2397 3362 -
