2517 3792
1110 178 1317 218 NUsslUM.
2185 190 2251 223 421

194 273 338 311 emero
354 270 400 308 δὲ.
420 273 550 319 Inepta
570 276 657 305 sunt
678 280 762 317 quae
783 267 984 304 scholiasta
1003 267 1049 303 de
1069 269 1193 314 Mega--

195 332 249 368 cle
276 330 408 374 tradit,
439 328 484 364 de
503 339 579 375 quo
603 340 637 362 v.
663 325 810 361 Boeckh.
831 326 1015 374 Explicat.
1040 323 1192 361 Pindar.

195 401 230 437 p.
264 389 349 423 303.
370 389 504 422 Servus
527 384 589 420 ille
609 397 683 419 non
713 383 830 431 magis
857 383 925 419 suit
948 395 1060 432 quam
1086 393 1194 417 serva

194 448 298 493 Coesy
303 457 356 489 ra,
375 442 478 492 quod
510 442 670 478 tladitur
695 441 732 477 in
756 441 898 477 scholio
922 454 956 476 x.
982 441 1028 482 64
1050 448 1086 476 et
1110 442 1193 475 Pac.

195 503 282 545 450.
299 504 415 538 ΒιΝῐ).
437 503 454 536 ὁ
470 507 505 536 et
521 499 542 535 5
559 499 641 549 παρ’
658 498 716 536 ’F
702 501 886 550 ρετριεῧσιν
905 511 978 534 om.
996 499 1040 535 Θ.

246 564 306 604 47.
329 557 507 595 Scholion
529 565 651 592 totum
669 556 781 592 habet
799 555 930 592 Snidas
950 569 976 592 s.
1004 553 1193 604 Αγροικος.

193 615 253 652 οὐκ
272 612 714 667 ἀργῶς-(13))ιεληθότως
737 626 811 649 om.
832 614 876 650 Θ.
895 636 935 644 -·-
955 626 1013 658 17,
1039 613 1082 647 18
1098 609 1194 652 δόξαν

191 675 362 722 γυναικῶν
393 686 438 709 ex
465 673 581 710 Suida
610 680 699 708 sunt
716 671 856 720 (inquit
882 668 1115 717 Dindorfius)
1137 680 1194 703 re-

192 730 450 779 dintegranda,
462 729 588 772 ἀδοξεῖν
604 728 669 780 γὰρ
681 728 846 774 εἰώθαμεν
862 727 919 764 ἐπὶ
932 732 1001 768 τοῖς
1014 725 1193 777 ἀγροίκοις.

193 787 311 825 ἔπειτα
336 787 370 824 δὲ
391 787 548 832 κάκείνην
579 786 756 838 θεραπεύει
783 784 844 830 τὴν
863 785 1029 821 ἀντίθεσιν
1050 785 1134 832 (scr.
1152 783 1194 832 τῇ

193 844 389 890 ἀντιθέσειλ,
406 846 454 895 τῷ
471 844 702 894 ὑποτετάχθαι
721 842 823 879 αὐτὸν
842 844 884 890 τῇ
907 840 1053 890 γυναικί.
1071 838 1196 876 δεσπό-

192 904 259 944 ζειν
282 901 345 954 γὰρ
363 902 520 938 εἰώθασιν
542 904 572 938 οἱ
594 901 712 952 ἄνδρες
738 902 806 936 τῶν
835 901 1017 948 γυναικῶν.
1045 897 1195 935 Omittit

194 961 271 997 haec
293 969 330 997 ct
351 960 547 1009 sequentia
566 960 610 996 Θ.

246 1019 308 1063 48,
327 1018 451 1054 23-25
468 1030 542 1053 om.
560 1017 606 1054 Θ.
623 1039 662 1045 -
680 1021 724 1058 24
743 1013 930 1065 ὑπέρογκον
955 1011 1012 1049 καὶ
1034 1011 1087 1048 ἐπ’
1108 1013 1194 1062 αὐτῇ

192 1073 282 1124 μέγα
299 1077 486 1125 φρονοῦσαν
508 1075 553 1110 R.
570 1098 609 1104 —
625 1074 743 1108 2⁹-31
764 1085 839 1107 om.
864 1075 909 1107 V.
932 1071 978 1108 Θ.
1008 1073 1095 1107 Haec
1115 1078 1193 1106 tan-

192 1140 270 1168 tum
291 1132 402 1168 habet
427 1135 491 1176 Κ.,
510 1129 854 1179 κεκαλλωπισμένην.
873 1128 946 1166 ἔστι
965 1128 999 1165 δὲ
1015 1128 1195 1180 Ἐρετρια-

191 1187 531 1240 κὸν-τυραννεῖν.ἢ
559 1187 858 1240 ἔθνος--μυσαρὸν
886 1187 908 1232 ἢ
940 1200 1013 1223 om.
1044 1187 1192 1224 Suidas.

190 1246 267 1290 Qui
283 1246 330 1282 32
345 1254 431 1295 post
445 1251 619 1296 τυραννεῖν
633 1245 750 1290 addit,
766 1243 858 1293 λέγει
873 1242 908 1280 δὲ
922 1243 983 1289 τὴν
999 1244 1192 1295 περιεργίαν

189 1305 251 1347 τ’ῆς
277 1305 516 1352 κομμωτικῆς.
547 1303 686 1344 πολλοῖς
702 1302 786 1355 γὰρ,
806 1297 861 1340 οἶα
891 1301 996 1348 εἰκὸς,
1028 1301 1194 1352 ἐκέχρητο

189 1361 502 1410 καλλωπίσμασιν,
531 1360 687 1398 τουτέστι
713 1361 862 1410 νίμμασι
882 1360 941 1396 καὶ
959 1365 1028 1402 τοῖς
1046 1363 1106 1405 τῆς
1133 1376 1193 1397 κε-

190 1420 299 1471 φαλῆς
318 1419 495 1469 πλέγμασι
514 1420 571 1456 καὶ
592 1425 660 1461 τοῖς
678 1418 794 1461 ἄλλοις
824 1422 873 1460 οἱς
907 1422 1110 1468 κοσμεῖσθαι
1137 1434 1194 1468 γυ-

189 1482 308 1518 ναῖκας
324 1475 407 1519 ἔθος.
426 1475 743 1529 ἐγκεκοισυρωμένη
765 1480 822 1513 οὖν
840 1480 908 1514 οἷον
929 1492 1106 1529 τρυρωσα,
1126 1476 1193 1513 ἀπὸ

192 1533 365 1586 Κοισύρας
382 1534 540 1582 γυναικὸς
559 1534 746 1577 πλουσίας,
776 1534 835 1572 A).
836 1534 1008 1584 κμαίωνος
1030 1550 1192 1583 γαμεττς.

189 1591 235 1629 Θ.
262 1592 395 1639 habet,
423 1593 571 1642 ἱματίοις
591 1593 649 1629 καὶ
685 1595 726 1643 τῇ
763 1592 849 1643 ἄλλῃ
869 1592 1004 1643 δαπάνῃ
1025 1595 1195 1644 περισσῶς

189 1651 469 1700 κεκοσμημένην,
494 1649 826 1699 κεκαλλωπισμένην
849 1652 891 1700 τῇ
909 1649 1076 1702 Κοισύρᾳ.

244 1707 307 1754 50,
327 1710 374 1754 37
394 1711 496 1760 τριῶν
513 1723 588 1745 om.
604 1712 698 1744 V.-
713 1714 760 1751 42
777 1706 893 1744 πόκων
911 1708 1107 1759 περιουσίας
1120 1723 1195 1745 του-

187 1763 283 1801 τέστι
300 1765 450 1811 πλήθους
470 1770 563 1803 G.-—
579 1771 624 1809 44
643 1779 698 1815 5(Ῑ.
726 1769 770 1802 R.
798 1765 910 1801 habet
931 1768 991 1810 τῆς
1014 1768 1073 1801 τοῦ
1100 1765 1192 1802 οἴνου

188 1822 664 1875 ὑποστάθμης-ψύχεταιτὰ
683 1826 847 1866 affixae—4
856 1823 951 1867 5-47
970 1822 991 1868 ἢ
1007 1831 1092 1860 ante
1109 1821 1193 1860 ὅπου

189 1887 226 1915 et
241 1879 302 1916 καὶ
324 1879 648 1932 ταριχεύεται-καὶ
666 1879 710 1917 τὰ
728 1880 859 1925 ἐκείνης
876 1880 910 1916 δέ
929 1894 1003 1917 om.
1031 1881 1077 1918 Θ.
1091 1905 1131 1911 -
1145 1881 1192 1917 53

188 1939 233 1974 R.
264 1937 377 1974 habet
404 1938 602 1990 περιουσίας
634 1937 788 1976 τουτέστι
822 1937 982 1974 πλούτου.
1011 1938 1193 1975 Scholion

187 1996 375 2045 excerpsit
393 1997 527 2034 Suidas
550 2010 578 2034 s.
597 1996 748 2048 Τρασία.

242 2055 305 2099 51,
329 2067 349 2100 7
367 2062 404 2091 et
428 2055 450 2090 8
468 2068 544 2091 om.
571 2059 616 2092 V.
643 2054 798 2101 SuidaS,
822 2053 1191 2104 Καταγλωττίσματα;

187 2109 352 2161 περίεργα
376 2111 572 2163 φιλήματα,
593 2112 871 2160 καταπάσματα,
891 2117 1052 2148 παντοῖαι
1080 2127 1193 2163 μυρα-

187 2167 335 2218 λοιφίαι,
355 2167 377 2213 ἢ
393 2169 682 2220 περιλαλήματα·
701 2169 722 2215 ἢ
746 2164 832 2210 εἶδος
851 2168 1043 2220 φιλήματος
1060 2184 1195 2221 περιερ-

144 2250 147 2252 ψ
186 2223 325 2276 γότερον
340 2225 379 2262 τὸ
392 2225 707 2276 καταγλωττισμα·
725 2225 746 2271 ἢ
764 2225 975 2275 κολάκευμα.
993 2230 1037 2262 In
1054 2226 1194 2275 quibus

187 2282 307 2319 verba
335 2283 614 2332 καταπᾶσματα,
652 2289 813 2321 παντοῖαι
846 2283 1090 2334 μυραλοιφίαι,
1112 2298 1194 2334 quae

189 2340 282 2376 nihil
312 2353 510 2377 commune
544 2341 686 2378 habent
713 2355 797 2377 cum
826 2340 1193 2389 καταγλωττίσμασιν,

188 2411 235 2435 ex
257 2398 401 2435 scholio
432 2399 635 2436 verborum
656 2400 952 2449 praecedentium
971 2403 992 2445 ἡ
1015 2399 1042 2436 δ’
1067 2394 1109 2436 αῧ
1128 2399 1192 2449 μύ-

190 2469 267 2507 ρου,
284 2454 422 2507 κρόκου,
437 2457 538 2493 illata
554 2457 743 2493 videntur.
761 2460 876 2493 Dmn.
899 2456 1027 2493 Codex
1042 2458 1193 2494 Taurin.

188 2512 480 2562 καταγλώττισμα
502 2513 625 2566 κυρίως
644 2512 723 2551 ὅταν
742 2515 775 2551 ἐν
792 2513 1103 2565 καιρῷ-στόματι.
1124 2517 1141 2551 ὁ
1159 2514 1194 2552 δὲ

187 2570 363 2622 λαφυγμὸς
383 2570 470 2608 κατὰ
492 2571 554 2621 μέν
573 2587 666 2614 τινας
685 2572 723 2609 τὸ
743 2571 825 2609 αὐτό
855 2573 928 2608 ἐστι
957 2572 1193 2621 καταγλωττί-

188 2642 306 2676 σματι·
327 2627 417 2665 κατὰ
437 2628 663 2675 δέ-δαπάνη,
684 2630 808 2681 κυρίως
825 2627 890 2681 γὰρ
909 2629 1031 2666 λάπτω
1054 2630 1112 2666 καὶ
1132 2631 1193 2667 λα-

188 2683 308 2735 φύσσω
333 2685 372 2722 τὸ
399 2689 512 2738 φορῶ·
535 2685 608 2724 ὅθεν
631 2687 1023 2738 παράγεται-γυναῖκες
1052 2691 1193 2724 τοιαῦτα

188 2741 392 2792 πράττουσιν
427 2743 493 2780 ὑπὸ
532 2747 593 2789 τῆς
631 2743 716 2794 ἄγαν
751 2746 892 2796 τρυφῆς.
926 2745 1066 2786 Κωλιὰς
1102 2743 1137 2780 δὲ
1172 2747 1192 2790 ἡ

190 2797 367 2849 Ἀφροδίτη
387 2798 491 2842 οὕτως
510 2800 654 2853 εἴρηται.
671 2799 756 2853 ἀνὴρ
775 2802 840 2853 γάρ
863 2816 911 2842 τις
936 2800 1072 2852 φθείρας
1089 2801 1192 2854 κόρην

192 2855 231 2891 ἐκ
250 2857 319 2892 τῶν
339 2855 500 2893 κώλυμ’
478 2873 555 2902 ητοι
568 2861 635 2895 τῶν
651 2861 777 2910 χειρῶν
792 2858 850 2895 καὶ
866 2859 978 2896 ποδων
997 2858 1192 2910 ἐκρεμάσθη

189 2911 248 2948 καὶ
264 2913 404 2954 λυθεὶς’
389 2928 428 2949 εκ
444 2929 504 2958 της
519 2916 619 2952 θεουε
612 2930 697 2967 ιερον
714 2914 876 2968 ἱδρύσατο
893 2916 1061 2957 κωλιαδος
1079 2916 1194 2967 Ἀφρο-

191 2967 316 3013 δίτης’
301 2969 528 3018 επονομάσας.
550 2972 748 3014 Γενετυλλὶς
765 2971 800 3009 δὲ
817 2973 982 3018 ἐκλήθηζ
965 2989 1009 3015 ως
1029 2973 1194 3023 γενέσεως

189 3024 295 3061 αἰτία.
305 3050 346 3057 -
363 3032 479 3072 14-17
504 3028 543 3064 in
562 3028 645 3064 Ald.
664 3029 808 3065 scholio
825 3043 860 3066 v.
881 3031 927 3066 52
948 3031 995 3067 ad
1012 3032 1193 3082 λαφυγμοῦ

190 3091 277 3118 sunt
288 3084 511 3132 postposita.
524 3089 711 3122 Mutatum
726 3099 774 3122 ex
786 3086 939 3123 scholiis
956 3089 1193 3124 Brunekiano

191 3151 229 3178 et
241 3142 476 3178 Taurinensi.

243 3200 309 3248 52,
336 3200 379 3235 18
402 3199 688 3245 Τῆς-ἀσωτίας,
716 3202 769 3238 sic
796 3202 913 3239 habet
932 3203 975 3240 R.
1001 3203 1193 3254 ἀδηφαγίας

190 3256 248 3294 καὶ
267 3259 328 3301 τῆς
346 3254 430 3308 πρὸς
451 3255 494 3293 τὰ
509 3255 682 3305 ἐδέσματα
701 3258 930 3305 πολυτελείας,
943 3263 989 3295 V.
1004 3259 1195 3310 ἀδηφαγίας

191 3313 249 3351 καὶ
271 3313 511 3360 πολυτελείας,
539 3313 694 3350 τουτέστι
713 3313 997 3364 ἐκδεδιῃτημένης
1016 3317 1195 3353 πολυτελεῖ

1256 266 1376 316 τροφῇ.
1407 268 1545 301 Totum
1578 265 1747 301 scholion
1780 279 1852 302 om.
1877 268 1921 303 Θ.
1940 290 1979 296 -—
2009 280 2053 314 ¹9
2078 268 2257 319 λαφυγμὸν

1234 321 1482 374 γὰρ-ἐσθίειν
1502 336 1575 359 om.
1597 327 1642 360 R.
1657 347 1696 354 -
1712 325 1758 360 25
1779 324 1845 360 ἀπὸ
1860 324 2028 360 additum
2047 337 2094 361 ex
2111 326 2258 362 scholio

1255 381 1442 429 proximo.
1458 405 1497 410 —
1514 393 1559 425 27
1587 382 1653 416 τῶν
1673 380 1805 418 κώλων.
1830 382 1981 418 Reizius
2001 382 2044 418 τὰ
2073 383 2168 419 κῶλα
2189 385 2257 420 τῶν

1255 438 1401 486 δεσμῶν.
1419 462 1459 469 -
1476 439 1523 474 33
1542 439 1731 489 Τυρρηνῶν
1753 452 1771 475 a
1802 440 1949 476 Valesio
1972 440 2149 490 positum.
2171 441 2256 478 Ald.

1255 494 1438 546 τυράννων.
1459 520 1500 527 --
1525 497 1570 532 35
1592 498 1771 547 Τυρρηνοῦ
1808 500 2045 534 Hermannus
2064 513 2071 534 :
2094 498 2258 550 τυράννου

1255 554 1336 589 Ald.
1349 578 1388 584 —
1403 560 1449 597 4ο
1473 553 1530 589 καὶ
1551 554 1728 601 δεσμώτης
1745 554 1911 591 δουλεύων
1931 555 2012 606 παρ’
2030 556 2142 598 αὐτοῖς
2156 560 2202 593 V.
2222 565 2257 591 ct

1255 611 1388 647 Suidas
1407 624 1436 646 s.
1463 610 1655 650 Κωλιάδος.
1684 612 1801 662 δεσμῷ
1829 611 1995 647 ’δουλεύων
2017 615 2061 649 R.
2078 637 2118 642 —
2135 618 2182 656 42
2205 613 2257 649 le-

1254 667 1411 716 gebatur
1429 667 1553 712 οἷκίαν,
1575 676 1788 704 correctum
1810 681 1830 705 e
1850 668 1957 704 libris
1986 669 2107 706 Suidae
2127 671 2259 707 melio-

1255 725 1373 762 ribus.
1394 729 1482 761 Post
1509 724 1618 762 οἰκίαν
1648 726 1785 762 iterum
1820 728 1878 762 τοῦ
1911 724 2047 775 ἔχοντος
2076 727 2181 764 addit
2212 731 2256 764 R.

1255 781 1362 823 οὕτως
1388 783 1437 818 ἐλ.
1455 782 1512 818 καὶ
1533 786 1576 819 R.
1598 791 1635 819 et
1657 782 1803 819 Suidas.
1817 807 1858 813 —
1873 788 1918 825 44
1942 795 2047 832 seqq.
2071 783 2207 825 Κωλιὰς
2224 784 2259 821 δὲ

1255 839 1381 884 ἐκλήθη
1411 838 1463 875 ὅτι
1493 838 1628 882 θύοντος
1659 844 1717 877 τοῦ
1743 838 1858 891 ἱερέως
1888 840 2011 890 ἱερεῖον
2033 841 2146 885 κωλῆς
2167 840 2259 891 ἱέραξ

1254 896 1404 946 ἥρπαζεν
1433 897 1491 933 καὶ
1518 896 1674 934 ἐπέκεινα
1696 899 1746 948 τῷ
1763 896 1858 948 τόπῳ
1880 897 2112 943 ἐπεκαθέσθη,
2143 896 2216 934 ὅθεν
2243 902 2260 935 ὁ

1254 953 1355 995 τόπος
1372 951 1498 995 κωλιὰς
1519 954 1660 1000 ἐκλήθη.
1677 959 1721 990 V.
1740 954 1877 992 Eadem
1901 954 1990 999 sere,
2011 955 2074 992 sed
2095 964 2180 1005 post
2199 971 2263 992 κα-

1254 1017 1426 1049 τεπονεῖτο
1450 1011 1594 1059 addita,
1619 1012 1734 1049 habet
1764 1012 1911 1058 Suidas,
1943 1013 1973 1048 οἱ
1998 1010 2046 1058 δὲ,
2064 1011 2115 1049 ὅτι
2145 1011 2262 1054 Ἴωνος

1255 1069 1386 1110 θύοντος
1423 1070 1542 1120 ἱερεῖον
1578 1070 1691 1115 κωλῆς
1729 1070 1741 1119 (
1753 1083 1819 1106 scr.
1859 1068 1981 1120 ἱερείου
2024 1071 2139 1114 κωλῆν
2174 1083 2257 1106 cum

1254 1127 1413 1176 Hemst.)
1438 1126 1610 1178 ἐξήρπασε
1639 1126 1787 1178 (ἥρπασε
1812 1127 1933 1164 codex
1965 1128 2084 1176 Leid.)
2119 1127 2177 1164 καὶ
2204 1128 2259 1164 ἐπ’

1254 1185 1371 1237 ἐκείνῳ
1396 1186 1445 1236 τῷ
1471 1184 1566 1236 τόπῳ
1593 1185 1762 1222 ἐκάθισεν.
1794 1183 2056 1230 ὅθεν-ἐκλήθη.
2087 1185 2259 1234 μέμνηται

1253 1241 1311 1279 καὶ
1327 1242 1555 1295 Καλλίμαχος
1563 1244 1596 1281 ἐν
1611 1242 1840 1295 ἹΞκάλῃ.-5.
1854 1242 2030 1291 corrige-7⁴1
2045 1242 2092 1280 ’πὶ
2108 1243 2260 1280 Κωλιάδ’

1253 1300 1274 1345 ἢ
1296 1300 1322 1344 ’ς
1342 1303 1418 1339 Γεν.

1308 1359 1367 1402 54.
1391 1359 1541 1396 Scholia
1560 1360 1607 1396 ad
1630 1359 1730 1396 hunc
1750 1373 1786 1395 v.
1808 1373 1880 1397 om.
1902 1359 1947 1397 Θ.
1971 1368 2007 1397 et
2021 1358 2065 1395 ad
2082 1359 2260 1408 reliquam

1255 1416 1387 1453 fabulae
1404 1425 1550 1467 partem
1564 1418 1627 1454 vix
1642 1418 1717 1453 ulla
1734 1417 1846 1454 hahet
1865 1432 1873 1453 :
1890 1417 2004 1453 habet
2025 1429 2113 1452 vero
2135 1417 2261 1452 tenuia

1254 1486 1432 1527 excerpta
1452 1478 1681 1514 scholiorum
1701 1486 1737 1514 et
1757 1478 1993 1527 glossemata.
2009 1477 2137 1514 Codex
2155 1479 2260 1513 Tau—

1254 1535 1322 1571 rin.
1339 1538 1487 1580 σπαθᾶν,
1506 1535 1572 1572 ἀπὸ
1589 1535 1680 1573 πάνυ
1700 1535 1895 1572 σπουδαίων
1914 1536 2084 1584 γυναικῶν
2101 1532 2261 1578 εἴληπται

1254 1594 1320 1630 ἀπὸ
1339 1596 1396 1630 τοῦ
1418 1592 1595 1644 συντόμως
1621 1599 1723 1631 κινεῖν
1751 1592 1937 1645 ὑφαντικὰς
1956 1591 2146 1632 σπάθας.-
2160 1605 2182 1639 9
2202 1592 2261 1627 καὶ

1255 1648 1310 1686 διὰ
1331 1651 1413 1687 Ald.
1433 1676 1473 1681 —
1492 1664 1536 1687 1o
1552 1645 1643 1687 εἶπεν
1661 1650 1827 1688 additum
1847 1664 1895 1688 ex
1910 1651 2037 1687 Suida.
2056 1653 2145 1686 Post
2163 1647 2262 1701 ἀργὸς

1253 1702 1294 1752 ἦν
1324 1709 1494 1757 sequitur
1512 1709 1551 1744 in
1570 1708 1656 1745 Ald.
1682 1708 1980 1744 additamentum
2006 1721 2052 1744 ex
2074 1706 2262 1755 Gregorio

1255 1765 1341 1802 Cor.
1362 1779 1399 1814 p.
1429 1767 1476 1801 62
1500 1766 1664 1810 illatum,
1689 1764 1835 1802 Ἀττικοὶ
1862 1764 1898 1801 δὲ
1926 1764 1982 1802 ἐπὶ
2007 1766 2074 1800 τῶν
2105 1764 2261 1808 θηλυκῶν

1255 1824 1442 1875 ἀρσενικῶν
1463 1822 1640 1872 ὀνομάτων
1659 1821 1847 1874 κέχρηνται
1869 1821 1998 1866 λέξεσιν
2018 1820 2260 1872 (καταλήξεσιν

1255 1894 1300 1918 ex
1318 1882 1426 1918 codd.
1447 1881 1671 1930 quibusdam
1701 1888 1914 1917 correctum
1940 1879 2041 1929 apud
2072 1881 2262 1927 Gregor.)‚

1255 1940 1299 1980 ὡς
1313 1940 1470 1985 ἐνταῦθα,
1489 1938 1546 1975 καὶ
1566 1938 1649 1990 παρ’
1665 1937 1814 1989 Ὁμήρῳ
1832 1936 1981 1979 «κλυτὸς
1999 1935 2263 1984 Ἱπποδάμεια.»

1254 1995 1312 2032 καὶ
1345 1997 1537 2048 Εὐριπίδης
1551 2014 1565 2029 «
1583 1996 1621 2033 τὸ
1640 1995 1671 2033 δ’
1698 1990 1742 2032 αὖ
1769 1995 1845 2032 λίαν
1873 1995 2031 2046 παρεῖλες
2060 1992 2263 2042 ἀγγελθεῖσά

1256 2067 1314 2102 μοι
1334 2059 1498 2102 γενναῖος.
1515 2071 1529 2086 »
1545 2078 1584 2084 -
1602 2066 1646 2090 12
1665 2051 1838 2103 ἐχρήσατο
1854 2052 2003 2090 Suidas.
2029 2052 2157 2102 χρῆται
2175 2050 2261 2086 Ald.

1255 2111 1358 2160 quod
1375 2124 1448 2147 om.
1469 2114 1512 2147 R.
1535 2115 1579 2148 V.

1309 2168 1354 2205 57
1376 2167 1483 2213 πότης
1500 2170 1516 2205 ὃ
1535 2166 1622 2204 πολὺ
1642 2167 1834 2205 ἀναλίσκων
1854 2166 1977 2217 λύχνος
1993 2169 2040 2203 V.
2062 2179 2095 2201 a.
2119 2179 2166 2201 m.
2188 2178 2259 2202 sec.

1255 2226 1406 2264 Omittit
1423 2229 1467 2262 G.

1309 2285 1355 2332 59
1372 2297 1446 2320 om.
1465 2287 1509 2320 V.
1526 2283 1602 2320 ἀντὶ
1628 2286 1686 2320 τοῦ
1707 2281 1908 2333 ἐλλυχνίων.
1929 2280 1950 2325 ἢ
1980 2279 2016 2330 (ἢ
2037 2280 2259 2327 delendum)

1255 2340 1322 2377 ἀπὸ
1337 2339 1438 2392 θρύου
1462 2355 1500 2377 το
1519 2340 1666 2377 παλαιὸν
1690 2339 1734 2377 τὰ
1759 2338 1922 2388 ἐλλύχνια
1941 2336 2054 2374 habet
2070 2339 2114 2373 R.
2133 2337 2262 2374 Codex

1255 2399 1408 2435 Taurin.
1428 2398 1604 2450 Θρυαλλις
1621 2397 1745 2449 κυρίως
1766 2400 1822 2442 ἡε
1807 2395 1922 2447 ἔξαψις
1940 2397 2000 2431 τοῦ
2018 2392 2108 2430 κατὰ
2125 2393 2180 2430 τὸν
2197 2393 2263 2430 λύ-

1254 2470 1334 2506 χνον
1350 2454 1481 2507 φωτός·
1502 2471 1560 2492 νυν
1585 2453 1620 2491 δὲ
1638 2468 1844 2504 καταχρηστ
1831 2468 1928 2494 ιικως
1946 2449 1986 2488 τὸ
2008 2452 2130 2493 κοινῶς
2159 2449 2262 2501 λεγό-

1255 2529 1354 2562 μενον
1381 2512 1545 2565 φιτύλιον.
1574 2511 1846 2560 Corrigendum
1865 2507 2016 2561 φυτίλιον
2040 2520 2088 2544 ex
2116 2507 2260 2544 scholio

1253 2571 1407 2608 Thomae
1423 2575 1471 2607 M.
1491 2584 1550 2619 ap.
1570 2573 1738 2618 Ducang.
1755 2569 1920 2605 Glossar.
1938 2580 1976 2617 p.
2000 2566 2096 2611 1673
2113 2579 2121 2601 τ
2141 2566 2261 2617 θρυαλ-

1254 2627 1304 2669 λὶς
1329 2627 1366 2664 τὸ
1391 2642 1423 2664 κ.
1444 2625 1628 2676 λεγόμενον
1646 2625 1798 2677 φυτίλιον
1813 2640 1821 2647 ·
1837 2623 1967 2675 γίνεται
1994 2621 2059 2674 γὰρ
2085 2620 2152 2658 ἀπὸ
2171 2623 2259 2673 (τοῦ)

1254 2684 1347 2736 φύειν
1370 2684 1507 2735 τρίειον.

1307 2745 1376 2787 60,
1398 2743 1481 2779 35³
1467 2756 1670 2790 επιτιμησαι
1690 2740 1748 2778 τὸν
1771 2724 1939 2784 δεσπότην
1963 2742 2001 2775 V.
2025 2738 2106 2775 sine
2127 2738 2176 2787 τῷ
2195 2737 2261 2772 οἰκ.

1252 2824 1293 2831 -
1309 2801 1354 2845 37
1378 2799 1452 2835 ἀλλ’
1480 2797 1715 2848 ἀναγνωστέον
1737 2801 1776 2834 F.
1799 2801 1843 2833 A.
1871 2795 2041 2833 Wolfius.
2070 2793 2156 2830 Ald.
2184 2791 2262 2829 ἀλλ’

1254 2857 1502 2902 ἀναπαυστέον,
1524 2858 1627 2906 quod
1647 2870 1722 2893 orn.
1739 2859 1785 2892 V.
1798 2878 1838 2885 -
1854 2857 1901 2902 39
1924 2853 2028 2893 οὕτως
2043 2853 2088 2892 ὡς
2107 2855 2152 2887 G.

1307 2917 1377 2962 62,
1404 2916 1449 2958 43
1471 2912 1744 2961 Ἐστασιάζομεν
1768 2925 1814 2947 ex
1835 2910 1952 2947 Suida
1967 2910 2018 2958 (v.
2039 2906 2259 2957 Ἐλοιδορού·

1255 2972 1357 3021 μεθα)
1382 2971 1623 3014 Dindorfius,
1653 2970 1719 3018 qui
1746 2969 1825 3004 haee
1856 2974 1958 3003 recte
1983 2964 2151 3013 digessit.
2173 2964 2259 3003 Ald.

1254 3028 1532 3130 στοὲσιαζόμενος.
1554 3028 1721 3065 Suidas
1704 3041 1748 3067 ως
1767 3024 1832 3061 ὑπο
1851 3040 1895 3070 τ.,
1917 3030 1963 3067 44
1982 3024 2166 3071 τραπηναι.

1359 3093 1434 3132 ,4
1421 3109 1459 3129 1-
1467 3093 1515 3134 49
1533 3085 1586 3122 sic
1601 3089 1643 3122 R.
1663 3088 1706 3120 V.
1738 3081 1827 3131 μέγα
1856 3083 2026 3132 φρονοῦσα
2044 3078 2182 3120 πάντως
2202 3077 2258 3115 ἐπι

1253 3146 1302 3196 τῷ
1307 3089 1481 3195 6προγόνω
1514 3142 1692 3191 Μεγακλεῖ
1710 3155 1759 3190 τῳ
1775 3138 1957 3182 νικήσαντι
1975 3136 2047 3187 τρις
2063 3136 2139 3174 Ὀλ.
2156 3160 2196 3167 -—
2211 3136 2259 3172 50

1253 3199 1451 3237 κατελθόντι
1470 3197 1526 3235 τὸν
1544 3197 1649 3235 ιππον
1670 3201 1710 3232 R.
1717 3198 1798 3243 ,τοῦ
1819 3194 1927 3231 ἵππου
1947 3196 1990 3230 V.
2011 3193 2092 3230 sine
2107 3193 2145 3229 ἐκ
2166 3207 2198 3228 τ.
2220 3207 2254 3242 φ.

1253 3260 1350 3295 -52
1370 3255 1530 3294 malim⁹
1513 3271 1631 3293 επειτα
1647 3269 1705 3291 και
1723 3256 1782 3299 Κ.,
1799 3253 1871 3289 nisi
1890 3252 1948 3288 hae
1919 3265 1970 3288 c
1986 3252 2081 3289 alius
2100 3250 2257 3288 scholia«

1253 3325 1318 3353 stae
1338 3315 1452 3352 verba
1471 3321 1568 3350 sunt.
1589 3315 1706 3349 Dmn.
1721 3335 1759 3340 —
1774 3311 1794 3346 3
1818 3310 2011 3354 πλουτῆσαι
2042 3306 2259 3345 Palmerius..
