2533 3808
322 212 395 245 546
1064 193 1364 233 ADNOTATIO
1394 194 1446 233 ΙΝ
1474 195 1648 235 SCHOL.

319 304 399 327 sum
415 296 597 338 spectant.
618 291 787 334 Apparet
802 297 848 319 ex
868 283 925 319 his
939 282 1139 318 lectionem
1156 280 1326 317 Aldinam

317 342 815 396 προσδιασύρων-Εὐριπίδην
835 349 1052 390 corruptam
1073 353 1153 375 csse
1173 352 1219 374 ex
1245 337 1328 388 πρὸς

318 401 748 454 διασυρμὲν-Εὐριπίδου,
765 404 881 437 Dum.
900 424 939 431 —
958 400 1003 435 53
1021 398 1078 435 τὸν
1093 398 1264 435 additum
1283 409 1328 432 ex

316 464 361 499 G.
381 491 421 498 .-
440 462 458 496 3
479 459 602 511 γράφει
619 462 678 506 V.‚
701 460 765 508 qui
793 459 813 494 5
843 457 1062 509 γεγραφότες.
1081 458 1207 494 Ceteri
1238 454 1328 507 γρά-

316 534 443 571 φοντες.
459 543 502 550 -
516 519 538 554 6
559 516 646 554 κατὰ
665 516 826 567 πρόθεσιν
847 520 894 552 V.
912 541 952 546 —
968 530 986 562 7
1016 514 1254 566 ἀμφιοίσαντες
1283 516 1326 549 G.

315 575 549 628 ἀμφιστάντες
560 575 640 612 Ald.
661 593 675 607 τι
690 573 804 626 Ἄὸρῷ
816 574 1015 623 epitheton
1028 573 1200 622 ineptum
1217 584 1329 620 quor-

314 647 395 670 sum
413 642 576 684 spectet,
596 634 774 687 ignorare
792 646 851 669 nie
876 632 996 668 fateor
1019 647 1025 668 :
1050 630 1233 667 debuerat
1254 643 1327 678 po-

315 692 387 726 tius
407 692 607 741 scripsisse
628 690 756 741 δάφνης
783 690 840 726 vel
864 688 1031 740 δαφνίνῳ.
1055 689 1231 726 Proxima
1251 700 1326 722 non

313 749 437 785 minus
457 750 632 786 intricata
647 778 656 795 ,
677 749 748 785 nisi
765 747 958 797 profundo
976 747 1132 783 vulnere
1151 745 1326 782 laborare

314 815 444 855 putes,
475 807 711 856 grammatici
751 805 974 842 recentioris
1008 813 1122 853 atque
1159 803 1327 852 imperiti

313 872 421 900 notas
444 865 650 912 praeferunt
679 879 686 899 :
710 862 945 915 ἐχειροτόνουν
972 863 1124 899 videtur
1153 862 1326 911 posuisse

312 934 384 969 pro
397 922 653 971 porrigebant.
671 939 685 955 u
707 923 851 958 HEMST.
868 922 917 972 τῷ
934 936 1035 970 μαντ.
1054 924 1101 957 R.
1121 918 1327 970 μαντιπόλει

311 980 377 1021 V.‚
396 992 474 1014 non
494 984 538 1016 G.
557 982 574 1015 ὁ
594 976 905 1028 δὲ’ἓντυχὼν-τὴν
937 978 1121 1030 ἀπόκρισιν
1146 982 1215 1019 τοῖς
1239 991 1327 1028 προ-

311 1035 518 1084 τεινομένοις
539 1039 686 1074 ἐποιεῖτο
704 1040 749 1075 R.
769 1036 855 1073 Ald.
875 1061 916 1067 —
934 1050 978 1073 10
993 1035 1045 1073 ὅτι
1061 1034 1229 1087 στεφάνην
1254 1033 1323 1072 ἔστ.

312 1095 396 1131 Ald.
412 1121 452 1127 —
475 1108 518 1131 12
537 1094 708 1138 ἐξαδύτοις
723 1096 766 1131 V.
788 1092 821 1136 ἐξ
842 1092 974 1131 ἀδύτων
991 1097 1036 1130 G.
1059 1093 1217 1137 ἐξάλυτος
1240 1109 1256 1131 ο
1282 1095 1325 1130 li-

312 1155 404 1190 teris
423 1152 593 1190 evanidis
613 1156 756 1195 R..-14
781 1150 1015 1205 ἐχρησμῴδει.
1037 1155 1159 1188 Dorv.
1188 1157 1324 1190 Totam

311 1213 409 1248 hanc
427 1220 554 1248 notam
576 1211 799 1247 recentioris
818 1211 979 1260 alicujus
999 1211 1122 1247 Graeci
1139 1211 1325 1260 ejusdem-

310 1285 385 1319 que
402 1270 608 1307 Christiani
630 1283 710 1306 esse
724 1299 733 1315 ‚
755 1269 874 1306 cuivis
896 1270 1006 1305 facile
1036 1268 1213 1306 subolere
1248 1282 1321 1319 po-

312 1337 391 1364 test.
408 1332 527 1364 Kusr.
544 1327 653 1364 Unde
671 1328 868 1372 fluxerint,
886 1327 1031 1377 aperiet
1048 1330 1262 1364 OEcumen.
1278 1328 1324 1366 ad

310 1389 352 1422 Α.
372 1391 412 1422 Α.
440 1386 499 1431 16,
524 1386 581 1431 16,
598 1399 635 1434 p.
671 1386 755 1431 130,
772 1389 832 1422 D:
856 1384 1004 1434 Λέγεται
1035 1387 1056 1430 ἡ
1090 1384 1204 1422 Πυθία
1235 1385 1322 1431 αὕτη

308 1443 394 1491 γυνή
415 1458 465 1484 τις
486 1437 572 1479 οῧσα
593 1444 824 1488 ἐπικαθῆσθαι
843 1444 892 1493 τῷ
913 1442 1050 1494 τρίποδι
1069 1445 1129 1479 τοῦ
1150 1441 1324 1480 Ἀπόλλω-

308 1515 379 1543 νος,
398 1501 578 1552 διαιροῦσα
594 1498 637 1536 τὰ
653 1499 759 1546 σκέλη
775 1514 785 1523 ·
805 1493 865 1537 εἷθ’
883 1498 990 1541 οὕτως
1007 1504 1142 1549 πνεῦμα
1173 1500 1321 1552 πονηρὸν

307 1556 459 1593 κάτωθεν
478 1556 720 1606 ἀναδιδόμενον
732 1587 741 1604 ,
761 1557 819 1594 καὶ
835 1555 889 1593 διὰ
906 1559 973 1594 τῶν
989 1559 1198 1606 γεννητικῶν
1217 1560 1322 1605 αὐτῆς

308 1613 527 1664 διαδυόμενον
548 1614 675 1667 μορίων
697 1616 848 1666 πληροῦν
862 1614 924 1660 τὴν
942 1620 1089 1664 γυναῖκα
1102 1618 1163 1661 τῆς
1182 1617 1318 1666 μανίας,

307 1673 364 1710 καὶ
379 1673 504 1719 ταύτην
518 1672 578 1716 τὰς
595 1673 716 1725 τρίχας
729 1673 878 1711 λύουσαν
896 1673 1014 1711 λοιπὸν
1036 1675 1265 1724 βακχεύεσθαί
1284 1692 1321 1713 τε

299 1732 365 1768 καὶ
387 1732 492 1784 ἀφρὸν
513 1736 571 1770 τοῦ
592 1732 764 1780 στόματος
787 1731 948 1784 ἀφιέναι,
971 1731 1029 1768 καὶ
1057 1731 1164 1775 οὕτως
1194 1734 1228 1769 ἐν
1256 1750 1322 1771 πα-

309 1789 417 1841 ροινία
451 1791 556 1840 (lege
581 1790 774 1842 παρανοίᾳ)
801 1788 989 1840 γενομένην
1028 1788 1071 1826 τὰ
1106 1792 1168 1835 τῆς
1195 1792 1321 1840 μανίας

306 1846 514 1896 φθέγγεσθαι
539 1847 693 1898 ῥήματα.
711 1852 799 1886 Non
820 1847 1020 1884 dissimilia
1041 1848 1077 1883 in
1094 1848 1254 1886 aliorum
1272 1851 1317 1887 ad

301 1905 408 1941 *hunc
433 1906 558 1941 locum
577 1907 859 1943 commentariis
884 1905 1095 1942 traduntur.
1121 1907 1214 1944 Vide
1233 1910 1319 1946 Ori-

306 1976 391 2009 gen.
412 1966 455 1998 In
466 1964 560 2000 Cels.
574 1964 607 2008 3,
621 1977 659 2013 p.
689 1964 773 2008 1253
788 1978 822 2009 7,
836 1978 874 2013 p.
891 1965 976 1999 333.
999 1965 1200 2013 Conspirat
1217 1970 1319 2004 Jose—

305 2020 405 2069 plius
419 2022 454 2056 in
468 2024 718 2070 Hypomnest.
735 2036 797 2071 ap.
808 2022 879 2058 Th.
890 2023 1048 2058 Galeum
1064 2022 1110 2058 ad
1121 2023 1316 2063 Iamblich.

305 2081 362 2113 Do
381 2087 532 2127 myster.
552 2092 587 2127 p.
611 2079 684 2115 215
706 2095 714 2116 :
740 2069 783 2117 Ἣ
802 2080 837 2116 δὲ
861 2079 973 2116 Πυθία
993 2078 1049 2115 ἐπὶ
1069 2083 1129 2116 τοῦ
1159 2080 1316 2132 τρίποδος

304 2136 514 2186 ἀσχημόνως
528 2137 765 2185 ἐπικαθημένη
787 2136 843 2174 διὰ
866 2139 934 2174 τῶν
965 2137 1169 2186 γυναικείων
1200 2139 1315 2191 πόρων

302 2193 363 2235 τὰς
384 2193 550 2243 μαντικὰς
568 2195 765 2247 ἀποκρίσεις
788 2194 1007 2247 ὑποδέχεται.
1034 2201 1180 2234 HEMST.

355 2258 399 2294 4¹
436 2265 512 2287 om.
533 2257 577 2290 G.
608 2255 652 2291 In
685 2257 731 2291 R.
753 2252 774 2290 ὅ
797 2268 864 2290 τινι
896 2257 981 2304 (scr.
1012 2248 1122 2307 ᾧτινι)
1151 2256 1247 2301 ἐξιὼν
1278 2260 1316 2297 ἐκ

301 2313 359 2346 τοῦ
384 2312 409 2346 ἱ.
434 2311 463 2347 δ.

356 2373 416 2413 [⁴7-
439 2369 591 2406 Scholia
611 2371 658 2406 ad
678 2384 713 2406 v.
736 2371 859 2421 ‘⁸7’57
893 2385 969 2408 om.
1003 2372 1050 2410 Θ.
1072 2399 1110 2405 -
1133 2375 1177 2411 53
1214 2377 1315 2414 Κατὰ

301 2424 362 2469 τὴν
386 2429 430 2462 R.
454 2427 539 2462 Ald.
554 2451 595 2457 -
617 2428 664 2470 54
692 2426 727 2464 δὲ
749 2442 824 2465 om.
842 2433 899 2474 R„
918 2431 984 2479 qui
1006 2440 1048 2467 ut
1075 2433 1158 2469 Ald.
1187 2434 1226 2471 τὸ
1255 2438 1315 2480 τῆς

302 2483 489 2529 πολιτείας,
514 2484 594 2520 sine
615 2487 725 2522 αὐτῶν
746 2485 833 2530 ἤτοι.
854 2512 895 2518 -
916 2502 930 2523 1
958 2489 1186 2538 δυσοίκμητον
1217 2493 1313 2530 διδοί-

302 2557 393 2578 σκειν
414 2546 458 2579 R.
481 2543 683 2589 δυσκίνητον
705 2545 875 2582 διδάσκειν
896 2547 976 2583 Ald.
996 2548 1185 2594 διδάσκειν,
1209 2554 1312 2601 quod

302 2608 403 2635 recte
420 2613 493 2637 om.
513 2604 575 2645 V.‚
591 2609 718 2637 ortum
740 2610 795 2638 est
812 2615 832 2638 e
853 2604 1027 2641 lemmate
1043 2607 1172 2644 ἀσκεῖν.
1192 2607 1240 2657 μὴ
1258 2609 1314 2661 ἔρ-

301 2660 426 2707 χεσθαι
445 2659 492 2695 Θ.
515 2661 633 2694 ΒιΝι).

355 2716 417 2761 48,
438 2715 457 2751 3
478 2729 500 2751 a
520 2728 570 2751 m.
593 2728 668 2751 sec.
688 2719 750 2763 V.‚
776 2730 852 2754 om.
878 2722 975 2755 G.-
993 2718 1014 2755 5
1044 2720 1223 2768 δηλονοτιὴ
1253 2725 1311 2762 καὶ

299 2773 417 2823 τυφλῷ
441 2776 486 2809 V.
507 2786 527 2809 a
549 2786 599 2810 in.
625 2786 698 2810 see.
714 2802 754 2807 -
778 2776 799 2810 6
820 2775 877 2812 τὸν
899 2776 1047 2825 πονηρὸν
1077 2783 1120 2815 V.
1146 2783 1221 2823 νοῦς
1246 2781 1311 2834 γὰρ

300 2831 363 2880 ὁρᾷ
386 2838 457 2866 ete.
480 2831 697 2880 Epicharmi
716 2835 914 2880 sententia,
935 2835 981 2871 de
996 2849 1070 2886 qua
1089 2851 1124 2873 v.
1143 2841 1312 2887 Wytten—

300 2885 409 2923 bach.
437 2887 484 2924 ad
502 2889 601 2925 Plut.
629 2892 725 2925 Mor.
752 2891 824 2927 vol.
846 2892 882 2939 6,
904 2906 942 2942 p.
960 2894 1103 2938 671.--
1119 2909 1152 2942 7.
1175 2899 1230 2933 Ex
1253 2898 1310 2935 his

301 2955 572 2994 congruentem
609 2960 758 2984 sensum
789 2950 855 2986 vix
886 2951 1043 2999 efficies,
1073 2954 1143 2990 nisi
1177 2955 1309 3004 legeris

300 3002 380 3059 vfl,
399 3000 451 3038 ὅτι
471 3004 721 3055 (Chremylus)
735 3006 891 3058 καθάπερ
910 3010 928 3044 ὃ
941 3023 972 3045 τ.
990 3018 1079 3056 ete„
1094 3012 1152 3047 vel
1173 3012 1231 3048 καὶ
1245 3012 1309 3065 γὰρ

301 3061 395 3099 οὗτος
417 3062 448 3108 (ὁ
467 3059 573 3112 πηρὸς
590 3064 638 3114 τῷ
659 3064 720 3115 νῷ)
742 3065 898 3118 καθάπερ
921 3069 938 3103 ὃ
956 3083 986 3104 τ.
1015 3076 1083 3105 etc.
1102 3072 1248 3106 HEMsT.
1271 3096 1310 3102 —

306 3128 350 3150 10
370 3115 541 3154 τουτέστιν
563 3120 647 3157 Ald.
660 3145 701 3151 —
721 3135 734 3157 1
749 3136 761 3158 1
787 3132 873 3172 post
890 3123 1024 3175 ἀνοήτῳ
1039 3128 1164 3175 pergit
1174 3130 1217 3163 V.
1233 3128 1308 3165 ἀντὶ

299 3174 359 3209 τοῦ
383 3175 505 3224 μωρῷ.
546 3176 730 3214 αἰνίττεται
760 3179 818 3216 τὸν
855 3182 1011 3219 Πλοῦτον
1040 3183 1096 3219 ἐπὶ
1119 3183 1255 3233 χλεύης.
1285 3185 1306 3231 ἢ

298 3229 382 3280 πρὸς
397 3229 454 3267 τὸν
475 3233 629 3270 Πλοῦτον
648 3236 876 3286 αἷνιττόμενός
897 3253 1019 3290 φησιν,
1038 3239 1059 3285 ἢ
1083 3240 1140 3277 τὸν
1159 3242 1306 3294 πονηρὸν

299 3288 348 3337 τῷ
367 3291 428 3339 νῷ.
445 3288 485 3325 τὸ
504 3289 540 3326 δὲ
559 3290 728 3336 ἑξῆς-τὸ
756 3295 862 3343 μηδὲν
892 3298 1008 3335 ἀσκεῖν
1032 3298 1135 3348 ὑγιές.
1162 3301 1307 3338 Deinde

300 3344 386 3389 δῆλα
408 3347 554 3384 addidit
572 3349 766 3388 Kusterus.

1439 282 1500 327 51,
1522 296 1570 331 29
1591 296 1647 332 sq.
1664 284 1882 334 ἀντὶ-ζυγοῦ
1901 297 1976 321 om.
1994 288 2039 323 G.
2059 310 2095 315 —
2114 285 2159 320 36
2181 286 2281 334 ἡμῶν
2295 289 2399 326 Junt.

1439 341 1501 387 57,
1521 343 1646 390 39-42
1669 342 1722 378 sic
1742 343 1781 379 in
1797 346 1855 386 V.‚
1871 342 2081 389 ἀπειλητικὴ
2099 345 2120 388 ἢ
2138 345 2258 385 πεῦσις
2275 347 2334 380 τοῦ
2349 347 2400 382 θε-

1385 396 1563 448 ράποντος.
1596 398 1656 435 καὶ
1684 401 1734 449 τῷ
1765 399 1859 452 λόγῳ
1890 399 2074 438 πεισθέντα
2113 400 2304 451 (πεισθέντι
2335 405 2399 447 G.)

1384 455 1518 506 βέλτιόν
1540 473 1594 495 σοι
1614 457 1758 495 σεαυτὸν
1778 457 1922 502 ἐξειπεῖν
1945 458 1967 504 ἢ
1984 458 2335 510 βιασθέντα.Ἄλλως.
2354 461 2401 502 ὡς

1384 514 1432 564 μὴ
1455 515 1614 565 λέγοντός
1633 531 1694 553 σου
1715 515 1824 567 βίαιόν
1845 531 1879 553 τι
1905 517 2149 569 διαπράξομαι.
2169 516 2213 554 τὰ
2236 515 2400 554 ἐπὶ-λέ-

1382 590 1453 624 γειν
1477 570 1535 613 οὖν
1556 574 1625 627 χρὴ
1658 575 1752 627 λόγῳ
1781 574 1965 612 πεισθέντα
1998 575 2133 626 βέλτιόν
2168 591 2223 613 σοι
2253 574 2274 612 δ’
2305 577 2399 612 ἐστιν

1382 632 1525 676 ἐξειπεῖν
1544 633 1566 678 ἢ
1583 633 2055 684 βιασθέντα-διαπράξομαι.
2075 638 2117 671 In
2132 637 2191 679 R.‚
2208 635 2253 675 ὡς
2271 633 2319 683 μὴ
2339 633 2399 671 λε’-

1381 691 1498 742 γοντός
1521 707 1581 729 σου
1611 694 1643 742 β.
1665 708 1697 729 τι
1717 691 1962 743 διαπράξομαι.
1990 696 2037 729 Et
2066 701 2154 741 post
2171 706 2206 728 v.
2234 694 2279 729 81
2306 707 2313 727 ε
2337 692 2398 742 ἄγε

1383 749 1422 796 δὴ
1442 750 1483 788 σὺ
1504 750 1684 802 πρότερον.
1707 749 1915 795 ἀπειλητικὴ
1935 749 2000 802 γὰρ
2015 753 2036 796 ἡ
2054 754 2193 798 πεῖσις,
2213 744 2282 787 οἷον
2305 750 2398 802 λόγῳ

1381 808 1564 847 πεισθέντα
1587 807 1719 859 βέλτιόν
1741 824 1796 846 σοι
1815 808 1907 846 ἐστὶν
1938 808 2082 851 ἐξειπεῖν
2094 837 2207 845 .....
2232 807 2394 845 ασθέντα.

1381 895 1420 899 -
1437 873 1489 910 4ο
1507 867 1577 904 ἀνω
1597 880 1779 916 quorsum
1810 867 1998 917 pertineat
2018 880 2096 902 non
2113 866 2223 916 capio
2241 880 2249 902 :
2271 867 2399 916 legen-

1382 924 1472 961 dum
1488 934 1564 972 est,
1584 926 1655 965 nisi
1676 925 1802 970 fallor,
1821 924 1922 974 ἄγαν.
1940 928 2090 962 Hmvis'r.

1434 984 1496 1028 61,
1517 984 1587 1019 6—1
1601 997 1615 1018 1
1635 981 1696 1028 τὴν
1723 981 2052 1028 κληδόνα-Ἄλλως
2081 996 2155 1019 om.
2181 982 2229 1020 Θ.
2248 1007 2288 1013 -
2310 997 2329 1029 7
2351 984 2398 1025 ὡς

1380 1039 1457 1077 Ἀπ.
1481 1044 1527 1077 R.
1544 1036 1753 1084 οὕτως-νηί·
1769 1040 1832 1076 hic
1853 1054 1929 1077 om.
1947 1044 2008 1086 V.‚
2029 1041 2093 1090 qui
2113 1048 2201 1091 post
2221 1039 2395 1086 ἐδήλωσεν

1380 1099 1540 1136 alterum
1561 1100 1669 1148 ponit
1685 1099 1859 1135 scholion
1882 1098 1944 1144 τὴν
1955 1098 2232 1144 κληδόνα-νηΐ.
2247 1114 2321 1148 -9
2341 1112 2396 1149 sq.

1378 1156 1470 1208 ὄρνιν
1491 1158 1655 1194 καλοῦσιν
1674 1170 1747 1193 οῐη.
1766 1159 1808 1193 V.
1823 1185 1864 1190 .-
1886 1170 1930 1193 10
1948 1157 1991 1194 τὰ
2006 1155 2110 1207 ὅμοια
2131 1161 2174 1194 Β.
2191 1157 2327 1193 Ald.-
2352 1170 2396 1192 12

1379 1228 1433 1264 sq.
1453 1215 1595 1251 eumin
1618 1215 1775 1251 modum
1803 1216 1959 1265 praefert
1985 1219 2120 1262 Dorv.‚
2144 1223 2185 1251 ut
2202 1228 2319 1265 supra
2337 1214 2394 1252 τὸν

1378 1272 1469 1323 ὄρνιν
1486 1275 1548 1310 τοῦ
1566 1275 1641 1310 θεοῦ
1658 1273 1864 1322 explicatio
1879 1274 1926 1309 sit
1940 1273 2132 1323 adscripta
2148 1271 2212 1316 τὴν
2229 1272 2395 1322 μαντείαν

1377 1333 1436 1367 τοῦ
1458 1329 1672 1372 Ἀπόλλωνος
1687 1359 1696 1376 ,
1718 1339 1797 1366 tuni
1815 1331 1964 1380 reliqua
1997 1329 2186 1382 ἐπειδήπερ
2202 1353 2254 1359 -
2280 1331 2394 1379 ἐμαν-

1376 1388 1514 1426 τεύοντο
1529 1389 1568 1425 in
1584 1389 1755 1438 margine
1769 1397 1974 1438 ponantur.
1992 1392 2066 1425 Pro
2080 1387 2301 1440 ἐκφευκτικὸν
2317 1401 2395 1424 non

1377 1446 1544 1483 deterius
1565 1454 1622 1483 est
1643 1446 1767 1483 Suidae
1795 1444 1975 1498 ἐφεκτικὸν
2008 1447 2046 1482 in
2075 1445 2208 1498 Ὄρνις.
2248 1448 2394 1482 HEMST.

1376 1503 1494 1550 ἐπειδὴ
1516 1505 1561 1542 Θ.
1584 1505 1658 1551 Qui
1676 1505 1821 1545 scholia
1839 1504 1886 1541 ad
1906 1518 1940 1542 v.
1963 1506 2133 1548 64-204
2152 1504 2305 1541 omittit.

1430 1565 1492 1610 64,
1519 1578 1561 1610 17
1580 1562 1710 1609 ταύτην
1732 1556 1777 1606 εἷς
1805 1561 1906 1615 ὅρκον
1926 1568 2031 1601 Junt.
2062 1565 2112 1614 (et
2141 1564 2247 1613 Reg.)
2275 1566 2394 1612 Igno-

1375 1623 1474 1659 ratio
1495 1623 1679 1673 loquendi
1712 1623 1884 1659 formulae
1908 1632 2183 1673 praeposteram
2209 1622 2393 1660 emenda-

1376 1682 1518 1718 tionem
1542 1682 1695 1731 peperit
1715 1695 1723 1717 :
1740 1681 1932 1730 λαμὸάνειν
1968 1681 2046 1719 τινὰ
2065 1681 2164 1733 ὅρκον
2178 1712 2187 1729 ,
2211 1690 2254 1718 ut
2281 1686 2394 1718 ποιεῖ-

1375 1743 1475 1786 σθαι,
1495 1739 1541 1776 de
1559 1752 1635 1789 quo
1656 1740 1703 1776 H.
1724 1740 1847 1777 vales.
1866 1740 1912 1776 ad
1933 1742 2136 1779 Sozomen.
2152 1743 2201 1777 H.
2221 1742 2266 1777 E.
2291 1752 2325 1785 7,
2352 1752 2391 1788 p.

1376 1801 1466 1841 307.
1483 1801 1631 1834 HEMsT.

1426 1857 1488 1902 66,
1508 1870 1551 1892 21
1574 1854 1626 1892 ὅτι
1643 1854 1902 1900 οὖ-ἐθελήσετε
1928 1858 1988 1899 R.‚
2005 1855 2152 1892 omissis
2171 1854 2392 1904 praeceden-

1374 1915 1475 1952 tibus
1506 1923 1542 1951 et
1573 1913 1892 1963 sequentibus.-
1912 1928 1958 1950 22
1987 1913 2089 1963 μόνον
2111 1914 2214 1965 φησὶν
2243 1906 2271 1951 (ἶ)
2301 1919 2390 1960 τ’ἄν,

1373 1972 1463 2011 ἀλλὰ
1479 1972 1564 2026 πρὸς
1580 1975 1619 2023 β,
1638 1974 1683 2014 ὡς
1705 1974 1769 2024 Κρ.
1792 1977 1835 2010 V.
1848 1997 1890 2003 —
1910 1974 1956 2009 23
1975 1972 2217 2010 scribendum
2247 1966 2314 2024 ἀρά
2335 1972 2388 2022 γ’,

1372 2033 1444 2069 nisi
1476 2033 1557 2068 haec
1588 2030 1709 2067 verba
1738 2030 1778 2066 in
1809 2031 1883 2067 fine
1908 2044 2041 2067 versus
2065 2031 2188 2080 posita
2220 2031 2387 2068 fuerunt.

1371 2094 1490 2127 Dmn.
1509 2117 1548 2122 -
1571 2091 1619 2126 3ο
1633 2087 1809 2137 πώμαλα,
1831 2087 2007 2139 ἀρνήσεως
2025 2088 2202 2142 ἐπίρρημα
2228 2087 2304 2125 ἀντὶ
2325 2092 2387 2125 τοῦ

1371 2148 1540 2197 οὐδαμῶς.
1559 2145 1632 2183 ἔστι
1652 2144 1687 2182 δὲ
1704 2147 1849 2188 ἀττικῶς
1863 2144 1908 2192 ,ἢ
1925 2147 2027 2183 πόθεν
2048 2147 2215 2199 δωρικῶς.
2233 2150 2254 2192 ἡ
2270 2145 2305 2183 δὲ
2324 2146 2387 2184 λέ-

1371 2205 1418 2249 ξις
1438 2204 1581 2251 ἀττικὴ,
1601 2207 1624 2249 ἡ
1650 2205 1747 2255 (scr.
1778 2203 1821 2254 ἢ)
1850 2203 2035 2255 γραικικὴ,
2066 2205 2172 2256 ἤγουν
2197 2204 2384 2250 σκλαὸική.

1369 2269 1502 2301 Venet‚

1423 2323 1469 2367 67
1488 2334 1574 2358 am.
1591 2333 1666 2357 sec.
1682 2319 1798 2357 habet
1811 2323 1957 2367 V.‚om.
1981 2323 2025 2358 R.
2043 2322 2089 2358 G.
2113 2318 2214 2362 Τινὲς
2227 2321 2262 2357 ἐν
2277 2334 2387 2371 προσ-

1368 2378 1455 2430 ώπῳ
1471 2377 1629 2428 λέγουσιν
1651 2377 1734 2415 αὐτὸ
1752 2372 1841 2415 εἶναι
1871 2382 1932 2416 τοῦ
1961 2377 2104 2423 δούλου,
2130 2377 2174 2415 ἵν’
2201 2372 2225 2429 ᾗ
2250 2376 2384 2428 βέλτιόν

1369 2438 1442 2473 ἐστι
1462 2434 1646 2474 πεισθέντα
1663 2437 1770 2473 εἰπεῖν
1789 2434 1811 2481 ἢ
1833 2435 2018 2486 βιασθέντα
2036 2436 2131 2487 (haec
2146 2449 2192 2472 ex
2209 2436 2325 2472 schol.
2344 2449 2381 2472 v,

1370 2495 1456 2545 57),
1480 2492 1569 2535 τινὲς
1588 2491 1623 2530 δὲ
1639 2498 1698 2530 τοῦ
1718 2493 1877 2532 Πλούτου
1895 2497 1939 2531 R.
1954 2495 2058 2531 Idem
2076 2494 2247 2530 scholion
2262 2497 2308 2530 V.
2327 2494 2380 2530 in-

1369 2552 1441 2588 fert
1474 2560 1561 2600 post
1589 2552 1816 2602 κατακλασθῇ
1850 2552 1898 2600 (ν.
1925 2553 1990 2600 70)
2012 2552 2065 2587 sic
2093 2550 2295 2599 scriptum,
2319 2549 2381 2586 λέ-

1367 2623 1484 2654 γουσιν
1505 2608 1588 2644 αὐτὸ
1603 2611 1709 2644 θεῖναι
1723 2612 1782 2646 τοῦ
1801 2607 1921 2645 δούλου
1933 2637 1942 2655 ,
1956 2606 2001 2645 ἵν’
2019 2602 2042 2658 ᾖ
2063 2607 2195 2657 βέλτιόν
2216 2607 2270 2645 σοί
2286 2608 2379 2644 ἐστιν

1366 2681 1402 2702 π.
1422 2667 1461 2702 εἰ.
1481 2665 1501 2711 ἢ
1528 2667 1559 2715 β.
1580 2680 1612 2702 τ.
1634 2664 1670 2702 δὲ
1688 2669 1744 2702 τοῦ
1767 2681 1804 2702 π.
1829 2671 1927 2704 Tum
1945 2674 2157 2714 sequuntur
2175 2665 2251 2712 illa,
2272 2664 2380 2708 οὕτως

1366 2722 1428 2769 τὴν
1447 2721 1643 2768 αἰτιατικὴν
1665 2722 1740 2759 ἀντὶ
1760 2727 1820 2760 τοῦ
1846 2724 1934 2774 (del.
1960 2726 2038 2772 τοῦ)
2066 2725 2127 2768 τῆς
2155 2726 2293 2774 γενικῆς
2315 2723 2378 2762 λε’-

1366 2795 1495 2830 γουσιν.
1511 2779 1618 2822 οὕτως
1638 2781 1695 2817 καὶ
1718 2780 1793 2818 ἀντὶ
1817 2783 1877 2827 τῆς
1898 2782 2035 2826 δοτικῆς
2058 2781 2269 2827 αἷτιατικήν.
2304 2781 2378 2819 ἔστι

1366 2837 1401 2875 δὲ
1419 2838 1646 2876 Ἀττικῶν.-
1669 2840 1715 2874 32
1737 2838 1837 2881 Τινὲς
1856 2848 1892 2876 et
1915 2841 1960 2876 33
1981 2843 2040 2876 τοῦ
2061 2840 2181 2877 δούλου
2201 2853 2276 2878 om.
2299 2845 2346 2877 V.

1420 2910 1482 2942 72,
1501 2898 1547 2942 37
1568 2895 1643 2932 ἀλλ’
1662 2894 1703 2940 ἢν
1729 2895 1893 2935 πύθοισθέ
1915 2899 2008 2947 (scr.
2024 2897 2198 2945 πύθησθέ)
2222 2899 2260 2948 μ’
2284 2897 2375 2941 ὅστις

1365 2953 1432 3003 εἴμ’
1450 2953 1517 3004 ἐγὼ
1538 2955 1672 2990 lemma
1698 2954 1812 2991 habet
1836 2959 1883 2995 R.
1917 2955 1973 2993 ἐπὶ
2001 2957 2156 3008 κρημνόν
2181 2972 2259 2993 τινα
2287 2957 2375 2995 Ald.

1364 3013 1489 3061 Pergit
1514 3016 1558 3049 R.
1591 3010 1698 3054 οὕτως
1728 3012 1875 3050 Ἀττικοὶ
1912 3014 2108 3061 αἰτιατικὴν
2135 3014 2211 3053 ἀντὶ
2237 3017 2374 3065 γενικῆς

1363 3068 1533 3119 λέγουσιν.
1549 3094 1589 3100 -
1607 3072 1654 3113 43
1669 3070 1707 3107 τὸ
1727 3084 1802 3108 om.
1831 3076 1875 3108 R.
1892 3097 1931 3103 —-
1948 3075 2069 3122 49-51
2093 3072 2361 3125 ἠμεῖς-ἀφήσο·

1364 3142 1425 3176 μεν
1443 3141 1517 3164 orn.
1535 3131 1581 3164 G.
1604 3128 1692 3165 Sola
1713 3129 1775 3165 illa
1789 3158 1799 3175 ‚
1828 3129 1867 3166 τὸ
1894 3132 2122 3178 ἀπολυθῆναι.
2147 3131 2217 3169 ἰδοὺ
2237 3130 2370 3168 ἀπολύ-

1362 3199 1459 3234 ομεν.
1477 3189 1576 3222 τοῦτο
1591 3184 1770 3223 δέ-αὖτόν
1782 3217 1790 3232 ,
1811 3188 1925 3225 habet
1940 3192 1985 3226 R.

1417 3244 1478 3290 75,
1507 3257 1520 3279 1
1544 3257 1600 3292 sq.
1627 3243 1665 3281 τὸ
1686 3243 1826 3293 μέθετόν
1846 3261 1889 3295 με
1907 3249 1966 3284 νῦν
1984 3250 2026 3284 V.

1417 3316 1477 3348 77,
1497 3309 1543 3345 24
1562 3300 1584 3346 ἢ
1609 3301 1667 3347 ἔην
1689 3301 1796 3339 εἴποτ’
1814 3302 1873 3350 ἔην
1893 3320 1931 3354 γε
1952 3309 1997 3343 V.

1415 3360 1479 3406 78,
1499 3360 1546 3396 25
1569 3359 1768 3414 μιαρώτατε
1786 3362 1928 3400 addidi.
1955 3367 1997 3400 In
2025 3362 2272 3412 sequentibus
2291 3361 2374 3414 πρὸς
