2485 3808
789 194 1046 234 SCHOLIA
1081 195 1141 234 IN
1178 195 1605 235 LYSISTRATAM.

188 299 251 325 354.
282 285 314 323 τί
330 283 486 336 βδύλλεθ’
498 285 591 332 ἡμᾶς
607 283 662 321 :T
665 281 675 319 ί
691 281 888 326 εὖτελίζετε.
903 281 926 328 ἢ
937 281 1097 334 φοόεῖσθε
1107 281 1166 319 καὶ

129 344 288 398 τρέμετε.

180 416 247 441 357.
276 398 465 452 περικατάξ
469 414 504 436 αι
521 398 640 440 αὐταῖς
659 397 698 435 τὸ
717 397 826 442 ξύλον.
844 405 882 436 R.
904 405 975 436 Bar.

181 473 245 499 360.
279 461 320 509 (εἷ
345 458 385 504 νὴ
406 458 473 496 Δία
493 456 554 500 τὰς
576 456 761 506 γνάθουςῑ
782 457 827 495 Εἴ
844 474 895 501 τις
911 457 1081 504 ἠπείλησε
1101 456 1163 494 τύ-

91 528 109 554 b
126 534 222 556 πτειν
233 517 390 569 καθάπερ
410 514 587 559 Ἱππωναξ
598 515 655 552 τὸν
675 514 867 554 Βούταλον.
873 517 883 565 )

178 590 243 615 364.
276 577 474 613 ἑκκοκκιίῖκ
494 567 591 622 (Οἶον
611 573 806 623 αἱματώσω
822 576 846 623 ‚)
885 573 1036 611 ἐκὸαλῶ.
1060 576 1082 618 ἠ
1108 589 1166 622 με·
1193 608 1196 617 ,

123 633 259 688 ταφορὰ
283 634 351 672 ἀπὸ
370 635 475 670 τῶνρ
460 634 571 685 ροιῶν.
587 653 639 660 —-
655 634 701 675 ὡς
723 632 807 684 πρὸς
826 632 886 676 τὰς
909 631 1031 685 γραίας
1053 634 1071 669 6
1095 634 1163 668 τῶν

123 692 293 746 γερόντων
312 691 425 744 χορός.
446 700 481 743 ᾗ.

177 766 241 791 365.
271 750 525 804 Στρατύλλιδος
541 761 551 787 z
572 747 664 786 Ἀντὶ
680 750 778 797 ἐμοῦ.

72 821 106 846 10
175 824 239 850 367.
260 811 454 863 βρύκουσα;
474 806 880 853 Ἐσθίουσα,δάκνουσα.
902 830 953 835 —
969 805 1161 855 ἐξαμήσωζ

124 863 224 908 οἱον’
209 869 380 914 εξανύσιι),
397 868 528 906 ἐξοίσω.
551 881 587 910 R

174 941 244 967 368.
275 929 337 965 οὐκ
355 927 424 964 ἔστ
439 927 525 980 ἀνηρ
545 926 738 979 Εὐριπίδου
760 937 768 962 :

125 989 212 1024 εἰπε.
231 986 313 1039 φησὶ
330 984 396 1037 γὰρ

783 922 866 961 εὈτι
882 921 973 960 κατὰ
989 923 1161 973 γυναικῶν

201 1093 308 1121 κακῶν
319 1089 351 1120 δὲ
367 1088 490 1120 πάντων
505 1088 644 1123 τέκτονες
660 1086 850 1128 σοφώταται.

68 1208 100 1232 15
174 1207 239 1234 370.
269 1192 432 1247 αἰρώμεθ’
458 1194 559 1242 ἡμεῖς
586 1190 749 1234 θοῦδατος
781 1188 844 1236 τὴν
878 1188 1006 1227 κάλπιν
1043 1187 1158 1228 τἽνα

119 1252 299 1303 σὸέσωιιεν
316 1251 355 1289 τὸ
372 1255 454 1304 πῦρ.

169 1324 234 1351 372.
263 1314 292 1349 ὠ
309 1309 448 1361 τύμ6ε2
465 1309 557 1352 Ὡς
546 1308 631 1362 πρὸς
646 1307 793 1361 γέροντα
810 1312 917 1345 εἶπεν.
951 1307 1027 1345 ἀντὶ
1044 1311 1103 1345 τοῦ
1129 1311 1158 1346 ὠ

116 1373 268 1424 ταφῆναι
283 1369 366 1414 ἄξιε.
384 1373 480 1415 [Hinc
495 1373 579 1405 adv.
596 1381 648 1405 405
657 1372 743 1404 nulla
756 1371 899 1403 scholia
892 1381 924 1403 m
940 1371 1009 1402 cod.
1027 1374 1104 1403 Rav.
1116 1371 1128 1413 ]

171 1431 246 1479 (376.
275 1430 338 1466 οὐκ
357 1422 432 1466 οἶδά
453 1427 484 1464 σ’
507 1429 536 1465 εἷ
559 1426 634 1478 τῇδ’
653 1428 699 1469 ὡς
718 1424 789 1476 ἔχω
813 1438 821 1464 :
846 1426 924 1464 Οὐκ
943 1419 1018 1462 οἰδα
1039 1425 1107 1476 ἐγὼ
1128 1427 1157 1464 εἰ

62 1503 98 1530 20
116 1486 226 1539 ταύτῃ
243 1503 282 1525 σε
299 1489 342 1539 τῇ
359 1486 549 1537 λαμπάδι
534 1484 690 1531 οπτησω.
711 1483 838 1536 κυρίως
857 1483 892 1521 63
913 1483 1091 1522 σταθεύειν
1118 1485 1157 1522 τὸ

115 1547 164 1598 μὴ
180 1547 258 1585 λίαν
271 1552 463 1592 κατοπτᾶν,
478 1544 570 1583 ἀλλὰ
589 1546 639 1596 τῷ
653 1543 737 1596 πυρὶ
755 1543 899 1595 ἡσύχως
918 1544 1089 1595 χλιαίνειν
1115 1544 1155 1582 τὸ

114 1605 227 1658 κρέας.
241 1604 302 1642 καὶ
318 1606 352 1641 ἐν
367 1604 568 1655 Ἀχαρνεῦσι
582 1602 682 1653 [1041]
695 1620 709 1634 «
722 1600 784 1644 τὰς
796 1602 922 1648 σηπίας
933 1602 1122 1641 σταθεύσω.
1139 1622 1154 1636 »

113 1671 153 1706 τὸ
166 1667 233 1720 γὰρ
249 1666 371 1719 μικρὸν
389 1661 446 1704 οὖν
460 1665 570 1704 καίειν
585 1663 762 1703 σταθεύειν
783 1663 934 1714 λέγεται.

167 1739 231 1765 377.
262 1725 383 1777 ῥύμμα
405 1738 414 1763 :
437 1724 490 1763 T6
514 1723 596 1775 παρ’
626 1725 710 1773 ἡμῖν
740 1725 912 1774 σμῆγμα,
937 1722 958 1770 ἢ
983 1723 1111 1776 νίτρον.

59 1797 94 1822 25
111 1782 133 1830 ἢ
155 1783 291 1837 ῥύμμα,
313 1783 388 1821 ἀντὶ
404 1786 462 1821 τοῦ
481 1781 599 1834 ῥύπον.

164 1856 227 1882 378.
256 1841 316 1880 καὶ
336 1845 448 1879 ταῦτα
467 1839 666 1893 νυμφικόντ
689 1838 778 1892 Περὶ
798 1839 981 1890 γαμηλίων
999 1841 1153 1894 λουτρῶν

111 1900 341 1953 Μένανδρος’
325 1916 360 1938 εν
381 1899 525 1952 Κρητί
511 1914 596 1945 ωηο-ι
615 1897 674 1935 καὶ
694 1899 728 1935 ἐν
749 1897 1030 1951 Ἱποὸολιμαίῳ.
1053 1902 1092 1937 ἐκ
1117 1900 1152 1938 63

110 1963 169 1998 τοῦ
187 1958 338 1997 ἐναντίου
356 1960 402 2001 εἷς
417 1957 561 2010 γέροντα
579 1961 653 1994 εἰπε
670 1955 848 2008 νυμφικόν.

161 2031 226 2057 379.
255 2017 405 2064 ἤκουσας
424 2017 530 2062 αὐτ-ης
546 2018 605 2052 τοῦ
626 2013 802 2066 θράσουςε
822 2014 916 2067 Πρὸς
934 2017 1068 2069 ἑταῖρον
1090 2018 1153 2055 αὖ·

57 2093 92 2120 30
109 2079 180 2115 τοῦ.

161 2147 226 2172 380.
255 2131 407 2178 ἦλιάξεις
434 2144 442 2170 :
470 2129 643 2173 Δικαίσεις.
667 2129 727 2167 καὶ
751 2128 914 2182 ’Όμηρος
941 2135 993 2176 [11.
1022 2140 1064 2178 A,
1085 2137 1148 2178 232]

108 2210 125 2226 α
145 2196 204 2230 νῦν
225 2190 359 2229 ὕστατα
377 2188 571 2235 λωὸήσαιο.
595 2206 609 2221 υ
629 2187 783 2239 φονεύσω
799 2187 867 2239 γάρ
884 2203 935 2226 σε.

161 2263 224 2289 381.
250 2248 309 2286 σὸν
325 2247 423 2300 ἔργον
439 2239 468 2284 ὦ
483 2246 632 2297 ’χελῶεε
653 2245 731 2284 Τὸ
722 2244 813 2298 ’ύδωρ
829 2245 904 2296 ἅμα
923 2246 1148 2298 καταχέουσι.

106 2311 181 2350 ταῖς
199 2306 378 2344 κάλπισι
360 2304 395 2342 03
415 2302 724 2364 παρακελεύονται.

55 2381 90 2407 35
160 2378 226 2404 382.
257 2366 331 2415 μῶν
352 2361 476 2415 θερμὸν
492 2365 533 2408 ἠν
555 2361 633 2401 :‘H
654 2360 845 2413 ἐπιχέουσα
871 2363 975 2401 αὐτοῦ
999 2362 1038 2401 τὸ
1057 2362 1149 2416 ὓδωρ

106 2423 212 2474 λέγει.

160 2494 226 2520 384.
256 2479 352 2532 ἄρδω
372 2479 404 2517 σ’
427 2477 553 2521 ὅπως;

105 2539 215 2592 γέρων
234 2543 288 2585 ἠν.
307 2538 347 2576 τὸ
364 2537 432 2598 γὰρ
454 2535 546 2589 ὕδωρ
565 2536 660 2580 αὔξει
679 2536 723 2574 τὰ
740 2536 841 2589 ερυτοί.

159 2609 231 2637 385.
253 2596 329 2634 ἀλλ’
348 2596 429 2639 αὖός
448 2597 549 2646 εἶμιε
570 2594 656 2633 Ἐπι
674 2597 735 2632 τοῦ
756 2593 877 2637 ὕδατος
890 2594 1049 2641 δηλονότι
1067 2596 1145 2648 τρέ-

56 2667 92 2692 ⁴0
109 2669 167 2704 μει
182 2657 201 2692 6
215 2655 338 2706 γέρων.

159 2725 224 2750 386.
253 2711 497 2762 συγχλιανεῖςε
514 2712 721 2762 Θερμανεῖς.

160 2783 223 2808 387.
251 2768 441 2821 ἐξέλαμψεν
463 2783 474 2808 ;
493 2769 537 2808 Γ
541 2769 720 2822 φανερωθη
737 2772 759 2815 ἡ
779 2769 903 2814 ἀταξία
920 2770 979 2808 καὶ
999 2773 1021 2817 ἡ
1037 2771 1144 2809 κακία

106 2829 175 2865 τῶν
194 2829 375 2877 γυναικῶν.
394 2826 675 2879 προδούλευμα
656 2827 692 2865 οὲ
707 2827 826 2879 τάγμα
851 2830 886 2866 ἐν
909 2827 1075 2875 Ἀθηναις.
1097 2818 1173 2873 εἷς

107 2889 165 2922 οὖν
185 2885 299 2921 αὐτων
318 2883 469 2936 ἔρχεται.

54 2950 90 2977 45
159 2941 305 2992 338.χῶ
323 2941 592 2991 τυμπανισμός;
609 2941 658 2981 Ο
677 2941 838 2994 βούλεται
853 2943 1027 2990 δηλῶσαι,
1042 2944 1144 2983 τοῦτο’

106 3000 211 3045 ἐστιν,
230 2997 283 3036 ὅτι
302 2993 398 3040 οὗτός
413 2999 504 3036 ἐστιν
523 3001 541 3036 6
554 3000 794 3050 τυμπανισμὸς
808 3001 868 3038 καὶ
882 3004 899 3038 6
913 3001 1140 3075 Ἀδωνισμςος,

104 3060 145 3094 οὗ
163 3056 288 3103 ἤκουον
322 3057 357 3093 ἐν
377 3057 420 3106 τῇ
439 3056 618 3109 ἐκκλησία.
642 3061 743 3096 τοῦτο
768 3057 803 3096 63
825 3058 974 3109 ἔλεγεν’
959 3076 993 3098 εν
1015 3063 1058 3111 τῇ
1079 3062 1139 3099 ἐκ-

104 3113 233 3165 κλησία
253 3115 271 3150 6
292 3111 558 3165 Δημόστρατος,
579 3115 676 3151 πλεῖν
705 3117 752 3158 εἷς
777 3094 954 3155 Σικελίαν.
971 3119 1006 3155 ἐν
1032 3117 1068 3155 63
1090 3121 1140 3172 τῷ

105 3171 209 3210 αὐτὸν
224 3170 336 3221 λέγειν
353 3170 437 3220 γυνή
458 3185 508 3212 τις
522 3169 579 3208 τὸν
594 3169 772 3209 Ἀδωνιν’
756 3189 795 3225 ορ
797 3189 950 3225 χουιιενη
969 3179 1002 3212 αἰ
1022 3180 1057 3212 αἶ
1073 3190 1168 3228 φη-

53 3244 91 3269 50
109 3229 163 3268 σὶν
181 3231 349 3280 ὑμνοῦσα.
371 3229 474 3273 αὐτῆς
490 3228 562 3265 63'
546 3229 757 3281 ορχουμένης
775 3234 793 3268 6
806 3232 1108 3284 Δημόστρατος,”
1089 3250 1138 3271 ετι

105 3291 142 3327 ἐν
158 3290 202 3339 τῇ
221 3286 391 3338 ἐκκλησίᾳ
409 3286 589 3337 ὑπάρχων,
609 3286 705 3337 ἔλεγε
718 3289 921 3338 καταλέγειν
939 3291 1138 3329 Ζακυνθίων

103 3345 256 3389 ὁπλίτας.
270 3343 376 3383 πάλιν
391 3343 426 3382 δὲ
443 3346 464 3390 ἡ
480 3343 565 3395 γυνὴ
580 3345 615 3381 ἐν
625 3345 784 3396 γειτόνων
800 3346 855 3383 ἐπὶ
866 3350 926 3384 τοῦ
942 3347 1061 3398 τέγους
1075 3365 1138 3386 πε-

574 2477 714 2523 Ποτίζω
736 2493 793 2525 σε,
825 2493 880 2515 ινα
906 2477 1048 2530 νεοίσῃς,
1072 2480 1148 2518 ἐπεὶ

2191 210 2265 242 253

1226 284 1385 319 πτωκυῖα
1394 281 1515 353 ,ἔλεγε
1530 282 1788 323 κόπτεσθαιτὸν
1800 283 1956 324 ’.Αδωνιν
1973 288 1990 324 6
2010 286 2045 324 63
2061 287 2268 341 Δημόστρα·

1225 355 1282 382 τος
1297 339 1454 384 &mitem
1474 341 1506 384 ἐξ
1527 342 1640 379 αὐτῶν
1660 344 1855 394 θρυλουσῶν
1875 344 1934 382 καὶ
1955 344 2042 395 μὴ’
2027 348 2144 384 εωσῶν
2164 348 2267 385 αὐτὸν

1227 399 1448 450 δημηγορεῖν.

1280 455 1485 500 Σαὸαζιοι.
1475 469 1485 477 ·
1507 459 1552 495 Οἱ
1572 458 1756 509 ὀργιασμοὶ
1776 462 1835 497 τοῦ
1862 460 2056 507 Σαὸαζίου,
2083 462 2120 500 ὃν
2146 465 2176 502 οἱ
2205 463 2267 514 μὲν

1224 513 1281 550 τὸν
1300 514 1402 551 αὐτὸν
1420 517 1468 566 τῷ
1483 515 1637 552 Διονύσω
1654 515 1876 568 ὑπειλήφασι·
1893 521 2008 570 τυχεῖν
2023 518 2058 557 δὲ
2078 536 2138 566 της
2153 537 2264 575 προσ·
2282 540 2300 564 5

1224 570 1368 622 ηγορίας
1390 570 1518 616 ταύτης
1542 571 1598 608 διὰ
1612 573 1669 610 τὸν
1688 573 1867 624 γινόμενον
1881 577 1961 628 περὶ
1978 578 2080 615 αὐτὸν
2098 579 2265 629 εὐασμόν.

1225 628 1263 664 τὸ
1282 643 1349 680 γαρ
1369 629 1501 672 εὐαζειν
1522 630 1551 666 οἱ
1572 629 1743 682 βάρδαροι
1761 631 1875 669 0262
1859 649 1926 677 ,ειν
1946 634 2074 685 ἔλεγον.
2095 636 2147 674 ὅτι
2165 637 2200 674 δὲ
2222 633 2269 681 εἷς

1224 701 1316 722 εστιν
1333 688 1350 722 6
1371 686 1444 728 θεὸς
1465 687 1639 731 Σαὸάζιος
1659 689 1719 726 καὶ
1736 688 1899 734 Διόνυσος
1912 671 2035 730 ποὶλδι
2056 700 2268 748 μαρτυροῦσι

1223 743 1382 793 κωμικοί.

1278 814 1341 839 3⁵39.
1370 800 1391 838 ὅ
1408 801 1438 838 τ’
1458 801 1725 853 Ἀδωνιασμόςε
1750 803 1900 858 Ἑορτὴν
1921 822 1989 879 γαρ
2015 809 2196 848 ἐπετέλουν
2218 814 2267 863 τῷ
2291 825 2322 851 10

1223 857 1378 897 Αδωνιδι
1399 861 1434 896 αἱ
1459 866 1618 910 γυναῖκες
1639 861 1700 898 καὶ
1719 877 1849 908 κηπους
1870 864 1964 908 τινὰς
1983 867 2029 908 εἰς
2055 883 2099 904 τα
2123 867 2268 918 δώματα

1223 915 1400 969 ανέφερον.
1422 917 1510 961 τινὲς
1538 918 1575 955 63
1594 919 1633 955 ἐκ
1653 918 1774 957 τούτου
1798 921 1836 958 τὸ
1860 922 1978 974 δραμα
1999 924 2269 970 Ἀδωνιαζούσας

1222 975 1470 1027 ἐπιγραφουσιν
1485 977 1523 1013 οὐ
1541 978 1669 1020 καλῶς.
1685 977 1783 1031 παρα
1799 981 1923 1018 πολλῖο
1914 998 1939 1024 ς
1953 981 1989 1019 63
2003 984 2218 1034 δργιοίζονται
2233 987 2267 1022 αἱ

1222 1034 1380 1083 γυναῖκες
1396 1033 1491 1077 θεοὺς
1509 1036 1547 1071 06
1566 1035 1769 1085 δημοτελεῖς
1788 1037 1865 1075 οὐδὲ
1883 1054 1964 1076 τετα
1968 1040 2125 1090 νμένους.

1273 1103 1337 1130 392.
1367 1093 1468 1130 πλεῖν
1488 1095 1535 1136 εἰς
1554 1093 1761 1135 Σικελίαν.·
1784 1095 1844 1139 Ὡς
1862 1097 2027 1142 Σικελίας
2048 1099 2268 1150 πολεμούσης
2287 1117 2318 1143 15

1221 1150 1346 1193 αὐτοῖς.

1272 1211 1293 1254 ἡ
1311 1208 1395 1259 γυνὴ
1420 1222 1430 1248 :
1453 1208 1498 1247 ‘H
1519 1211 1553 1246 ἐν
1573 1209 1748 1261 γειτόνων.
1771 1218 1806 1249 L.

1271 1279 1336 1305 394.
1363 1267 1564 1305 Ζακυνθίων
1581 1281 1591 1307 t
1608 1266 1733 1312 Ἔθνος
1745 1269 1824 1323 περὶ
1837 1269 1900 1318 τὴν
1921 1273 2157 1325 Κεφαληνίαν,
2175 1274 2265 1327 σύμ-

1219 1339 1333 1376 μαχον
1355 1325 1554 1371 Ἀθηναίων.

1271 1396 1333 1421 395.
1362 1387 1383 1430 ἡ
1410 1385 1443 1421 δ’
1463 1386 1713 1423 ὑποπεπτωκυῖ
1715 1401 1736 1423 α
1762 1399 1771 1425 :
1794 1386 1840 1425 ‘O
1868 1386 1911 1437 μὲ
1915 1404 1931 1424 ν
1950 1388 2086 1427 κατέλε·
2076 1405 2134 1440 νεν
2154 1406 2262 1444 στρα-
2283 1411 2318 1436 20

1216 1440 1342 1484 τιώτας
1362 1443 1408 1484 εἷς
1426 1442 1592 1492 πόλεμον,
1609 1445 1662 1480 6
1644 1443 1679 1481 03
1697 1443 1818 1496 ἐπόρνε
1804 1460 1871 1483 6.3

1271 1514 1335 1539 396.
1365 1501 1752 1546 60'3'62673‘3302‘1'736
1771 1506 1839 1540 τῶν
1860 1507 2031 1554 γυναικῶν
2055 1506 2263 1557 ἐξηνάγκαζε

1215 1558 1278 1605 τὴν
1299 1558 1415 1611 φωνὴν
1433 1560 1538 1597 αὐτοῦ
1550 1590 1558 1606 ‚
1577 1559 1668 1598 ὥστε
1685 1561 1966 1608 ἐξακουσθῆναι’
1952 1578 1986 1600 εν
2004 1567 2047 1615 τῇ
2074 1566 2262 1618 ἐκκλησία,

1215 1616 1377 1655 τοσούτου
1395 1633 1490 1661 οντος
1506 1618 1615 1671 σόφου
1636 1634 1703 1656 των
1719 1622 1892 1669 γυναικῶν
1913 1622 1947 1658 ἐν
1967 1627 2036 1665 τοῖς
2057 1622 2226 1673 δώμασιν.

1268 1688 1333 1714 397.
1364 1677 1438 1714 Χολ
1440 1675 1496 1720 οζύ
1499 1690 1585 1727 νηςζ
1602 1678 1850 1730 Δημόστρατος
1866 1679 2040 1730 Βουζύγης
2056 1662 2210 1731 ἐλέγετο,
2224 1681 2261 1720 ὃν
2280 1702 2315 1727 25

1214 1732 1416 1783 Χολοζύγην
1438 1738 1511 1771 εἰπ
1484 1758 1511 1772 ε
1530 1734 1587 1772 δια
1605 1735 1642 1772 τὸ
1661 1736 1896 1787 μελαγχολᾶν.
1915 1738 1975 1775 καὶ
1997 1738 2118 1777 Ευ-ο)
2123 1756 2149 1783 ις
2171 1740 2207 1778 63
2226 1743 2261 1779 ἐν

1215 1789 1380 1841 Δημοις
1363 1807 1409 1834 ως
1425 1790 1582 1842 μανιωδη
1605 1792 1708 1830 αὐτὸν
1727 1793 1766 1831 λέ
1751 1809 1820 1845 εγει

1378 1884 1408 1915 τί
1423 1885 1575 1926 κέκραγας
1591 1886 1696 1927 ὥσπερ
1713 1887 1866 1927 Βουζύγης
1886 1887 2083 1928 ἀδικούμενος
2090 1899 2100 1928 ;

1213 1957 1272 1996 καὶ
1293 1958 1405 1997 ἄλλοι.

1265 2030 1340 2058 402.
1373 2016 1493 2071 ὥσπερ
1521 2018 1767 2070 ἐνεουρηκότας
1797 2033 1805 2058 z

1213 2075 1317 2128 ὕδωρ.

1264 2147 1327 2172 403.
1357 2133 1414 2171 τὸν
1433 2133 1560 2172 ἁλυκόν
1579 2147 1588 2173 t
1610 2133 1680 2173 Τὸν
1698 2134 1897 2174 θαλάσσιον.
1917 2137 2005 2181 τινὲς
2025 2138 2060 2176 63
2087 2141 2255 2178 ὑπονοοῦ-

1211 2207 1264 2229 σιν
1285 2192 1354 2229 <inb
1367 2192 1499 2235 πόλεως
1520 2193 1808 2240 Πελοποννησίων
1826 2194 1968 2233 Ἀλύκου
1980 2226 1990 2246 ‚
2009 2196 2088 2234 ἔνθα
2107 2204 2253 2248 τιμᾶται

1209 2252 1227 2287 6
1248 2251 1440 2288 Ποσειδῶν.

1264 2321 1329 2347 404.
1367 2308 1704 2360 ξυμπονηρευώμεθα
1733 2322 1745 2348 2

1205 2366 1427 2418 πραττούσας
1447 2366 1668 2417 ἀνεχόμεθα.)

1256 2438 1321 2464 407.
1351 2424 1383 2462 οἳ
1402 2424 1548 2476 λέγομεν
1570 2438 1579 2464 :
1598 2425 1734 2469 Οἵτινες
1753 2428 1864 2476 ἡμεῖς.

1255 2484 1291 2520 ἐν
1310 2486 1378 2520 τῶν
1399 2484 1619 2535 δημιουργῶν
1642 2497 1651 2522 :
1675 2485 1736 2527 Εἷς
1753 2483 1798 2521 τὰ
1818 2486 1886 2521 τῶν
1906 2485 2136 2538 δημιουργῶν.

1255 2555 1321 2582 408.
1350 2541 1408 2579 τὸν
1436 2541 1542 2593 ὅρμον
1568 2541 1604 2579 ὃν
1631 2542 1870 2586 ἐπεσκεύασας
1897 2556 1906 2582 t
1936 2543 2028 2582 Ἀντὶ
2054 2549 2115 2583 τοῦ
2139 2544 2248 2599 ὅρμου

1832 2018 1912 2058 Ἵνα
1944 2021 2192 2061 ἀποὸάλωνται
2218 2024 2257 2063 τὸ
2275 2043 2310 2068 30

1775 2309 1947 2362 Ὁρῶντες
1977 2311 2083 2356 αὐτὰς
2117 2313 2253 2368 πονηρὰ
2271 2335 2306 2360 35

1173 2606 1176 2661 g
1201 2600 1378 2642 Ἀττικῶς.
1397 2602 1442 2643 ὡς
1460 2599 1546 2650 πρός
1561 2615 1639 2637 τινα
1659 2599 1729 2637 ἀπό
1747 2616 1849 2644 τινος.
2265 2622 2302 2648 40

1253 2670 1316 2696 410.
1349 2657 1497 2709 βάλανος
1518 2670 1528 2696 :
1555 2657 1601 2696 ‘H
1621 2657 1762 2709 περόνη.
1788 2663 1901 2697 ταῦτα
1923 2660 1958 2698 δὲ
1983 2660 2099 2700 πάντα
2135 2665 2182 2708 εἷς
2206 2664 2246 2702 τὸ

1199 2715 1424 2768 κακέμφατον
1443 2715 1676 2766 λαμὸοίνεται.

1251 2786 1316 2812 412.
1346 2773 1444 2824 πάσῃ
1464 2773 1570 2825 τέχνῃ
1592 2787 1600 2812 :
1623 2772 1738 2811 Παντὶ
1757 2772 1888 2826 τρόπῳ.

1251 2845 1315 2870 413.
1345 2831 1402 2869 τὸν
1425 2831 1574 2882 βαλανον
1598 2845 1608 2871 :
1631 2831 1692 2870 660
1708 2831 1840 2875 ἐννοίας
1853 2833 1943 2884 ἔχει,
1960 2837 2022 2871 τοῦ
2039 2835 2168 2873 αἰδοίου
2183 2838 2242 2876 καὶ

1197 2892 1256 2926 τοῦ
1274 2888 1405 2941 ψελίου.
1420 2896 1457 2925 R.
1480 2896 1550 2926 Bar.
2259 2913 2294 2939 45

1249 2959 1312 2984 417.
1342 2945 1382 2983 τὸ
1408 2946 1624 2983 δακτυλίδιον
1654 2945 1765 2991 πιέζει
1792 2947 1850 2985 τὸν
1877 2947 1975 2998 ζυγόν
2003 2961 2013 2987 1
2042 2949 2157 3002 Μέρος
2178 2957 2239 2991 τοῦ

1196 3003 1396 3042 σανδαλίου.
1420 3003 1495 3041 ἀντὶ
1514 3006 1573 3041 τοῦ
1594 3003 1660 3040 ὑπὸ
1680 3008 1740 3041 τοῦ
1761 3007 1861 3055 ζυγοῦ
1882 3007 1900 3042 6
1919 3005 2086 3051 δάκτυλος
2106 3009 2239 3054 ἁπαλὸς

1194 3061 1240 3099 ὧν
1260 3061 1415 3106 πιέζεται
1436 3060 1648 3111 θλιὸόμενος.
1671 3065 1729 3099 νῦν
1745 3062 1779 3099 δὲ
1794 3063 1997 3113 ἀμφιὸόλως
2013 3064 2161 3116 εἴρηκεν.
2178 3070 2238 3112 ζυ-

1194 3119 1252 3170 γὸς
1270 3118 1306 3157 δὲ
1329 3120 1487 3156 καλεῖται
1508 3122 1526 3157 6
1546 3119 1783 3171 περικείμενος
1802 3126 1871 3164 τοῖς
1889 3123 2094 3172 γυναικείοις
2113 3127 2236 3164 σανδα-

1167 3175 1277 3220 λίοις
1297 3176 1378 3227 ἱμὰς
1397 3176 1488 3214 κατὰ
1508 3175 1586 3220 τοὺς
1607 3177 1795 3221 δακτύλους
1819 3178 1904 3231 πρὸς
1921 3179 1961 3218 τὸ
1982 3181 2135 3234 συνέχειν
2154 3185 2233 3230 ἐζυ-
2252 3205 2288 3230 50

1193 3235 1347 3285 γωμένον
1364 3234 1421 3272 τὸν
1441 3234 1544 3273 πόδα.

1245 3305 1309 3331 419.
1340 3292 1506 3344 (χάλασον
1529 3305 1538 3330 :
1560 3291 1655 3344 Πρὸς
1672 3291 1711 3329 τὸ
1731 3292 1982 3346 κακέμφατον.)

1245 3364 1310 3390 420.
1343 3353 1403 3402 (εἷς
1421 3350 1553 3389 τοιαυτὶ
1572 3351 1765 3403 πράγματα
1786 3365 1795 3392 :
1816 3354 1880 3397 Εἷς
1898 3352 1958 3398 τὰς
1976 3358 2033 3392 νῦν
2050 3354 2186 3410 ῧὸρεις.)
