2485 3808
889 215 1140 255 SCHOLIA
1177 217 1228 254 lN
1266 217 1492 256 VESPAS.
2180 230 2249 262 151

129 305 260 348 εὐτελὲς
297 302 508 356 προσόψημα
549 303 582 338 ἐν
630 300 852 343 λοπαδίσκοις
896 301 1159 351 σκευαζόμενον.
1187 313 1193 352 Ῑ
1218 302 1452 353 τρυπημέναι,
1470 304 1536 340 ἀπε
1561 318 1617 340 υον
1639 302 1674 341 δὲ
1695 306 1730 341 αἱ
1746 303 1900 356 πλήρεις.
1926 306 2033 342 δεῖται
2049 301 2107 344 οἶν
2127 309 2253 354 αὐτοῦ,

130 362 270 404 Ἄλλως.
289 360 333 398 τὰ
353 359 524 412 κεφάλαια
550 361 617 395 τῶν
644 357 785 408 ἷγθύων,
811 360 855 399 ὡς
873 357 1068 404 ἀκανθώδη.
1100 374 1144 395 κα

128 418 377 471 Φερεκραττς
362 433 396 454 εν
410 415 720 465 ἘπιλησμοσινιιΗ
701 430 829 457 οστιςπ
833 414 977 466 αρέθηκε
989 416 1130 466 κράνην,
1146 434 1159 448 1,

77 509 83 514 ι
126 475 372 528 χαρακτηρίζει
392 474 427 511 δὲ
451 489 527 516 τους
548 475 712 524 μικροκλε
701 488 804 515 -πτας
829 488 863 509 εν
882 476 953 515 τοῖς
973 473 1060 518 ἑξῆς.
1070 476 1161 529 ’τοὺς

90 547 107 572 5
126 533 212 571 οἴκοι
232 531 395 583 μένοντας
413 534 481 568 τῶν
500 512 662 575 πολιτῶν,
681 531 740 567 καὶ
761 530 1006 582 ἁρπάζοντας.)

177 604 240 629 969.
275 590 348 639 (καὶ
367 589 428 632 τὰς
444 589 593 631 ἀκάνθας
610 602 617 626 :
632 588 726 637 Ἅμα
746 586 807 637 μὲν
823 588 880 624 ἐπὶ
896 592 955 624 τοῦ
972 587 1086 633 κυνὸς,
1101 589 1159 624 εὐ-

125 647 238 686 τελέσι
259 663 297 684 τε
320 646 503 699 χρωμένου
528 646 587 683 καὶ
613 649 776 696 πανταχῆ
800 648 1001 695 φοιτῶντος,
1027 645 1101 693 ἅμα
1125 643 1160 681 δὲ

124 704 184 742 καὶ
197 706 244 747 ὡς
260 703 316 741 ἐπὶ
331 707 526 756 στρατηγοῦ
541 703 726 755 προϊόντος.
741 702 799 739 καὶ
815 703 939 753 Λάχης
951 702 1018 753 γὰρ
1034 699 1080 745 εἷς
1093 704 1159 738 τῶν

123 761 280 805 ἐξιόντων
301 763 504 812 στρατηγῶν
522 760 688 809 ἐγένετο
675 777 708 797 εν
728 765 802 801 ταῖς
819 759 968 808 ἐξόδοις.)

72 831 106 856 10
176 832 242 857 970.
278 820 307 868 (6
327 819 356 856 3'
375 817 487 870 ἕτερος
504 812 570 860 οἶός
586 819 677 855 ἐστιν
697 831 705 855 :
722 817 765 855 O
785 817 984 868 κατήγορος.
1003 816 1055 861 εἴη
1076 815 1104 853 δ’
1120 815 1159 852 ἂν

122 879 141 914 ὁ
161 875 295 921 Κλέων,
313 874 349 912 ὅν
367 890 467 927 φησιν
486 877 738 926 ἐνδομυχοῧντα
755 874 797 910 τὰ
820 890 881 919 της
901 873 1160 918 πόλεωςριατε-

123 933 239 971 σθίειν.
259 949 335 976 τους
354 933 439 970 οἴκοι
460 927 516 970 οἶν
535 932 698 982 μένοντας
717 934 784 968 τῶν
801 933 949 968 πολιτῶν
970 930 1028 966 καὶ
1048 929 1161 981 ἁρπά-

122 992 241 1034 ζοντας
259 990 522 1042 χαρακτηρίζει.
529 992 541 1041 )

173 1059 237 1085 973.
275 1045 408 1096 (αἷὸοιξ
428 1046 492 1088 Ως
509 1044 728 1115 μαλαχθεὶςθ
715 1059 732 1081 ο
752 1060 789 1094 γε
794 1060 860 1096 ρων
878 1044 1159 1095 δυσαρεστεῖται,

70 1117 103 1142 15
121 1104 227 1142 κακόν
243 1120 276 1141 τι
291 1104 437 1153 νομίζων
456 1103 539 1140 αὐτὸ
559 1107 664 1148 εἰναι,
680 1101 736 1139 διὰ
753 1102 792 1138 τὸ
809 1102 912 1147 ἄηθες
930 1106 1016 1138 εἶναι
1034 1102 1158 1153 αὐτῶ.)

172 1175 237 1200 975.
266 1161 447 1212 οἷκτείρατ’
462 1159 588 1198 αὐτόνῑ
602 1160 695 1198 Τὸν
685 1159 840 1211 γέροντα.
884 1161 912 1196 ὠ
930 1158 1076 1210 πάτερε
1094 1159 1161 1202 εΩς

119 1218 202 1271 πρὸς
217 1218 438 1269 δικαστήριον
451 1220 469 1255 6
488 1216 596 1268 λόγος.
629 1224 711 1254 Ποῖ.

172 1289 234 1314 976.
278 1275 338 1313 καὶ
361 1275 410 1325 μὴ
431 1274 649 1327 διαφθείρητε
675 1287 683 1312 :
707 1273 767 1316 Ὡς
786 1274 870 1325 πρὸς
886 1273 924 1310 τὸ
941 1273 1160 1325 δικαστήριον

120 1336 138 1371 ὁ
156 1333 254 1384 λόγος
269 1333 328 1371 καὶ
343 1333 400 1370 τὸν
420 1333 577 1384 γέροντα.

68 1401 104 1426 20
175 1392 254 1440 (ποῦ
274 1390 318 1426 τὰ
338 1389 462 1426 παιδία
485 1403 494 1427 :
515 1388 600 1427 ςὈτι
617 1388 677 1425 καὶ
696 1387 739 1425 τὰ
760 1388 883 1426 παιδία
906 1387 1018 1424 κλαίει
1038 1389 1071 1425 ἐν
1091 1390 1160 1431 τοῖς

121 1448 358 1499 δικαστηρίοις
388 1449 456 1484 τῶν
487 1447 808 1499 κατηγορουμένων.
841 1446 902 1484 καὶ
932 1446 1096 1499 ἀνωτέρω
1124 1446 1159 1484 δὲ

121 1500 239 1555 εἶπεν.)

173 1577 235 1601 977.
278 1561 482 1613 (κνυζόμενα
509 1576 519 1600 :
547 1561 832 1614 Παρακλαίοντα.
860 1564 904 1605 ὡς
922 1562 979 1599 ἐπὶ
996 1564 1104 1599 κυνῶν
1123 1563 1158 1600 δὲ

121 1614 207 1658 εἷπε.
241 1620 432 1670 κνυζηθμὸς
469 1619 536 1672 γὰρ
572 1620 710 1671 λέγεται
754 1619 839 1657 ποιά
874 1636 924 1663 τις
958 1620 1014 1657 ἐπὶ
1049 1623 1158 1658 κυνῶν

67 1691 103 1718 25
121 1677 241 1731 φωνή.)

172 1749 237 1774 979.
269 1735 408 1772 κατάέα
438 1734 577 1772 κατάέα
598 1748 607 1773 :
629 1734 713 1773 εΌτι
742 1735 894 1780 συνήθως
916 1734 1021 1778 οὕτως
1043 1735 1158 1787 ἔλεγον

119 1795 154 1831 ἐν
170 1795 239 1836 τοῖς
259 1792 489 1844 δικαστηρίοις
505 1792 692 1839 κατάὸηθι.
713 1800 750 1829 R.
782 1792 934 1842 (εἰώθασι
955 1792 1021 1845 γὰρ
1048 1793 1158 1843 λέγειν

120 1853 152 1889 οἱ
181 1850 360 1898 δικασταὶ,
376 1850 457 1888 ὅταν
487 1851 666 1888 ἀπολύωσι
682 1851 741 1888 καὶ
765 1851 909 1888 πείθωσι
926 1856 996 1893 τοῖς
1026 1850 1157 1901 λόγοις,

120 1908 246 1958 μηκέτι
263 1907 353 1958 λέγε.
369 1907 540 1951 πολλάκις
555 1907 621 1960 γὰρ
645 1907 796 1951 εἰπόντες
815 1908 854 1946 τὸ
871 1907 1010 1945 κατάὸα
1030 1907 1159 1953 ἐξηπά-

65 1976 102 2002 30
118 1967 253 2015 τησαν.)
386 1967 390 1972 ”

168 2036 231 2062 982.
271 2022 348 2060 ἀντὶ
374 2026 433 2060 τοῦ
453 2021 566 2074 λόγων
588 2023 812 2060 ἀκοῦσαικαὶ
839 2024 979 2070 ἐλεῆσαι
1004 2017 1078 2060 εἷπε
1102 2026 1157 2076 ῥο-

117 2083 236 2132 φῆσαι.
252 2086 292 2116 V.

169 2151 234 2176 983.
273 2137 339 2188 ἐγὼ
366 2137 433 2190 γὰρ
459 2137 683 2191 ἀπεδάκρυσα
715 2153 723 2176 ;
759 2138 896 2187 (Κοινόν
925 2155 958 2175 τι
986 2138 1105 2176 παθὼν
1139 2142 1157 2176 6

115 2194 327 2248 πρεσὸύτης,
347 2196 407 2233 καὶ
427 2195 659 2248 επιδακρύσας
678 2198 727 2233 τῶ
746 2199 813 2233 τῶν
837 2196 970 2233 παίδων
990 2198 1130 2268 ὀδυρμῷ
1144 2227 1153 2244 ,

64 2261 99 2288 85
118 2254 270 2290 αἰτιᾶται
296 2255 342 2295 ὡς
361 2255 400 2290 ἐκ
426 2256 488 2299 τῆς
515 2269 626 2306 φακης
653 2258 752 2291 τοῦτο
783 2254 977 2300 πεπονθως,
1004 2255 1063 2292 καὶ
1095 2257 1156 2292 οὐκ

117 2309 152 2354 ἐξ
176 2309 263 2353 ἰδίας
285 2310 538 2362 προαιρέσεως.)
567 2326 671 2363 φησιν
692 2314 748 2348 οὖν
775 2310 825 2348 ὅτι
847 2311 886 2348 τὸ
909 2314 1021 2363 ροφεῖν
1046 2327 1154 2350 κακου

117 2382 177 2415 μοι
197 2366 330 2417 ἐγένετο
355 2367 476 2406 αἴτιον.
502 2368 704 2418 ἠμῧλύνθην
725 2384 794 2440 γαρ
815 2385 874 2414 της
894 2372 1013 2420 ὁρμης.
1042 2369 1152 2417 (οὐδέ-

114 2440 199 2462 ποτε
217 2424 284 2477 γὰρ
298 2424 362 2471 τὴν
380 2425 522 2476 γνώμην
542 2442 607 2475 μου
627 2426 737 2464 οὐδενι
758 2430 866 2473 εἰπον,
885 2429 913 2464 εἷ
938 2427 986 2475 μὴ
1007 2431 1119 2474 νῦν,
1102 2427 1154 2465 οτι

115 2481 289 2534 ἐρρόφησα
314 2481 377 2529 τὴν
397 2486 521 2535 φακῆν.
547 2483 622 2534 ἅμα
643 2484 679 2521 δε
704 2485 763 2522 καὶ
783 2484 835 2522 ὅτι
855 2487 885 2521 οἱ
907 2486 1073 2528 ἐσθίοντες
1091 2502 1153 2531 την

63 2550 107 2584 40'
116 2543 227 2592 φακῆν
243 2539 444 2586 ἀὸουλήτως
459 2541 645 2593 δακρύουσι
661 2545 790 2594 θερμῆς
805 2542 908 2588 οὔσης
925 2544 1058 2593 αὐτῆς.)

169 2596 404 2650 (ἀπεδάκρυσα
430 2611 439 2636 2
465 2598 533 2637 Διὰ
556 2615 619 2645 την
640 2599 842 2650 θερμασίαν.
870 2600 1061 2652 ἐδάκρυσα,
1082 2616 1151 2653 φη-

115 2654 180 2702 σὶν,
205 2655 257 2692 ὅτι
275 2654 371 2707 παρὰ
391 2656 432 2694 τὸ
453 2656 561 2699 ἔθυς’
546 2656 712 2704 εποίησα,
734 2656 756 2703 ἢ
781 2657 990 2709 ὑπεχάλασα
1009 2674 1071 2704 της
1094 2661 1151 2711 ὀρ-

113 2713 178 2763 γῆς
195 2726 255 2748 και
272 2711 413 2783 γνώμην
431 2713 518 2763 εμὴν
534 2718 643 2753 εἶπον.
650 2717 660 2763 )

165 2767 306 2818 γνώμην
322 2769 435 2819 ἔμηνε
460 2771 536 2809 ἀντὶ
551 2775 610 2809 τοῦ
627 2771 717 2809 κατὰ
729 2771 869 2822 γνώμην
887 2772 986 2822 ἓαην.
1005 2782 1043 2811 R.
1067 2782 1148 2816 liet

62 2841 98 2866 45
167 2837 231 2862 985.
261 2826 425 2875 (χαλεπὸν
445 2828 512 2864 εἶδε
503 2827 599 2866 ἐναι
618 2830 696 2866 Οὐκ
716 2830 792 2867 οιδα
813 2830 990 2881 ἀκριοῶς.)

167 2894 230 2919 ⁹86.
261 2881 331 2930 (ἔπι
348 2882 392 2920 τὰ
414 2883 567 2934 βελτίω;
588 2887 633 2924 F
625 2902 652 2929 ις
669 2886 709 2923 τὸ
732 2888 873 2933 ἐλεησαι
893 2888 1026 2936 μᾶλλον
1045 2887 1067 2933 ἢ
1087 2903 1148 2925 κα-

113 2938 313 2985 ταδικάσαι.
317 2939 328 2987 )

166 3007 229 3033 937.
257 2994 356 3040 τηνδὶ
377 2995 494 3034 λαὸὼν
519 2997 582 3044 τὴν
607 3002 718 3052 ψηφον
746 3015 754 3040 :
785 3000 860 3047 Τὴν
885 3002 1147 3061 τετρυπημένην

115 3053 210 3104 αὖτῷ
227 3050 376 3089 δείκνυσι
391 3054 515 3104 ψῆφον.
533 3055 592 3093 δύο
608 3056 672 3108 γὰρ
692 3059 856 3110 ἀμφορεῖς
873 3059 970 3106 εἰσὶν,
991 3063 1038 3097 ὧν
1053 3063 1070 3096 ὁ
1085 3077 1146 3110 μεν

8 3127 37 3151 ,ι
63 3124 97 3150 59
113 3107 226 3161 κύριος
250 3107 431 3159 λεγόμενος
456 3113 626 3161 χαλκοῦς,
657 3116 704 3156 εἷς
731 3115 767 3152 ὃν
793 3132 854 3162 την
880 3132 1002 3168 κυριαν
1034 3119 1146 3170 ιρῗφον

8 3171 10 3173 ’
34 3164 37 3200 l

113 3165 275 3204 καθίεσαν
293 3168 324 3203 οἱ
340 3167 552 3214 δικασταὶ,
532 3185 554 3214 η
570 3171 836 3215 καταδικάζοντε
821 3190 873 3219 ες,
889 3173 911 3219 ἢ
927 3175 1143 3218 ἀπολύοντες.

112 3225 133 3260 ὃ
167 3221 204 3260 δὲ
236 3222 348 3274 ἕτερος
381 3222 526 3270 ξύλινος,
561 3227 607 3268 εἷς
636 3225 672 3263 ὃν
702 3227 763 3270 τὰς
795 3229 937 3282 ἀκύρους
967 3232 1144 3272 καθίεσαν

13 3292 17 3296 ·
36 3298 39 3321 ι
117 3279 221 3318 ὁπότε
239 3279 275 3317 δὲ
293 3279 418 3324 πάντες
437 3281 699 3333 διεψηφίσαντο,
720 3286 768 3327 εἷς
791 3285 847 3323 τὸν
867 3289 1020 3337 χαλκοῦν
1041 3290 1145 3327 κάδον

114 3338 352 3388 διηριθμουντο
380 3340 415 3375 αι
442 3341 569 3391 ψηφοι,
601 3355 660 3378 και
687 3356 753 3379 κατ
756 3342 906 3387 εδίκαζον
933 3345 994 3393 μὲν
1027 3348 1062 3383 αἱ
1087 3363 1142 3384 τε-

1190 404 1193 412 ,
1216 361 1272 399 ἵνα
1290 360 1352 406 τὴν
1375 361 1635 412 τετρυπημένην
1661 363 1708 404 εἷς
1729 363 1786 399 τὸν
1809 362 1948 414 ὕστερον
1971 363 2028 401 τὸν
2052 364 2176 416 ἄκυρον
2196 381 2255 403 κα-

1190 430 1193 464 j
1217 421 1304 468 ταθῇ
1337 419 1395 455 καὶ
1422 418 1578 469 ἀπολύσῃ
1608 418 1665 455 τὸν
1698 419 1985 469 ἀπολογούμενον.
2018 421 2194 473 φαίνονται
2220 421 2256 459 δὲ

1219 476 1370 520 συνήθως
1389 477 1572 517 καλοῦντες
1598 476 1655 512 τὸν
1682 476 1798 528 κύριον
1821 477 1978 529 ἀμφορέα
1987 478 2176 550 πρότερον,
2198 478 2255 516 τὸν

1190 544 1191 547 ’
1218 533 1246 569 δ’
1269 531 1383 583 ἕτερον
1409 532 1534 584 ἄκυρον
1557 532 1720 585 (ὕστερον.
1797 531 1944 577 Ἄλλος.
1970 538 2016 578 εἷς
2037 552 2094 573 τον
2113 536 2251 589 ὕστερον
2272 557 2288 580 5

1190 610 1192 627 ;
1218 588 1253 627 δὲ
1274 590 1435 627 καδίσκον
1455 590 1518 635 τὴν
1538 591 1861 640 ἀποδοκιμάζουσαν
1882 593 2043 631 ἐνέδαλον
2063 597 2200 646 ’JK-pov)

1270 661 1332 685 983.
1365 646 1489 696 (μύσας
1510 647 1662 698 παρᾷξον
1692 662 1700 686 :
1725 648 1898 693 Ἐπειδὴ
1889 665 1985 701 παρα
2007 666 2069 696 την
2090 652 2232 704 προαίρε

1982 709 2052 734 'os-w

1190 725 1191 729 ¹
1219 719 1271 740 σιν
1300 706 1404 741 αυῒῦῧ
1436 704 1611 741 αναπξίθξῑ
1636 720 1737 741 (10*ον
1770 706 1865 757 ριψᾱι
1893 722 1955 751 ”ἹὙ
1982 723 2094 758 JI'DOV
2123 711 2168 752 Εἷς
2198 725 2254 747 τῦν

1218 761 1343 812 ἄκυρον
1370 761 1486 806 κάδον,
1517 761 1619 812 φησὶν
1649 762 1752 811 αὐτῷ·
1780 761 1891 810 μύσας
1914 767 2014 800 τοῦτο
2037 765 2190 813 ποίησον,
2209 769 2255 809 ὡς

1219 817 1348 854 ἀτόπου
1369 819 1463 854 αὐτῶ
1482 816 1602 855 τσύτου
1623 817 1855 869 φαινομένου.)
2278 841 2310 865 10

1271 888 1334 913 990.
1365 890 1450 924 προς
1469 875 1531 920 τὴν
1553 876 1678 926 ψῆφον.
1699 883 1737 912 R

1271 945 1333 969 991.
1363 931 1411 968 ὅδ’
1445 930 1512 968 ἔσθ’
1543 933 1561 967 6
1587 931 1752 983 πρότερος
1785 945 1793 970 :
1825 932 1882 981 (Ὁ
1907 933 2083 981 καδίσκος,
2114 935 2198 973 ὅπου
2224 939 2258 974 αἱ

1219 991 1286 1025 τῶν
1325 987 1652 1038 καταδικαζομενων
1689 991 1797 1041 ψῆφοι
1835 990 2034 1029 ἐῧάλὶοκτο.
2115 992 2257 1037 Ἄλλως.

1219 1046 1425 1084 ἐναλλάσσει
1456 1045 1517 1088 τὰς
1553 1052 1692 1098 χεῖρας,
1723 1047 1916 1117 περιφέρων
1944 1048 2004 1092 τὰς
2033 1050 2170 1101 ὑδρίας,
2202 1051 2258 1088 ἵνα

1219 1103 1392 1153 ἀγνοήσας
1413 1103 1657 1153 ἀποδοκιμάσῃ
1685 1106 1731 1146 εἷς
1756 1120 1813 1142 τον
1839 1104 1979 1158 ὕστερον
2006 1107 2169 1146 καδίσκον
2196 1108 2258 1155 τὴν
2281 1127 2311 1151 15

1219 1160 1544 1210 ἀποδοκιμάζουσαν
1564 1160 1726 1210 ἐμοαλων
1748 1164 1870 1215 ψηφον.
1952 1162 2109 1213 Ἄλλως.)
2136 1170 2259 1233 μιμεῖ-

1217 1233 1275 1255 ται
1309 1218 1387 1261 τοὺς
1421 1221 1456 1256 ἐν
1493 1221 1542 1255 τῶ
1580 1219 1792 1271 δικαστηρίῳ
1833 1220 2001 1264 πολλάκις
2042 1224 2258 1268 ἀπατῶντας.

1219 1277 1381 1326 (ἑστῶτος
1398 1276 1466 1350 γμὰρ
1488 1280 1548 1313 τοῦ
1570 1292 1606 1314 τε
1626 1281 1897 1330 κατηγοροῦντος
1915 1279 1974 1316 καὶ
1990 1283 2049 1317 τοῦ
2071 1282 2190 1319 ἀπολο·
2181 1298 2260 1332 γου-

1220 1348 1345 1381 μεν,ου
1365 1333 1491 1385 ράοδον
1508 1333 1651 1384 κατέχει
1671 1336 1854 1386 παρεστὼς
1877 1338 1894 1372 6
1911 1336 2034 1387 κηρυξ,
2058 1335 2080 1382 ἢ
2098 1338 2260 1388 θεσμοθέ-

1216 1406 1297 1436 της,
1324 1391 1383 1427 καὶ
1405 1389 1516 1443 τούτῳ
1539 1391 1710 1437 ἐπιτίθησι
1734 1391 1811 1435 τοὺς
1832 1394 2176 1445 xoeruffanzptcsswwq,
2204 1395 2260 1433 ἵνα
2278 1411 2312 1437 20

1219 1449 1266 1497 μὴ
1296 1447 1407 1499 ἔτερος
1431 1449 1503 1485 ἀνθ’
1531 1448 1647 1500 ἑτέρου
1673 1451 1828 1501 ἀπαχθῇ.
1911 1450 2051 1494 Ἄλλως.
2079 1453 2215 1503 βάλλων
2242 1457 2259 1491 6

1218 1504 1421 1543 Φιλοκλέων
1449 1504 1511 1551 τὴν
1537 1506 1649 1558 ψῆφόν
1673 1522 1768 1558 φησι·
1795 1510 1932 1553 καθῆκα
1958 1509 1992 1546 δὲ
2019 1511 2065 1552 εἷς
2090 1510 2146 1547 τὸν
2172 1510 2258 1562 πρό-

1217 1565 1338 1614 τερον.)

1272 1619 1372 1669 (αὕτη
1393 1620 1582 1660 ’ντευθενίε
1611 1621 1681 1660 Δύο
1711 1622 1869 1660 καδίσκοι
1901 1625 1968 1660 τῶν
1994 1626 2117 1676 ρηφων
2154 1641 2256 1672 ησαν,

1218 1681 1263 1721 εἱς
1293 1693 1335 1726 με
1339 1694 1355 1714 ν
1383 1680 1401 1715 6
1426 1677 1544 1724 ἐλέου,
1577 1681 1594 1716 ὃ
1621 1678 1750 1725 ὀπίσω,
1777 1695 1888 1731 ετερος
1915 1680 1972 1727 δε,
2004 1684 2021 1718 6
2046 1681 2256 1751 ἔμπροσθεν,
2277 1699 2310 1724 25

1217 1735 1378 1773 θανάτου.
1399 1735 1701 1787 παρασκευάζεται
1726 1740 1783 1774 οὖν
1802 1739 1848 1779 εἷς
1871 1753 1928 1774 τον
1947 1742 2006 1775 τοῦ
2029 1739 2123 1775 ἐλέου
2144 1740 2258 1788 ε’μὲα-

1220 1795 1291 1830 λεῖν
1324 1792 1386 1838 τὴν
1406 1795 1533 1846 ψῆφον.
1564 1793 1733 1831 ἀλλάσσει
1761 1794 1828 1846 γὰρ
1856 1810 1934 1838 τους
1960 1796 2083 1839 τόπους
2107 1813 2168 1834 αυτ
2173 1800 2219 1835 ῶν
2241 1800 2258 1834 ὃ

1217 1850 1452 1899 Βδελυκλέων,
1477 1849 1533 1888 ἵνα
1557 1851 1744 1897 ἀπατηθεὶς
1767 1855 1784 1889 6
1805 1851 1923 1904 πατὴρ
1945 1853 2034 1904 βάλῃ
2057 1856 2103 1897 εἷς
2123 1855 2177 1892 τὸν
2199 1859 2258 1893 τοῦ

1216 1909 1341 1959 ἐλέου.)

1269 1981 1331 2006 993.
1365 1966 1452 2019 (φέρ’
1469 1965 1620 2019 ἐξεράσω
1641 1980 1649 2006 :
1669 1967 1759 2005 Ἀντὶ
1775 1971 1832 2005 τοῦ
1851 1969 1897 2011 εἷς
1912 1967 1973 2014 τὴν
1990 1971 2053 2020 γῆν
2071 1969 2258 2019 μεταὸαλῶ
2275 1992 2308 2017 30

1215 2024 1275 2068 τὰς
1300 2024 1445 2076 ψηφους.
1476 2024 1538 2076 ἔρα
1563 2023 1629 2077 γὰρ
1661 2027 1682 2070 ἡ
1713 2028 1771 2075 γῆ.
1808 2024 1969 2075 βούλεται
2001 2027 2036 2064 δὲ
2068 2029 2258 2079 ἀριθμῆσαι

1215 2099 1275 2125 τας
1294 2082 1438 2134 Ι’π’,φους
1443 2084 1454 2131 )

1269 2153 1333 2178 994.
1365 2140 1590 2191 (ἐκπέφευγας
1607 2142 1634 2176 ὠ
1652 2139 1806 2185 Λάοηςε
1831 2140 1895 2183 Ὡς
1918 2142 2168 2192 ἀριθμηθεισῶν
2188 2146 2255 2180 τῶν

1214 2200 1337 2250 ’φηφων
1357 2213 1417 2234 και
1433 2213 1500 2234 των
1522 2200 1556 2234 ἀ
1547 2199 1747 2235 -τολυουσῶν
1767 2198 1931 2235 πλειόνων
1952 2200 2086 2248 οὐσῶν.)

1267 2269 1331 2293 995.
1361 2269 1428 2291 που
1452 2254 1514 2291 ”σθ
1535 2253 1654 2306 ὕδιι)ρ;
1680 2253 1741 2297 Ὡς
1763 2255 1972 2306 παρειαένου
1995 2258 2098 2294 αυτοῦ
2124 2257 2253 2327 ὧυχρον
2273 2277 2306 2302 35

1214 2311 1304 2363 ὕδωρ
1332 2313 1431 2350 αἰτεῖ.
1453 2311 1615 2361 (ἀκούσας
1636 2327 1701 2383 γαρ
1724 2312 1762 2349 τὸ
1785 2312 1996 2364 ἐκπέφευγας
2017 2316 2035 2350 6
2052 2315 2254 2352 Φιλοκλέων

1214 2368 1483 2420 ἐλιποὼύγησεν.
1514 2368 1592 2406 ὅσον
1612 2385 1678 2421 γαρ
1704 2370 1757 2406 ἐπ’
1782 2371 1876 2407 αὐτῶ
1895 2375 1937 2417 ἠν
1965 2372 2251 2423 καταδικασθείς.)

1266 2440 1329 2464 997.
1362 2427 1478 2476 (ὄντως
1494 2427 1692 2479 ἀπέφυγεν.
1712 2427 1836 2472 Υπεξε
1839 2428 1923 2474 λύθη
1936 2459 1946 2476 ,
1963 2429 2141 2479 γενόμενος
2157 2430 2251 2474 ἐκτὸς

1211 2485 1378 2537 τιμωρίας
1395 2489 1454 2522 τοῦ
1471 2483 1674 2536 φεύγοντος.)

1264 2556 1327 2580 999.
1360 2541 1557 2592 ξυνείσομαι
1576 2556 1584 2580 :
1606 2544 1765 2592 Συγγνῶ.
1796 2551 1879 2581 I'z'ct.
2269 2568 2303 2594 40

1265 2614 1343 2637 1001.
1374 2599 1561 2650 (σύγγνωτέ
1585 2616 1644 2650 μοι
1670 2614 1678 2639 :
1700 2600 1761 2643 Ὡς
1779 2601 1868 2651 μέγα
1884 2617 1917 2639 τι
1935 2601 2100 2652 ἀτόπημα
2119 2601 2251 2654 πράξας

1211 2659 1432 2708 ἀπολογεῖται
1448 2664 1518 2700 τοῖς
1534 2661 1644 2708 θεοῖς.)

1264 2729 1342 2753 1005.
1375 2715 1447 2766 (ἐπὶ
1477 2717 1624 2762 δεῖπνον,
1657 2718 1703 2759 εἷς
1733 2715 1918 2766 ξυμπόσιον
1939 2731 1947 2755 :
1967 2716 2034 2756 UEv
2065 2719 2156 2755 ἐστιν
2186 2718 2246 2755 ἐπὶ

1210 2773 1344 2810 δεῖπνον
1367 2775 1412 2816 εἷς
1439 2772 1642 2822 συμπόσιον.
1665 2772 1754 2810 οὕτω
1761 2773 1841 2844 γὰρ
1863 2773 2020 2820 ἐκάλουν,
2035 2773 2122 2812 ὥστε
2146 2774 2246 2824 μόνον

1208 2825 1295 2867 εἶναι
1323 2831 1382 2868 τὸν
1410 2825 1498 2868 οἶνον
1523 2830 1645 2876 κοινὸν,
1679 2846 1723 2867 τα
1758 2831 1792 2867 δὲ
1813 2830 1959 2868 λοιπα
1946 2836 2069 2868 εαυτοῦ
2089 2832 2243 2881 κομίζειν
2263 2858 2297 2883 45

1207 2886 1296 2924 οὕτω
1320 2886 1504 2932 κληθέντα.
1523 2886 1724 2924 πανθοινίαν
1753 2886 1788 2923 δὲ
1812 2886 1991 2936 ἔ)εγον,“
1967 2904 2011 2930 ως
2038 2903 2140 2939 φησιν
2174 2890 2245 2926 Εὐ-

1206 2944 1355 2996 φρόνιος,
1374 2944 1475 2981 ὁπότε
1505 2945 1550 2986 εἷς
1578 2959 1688 2980 κοινον
1704 2944 1939 2987 κατατιθέντες
1966 2944 2009 2981 τὰ
2037 2945 2243 2995 κομισθέντα

1207 3003 1328 3039 δεῖπνα
1344 3000 1470 3043 πάντες
1490 3000 1694 3052 ἀπέλαυον.)

1258 3072 1337 3097 1007.
1368 3060 1453 3096 κούκ
1472 3061 1668 3108 {navatem
1687 3071 1695 3096 :
1717 3059 1805 3107 (Οὐκ
1828 3058 2007 3108 ἐγγελάσει
2029 3074 2100 3106 σοι,
2123 3059 2240 3131 φησὶν,

1204 3119 1222 3154 ὁ
1242 3117 1285 3155 “Υ
1287 3115 1500 3168 πέρὸολος,“
1487 3119 1574 3168 ορῶν
1596 3131 1633 3153 σε
1652 3131 1810 3153 ταπεινον
1833 3132 1869 3153 τε
1894 3132 1953 3153 και
1972 3117 2103 3171 οικτρὸν
2124 3133 2162 3154 εκ
2179 3132 2239 3154 του
2257 3139 2291 3164 50

1205 3174 1352 3217 δικάζειν
1381 3173 1439 3210 καὶ
1468 3176 1557 3224 τρεῖς
1586 3172 1724 3215 ὀὸολοὺς
1751 3172 1942 3222 λαμοάνειν
1965 3189 2023 3210 και
2053 3174 2106 3211 ἀει
2136 3190 2238 3212 πενε-

1205 3234 1346 3280 sonas)
1334 3246 1418 3282 υπερ
1442 3247 1502 3276 ττς
1523 3229 1688 3282 πονηρίας
1707 3230 1742 3267 δὲ
1763 3230 1976 3282 Ἱ”περὸόλου
2001 3231 2144 3283 εἴρηται.
2167 3232 2238 3281 (καὶ

1203 3293 1260 3326 ν’ὗν
1289 3288 1324 3326 δὲ
1354 3288 1453 3338 ὀλίγα
1482 3288 1771 3340 παραγράὼομεν.
1804 3288 1996 3333 Ἀνδοκίδης
2026 3290 2109 3340 φησὶ
2127 3289 2236 3326 τοίνυν

1204 3365 1218 3381 ιι
1236 3346 1314 3398 περὶ
1341 3345 1556 3397 Ἵ“περὸόλου
1575 3344 1685 3396 λέγειν
1709 3345 1929 3397 αἰσχύνομαι·
1946 3341 1986 3384 οῧ
2003 3349 2020 3383 6
2041 3345 2101 3395 μὲν
2120 3344 2235 3397 πατὴρ
