2485 3808
23 3162 25 3175 1

24 3187 26 3195 v

946 244 1130 286 SCHOL
1147 247 1203 284 ΙΑ
1242 247 1301 286 IN
1335 250 1544 290 PACEM.

186 331 244 370 τὸν
268 331 423 381 οὐρανὸν,
451 329 648 382 ἀπέθανεν]
670 352 714 356 -
734 332 780 373 εἰς
801 330 858 368 τὸν
884 332 1037 383 οὐρανόν.
1069 332 1215 370 ἀπέθανε
1244 383 1245 387 ¹

185 389 264 442 γάρ.
283 391 375 427 ἇοῖον
394 388 430 425 63
450 387 506 425 τὸν
523 390 617 439 ἑῷον.
632 395 668 424 Β.

238 460 301 485 837.
334 445 453 494 (Ἀοῖον
471 445 572 482 αὐτὸν
600 458 608 483 :
631 445 714 483 “Ort
739 447 756 482 6
779 444 841 495 μὲν
856 445 936 484 Ἰων
955 446 1022 492 ἤδη
1041 447 1213 494 τεθνήκει,

183 505 299 550 δῆλον.
318 504 379 540 οὐκ
393 503 519 548 ἄδηλον
537 501 574 540 δέ
590 503 662 539 ἐστι
678 502 730 539 ὅτι
749 503 834 553 πρὸς
849 503 887 541 τὸ
905 504 961 540 ὑπ’
979 506 1080 542 αὐτοῦ
1098 504 1132 541 ἔν
1148 520 1213 542 τινι

147 575 164 598 ⁶
183 563 250 598 τῶν
265 559 485 611 διθυράμὸων
506 559 709 609 λελεγμένον
726 559 764 597 τὸ
780 563 871 603 ἀοῖος
887 560 996 612 ἀστὴρ
1016 561 1158 611 παίζει.)

235 631 298 658 839.
328 618 360 656 οἳ
379 618 541 667 καόμενοι
561 632 570 655 z
588 620 633 655 Οἱ
651 618 940 669 σπινθηρίζοντες,
958 621 988 656 οἱ
1005 619 1212 668 καλούμενοι

181 676 390 729 διᾴττοντες,
410 677 452 726 (οἱ
469 678 502 713 ἐν
523 678 571 727 τῷ
590 675 739 725 λάμπειν
755 675 830 718 τοὺς
849 679 1037 728 σπινθῆρας
1051 675 1210 726 πέμπον-

180 736 266 786 τες.)

233 805 297 831 841.
327 791 443 834 ἷπνοὺς
465 804 473 830 3
495 790 565 834 Οὓς
591 794 647 828 νῦν
675 791 775 840 ἡμεῖς
801 792 1011 842 λαμπτῆρας
1035 790 1057 836 ἢ
1087 789 1210 842 φανοὺς

129 861 162 885 Ιο
181 851 366 899 καλοῦμεν.
388 848 481 899 (τοὺς
501 853 557 886 νῦν
575 848 697 901 ’.ρανοὺς
713 848 939 897 καλουμένους
953 848 1096 899 λύχνους
1116 847 1210 890 τινάς

180 923 263 960 φασι
282 907 392 958 λέγειν
411 909 478 944 τῶν
495 908 663 952 παλαιῶν,
685 905 745 948 τὰς
764 905 799 942 65
819 906 1006 956 λαμπάδας
1024 905 1102 948 τοὺς
1121 920 1208 957 τρα-

179 965 292 1016 γικοὺς
308 981 431 1018 φανους
446 965 468 1010 ἢ
484 981 610 1007 πανους
629 963 684 1001 διὰ
700 967 760 1000 τοῦ
779 966 831 1013 π.)

230 1037 295 1062 842.
323 1022 483 1074 (ταυτηνὶ
501 1021 642 1060 Mem:
661 1020 864 1071 Ἐλέγετο“
843 1036 895 1058 οτι
912 1020 972 1058 δύο
988 1020 1116 1073 πόρνας
1135 1025 1207 1071 εἶχε

177 1081 397 1154 τῆΕἶρήνῃῗ
416 1079 662 1133 συναφθείσας,
693 1079 755 1124 τήν
791 1094 826 1116 τε
858 1078 1024 1130 Ὀπώραν
1056 1078 1116 1116 καὶ
1143 1094 1205 1124 την

127 1152 159 1176 15
177 1138 349 1190 Θεωρίαν,
371 1142 418 1176 ὡν
441 1153 504 1183 την
530 1137 592 1187 μὲν
612 1135 776 1188 Ὀπώραν
805 1136 912 1174 ἔδωκε
936 1137 1006 1180 τοῖς
1025 1139 1205 1188 γεωργοῖς,

175 1199 218 1247 τῇ
239 1196 274 1234 δὲ
290 1197 397 1247 βουλῇ
408 1194 469 1240 τὴν
483 1193 656 1246 Θεωρίαν.
673 1193 801 1231 τούτων
813 1199 870 1232 οὖν
887 1194 948 1240 τὴν
962 1194 1023 1244 μὲν
1039 1194 1205 1247 Ὀπώραν

174 1257 244 1297 τοῖς
271 1252 418 1296 οἰκέταις
445 1255 462 1290 6
493 1255 664 1304 Τρυγαῖος
689 1252 824 1289 δίδωσιν
850 1253 1043 1302 ἀπαγαγεῖν
1070 1254 1116 1295 εἷς
1142 1251 1205 1298 τὴν

174 1311 296 1357 οἰκίαν,
326 1314 371 1355 ὡς
395 1310 495 1355 αὐτὸς
514 1310 622 1357 αὐτὴν
647 1310 830 1361 γαμῆσων,
851 1310 909 1347 καὶ
928 1310 1205 1362 παρακελεύεται

173 1368 217 1407 τὰ
232 1369 316 1422 πρὸς
331 1368 408 1412 τοὺς
423 1369 554 1420 γάμους
565 1371 670 1414 αὐτῆς
686 1367 896 1419 εὐτρεπίσαι.
913 1368 974 1413 τὴν
993 1368 1028 1405 63
1044 1368 1203 1420 Θεωρίαν

121 1441 156 1466 2ο
174 1427 274 1470 αὐτός
302 1443 403 1480 φησιν
433 1426 610 1476 ἀπομόσας
638 1426 757 1463 δώσειν
784 1428 828 1476 τῇ
860 1427 977 1477 βουλῇ.
1008 1425 1090 1469 ἴσως
1117 1425 1153 1463 63
1181 1429 1202 1472 ἡ

173 1484 306 1537 Εἰρήνη
329 1487 363 1522 ἐν
389 1487 438 1536 τῷ
462 1486 593 1535 οὐρανῷ
620 1483 762 1534 ἔμεινεν·
789 1484 939 1533 οὐδαμοῦ
962 1483 1029 1535 γὰρ
1053 1486 1201 1520 ποιεῖται

172 1545 278 1589 αὐτῆς
294 1543 433 1594 μνήμην
453 1545 498 1585 ὡς
514 1542 768 1591 κατελθούσης.)

223 1615 288 1641 843.
319 1601 394 1639 ἀντὶ
422 1604 479 1638 τοῦ
508 1599 781 1644 κατακλύζεσθαι
809 1598 965 1647 ποίησον,
991 1599 1012 1636 6’
1035 1601 1107 1637 ἔστι
1139 1600 1201 1650 γέ-

172 1674 271 1708 μισον
288 1658 420 1702 ὕδατος.
437 1667 474 1697 Β.
492 1667 530 1696 V.

120 1727 154 1752 25
224 1731 288 1757 844.
317 1716 569 1769 προστακτικόν
595 1717 668 1754 ἔστι
692 1715 731 1753 τὸ
760 1714 881 1767 στόρνυ
909 1715 969 1752 καὶ
998 1714 1089 1752 ἔστιν
1118 1717 1136 1753 6
1163 1731 1200 1753 τε

170 1774 368 1826 σύνδεσμος.
383 1783 421 1814 Β.
434 1783 474 1812 V.

220 1845 283 1872 846.
311 1831 373 1879 τὴν
394 1831 564 1884 Θεωρίαν.
581 1839 618 1869 Β.

221 1904 284 1930 869.
314 1889 585 1943 πορνοὸοσκοῦσι
603 1904 611 1928 ;
633 1891 795 1932 Πιθανῶς
815 1888 987 1936 ἐδήλωσεν
1003 1889 1056 1928 ὅτι
1073 1890 1198 1944 πόρναι

167 1944 257 1997 ησαν
274 1952 295 1995 ἢ
312 1947 459 2001 Ὀπώρα
479 1963 538 1985 και
559 1950 580 1993 ἡ
597 1946 749 1999 Θεωρία.

114 2020 151 2045 ³0
219 2021 284 2047 850.
314 2006 393 2054 οὒκ,
420 2005 542 2044 ἀλλὰτ
564 2007 645 2057 Οὐχ
666 2008 711 2048 ὡς
736 2007 770 2043 ἐν
791 2005 985 2058 ἀποφάσει,
1011 2007 1088 2044 ἀλλ’
1114 2007 1196 2045 ὡσεὶ

167 2060 273 2112 εἶπεν,
294 2065 368 2102 ἀλλ’
395 2064 473 2115 οὐχὶ
500 2064 600 2102 κακεῖ
623 2062 710 2106 τινές
735 2065 819 2101 εἰσιν
844 2064 912 2101 ἀπὸ
939 2063 1092 2112 τούτων,
1120 2065 1196 2102 ἐπεὶ

166 2125 239 2166 πῶς
255 2120 542 2174 ἄπαρνησάμενος
558 2121 749 2158 συντίθεται
767 2121 886 2160 πάλιν.

217 2193 282 2218 851.
312 2179 383 2239 ἄγε
393 2194 451 2215 νυν
473 2191 482 2216 :
504 2178 548 2216 ‘O
568 2178 724 2230 θεράπων
746 2178 806 2215 λέ
795 2194 838 2228 [ει
860 2178 922 2229 ἄγε
940 2194 997 2217 νυν
1020 2179 1128 2229 ἴωμεν
1151 2183 1194 2231 τῇ

166 2235 334 2288 Ὀπώρα,
352 2229 456 2273 εἷτα’
442 2251 553 2287 ερωτα
570 2235 626 2272 τὸν
647 2235 817 2281 δεσπότην
833 2251 911 2287 περι
928 2252 989 2281 της
1014 2237 1192 2289 Ὀπώρας.

114 2310 147 2336 ³5
220 2307 285 2333 854.
313 2292 480 2344 λείχειν”
459 2306 553 2331 ανω;
571 2295 683 2331 Τοῦτο
701 2309 759 2331 και
776 2293 815 2331 τὸ
834 2293 908 2339 ἑξῆς
925 2294 980 2331 διὰ
998 2294 1038 2332 τὸ
1059 2311 1192 2345 κακεμ-

167 2350 273 2405 φατόν
291 2366 379 2394 τινες
401 2353 665 2402 παραιτοῦνται,
684 2350 755 2400 (ὅτι
774 2352 1116 2404 ἑπαμτροτεριζόντως
1135 2353 1191 2392 λέ-

165 2411 301 2456 λεκται,
317 2408 376 2446 καὶ
391 2408 475 2461 πρὸς
493 2408 531 2446 τὸ
549 2414 696 2461 πρᾶγμα
715 2409 774 2446 καὶ
791 2409 880 2461 πρὸς
894 2410 933 2447 τὸ
949 2411 1123 2462 ἀσελγές).

216 2481 281 2506 855.
309 2468 357 2509 εἷς
375 2465 414 2503 τὸ
430 2466 653 2518 κακέμφατον
670 2469 730 2512 ἰἧς
749 2467 878 2519 πόρνης
893 2467 1042 2517 λέγεται.
1063 2481 1101 2510 R
1105 2482 1146 2511 v

215 2538 279 2564 856.
307 2524 587 2573 εὖδαιμονικῶς;
618 2522 778 2584 [Στροφὴ
805 2524 973 2574 ἀμοιὸαία
1001 2525 1122 2563 κώλων
1146 2528 1187 2572 ζ’.

88 2573 92 2576 ⁶
111 2596 147 2623 ιο
165 2581 236 2634 ἔχει
249 2581 285 2620 63
296 2580 357 2619 καὶ
373 2579 598 2633 ἀντιστροφὴν
614 2581 653 2618 τὸ
674 2600 687 2614 n
701 2585 722 2627 ἠ
739 2581 889 2634 χρηστὸς
902 2582 999 2634 ἀνήρ.
1014 2601 1028 2616 »1
1048 2583 1107 2621 καὶ
1124 2585 1190 2623 εἶσὶ

162 2643 222 2677 τοῦ
223 2638 301 2710 μὲν
319 2642 424 2691 χοροῦ
442 2638 487 2676 τὰ
506 2640 602 2676 κωλα
621 2638 798 2677 Ἰωνικὰ’
779 2639 848 2679 απὸ
870 2640 1040 2690 μείζονος,
1059 2641 1103 2678 τὰ
1126 2642 1188 2692 μὲν

165 2697 197 2747 β’
220 2696 363 2748 δίμετρα
391 2696 637 2743 ἄκατάληκτα,
660 2697 699 2734 τὸ
718 2695 754 2734 δὲ
782 2697 814 2747 γ’
835 2697 941 2747 ηαιο)
945 2713 1004 2736 ιον
1025 2700 1087 2736 6
1068 2699 1103 2737 03
1129 2705 1188 2739 τοῦ

163 2755 347 2812 ὑποκριτοῦ
363 2752 478 2804 στίχος
496 2753 656 2803 ἷαμὸικὸς
670 2754 898 2807 τετράμετρος
916 2757 1184 2802 καταληκτικός.

163 2809 224 2847 καὶ
242 2804 335 2852 αὖθις
356 2809 400 2847 τὰ
417 2813 476 2848 τοῦ
495 2814 600 2862 χοροῦ
618 2811 696 2863 τρία
712 2815 786 2855 τοῖς
805 2813 876 2850 ἄνω
898 2813 1024 2851 κάτισα
1044 2816 1182 2860 κώλοις.

112 2877 147 2904 45
165 2866 219 2919 ὑφ’
237 2866 260 2903 ἃ
275 2865 498 2919 παράγραφος
514 2882 573 2905 και
588 2868 650 2913 ‘6²'
631 2884 707 2907 εσω
714 2871 831 2916 διπλῆ.
849 2869 923 2916 ἑξῆς
942 2871 972 2908 δ’
988 2873 1023 2909 ἐν
1042 2873 1186 2911 εἷσθέσει

163 2923 325 2972 σύστημα
344 2922 436 2960 κατὰ
457 2925 644 2976 περικοπὴν
665 2926 792 2980 στίχων
816 2929 989 2978 ἷαμὸικῶν
1017 2933 1185 3003 τετραμέ-

162 2995 252 3032 τρων
275 2981 536 3026 καταληκτικῶν
564 2982 606 3020 ε’.
627 2983 681 3035 ὑφ’
700 2983 756 3027 ους
778 2985 930 3037 κορωνίς.
937 2986 955 3038 ]}
975 2988 1092 3034 διπλῆ·
1111 2988 1185 3027 ἔπε-

161 3053 220 3074 ται
238 3035 305 3089 γὰρ
322 3036 421 3086 μέλος
437 3037 616 3087 ἀμοιὸαῖον
631 3044 691 3077 τοῦ
706 3046 808 3093 χοροῦ
824 3043 883 3080 καὶ
898 3049 958 3082 τοῦ
975 3047 1161 3106 ὑποκριτοῦ
1171 3078 1182 3098 ,

162 3088 202 3132 οῦ
227 3095 300 3131 ἐστι
323 3095 459 3164 πρῶτον
484 3095 519 3131 ἐν
539 3095 667 3138 ἐκθέσει
687 3100 792 3137 κῶλα
801 3100 832 3150 γ’
853 3104 912 3138 τοῦ
930 3106 1056 3153 χοροῦ,
1077 3107 1124 3141 ὡν
1144 3106 1183 3144 τὸ

110 3163 146 3188 50
163 3151 226 3201 μὲν
254 3151 286 3188 α’
315 3166 375 3188 και
398 3150 437 3188 τὸ
462 3151 497 3221 β
524 3151 672 3195 Ἰωνικὸν
698 3154 766 3192 απὸ
790 3156 938 3205 μείζονος
965 3162 1182 3228 ἑφθημιμερη

162 3207 382 3258 συνημμένα,
401 3207 440 3244 τὸ
459 3207 495 3245 δὲ
513 3209 544 3258 γ’
564 3208 712 3247 Ἰωνικὸν
732 3226 791 3249 και
811 3214 894 3252 αὐτὸ
910 3216 1016 3265 awo)
1020 3232 1078 3256 ιον
1105 3221 1165 3258 66

160 3267 220 3302 τοῦ
244 3267 424 3317 ὑποκριτοῦ
452 3264 584 3324 στίχος,
609 3267 838 3342 τετράμετρος
861 3271 973 3321 ὅμοιος
1003 3280 1072 3318 τοῖς
1097 3276 1179 3318 ἅνω.

161 3325 272 3359 ταῦτα
296 3321 438 3359 δύναται
462 3326 547 3360 εἶναι
578 3323 706 3377 στροφὴ
735 3326 794 3363 καὶ
820 3328 1050 3382 ἀντίστροφος.
1077 3332 1121 3370 τα
1146 3334 1182 3372 63

165 3378 239 3425 ἑξῆς
257 3381 302 3423 εἷς
318 3380 458 3419 ἐπωδόν.
480 3381 544 3419 εἶσὶ
564 3381 598 3419 63
624 3387 683 3420 τοῦ
709 3388 814 3435 γοροῦ
839 3385 950 3440 στίχοι
974 3403 1084 3434 ομοιοι
1111 3393 1180 3432 τοῖς

2236 271 2306 302 197

1277 334 1348 372 ἄνω
1377 337 1533 386 ἷαμδικοὶ
1566 341 1790 393 τετράμετροι
1818 346 2077 391 καταληκτικοί.
2110 346 2168 385 δύο
2206 348 2241 386 63
2273 351 2307 386 ἐν

1274 393 1404 431 ἐκθέσει
1429 396 1540 447 στί-χοι
1566 398 1686 448 ἴαμδοι
1716 402 1942 472 τετράμετροι
1967 406 2232 452 καταληκτικοί.
2266 416 2306 444 V.

1274 452 1518 501 εὖδαιμονικως
1536 457 1554 492 6
1580 457 1776 508 πρεσέύτης
1801 459 1845 496 τὰ
1867 463 1925 497 νῦν
1948 462 2094 514 πράττει
2116 464 2229 501 δσον’
2215 466 2306 503 εστὶν

1273 509 1367 547 ἰδεῖν.
1383 518 1419 547 Β.
1424 518 1452 547 V

1323 580 1387 607 δεῖ.)
1410 567 1453 605 τὰ
1467 572 1525 606 νῦν
1535 568 1641 608 τάδε;
1659 570 1805 609 Ἀττικοὶ
1819 572 1925 616 οὕτως
1938 574 2089 625 ἔλεγον’
2071 592 2146 614 αντι
2160 583 2219 616 τοῦ
2236 584 2304 618 νῦν.
2324 599 2340 622 s,

1271 633 1308 663 R.
1327 624 1487 669 Ἀττικῶς
1500 626 1605 670 ούτως
1625 626 1721 678 ἔλεγε
1743 630 1817 667 ἀντι
1830 634 1891 668 τοῦ
1908 635 1978 669 νῦν
1996 641 2035 670 V

1322 695 1385 720 861.
1416 683 1491 720 ἀντι
1504 687 1562 721 τοῦ
1576 684 1764 733 γενόμενος.
1781 690 1819 725 R.
1837 691 1905 724 οῖον
1920 690 2024 726 πάλιν
2039 693 2244 737 ἀνανεάζων.
2263 709 2302 737 v.

1322 752 1386 778 462.
1418 743 1590 793 μυραλοιφ
1570 741 1660 785 ίαις
1675 744 1919 802 ἀληλιμμένος.
1939 753 1978 783 V.

1321 810 1384 836 863.
1414 814 1475 844 της
1500 798 1675 851 Ὀπώρας.
1699 804 1814 850 οἶμαι,
1841 803 1944 854 φησὶ,
1963 804 2068 842 πάλιν
2095 806 2167 850 νέος
2192 803 2301 855 εἶναι,

1267 855 1314 896 ὡς
1333 856 1506 907 προεῖπον.
1527 864 1566 894 V.
2326 884 2356 906 ιι»

1320 925 1383 950 864.
1413 914 1738 967 εὖδαιμονέστερος;
1756 916 1846 955 Ἀντὶ
1862 922 1919 956 τοῦ
1929 922 2301 988 κακοδαιμονέστερος,

1268 970 1302 1006 ἐν
1324 971 1492 1023 εἰρωνεία.
1512 972 1746 1024 στροὸίλους
1729 973 1765 1011 οέ
1780 990 1864 1026 φησι
1880 975 2018 1020 τούτους
2031 977 2052 1023 ἢ
2071 978 2127 1015 δια
2140 980 2177 1017 τὸ
2190 996 2301 1061 τραγυ

1265 1030 1325 1064 τοῦ
1344 1027 1522 1098 σώματος,
1543 1028 1565 1075 ἢ
1588 1030 1672 1082 πρὸς
1691 1032 1729 1069 τὸ
1747 1035 1806 1069 τοῦ
1828 1034 2047 1086 Καρκίνου”
2027 1051 2134 1086 ονομα
2159 1040 2301 1083 παίζων·

1266 1086 1540 1139 ὄστρακόδερμοι
1556 1089 1622 1140 γὰρ
1643 1091 1671 1126 οἱ
1690 1089 1867 1141 καρκίνοι,
1888 1093 2042 1144 καθάπερ
2063 1095 2121 1131 καὶ
2150 1098 2179 1132 οἱ
2207 1098 2302 1149 στρό-

1268 1142 1377 1191 ὅιλοι,
1397 1144 1590 1196 [τουτέστιν
1606 1149 1636 1184 οἱ
1653 1147 1827 1198 κογλίαιῆ
1809 1165 1830 1194 η
1846 1151 1876 1187 οἱ
1897 1151 2258 1225 θαλάττιοικηρυκεςζζ.
2278 1156 2299 1201 ἢ
2324 1175 2353 1198 15

1266 1201 1321 1238 διὰ
1341 1202 1381 1239 τὸ
1401 1204 1435 1240 ἐν
1449 1206 1491 1254 τῇ
1497 1204 1650 1275 ὁρμήσει
1665 1205 1788 1257 στροὸε
1791 1210 1884 1244 ῖσθαι
1896 1208 2059 1258 ,(ἐπειδὴ
2081 1211 2139 1247 καὶ
2156 1214 2186 1248 οἱ
2201 1213 2300 1265 στρό-

1265 1259 1354 1297 ὅιλοι
1368 1260 1478 1299 κώνου
1493 1262 1655 1313 ἐπέχουσι
1670 1263 1793 1313 δίκην).
1849 1237 1996 1309 Ἄλλως.
2014 1267 2175 1320 στρόοιλ’
2158 1285 2191 1312 ος
2208 1286 2298 1308 εστιν

1263 1319 1284 1361 ἡ
1311 1319 1497 1371 συστροφῆ.
1519 1321 1717 1372 στροόΟους
1740 1326 1798 1360 οὖν
1819 1326 1893 1361 εἰπε
1920 1326 1996 1362 καθ’
2014 1324 2032 1362 ὃ
2060 1326 2118 1363 καὶ
2144 1328 2298 1379 ἀλλα-[οῦ

1264 1374 1311 1424 [v
1331 1376 1397 1426 739]
1417 1378 1658 1429 γυλιαύχενας

1315 1447 1379 1472 806.
1409 1436 1671 1487 παρατηρητέον
1691 1435 1743 1475 ὅτι
1763 1439 1824 1476 οὐκ
1844 1439 1900 1476 ἐπὶ
1919 1439 2111 1492 ἁρμάτων
2105 1442 2205 1480 μόνον
2219 1442 2258 1481 ε)
2261 1459 2297 1480 ε-
2317 1464 2351 1487 20

1262 1504 1320 1539 γον
1340 1490 1471 1542 ὄγημα.
1491 1500 1528 1532 Β.
1546 1501 1586 1530 V.

1315 1562 1379 1587 867.
1392 1551 1737 1622 παρακραμμίσαι
1731 1568 1788 1590 αοι
1811 1554 1904 1591 δοκεῖ
1930 1558 1989 1592 τοῦ
2018 1557 2150 1606 γελοίου
2182 1558 2296 1611 χάριν,

1262 1606 1335 1643 ἀντι
1353 1611 1413 1644 τοῦ
1432 1608 1541 1645 πίνειν
1560 1625 1596 1646 τε
1617 1625 1675 1647 και
1695 1611 1881 1651 καθεύδειν.
1903 1621 1943 1652 V

1314 1678 1376 1703 868.
1407 1665 1447 1717 [ἡ
1462 1682 1524 1703 παι
1512 1668 1733 1710 Τςλελουταιζ
1750 1669 1904 1720 Κορωνὶς
1919 1671 2019 1723 ἑτερα
2035 1672 2209 1712 εἰσιόντων
2228 1678 2295 1714 τῶν

1261 1723 1451 1774 ὑποκριτῶν
1468 1724 1502 1768 ἐξ
1518 1725 1684 1774 ἷαμοείων
1706 1727 1765 1763 μα’
1771 1756 1779 1764 .
1794 1727 1850 1764 επὶ
1870 1731 1919 1779 τῷ
1938 1728 2028 1767 τέλει
2044 1736 2194 1783 κορωνίς.
2198 1733 2216 1785 Ξ]
2315 1751 2348 1775 25

1312 1793 1375 1819 869.
1406 1797 1576 1831 σησαμη.
1568 1796 1577 1804 ’
1596 1782 1718 1834 (Παρὰ
1732 1783 1770 1820 τὸ
1787 1800 1820 1821 εν
1837 1787 1906 1828 τοῖς
1918 1785 2042 1836 γάμοις
2057 1788 2140 1832 ἔθος.
2158 1791 2294 1830 ἐδόκουν

1257 1836 1323 1889 γὰρ
1340 1840 1375 1875 ἐν
1390 1845 1459 1882 τοῖς
1476 1839 1599 1891 γάμοις
1619 1841 1776 1891 σήσαμον
1803 1843 1951 1891 διδόναι,
1979 1845 2013 1888 ὅς
2033 1848 2119 1898 ἐστι)
2140 1849 2190 1885 π)
2193 1853 2296 1893 ακοῦς

1257 1897 1403 1946 γαμικὸς
1419 1898 1489 1935 ἀπὸ
1508 1898 1676 1948 σησάμων
1697 1901 1946 1951 πεποιημένος,
1968 1902 2023 1941 διὰ
2041 1905 2082 1942 τὸ
2097 1905 2196 1943 πολύ
2186 1923 2294 1957 γονον,

1257 1953 1303 1998 ὥς
1330 1971 1414 2007 φησι
1430 1936 1646 2007 Μένανδρός.
1663 1958 1852 2007 (σησαμοῦς
1872 1961 1905 1997 δε
1923 1961 1982 1998 καὶ
2006 1977 2149 2013 σησαμη
2174 1965 2294 2004 διαφε-

1258 2027 1319 2064 ρει·
1334 2018 1533 2063 σησαμοῦς
1529 2013 1588 2051 μὲν
1603 2016 1690 2057 εἶδος
1707 2016 1939 2065 πλακοῦντος,
1957 2023 2100 2070 σησαμῆ
2121 2021 2163 2068 ἥν
2180 2038 2293 2075 φαμεν
2313 2037 2346 2062 30

1255 2073 1355 2120 ἡμεῖς
1374 2071 1564 2120 σησαμίδα.
1586 2072 1661 2122 [AV·
1684 2086 1758 2111 159:
1778 2074 1792 2124 ]
1812 2093 1827 2106 «
1848 2090 1992 2125 σησαμα
2010 2077 2045 2114 65
2064 2094 2123 2116 και
2138 2095 2293 2130 μηκωνες

1255 2128 1314 2165 καὶ
1342 2128 1544 2181 σισύμὸρια.
1565 2147 1579 2162 υ
1609 2128 1721 2181 φύλλα
1748 2135 1796 2174 οἱς
1821 2138 2068 2185 στεφανοῦνται
2088 2138 2118 2173 οι
2138 2139 2289 2191 νυμφίοι.

1254 2201 1314 2223 και
1337 2186 1575 2235 σησαμού-ντια
1597 2187 1763 2238 πόπανα.)

1305 2256 1369 2282 872.
1398 2243 1481 2295 πρὸς
1501 2243 1594 2280 οὐδὲν
1614 2244 1652 2281 τὸ
1672 2260 1716 2283 τι.
1739 2253 1780 2285 V.

1305 2313 1368 2339 374.
1397 2300 1592 2350 ἐπαίσαμεν
1614 2316 1622 2339 ;
1645 2303 1934 2355 Συνουσιάζομεν,
1951 2306 2157 2358 ηλαύνομεν.
2177 2313 2287 2362 πόρνη
2308 2329 2341 2354 35

1252 2356 1318 2410 γάρ
1338 2360 1443 2396 ἐστιν.
1466 2359 1498 2395 ἐν
1519 2359 1750 2412 Βραυρῶνι““
1720 2374 1755 2397 οε
1777 2360 1878 2414 δήμῳ
1900 2378 1960 2408 της
1989 2363 2143 2412 Ἀττικῆς
2160 2369 2288 2406 πολλαὶ

1251 2415 1389 2468 πόρναι.
1413 2417 1486 2454 ἐκεῖ
1503 2415 1539 2453 63
1558 2432 1616 2453 και
1635 2433 1679 2454 τα
1699 2418 1903 2456 Διονύσια”
1880 2436 2006 2471 ηγετο,
2026 2438 2086 2460 και
2104 2428 2181 2462 καθ’
2201 2426 2287 2464 ἔκα-

1251 2489 1330 2511 στον
1351 2475 1472 2523 δῆμον,
1493 2476 1526 2512 ἐν
1544 2469 1591 2517 οῖς
1610 2475 1766 2525 ἐμεθυον.
1786 2476 2005 2527 μεθύοντες
1986 2480 2022 2517 οὲ
2040 2481 2170 2526 πολλὰς
2197 2484 2286 2537 πόρ-

1249 2547 1308 2575 νας
1321 2531 1488 2603 ἥρπαζρν.
1505 2539 1543 2569 Β.
1558 2540 1599 2569 V.

1301 2602 1364 2629 875.
1393 2590 1453 2628 καὶ
1466 2590 1564 2640 μόλις
1579 2591 1706 2638 ταύτης
1725 2593 1901 2645 ἐγκρατεῖς
1918 2595 2144 2646 γεγενήμεθα.
2162 2606 2203 2638 V.
2304 2616 2338 2640 40

1295 2661 1358 2687 876.
1387 2649 1754 2702 πρωκτοπεντετηρίδα
1786 2664 1794 2689 :
1827 2653 1988 2704 Παρόσον
2015 2653 2071 2692 διὰ
2100 2670 2284 2703 πενταετη-

1249 2708 1326 2757 ροῦς
1343 2705 1467 2757 χρόνου
1486 2706 1610 2756 ἤγοντο
1627 2708 1662 2743 αἱ
1679 2707 1818 2760 θεωρίαι
1836 2725 1903 2748 των
1924 2710 2130 2753 Διονυσίων.

1299 2777 1363 2801 879.
1395 2765 1441 2806 εἷς
1452 2761 1625 2814 Ισθμια;
1640 2767 1685 2804 Οἱ
1704 2765 1770 2819 γὰρ
1788 2767 1943 2810 θέλοντες
1954 2770 2091 2818 θεωρεῖν
2104 2785 2282 2822 προκατα-

1246 2820 1484 2870 λαμὸάνουσιν
1516 2825 1648 2865 ἑαυτοῖς
1675 2823 1811 2866 τόπους.
1830 2825 1877 2866 εἷς
1903 2823 2047 2874 Ἰσθμια
2078 2824 2114 2864 63
2132 2825 2279 2879 εἴρηκεν,

1246 2876 1320 2927 ἅμα
1341 2876 1392 2915 ὅτι
1418 2878 1478 2915 καὶ
1497 2878 1590 2930 ἀγὼν
1611 2879 1824 2931 Ἰσθμιακὸς,
1845 2880 1906 2918 καὶ
1925 2880 1981 2918 διὰ
2007 2897 2070 2927 την
2091 2883 2278 2931 στενότητα
2298 2901 2332 2926 45

1244 2938 1303 2972 τοῦ
1324 2934 1451 2973 αἰδοίου
1470 2939 1531 2982 τῆς
1548 2935 1688 2989 πόρνης.
1710 2937 1760 2975 διὸ
1775 2953 1835 2975 και
1854 2941 1930 2975 εἶπε
1949 2955 1964 2971 «
1984 2939 2033 2975 τῶ
2055 2954 2130 2976 πεει
2148 2942 2277 2988 σκηνὴν

1244 2994 1346 3029 ποιῶ.
1366 3010 1380 3026 n
1402 2992 1516 3036 στενὸς
1532 2993 1567 3031 63
1587 2994 1647 3034 καὶ
1660 2997 1678 3032 6
1692 2993 1846 3045 Ἴσθμος.
1865 2994 1980 3039 πάσας
2000 2977 2034 3033 63
2053 2995 2115 3040 τὰς
2127 3000 2279 3051 πανηγύ-

1245 3064 1311 3101 ρεις
1326 3050 1467 3103 θεωρίας
1484 3050 1569 3090 ἐκάλ
1571 3067 1639 3089 ουν.
1657 3065 1694 3094 R,
1710 3065 1750 3093 V.

1298 3108 1428 3156 (στενοῦ
1444 3124 1510 3160 γαρ
1524 3125 1618 3153 οντος
1637 3113 1695 3147 τοῦ
1711 3108 1817 3147 τόπου
1828 3110 1955 3153 πάντες
1964 3112 2152 3163 προλαὸεἷν
2170 3118 2275 3153 σπεύ-

1244 3165 1370 3212 δουσιν,
1399 3166 1473 3203 ἐπεὶ
1500 3169 1565 3218 οὐχ
1599 3166 1792 3219 εὑρίσκουσι
1815 3167 1937 3211 ξενίαν.
1966 3173 2116 3214 πιθανῶς
2142 3170 2178 3209 63
2198 3173 2274 3211 οὔτε
2293 3187 2328 3211 5ο

1242 3221 1422 3272 Ὀλύμπια
1443 3223 1479 3261 ο”
1504 3224 1649 3262 εΠύθια
1667 3218 1773 3262 εἶπεν.
1828 3223 1892 3263 Αλ
1892 3226 1983 3275 λως.)
2005 3230 2051 3270 εἷς
2060 3229 2126 3264 τῶν
2144 3232 2272 3267 θεατῶν

1240 3278 1284 3317 τὰ
1304 3280 1400 3330 ἰσγία
1425 3284 1485 3327 τῆς
1490 3252 1667 3333 Θεωρίας
1694 3282 1959 3332 καταλαμὸάνει
1990 3284 2049 3321 καὶ
2081 3285 2271 3337 ἐφάπτεται

1240 3336 1432 3388 περιφέρων
1453 3337 1509 3375 τὸν
1539 3337 1720 3377 δάκτυλον.
1751 3338 1825 3388 ἅμα
1846 3343 1902 3376 οὖν
1923 3339 2006 3391 πρὸς
2029 3356 2092 3386 την
2110 3343 2269 3410 Θεωρίαν

1242 3392 1286 3429 τὰ
1304 3392 1459 3440 Ἴσθμια.
1482 3396 1624 3442 ἐπιτιμεῐ
1652 3394 1687 3432 δε
1708 3396 1762 3432 6
1744 3395 1911 3440 οεσπότης
1937 3399 1982 3439 ὡς
1999 3397 2182 3451 ἁπτομενῳ
2202 3416 2268 3439 των
