2517 3792
803 186 958 223 lxiii-:x
991 183 1222 222 Nouium
1260 184 1322 220 ΕΤ
1348 185 1535 223 izi-lium.

138 276 274 313 (lualiae,
298 276 440 315 Χάριτες,
467 273 541 304 ,11·Ιι.
563 276 643 308 989,
670 273 747 302 Pac.
775 276 801 302 ’11
823 296 831 309 ,
858 273 946 303 Ecct.
974 275 1045 303 971.
1074 272 1157 301 Sunt

183 322 294 359 Pitho,
314 322 449 360 Arsinia,
473 318 606 350 Thalia.
627 319 694 348 Eas
711 321 876 357 socrates,
892 319 972 349 olim
1005 318 1159 357 sculptor

181 368 396 408 lapidarias,
425 368 459 397 in
491 373 588 395 niuro
616 364 811 403 sculpserat
834 374 921 404 pone
949 367 1157 400 itineri-am,

181 415 265 446 A'nb.
286 416 356 444 773.
373 412 488 443 Gratiae
506 411 537 441 in
558 410 696 449 Ol>mpo
709 434 717 448 ,
739 414 797 441 ΑΓ.
814 414 873 442 783
885 436 892 450 ,
913 412 1070 451 Olympia·
1085 411 1156 449 „siz

179 463 238 491 314
251 485 259 499 ,
297 459 460 500 ἀμὸρὸσιαι
475 481 483 495 ,
518 461 576 487 Ar.
613 460 701 487 1320.
741 459 920 489 Gratiarum
955 459 1157 494 saltationes,

184 507 313 538 Thesm.
335 511 400 537 121.
415 504 594 535 oratiarum
612 504 707 542 horti,
722 507 780 534 Ar.
800 509 885 535 1100.
901 509 1078 535 ‹ai-aimoin
1095 505 1158 543 pul·

179 554 393 584 cricomarum
416 552 608 590 δαμώματα,
629 559 671 581 ea·
690 551 867 582 Stesichori
892 554 1029 582 Orestea
1043 575 1051 588 ,
1076 553 1155 581 Pac.

180 602 252 631 796.
272 599 388 629 Gratiis
411 603 522 628 volum
545 598 577 628 111
595 597 634 627 ad
657 597 854 628 liberandam
871 602 1001 635 Pacem,
1020 600 1053 628 in
1074 600 1159 628 Pace.

178 648 249 676 456.
266 645 382 676 Gratia.-
397 645 588 675 invocantur
602 645 632 674 iu
646 644 916 683 ThesmophoriiS,
937 644 1066 675 thesin.
1085 648 1156 674 300.

179 695 236 723 Per
251 692 373 723 Gratias
386 692 471 730 jurat
488 694 632 721 Socrati-s
646 691 734 722 Nub.
756 693 826 722 773.

140 738 301 770 Graridw
324 739 482 769 inulieres
502 738 613 769 deceni
643 738 811 768 mensibus
836 740 969 768 uterum
988 736 1086 775 serre
1108 736 1158 766 di-

178 787 319 824 cuntur,
334 793 438 825 quum
447 784 569 823 „terant
585 793 715 821 noi-em,
736 784 862 815 Thestii.
881 784 951 814 742.

136 831 272 871 Griphus
293 831 407 872 quid.³
427 839 542 861 eorum
568 833 692 870 species
715 833 842 870 septem
874 832 1022 861 recenset
1045 830 1160 860 Clear-

177 879 275 917 chus,
299 879 389 918 i'esp.
406 882 455 908 20.

136 929 235 955 Grues
251 924 370 964 lapides
384 923 581 963 degluiiiunt
601 925 669 954 sire
681 926 797 963 potius
817 924 927 953 rostro
942 922 1087 961 serunt,
1109 931 1157 952 sa-

178 971 285 1002 lmrrae
299 972 380 1009 loco,
393 974 453 1002 Αυ.
470 974 559 1008 1136,
577 972 651 1000 1428
663 979 714 1010 sq.
733 972 773 1000 In
789 971 974 1009 ,Eyyptum
995 971 1157 1009 miarant,

178 1018 221 1049 ib.
244 1021 329 1049 1136.
345 1022 426 1049 Grus
447 1017 479 1047 in
493 1017 623 1056 Libpam
639 1017 776 1055 migrans
789 1017 866 1056 quid
884 1017 949 1046 lieri
962 1016 1092 1055 jubeat,
1112 1016 1154 1047 ib.

178 1068 193 1096 7
206 1066 358 1095 10-712.

135 1115 191 1150 Gr)
201 1110 390 1150 pii-Aquilae,
405 1109 583 1150 γρυπάετοι,
597 1109 677 1140 aenei
695 1108 728 1139 in
744 1108 948 1148 scutis‚apud
963 1109 1156 1149 ὧδε-11510111,

183 1160 266 1187 timi.
281 1160 341 1187 928
358 1165 409 1196 sq.

134 1205 266 1242 firmus
286 1205 325 1233 ut
346 1203 460 1233 mollis
476 1204 508 1233 et
525 1201 677 1233 cinoedus
687 1203 963 1242 perstrinyitur;
983 1210 1058 1232 eum
1076 1201 1159 1232 dele-

177 1249 223 1280 xit
235 1249 322 1288 Cleo,
343 1251 405 1289 Eq.
425 1250 494 1278 877.

139 1297 293 1335 Gyinnici
321 1296 395 1326 ludi
411 1307 421 1327 :
444 1298 487 1327 iis
512 1295 616 1326 aliter
638 1303 741 1335 quam
766 1303 787 1325 α
811 1295 911 1326 nudis
935 1297 1062 1327 certari
1091 1305 1156 1328 non

171 1343 325 1381 poterat,
343 1342 414 1382 lcye
433 1342 649 1382 impediente,
673 1343 764 1381 l'esp.
785 1345 875 1373 1195.

133 1392 289 1428 Gsnaecea
306 1393 455 1422 accurate
469 1391 579 1421 clausa
595 1394 627 1421 et
643 1390 819 1428 custodita,
839 1390 968 1421 Thesm.
988 1393 1045 1422 414
1061 1400 1134 1431 sqq.

620 1458 676 1500 H.

137 1537 259 1576 Haqno
285 1538 481 1574 stiriensis,
519 1539 621 1576 pater
652 1537 871 1568 Theramenis
904 1538 954 1568 rel
980 1547 1079 1569 cerus
1105 1539 1158 1570 rel

175 1584 378 1624 adoptivus,
396 1587 483 1616 Ran.
502 1587 580 1622 541,
608 1585 791 1625 adoptivus
817 1585 913 1625 apud
930 1587 1156 1626 Eupolidem,

175 1631 258 1662 ibid.
274 1633 346 1662 970.

138 1678 322 1709 Halimus:
342 1677 388 1708 ibi
412 1677 688 1717 Thesmophoria,
711 1679 738 1709 Τ
737 1678 841 1709 hesm.
859 1682 908 1709 80.

137 1724 419 1761 Halirrhothius,
436 1726 588 1764 Neptuni
601 1723 724 1763 filius,
750 1733 868 1755 sacras
884 1727 1050 1758 ,itineri-ce
1066 1728 1158 1759 oleas

174 1770 331 1802 excidere
345 1779 478 1811 parans
492 1779 526 1800 se
543 1772 614 1810 ipse
629 1771 764 1809 occidit,
781 1772 866 1802 Xub.
895 1776 981 1803 1005.

136 1816 317 1855 Halmion,
343 1825 524 1856 coqnomen
552 1817 721 1848 Philoclis
752 1818 898 1856 majoris
928 1821 1085 1859 T1·aqici,
1114 1821 1157 1851 ab

174 1861 361 1894 acerbitate
377 1863 493 1902 ἅλμης,
510 1864 568 1893 An.
589 1864 659 1893 281.

135 1908 350 1940 Harmodius
372 1911 406 1940 et
422 1910 625 1948 Aristoqiton
650 1911 817 1948 tyrannos
840 1910 1061 1950 occiderunt,
1081 1914 1156 1952 qta-

173 1954 243 1986 diis
270 1956 307 1986 in
326 1957 432 1995 myrti
459 1957 567 1986 ramis
581 1955 738 1993 conditis,
767 1958 844 1995 Lys.
872 1960 991 1996 632‚et
1000 1961 1155 1997 patriam

175 2001 391 2043 liberarunt,
412 2004 474 2042 Eq.
494 2004 566 2032 786.
587 2002 800 2041 Harmodius,
817 2011 954 2034 carmen
972 2007 1155 2045 convivale,

174 2048 255 2079 Aclz.
272 2051 345 2087 980,
366 2052 457 2086 1093,
474 2049 530 2079 ubi
547 2049 654 2079 scotia
668 2057 726 2079 con
734 2049 863 2080 vicalia
879 2050 920 2081 de
934 2059 989 2089 eo,
1008 2054 1040 2082 et
1064 2055 1154 2094 I'esp.

179 2100 255 2127 1225
275 2105 340 2136 sq„
356 2096 428 2127 sch.
449 2098 535 2127 1239.
555 2096 718 2127 Harmodii
735 2098 839 2136 μέλος,
855 2097 912 2136 fr.
934 2102 1003 2130 377.
1024 2104 1156 2133 Harmo-

174 2142 220 2173 dii
237 2144 343 2173 statua
358 2143 391 2173 in
405 2143 473 2173 foro
486 2166 494 2180 ‚
521 2143 609 2173 Eccl.
627 2146 699 2174 682.
719 2144 881 2175 Harmodii
905 2147 1051 2186 prosapia
1063 2171 1072 2186 ,
1090 2150 1155 2188 Eq.

176 2191 246 2220 786.

133 2235 303 2268 Harmonia
329 2235 411 2276 quid
432 2238 498 2272 sit,
530 2238 592 2276 Eq.
620 2238 693 2268 994.
726 2236 806 2268 Vide
831 2238 987 2277 Doricus,
1015 2239 1156 2279 Lydius,

173 2282 337 2322 Phrygius,
355 2284 415 2313 etc.

133 2329 294 2370 Ἁρμοσταί
311 2328 650 2360 Lacedaemoniorum
665 2331 822 2370 quinam,
840 2335 900 2362 Aa.
921 2336 1010 2362 1022.

135 2375 294 2415 flarpyiae,
312 2376 394 2405 Pac.
415 2378 488 2406 811.

137 2422 225 2453 Hebe
240 2433 250 2452 :
266 2429 339 2452 eam
357 2429 421 2451 cur
440 2423 611 2452 Homerus
628 2423 748 2453 nectar
762 2420 827 2452 diis
846 2421 1031 2461 infundere
1043 2423 1158 2463 finxe-

174 2469 236 2506 rit,
258 2470 350 2507 Vesp.
368 2470 440 2498 855.

137 2514 271 2545 Hebroei
283 2516 388 2545 etiam
403 2521 494 2544 nunc
509 2516 751 2546 coronamenta
763 2514 890 2546 habent
902 2524 1008 2555 super
1019 2520 1155 2556 mensis,

174 2561 229 2592 Pl.
259 2563 349 2592 1054.
386 2561 547 2592 Hebraici
587 2570 720 2601 quoque
757 2562 836 2592 libri
874 2565 910 2593 in
949 2563 1158 2596 bibliothecis

174 2607 441 2646 Alexandrinis,
470 2615 553 2647 quos
573 2616 682 2647 [ωερε
710 2611 794 2639 certi
815 2609 924 2648 jussit
951 2611 1158 2643 Ptolemaeus

175 2653 439 2694 Philadelphus,
455 2654 550 2685 Prol.
567 2657 587 2686 I
590 2656 633 2692 X,
656 2663 692 2693 a,
708 2658 747 2687 33
762 2664 851 2696 sqq„
864 2665 898 2695 p.
913 2659 1012 2688 XIX.

137 2700 259 2732 Hebrus
280 2699 395 2732 fluvius
419 2700 578 2732 Thraciae
600 2710 643 2732 ex
664 2701 822 2742 Rhodope
845 2706 977 2743 monte,
1004 2705 1057 2736 cui
1079 2706 1156 2738 insi-

176 2746 254 2777 dent
268 2746 385 2785 olores,
402 2750 462 2778 Ao.
483 2749 554 2778 774.

139 2795 267 2831 Hecale,
287 2793 378 2823 Iovis
393 2794 468 2829 lilia,
483 2802 556 2824 cum
571 2794 696 2833 gemina
712 2795 780 2826 sace
793 2796 959 2827 invocatur
981 2797 1019 2827 ad
1039 2798 1158 2830 surium

177 2838 390 2878 detegendum
409 2842 442 2870 in
465 2842 568 2871 Ranis
592 2844 802 2872 1361-1363.
826 2845 940 2872 Hecate
960 2843 1078 2881 infera,
1095 2855 1158 2876 >zer-

177 2887 309 2924 pentum
326 2885 430 2925 spiras
442 2895 610 2926 quassans,
623 2891 769 2927 Empusa,
782 2890 921 2928 Taqen„
929 2889 983 2927 sr.
1004 2893 1074 2922 426.
1094 2895 1157 2923 lle-

178 2934 254 2962 cale
278 2934 414 2963 miseris
433 2935 605 2972 spectrum
631 2943 732 2965 suum
762 2937 951 2974 Empusam
979 2939 1138 2970 immittit
1146 2953 1158 2978 ,-

179 2979 338 3010 nonnulli
354 2981 384 3009 Ε
387 2987 543 3018 mpusam
555 2982 588 3011 et
599 2983 751 3011 Hecaten
763 2982 903 3013 eandem
911 2987 1056 3023 putant,
1071 2988 1156 3017 lcan.

182 3027 252 3056 293.
269 3027 396 3056 Hecatae
410 3025 594 3057 institutum
610 3027 728 3057 fesium
742 3027 914 3067 ludicrum,
926 3031 1065 3070 παιγιία,
1081 3035 1157 3072 Lys.

182 3074 254 3103 700.
275 3075 404 3103 Hecalae
419 3071 536 3104 divites
551 3073 736 3104 noviluniis
754 3083 894 3114 vespera
912 3078 945 3107 in
971 3079 1082 3109 triviis
1107 3080 1159 3110 ‹le-

179 3121 305 3158 ponuni.
320 3118 411 3149 cibos
423 3141 432 3155 ‚
449 3127 530 3158 quos
547 3128 702 3159 pauperes
722 3124 924 3153 accurrentes
941 3124 1089 3163 rapiunt,
1108 3127 1159 3157 Pl.

180 3166 355 3196 594—597.
380 3169 505 3196 Hecalae
527 3166 720 3197 sacrificium
740 3167 774 3197 in
794 3167 890 3198 trivio
917 3170 1024 3209 canis,
1034 3171 1088 3209 fr.
1109 3176 1158 3203 23.

180 3212 308 3242 Hecatae
321 3212 484 3252 φωσφόρου
498 3212 622 3251 ἄγαλμα
639 3214 726 3243 canis
741 3214 934 3256 (secundum
952 3217 1159 3257 Euripidem),

174 3256 228 3295 fr.
252 3261 323 3288 535.
348 3259 493 3289 Hecatae
513 3260 668 3298 sianum,
693 3262 774 3290 Ran.
805 3264 875 3292 153.
900 3262 971 3300 Ejus
994 3263 1161 3296 simulacra

181 3306 394 3343 conspurcata
409 3304 451 3335 ab
467 3304 574 3344 aliquo
587 3305 693 3336 choris
707 3306 950 3346 dilliyrambicis
966 3309 1160 3349 succinente,

183 3350 274 3390 quod
287 3350 333 3381 ad
346 3352 518 3382 Cinesiam
532 3351 704 3390 reserant,
722 3355 779 3393 qui
798 3356 862 3385 aut
879 3362 914 3385 re
927 3358 990 3386 aut
1004 3357 1096 3386 malo
1111 3359 1162 3389 cet

182 3397 286 3437 impio
297 3399 449 3429 carmine
466 3400 617 3430 Hecaten
637 3403 876 3439 conspurcarit
887 3425 896 3440 ‚
916 3404 1000 3434 Itan.
1016 3405 1086 3434 366.
1103 3408 1160 3435 He-

2161 198 2207 228 65
2215 198 2235 227 :3

1261 273 1344 301 cuia·
1361 271 1570 303 simulacrum
1589 275 1767 304 consu-ium
1782 282 1800 304 a
1814 274 1963 312 muliere,
1984 277 2059 316 Lys.
2075 279 2125 307 G'i.
2145 278 2238 308 Adde

1261 321 1443 349 lli-ealcum.
1461 324 1516 350 Per
1531 324 1666 351 ilci-alen
1684 322 1844 361 εωσᾳὸρον
1872 323 2082 362 mulien-Jurat
2106 324 2235 355 Thesni.

1260 367 1319 395 858
1333 389 1341 403 ‚
1360 375 1414 405 per
1433 370 1569 397 Hecaten
1591 367 1679 397 [leel.
1696 370 1735 398 70
1747 392 1755 405 ,
1781 371 1853 400 1097
1865 393 1873 405 ,
1892 369 1944 400 l'I.
1961 372 2018 400 764
2034 394 2042 408 ,
2060 370 2114 401 ubi
2129 371 2233 403 schot

1257 415 1436 451 proprium
1453 414 1654 445 mulieribus
1666 415 1919 453 jusjurandum
1937 416 2031 448 dicit.
2050 417 2239 457 clirenulns

1259 468 1333 489 cum
1354 469 1415 490 anu
1436 460 1622 500 colloquens
1640 470 1694 499 per
1710 470 1780 492 eam
1795 461 1881 500 jurat
1909 464 1964 494 Pl.
1984 466 2071 494 1070.
2097 466 2238 495 Hecales

1261 509 1420 544 mysteria
1437 509 1470 537 in
1485 506 1723 544 Samothrace,
1743 510 1823 539 Pac.
1843 511 1913 540 277.
1931 510 2016 547 Ejus
2032 514 2128 550 orqia
2151 511 2236 541 celc-

1261 551 1457 583 brabantur
1473 556 1506 583 in
1527 553 1692 584 Zerintho
1709 557 1824 592 antro,
1843 563 1919 586 cum
1937 558 2189 588 minationibus
2205 560 2238 588 et

1260 607 1385 629 canum
1410 600 1594 639 sacrificio,
1621 600 1698 630 ibid.
1729 603 1852 632 Hecate
1877 603 1994 634 eadem
2021 614 2099 644 (1¹1oe
2124 607 2238 636 Diana

1262 644 1442 683 Lucifera,
1464 648 1538 685 Lys.
1557 649 1616 677 413
1632 671 1641 684 ,
1663 649 1694 677 et
1716 649 1832 686 Luna,
1854 649 1905 680 Pl.
1929 653 1985 681 591
2007 660 2015 680 :
2033 651 2091 682 sed
2107 652 2170 682 alii
2186 650 2235 682 di-

1260 692 1544 730 ceineas-saciant,
1566 695 1648 724 Ron.
1672 697 1760 724 1356.

1220 740 1408 774 Hecateiim,
1427 738 1577 769 sacellum
1599 748 1732 778 parvum
1751 744 1894 779 Hecabe,
1912 743 2019 784 ἐςὸρου
2039 744 2162 774 menori
2187 746 2237 774 καὶ

1259 785 1464 824 κουροτρόφου
1477 808 1485 822 ,
1506 785 1626 825 ubique
1643 787 1867 818 erlruebant
1884 789 2101 820 Athenienses
2114 815 2122 828 ,
2146 792 2237 830 l'esp.

1261 832 1332 860 804.
1352 832 1565 861 Hecates-ium
1578 855 1586 861 .
1600 831 1679 862 ibid.

1221 876 1357 907 Hedera
1380 877 1511 908 Baccho
1535 886 1662 914 sai·r·a;
1682 887 1722 908 ea
1743 883 1900 911 coronari
1921 883 2076 912 initiatos
2097 882 2240 922 quitiam

1252 922 1353 960 salso
1371 923 1531 960 tradunt,
1551 926 1637 955 Rau.
1658 928 1729 955 330.

1219 969 1417 1007 HQeloclms
1429 995 1438 1008 ‚
1456 971 1706 1009 lraqa‘diaruin
1729 972 1851 1003 histrio
1863 997 1870 1010 ,
1887 976 1990 1004 etiam
2005 984 2025 1005 a
2042 975 2187 1006 Platone
2201 978 2239 1005 ut

1259 1016 1450 1054 injucunda
1464 1025 1540 1047 voce
1557 1020 1708 1056 notatim,
1727 1021 1760 1049 in
1777 1020 1908 1058 ayenda
1930 1023 2045 1052 oreste
2063 1022 2241 1061 Euripidis

1260 1070 1292 1092 v.
1312 1065 1371 1093 269
1385 1071 1451 1102 pro
1467 1063 1572 1102 γαλήν’
1588 1068 1834 1103 pronunciarit
1857 1067 1952 1103 γαλῆ-ι
1965 1091 1972 1105 ,
1993 1067 2146 1098 ridicula
2168 1076 2240 1097 sen-

1261 1109 1370 1139 tentia
1387 1120 1397 1140 .·
1418 1118 1527 1149 quare
1543 1111 1766 1150 perstringitur
1788 1115 1872 1143 llan.
1895 1117 1964 1144 303.
1986 1116 2070 1145 Sunt
2088 1116 2146 1154 qui
2160 1122 2242 1153 poe-

1260 1157 1363 1186 triam
1380 1155 1547 1196 Ἡγέὶοχον
1566 1160 1875 1196 comminiscentur,
1892 1159 1971 1190 ibid.

1218 1200 1346 1232 Helena.
1366 1204 1406 1231 Ea
1424 1202 1510 1232 nuda
1524 1207 1691 1242 conspecta
1708 1204 1823 1243 abjecit
1841 1213 1949 1235 ensem
1968 1206 2126 1236 Menelaus
2141 1209 2242 1236 snar-

1259 1250 1342 1279 rant
1361 1249 1482 1288 Ibycus
1494 1274 1502 1288 ,
1518 1252 1677 1290 Lesches,
1699 1253 1898 1291 Euripides,
1917 1254 1994 1292 Lys.
2016 1257 2070 1283 155
2087 1262 2152 1293 sq„
2169 1253 2238 1283 sch.

1264 1297 1356 1335 I'esp.
1378 1298 1450 1327 714.
1472 1313 1512 1318 -—
1528 1297 1658 1336 Helena,
1675 1307 1785 1329 recens
1799 1299 1906 1329 sabula
1922 1299 2089 1339 Euripidis,
2111 1299 2240 1330 Thesm.

1259 1345 1331 1379 850,
1349 1346 1421 1374 853.
1436 1345 1620 1383 (sequentia
1633 1369 1642 1384 ,
1659 1354 1690 1375 v.
1711 1348 1874 1376 855-922
1886 1370 1894 1383 ,
1911 1355 1949 1377 ex
1965 1355 2002 1377 ea
2023 1356 2078 1386 per
2093 1346 2241 1376 imitatio·

1258 1398 1331 1419 uem
1352 1391 1508 1421 comicam
1524 1394 1700 1431 expressa.)
1717 1393 1848 1423 Helena
1865 1393 2043 1432 Euripidis
2056 1393 2241 1424 docebatur

1258 1445 1330 1467 ‘una
1348 1445 1423 1468 cum
1438 1438 1670 1477 Andromeda,
1693 1439 1820 1469 Thesin.
1842 1443 1930 1470 1012.

1217 1483 1350 1521 Heliaea,
1367 1485 1430 1524 Eq.
1447 1487 1521 1522 897,
1544 1487 1735 1516 mazimum
1762 1486 1920 1517 tribunal
1942 1486 2102 1524 Athenis,
2130 1488 2179 1517 ita
2194 1487 2244 1517 di-

1258 1532 1349 1561 ctum
1369 1533 1449 1570 quia
1464 1531 1526 1561 sub
1542 1531 1632 1570 (Ιίτο,
1656 1534 1749 1572 Vesp.
1769 1535 1821 1570 88,
1837 1535 1909 1567 772,
1928 1535 1990 1573 Eq.
2007 1537 2078 1568 225,
2094 1535 2151 1564 Ar.
2171 1537 2240 1571 109,

1258 1577 1349 1608 Nat).
1371 1580 1443 1615 863,
1462 1578 1513 1608 ΡΙ.
1537 1582 1622 1609 1166.

1218 1623 1355 1654 Heliasia
1368 1647 1376 1661 ‚
1395 1626 1451 1654 Ar.
1477 1624 1617 1662 109,sr.
1639 1628 1672 1655 18
1685 1649 1694 1663 ,
1721 1627 1743 1655 i.
1760 1625 1912 1663 e.j11(.¹e.r
1931 1628 1965 1656 in
1996 1627 2146 1663 Helioea,
2170 1626 2240 1657 sch.

1259 1672 1321 1710 Eq.
1339 1673 1411 1709 897,
1426 1673 1484 1702 Ar.
1506 1676 1571 1702 109.
1593 1674 1708 1703 Erant
1728 1674 1904 1711 quinyenli
1919 1697 1928 1711 ,
1950 1674 2043 1712 l'esp.
2069 1676 2118 1703 88.
2142 1673 2244 1704 Helia-

1258 1717 1358 1747 sili-us
1372 1726 1482 1755 senex,
1506 1720 1598 1757 I'esp.
1626 1722 1694 1749 195.
1714 1718 1903 1749 Heliasticns
1919 1720 2045 1758 obolus,
2063 1720 2152 1751 Sub.
2170 1723 2240 1752 863.

1262 1763 1344 1795 Vide
1360 1768 1493 1794 Merces.

1218 1810 1448 1840 Heliodorus:
1474 1811 1547 1849 eJ'us
1565 1818 1699 1841 errores
1723 1812 1760 1841 in
1784 1811 1929 1843 historia
1956 1814 2152 1843 carminum
2180 1815 2243 1844 Ho-

1260 1858 1482 1894 mericorum,
1503 1857 1596 1888 Prot.
1614 1858 1664 1894 X,
1679 1866 1699 1888 a
1711 1878 1721 1892 ‚
1742 1860 1779 1889 42
1794 1866 1866 1898 sqq.
1883 1858 1961 1889 coll.
1974 1867 2057 1898 pay.
2076 1860 2180 1897 XIX,
2201 1868 2242 1896 a,

1259 1906 1298 1934 40
1311 1912 1360 1943 sq.

1221 1951 1471 1991 Heliotropium
1490 1951 1635 1982 Metonis
1652 1951 1685 1981 in
1704 1951 1828 1990 Pnyce,
1846 1954 1903 1982 Av.
1922 1954 1981 1983 997
1999 1960 2076 1983 cum
2093 1953 2187 1982 nota.

1219 1997 1369 2028 Helisson
1388 1999 1490 2037 (male
1507 1999 1541 2027 in
1559 1996 1656 2028 libris
1670 1997 1806 2037 Ilissus)
1821 2000 2002 2038 sexaqinta
2017 1999 2059 2037 (v.
2078 1999 2160 2037 not.)
2176 2000 2247 2029 sta-

1259 2043 1325 2074 diis
1350 2044 1482 2075 ‹listans
1507 2052 1528 2074 a
1557 2044 1682 2083 templo
1705 2044 1878 2083 Olympico
1890 2044 2047 2084 fluvius,
2071 2044 2119 2076 ad
2144 2052 2245 2085 quem

1258 2090 1352 2121 oliva
1365 2091 1617 2130 καλλιστέφανος,
1634 2098 1678 2121 ex
1692 2092 1886 2129 Aristotele,
1904 2092 1956 2122 Pl.
1972 2093 2043 2122 536.

1220 2137 1331 2168 Helle.
1357 2137 1436 2168 Vide
1454 2137 1614 2176 Pin-yxus.

1218 2184 1398 2214 Hellenica
1411 2186 1494 2214 sunt
1508 2193 1528 2214 a
1547 2183 1781 2220 Doriensibus,
1796 2184 1983 2215 secundam
2003 2184 2243 2221 Dieucliidam,

1264 2233 1357 2269 I'esp,
1375 2234 1445 2261 875.
1465 2230 1642 2261 Hellenica
1660 2230 1843 2268 dialectus,
1862 2232 1916 2261 Pl.
1932 2235 2002 2262 559.
2032 2233 2065 2262 Γ.
2083 2231 2239 2270 iuppiter.

1218 2280 1452 2318 Hellespontus,
1476 2279 1568 2318 πόρος
1580 2279 1694 2313 ”Enna
1708 2278 1785 2318 ἱερός
1802 2278 1975 2317 Pindaro,
1998 2281 2091 2318 I'esp.
2107 2282 2178 2309 306.
2196 2279 2246 2309 Ab

1260 2327 1359 2357 Helle
1377 2326 1508 2362 dictus,
1533 2334 1611 2365 quae
1636 2327 1668 2355 in
1695 2326 1980 2364 ti-ansqredienao
1996 2327 2058 2357 illo
2075 2326 2175 2364 freto
2197 2325 2246 2356 ad

1259 2372 1410 2411 Abydum
1433 2372 1474 2403 de
1497 2374 1605 2402 ariete
1630 2373 1664 2401 in
1689 2380 1783 2402 mare
1808 2372 1953 2408 decidit,
1981 2372 2071 2404 Nub.
2101 2375 2172 2404 257.
2198 2374 2244 2403 In

1259 2420 1480 2458 Hellesponto
1495 2421 1657 2458 pecunias
1674 2418 1838 2458 publicas
1852 2419 2003 2458 furatus
2019 2427 2089 2450 esse
2106 2428 2245 2450 accusa-

1260 2468 1319 2497 tur
1337 2466 1552 2503 Erasinides,
1571 2468 1656 2496 Ran.
1677 2469 1766 2497 1196.

1219 2514 1352 2545 Helotoe
1366 2524 1377 2544 .·
1393 2522 1510 2544 eornmv
1523 2513 1670 2552 defectio
1687 2515 1720 2543 et
1736 2513 1863 2544 bellum
1875 2537 1883 2551 ,
1903 2515 1979 2553 Lys.
2000 2515 2091 2544 1144.
2111 2513 2246 2544 Hetotte

1259 2563 1305 2598 (in
1322 2561 1496 2599 dramate)
1512 2562 1678 2591 coronant
1695 2561 1905 2599 Neptunum,
1920 2562 1984 2600 Eq.
2003 2564 2079 2591 1225
2093 2562 2126 2591 et
2138 2562 2206 2591 not.

1221 2609 1439 2646 Hemiolium‚
1457 2616 1484 2638 r.
1505 2609 1574 2638 not.
1594 2609 1789 2638 Hei-manni
1807 2606 1854 2637 ad
1869 2607 1938 2637 sch.
1957 2607 2048 2637 Nub.
2066 2611 2138 2637 651.

1218 2655 1426 2694 Hephoestea
1446 2665 1456 2685 .·
1482 2656 1524 2685 iis
1542 2654 1628 2692 ἀγὼν
1647 2653 1822 2692 λαμπάδος,
1846 2655 1930 2683 Ran.
1956 2656 2045 2684 1087.
2074 2652 2151 2683 I'idc
2168 2653 2242 2683 Vul-

1257 2710 1368 2733 canus.

1218 2754 1388 2785 Heraclea
1404 2763 1414 2784 .·
1437 2752 1514 2783 inde.
1532 2754 1647 2783 Simon
1667 2754 1849 2791 arqentum
1869 2753 2037 2791 rapuerat
2055 2751 2242 2781 secundum

1260 2799 1462 2840 Eupolidem
1478 2801 1510 2830 in
1533 2799 1692 2836 Urbibus,
1707 2798 1797 2829 Nub.
1814 2801 1885 2829 351.

1218 2847 1393 2879 Heraclidae
1405 2846 1564 2885 supplices
1579 2845 1735 2884 Pamphili
1750 2869 1758 2883 ,
1776 2847 1840 2875 aut
1850 2846 1992 2884 pictura
2005 2867 2015 2881 ,
2038 2845 2101 2874 aut
2119 2846 2242 2882 lrayoe-

1260 2895 1340 2931 dia,
1368 2893 1422 2924 Pl.
1453 2896 1522 2923 385.
1554 2894 1635 2922 Post
1664 2893 1807 2922 mortem
1835 2890 1999 2921 Herculis
2025 2890 2241 2927 Heraclidoe,

1259 2941 1415 2972 Alcmene
1439 2942 1471 2970 et
1488 2938 1569 2977 filia
1601 2939 1757 2969 Herculis
1783 2939 1995 2975 (Macaria),
2020 2939 2245 2976 persequente

1260 2986 1470 3026 Eurystheo,
1485 2985 1656 3025 supplices
1674 2985 1775 3014 erant
1795 2982 2070 3019 Atheniensibus,
2087 2982 2190 3022 ibid.‚
2207 2985 2243 3013 in

1260 3032 1506 3066 Misericorclioe
1530 3040 1596 3062 ara
1621 3030 1852 3064 considentes,
1871 3031 1935 3069 Eq.
1956 3031 2045 3060 1151.
2066 3029 2172 3068 Cujus
2194 3031 2244 3059 rei

1258 3082 1397 3120 pictura
1419 3077 1644 3118 spectabatur
1661 3076 1799 3107 Athenis
1811 3100 1820 3113 ,
1835 3083 1939 3115 quain
1955 3083 2021 3106 non
2042 3075 2242 3115 Pamphili,

1258 3127 1319 3158 sed
1331 3125 1524 3165 Apollodori
1542 3131 1610 3154 esse
1626 3122 1798 3161 dicebant,
1814 3122 1870 3153 Pl.
1887 3124 1958 3153 385.

1220 3175 1359 3204 Heraeus
1375 3171 1536 3210 Juppiier;
1557 3169 1626 3207 ejus
1644 3178 1698 3199 ara
1712 3177 1786 3199 cum
1803 3168 1871 3199 ollis
1884 3166 2030 3198 dedicata
2043 3191 2052 3206 ,
2072 3167 2237 3201 Danaid,

1253 3219 1309 3259 fr.
1327 3221 1396 3249 245.

1220 3266 1386 3303 Hercules,
1407 3263 1493 3294 Jovis
1506 3262 1644 3293 filiorum
1662 3262 1854 3292 fortissimus
1866 3285 1874 3300 ‚
1892 3261 1981 3293 Nub.
2002 3265 2087 3292 1050.
2111 3259 2239 3300 Τετράδε

1260 3314 1394 3353 qenitus
1411 3311 1512 3349 aliis,
1530 3318 1595 3340 non
1618 3309 1682 3339 sibi
1700 3309 1888 3347 laboravit,
1906 3309 2001 3340 Prol.
2022 3309 2134 3345 XIII,
2161 3311 2241 3337 11-

1264 3362 1310 3390 14.
1333 3357 1503 3394 Hercules,
1524 3357 1688 3396 proprius
1707 3355 1940 3387 Thebanorum
1957 3355 2060 3393 deus,
2079 3356 2142 3392 Ea.
2164 3355 2234 3383 [181.

1263 3406 1326 3436 Est
1340 3403 1515 3438 ἀλεξίκακος
1527 3426 1536 3440 ,
1550 3403 1799 3433 acerruncator
1810 3425 1820 3440 ,
1836 3401 1922 3433 A'ub.
1946 3403 2041 3438 1371,
2066 3399 2143 3431 Acti.
2163 3400 2239 3436 284,
