2517 3792
1167 191 1335 232 PLUTI.
2220 196 2294 228 555

214 289 422 333 Dobraeus,
440 287 580 324 frustra
600 285 794 334 corrigens
818 283 934 320 infimi
961 296 1029 319 aevi
1055 283 1224 332 scripto-

216 360 308 384 rem.
328 351 446 384 Dum.
460 368 501 376 --
522 344 566 379 16
581 340 839 394 ζαρομάγουλον
852 371 861 387 ,
877 342 900 377 i.
922 354 954 377 e.
971 341 1036 389 qui
1056 340 1226 376 maxillas

216 405 330 442 habet
345 415 510 452 rugosas.
531 400 756 438 Addendum
778 400 849 436 hoc
868 399 1098 436 vocabulum
1114 399 1227 435 Glos—

217 463 315 499 sario
338 460 535 510 Ducangii.
554 461 672 497 Idem.

491 529 518 548 Οῑ

271 561 368 605 267,
396 560 443 595 26
471 557 628 604 κηλήτην
658 558 771 596 Paris.
789 580 828 587 —
853 557 897 594 34
929 559 996 595 τῶν
1019 554 1087 600 ἔπη
1111 556 1227 593 Paris.

215 613 290 653 ἴσον
310 616 383 653 ἐστι
399 618 448 667 τῷ
468 619 560 665 Reg.

273 676 346 711 268
365 675 417 711 sic
436 675 475 711 in
491 677 551 720 V„
568 672 607 710 τὸ
624 672 699 718 ἑξῆς
715 675 743 709 ὠ
761 672 923 722 ἀγγείλας
938 670 1066 722 χρυσὸν
1088 668 1144 706 διὰ
1161 671 1228 705 τῶν

217 735 322 771 ἐπῶν.
343 735 405 770 ἀττ
410 735 490 775 ικῶς
524 734 646 782 (σοιν.
679 729 841 778 Ἀττικὴ)
870 734 890 775 ἡ
918 730 1103 774 συνήθεια·
1130 730 1175 770 ως
1194 726 1229 764 δὲ

216 790 419 842 πολύπειροι
441 800 475 828 et
494 804 577 840 quae
595 798 806 839 sequuntur
825 789 847 827 l.
871 795 930 833 4ο.
945 812 985 818 --
1004 788 1051 823 36
1069 785 1231 836 ᾇγγείλας

219 852 258 888 ἐκ
275 851 344 886 τῶν
363 851 453 886 ἐπῶν
472 853 515 887 R.
536 848 557 894 ἢ
580 862 652 885 om.
671 849 717 886 Θ.

275 910 369 956 269,
393 915 439 953 4ο
464 906 524 953 τὴν
543 906 715 944 πλουσίαν
736 908 795 942 ὑπ.
819 908 865 940 V.
890 930 930 936 -
950 911 993 948 41
1024 903 1230 955 ἀπογραφήν

219 966 303 1003 Ald.
329 967 366 1003 δὲ
386 980 458 1003 om.
475 970 520 1004 R.
537 969 582 1002 V.
604 982 619 997 «
639 964 850 1013 Exscripsit
880 963 1014 1000 Suidas
1044 976 1164 1012 usque
1184 962 1231 999 ad

219 1024 379 1063 πλούσιοί
400 1026 484 1061 εἰσιν
508 1025 530 1060 l.
550 1029 597 1069 47
619 1024 658 1059 in
679 1021 799 1073 Σωρὸν
819 1020 1012 1074 χρημάτων
1032 1020 1231 1071 ἀγγέλλεις,

219 1084 367 1120 omissis
388 1082 484 1134 σορὸς
502 1080 608 1118 δὲ-ω
627 1079 892 1130 μεγάλου,(μιεθ
905 1081 941 1116 in
960 1079 1044 1117 Ald.
1076 1080 1233 1116 adnota-

221 1142 317 1179 tioni
333 1141 499 1177 finitimae
512 1139 558 1176 ad
571 1153 604 1175 v.
623 1152 696 1184 270
709 1137 912 1187 subjuncta
927 1142 1064 1175 Portus
1076 1139 1114 1174 in
1132 1138 1233 1174 hunc

219 1199 520 1237 commodiorem
544 1198 671 1234 locum
702 1204 959 1233 revocaverat.
979 1216 992 1227 n
1018 1199 1165 1234 HEMST.
1194 1223 1234 1228 -

221 1260 267 1304 43
288 1257 326 1296 τὸ
346 1257 484 1307 συνάγω
503 1260 548 1293 R.
576 1255 882 1308 σορὸς-μεγάλου
906 1268 981 1291 om.
1007 1255 1121 1292 etiam
1143 1256 1234 1293 Θ.-

222 1318 270 1361 45
288 1316 347 1354 καὶ
362 1329 438 1354 om.
460 1314 543 1352 Ald.
566 1313 717 1365 μεγάλου
735 1327 810 1350 om.
828 1317 872 1350 V.
895 1339 935 1345 —
954 1313 1002 1350 46
1022 1315 1235 1356 εὐθυνοῧντες

220 1375 265 1413 Θ.
284 1374 370 1412 Ald.
392 1398 432 1404 —
452 1380 498 1419 47
521 1374 604 1410 εἰσιν
627 1386 701 1409 om.
716 1375 760 1410 V.

277 1446 364 1479 270,
387 1432 431 1469 51
453 1440 540 1482 post
553 1429 801 1480 συμπτώματα
822 1430 860 1466 in
876 1433 920 1466 V.
943 1438 1156 1479 sequuntur
1173 1430 1236 1467 illa

222 1491 378 1537 θηλυκῶς
396 1489 525 1539 (scrib.
553 1489 650 1540 σορὸς
674 1488 708 1525 δὲ
730 1488 897 1536 θηλυκῶς)
926 1487 1094 1525 ἐπὶ-διὰ
1114 1491 1173 1525 τοῦ
1191 1504 1232 1526 ω.

305 1563 365 1595 71,
387 1548 433 1585 53
451 1547 490 1585 τὸ
506 1546 730 1598 προκείμενον
751 1547 772 1592 ἢ
792 1545 982 1600 προκόμιον
1004 1550 1048 1583 V.
1063 1569 1105 1576 -—
1120 1560 1140 1582 2
1156 1545 1237 1584 Ἄλ-

221 1605 424 1649 λως-ἄκος
444 1620 519 1642 om.
541 1609 586 1642 R.
615 1606 661 1643 Θ.
688 1614 724 1643 et
753 1606 888 1643 Suidas
910 1619 938 1642 s.
969 1605 1126 1651 Φενάκη.
1145 1628 1192 1634 —
1215 1607 1235 1642 3

222 1664 348 1717 κυρίως
396 1664 430 1702 δὲ
467 1668 514 1701 V.
542 1664 682 1701 omisso
736 1663 880 1716 φενάκη.
897 1688 937 1695 —-
954 1665 974 1700 5
1028 1666 1236 1701 ἀπατουσῶν

222 1722 310 1759 libri
333 1731 370 1759 et
396 1721 542 1759 Suidas.
568 1723 764 1758 ἀπατωσῶν
795 1724 941 1759 HemSt.
965 1721 1003 1758 τὸ
1034 1721 1237 1759 ἐπείσακτον

220 1783 282 1826 τ-’ῆς
301 1779 411 1830 κόμης
429 1780 512 1817 Ald.

275 1851 372 1884 272,
399 1850 423 1886 9
451 1836 473 1883 ἢ
504 1836 721 1888 τὸ-μιαρόν
742 1837 910 1874 additum
943 1851 991 1875 ex
1017 1841 1063 1874 V.
1089 1863 1129 1869 —
1151 1853 1196 1876 10
1215 1842 1237 1885 ἡ

223 1910 297 1933 om.
319 1897 364 1934 Θ.
384 1895 484 1947 βάσιν
503 1898 756 1947 νεαροποιοῧσα
772 1911 780 1919 ·
799 1894 821 1941 ἢ
844 1899 890 1933 V.
906 1921 946 1926 -—
968 1910 981 1932 1
996 1910 1010 1932 1
1046 1895 1097 1939 τίς
1120 1898 1212 1935 ἐστιν
1228 1928 1238 1945 ,

222 1953 324 1992 οἱονεὶ
343 1954 475 2005 βάσεως
492 1955 538 1992 Θ.
555 1954 636 1990 Ald.
653 1952 675 1999 ἢ
696 1953 746 1996 τὶς
761 1956 823 1999 τῆς
841 1953 922 2005 βάσ.
944 1957 990 1990 G.
1005 1953 1064 1992 καὶ
1081 1956 1114 1992 ἐν
1132 1957 1240 1993 πλεο-

221 2015 347 2064 νασμῷ
371 2014 416 2051 Θ.
431 2012 516 2050 Ald.
534 2036 574 2042 —
599 2025 643 2048 12
660 2011 792 2055 Ἄλλως
809 2026 855 2050 ex
873 2016 918 2050 V.
937 2013 1123 2051 additum.
1145 2015 1238 2052 πάν-

221 2086 277 2114 τες
293 2069 360 2123 γὰρ
387 2071 418 2108 οἳ
440 2070 526 2107 Ald.
549 2069 678 2112 πάντες
703 2068 738 2106 δὲ
772 2072 804 2108 οἱ
831 2072 877 2109 Θ.
903 2096 944 2102 -
968 2071 1012 2108 15
1048 2071 1240 2123 ἀμύνεσθαι

223 2129 304 2166 Ald.

278 2192 353 2233 274
383 2186 550 2235 Regius:
572 2186 688 2223 Τοῦτο
715 2184 843 2237 φησὶν,
871 2185 924 2223 ὅτι
961 2189 1077 2231 κακῶς
1108 2189 1240 2241 κρίνετε

224 2243 530 2295 υπολαμὸάνοντες
559 2243 621 2293 ἐμὲ
654 2258 806 2295 φυσικως
828 2242 867 2280 τὸ
895 2245 1018 2296 ψευδος
1040 2247 1130 2297 φιλε
1121 2262 1148 2283 ιν
1169 2262 1176 2269 ·

224 2302 289 2357 γὰρ
310 2302 496 2355 ἐφενάκισα
516 2304 603 2350 ὑμᾶς
616 2330 626 2346 ,
646 2301 735 2338 ἀλλὰ
758 2303 1010 2352 σεμνυνόμενος
1027 2308 1133 2342 εἶπον.

280 2363 370 2408 275,
392 2362 439 2397 25
466 2358 556 2403 ἄξιος
586 2359 644 2396 καὶ
668 2359 761 2430 βλά6
743 2376 802 2406 ης
833 2363 877 2398 G.
893 2389 931 2395 .-
954 2376 1001 2410 29
1022 2372 1109 2412 post
1128 2362 1166 2400 τὸ
1183 2379 1242 2412 γε-

225 2418 318 2457 νικόν
355 2418 572 2456 addendum
612 2417 784 2469 ἐπήγαγεν
816 2432 861 2455 ex
903 2421 1051 2457 scholio
1084 2423 1239 2460 Aldino.

225 2482 349 2515 Dmn.
384 2475 486 2513 πέδαι
515 2478 560 2514 G.
585 2475 704 2518 πέδαις
735 2480 780 2514 V.
801 2502 841 2509 -
878 2479 926 2514 3ο
959 2478 1162 2530 ἐξήρτηνται
1195 2485 1238 2517 G.

226 2534 458 2589 ἓξηρτημέναι
477 2537 516 2571 V.
540 2537 712 2584 Uterque
733 2535 991 2584 ἐμποδίζουσαι.

281 2595 368 2641 276,
394 2594 442 2630 33
466 2593 567 2644 ἷδικῷ
594 2596 640 2629 R.
659 2618 698 2623 —
717 2594 763 2637 34
793 2594 942 2644 χοίνικες
964 2596 1077 2632 etiam
1108 2596 1242 2634 Suidas

227 2666 256 2689 5.
281 2651 451 2694 Χοίνικες.
485 2650 670 2702 χοινικίδες
700 2651 785 2690 Ald.
809 2676 850 2681 —
869 2654 916 2690 36
947 2654 1130 2698 ἰδιωτικῶς
1162 2669 1238 2692 om.

226 2711 344 2748 Paris.

284 2781 373 2814 277.
407 2767 465 2804 Ad
497 2768 573 2804 haec
611 2768 757 2805 scholia
785 2769 1090 2808 dissertationem
1125 2773 1243 2810 edidit

229 2828 369 2874 Georg.
388 2828 449 2862 Fr.
471 2827 767 2873 Schoemannus‚
800 2828 852 2865 ita
877 2829 1101 2879 inscriptam
1125 2845 1132 2866 ε
1155 2832 1244 2868 Dis-

229 2883 385 2920 sertatio
405 2882 452 2919 de
468 2885 669 2921 sortitione
684 2885 857 2934 judicum
877 2887 976 2936 apud
991 2889 1243 2927 Athenienses

229 2940 276 2977 ad
291 2941 420 2977 scholl.
437 2942 628 2992 Aristoph.
645 2943 742 2980 Plut.
767 2957 804 2980 v.
830 2957 915 2990 277.
927 2947 1244 2995 Gryphiswaldiae

235 3000 343 3035 1820.
347 2998 658 3050 -39τῷτάφῳΘ
662 3008 759 3045 -42
778 3001 816 3038 τὸ
835 3001 981 3053 πράγμα
992 3004 1084 3054 [sic]
1097 3006 1129 3041 V
1133 3007 1241 3048 .-43

230 3057 404 3106 sequitui
420 3056 460 3092 in
477 3060 522 3092 V.
546 3057 670 3099 ἄλλως.
694 3059 729 3095 ἐν
751 3065 828 3101 ταῖς
841 3059 1145 3114 Ἀθήναις-χωρὶς
1159 3063 1245 3109 κλη-

232 3130 289 3167 ρου
302 3113 454 3151 δικάσαι.
464 3112 609 3156 Ἄλλως.
621 3116 717 3166 παρὰ
734 3123 803 3159 τοῖς
816 3117 1145 3172 Ἀθηναίοις-παρ’
1162 3124 1244 3160 ὑπό-

229 3188 323 3210 νοιαν
351 3171 477 3214 παίζει.
495 3194 541 3198 -
561 3177 608 3216 44
640 3172 713 3216 ἔθος
731 3173 797 3227 γὰρ
817 3179 863 3212 R.
898 3179 940 3212 V.
972 3178 1125 3216 Judices
1154 3179 1244 3217 κατὰ

229 3229 337 3284 φυλὰς
356 3229 498 3266 divisos
523 3238 660 3278 praeter
679 3232 810 3268 scholi
812 3241 918 3268 istam
937 3247 1034 3270 unus
1060 3248 1246 3275 memomt

230 3289 397 3339 scriptor
409 3287 521 3324 lexici
536 3301 554 3323 r
556 3287 739 3325 hetorici
730 3304 767 3325 m
779 3291 937 3327 Bekkeri
949 3293 1090 3330 Anecd.
1104 3308 1142 3344 p.
1158 3297 1244 3341 262,

299 3344 491 3393 εἩλιαία,
514 3344 604 3395 μέγα
625 3346 845 3398 δικαστήριον
865 3346 1070 3397 Ἀθηνησιν,
1091 3352 1126 3387 ἓν
1153 3356 1180 3403 ᾡ
1201 3353 1244 3390 τὰ

1203 2248 1240 2283 οὐ

1253 387 1256 418 l

1286 277 1437 328 μέγιστα
1464 278 1532 313 τῶν
1554 276 1730 326 δημοσίων
1757 276 1974 328 πραγμάτων
2004 276 2166 329 ἐκρίνετο.
2196 270 2237 322 ἦν
2267 275 2303 313 δὲ

1284 338 1407 389 χιλίων
1427 336 1663 373 πεντακοσίων
1691 336 1750 373 καὶ
1781 335 1863 378 ἑνός.
1896 335 2067 387 συνῄεσαν
2102 336 2136 372 δὲ
2171 337 2202 372 οἱ
2239 334 2303 385 μὲν

1284 396 1392 447 χίλιοι
1412 393 1634 432 πεντακόσιοι
1658 396 1696 431 ἐκ
1716 397 1820 446 τριῶν
1843 395 1971 446 φυλῶν.
2000 394 2147 441 Quodsi
2171 407 2306 431 verum

1286 455 1324 490 hi
1346 453 1582 502 grammatici
1605 453 1755 497 dicunt,
1776 466 1851 488 non
1873 452 2093 501 intelligitur
2111 451 2305 501 quomodo

1287 512 1367 548 fieri
1389 524 1554 560 unquam
1579 511 1767 559 potuerit,
1792 511 1895 558 quod
1926 523 2024 559 saepe
2055 511 2194 547 sactum
2224 523 2305 546 esse

1288 570 1379 606 dicit
1397 568 1670 617 Aristophanes
1689 582 1723 603 v.
1750 582 1762 603 1
1777 570 1844 615 167
1874 568 1985 616 hujus
2007 567 2155 611 sabulae,
2176 576 2218 604 ut
2234 568 2306 604 ali-

1288 627 1374 675 quis
1392 625 1568 675 pluribus
1589 624 1700 660 simul
1730 624 1893 660 decuriis
1920 625 2206 661 adscriberetur
2226 625 2306 674 (οὐκ

1288 683 1360 724 ἐτὸς
1380 682 1528 723 ἅπαντες
1544 683 1573 718 οἱ
1592 681 1786 724 δικάζοντες
1800 681 1894 729 θαμὰ
1919 682 1924 731 Ι
1950 682 2155 718 σπεύδουσιν
2171 683 2205 718 ἓν
2225 683 2310 718 πολ·-

1288 743 1360 784 λοῖς
1379 739 1570 791 γεγράφθαι
1601 739 1852 791 γράμμασιν),
1884 740 1956 776 nisi
1980 741 2009 776 si
2031 740 2173 776 tribum
2200 754 2307 777 suam

1289 798 1541 835 dissimularet
1559 805 1685 845 atque,
1702 805 1904 846 postquam
1920 798 2019 834 inter
2032 811 2142 834 veros
2152 798 2309 835 tribules

1290 868 1377 892 suos
1401 855 1565 903 scriptus
1577 862 1686 900 esset,
1704 855 1814 890 aliam
1841 854 1982 891 tribum
2001 856 2226 892 mentiretur
2239 885 2249 902 ‚
2266 865 2309 893 ut

1290 914 1401 950 etiam
1412 914 1449 949 in
1461 913 1572 962 hujus
1583 912 1772 949 decuriam
1783 913 1980 962 irreperet3
1993 914 2112 963 qualis
2123 915 2222 950 fraus
2232 928 2308 951 non

1290 980 1451 1021 apparet
1472 971 1666 1020 quomodo
1687 972 1745 1007 vel
1767 973 1954 1008 tantillum
1981 973 2163 1022 temporis
2194 973 2310 1009 latere

1291 1029 1462 1078 potuerit
1475 1058 1484 1075 ,
1502 1042 1621 1078 quum
1634 1057 1643 1074 ‚
1662 1029 1809 1065 etiamsi
1825 1031 1922 1065 forte
1938 1042 2013 1065 non
2033 1043 2165 1065 omnes
2188 1028 2310 1066 tribu-

1291 1087 1361 1131 les,
1379 1095 1416 1123 at
1433 1095 1534 1123 certe
1553 1084 1701 1135 δημόται
1721 1087 1801 1123 noti
1822 1087 1924 1122 inter
1946 1100 1985 1122 se
2005 1095 2142 1132 essent,
2163 1094 2202 1122 ut
2221 1088 2311 1124 alie-

1292 1158 1382 1181 num
1401 1145 1529 1181 statim
1548 1158 1568 1180 a
1596 1145 1726 1181 multis
1750 1145 1904 1194 agnosci
1927 1153 2137 1194 oporteret.
2159 1146 2313 1181 Manife-

1293 1211 1371 1240 stus
1388 1204 1427 1239 in
1447 1204 1504 1240 his
1520 1216 1628 1240 error
1643 1212 1698 1240 est
1716 1204 2052 1253 grammaticorum
2064 1203 2232 1249 illorum,
2245 1204 2312 1249 sic,

1292 1271 1335 1298 ut
1351 1262 1513 1307 videtur,
1532 1262 1794 1311 explicandus.
1816 1265 1954 1298 Decem
1973 1260 2312 1309 fueruntjtidicuni

1295 1320 1459 1357 deeuriae
1477 1319 1692 1356 litterarum
1718 1320 1819 1355 notis
1844 1319 1889 1356 ab
1916 1323 1944 1354 A
1965 1319 2012 1356 ad
2038 1323 2074 1356 K
2095 1319 2280 1357 distinctae
2307 1335 2314 1357 ε

1294 1379 1372 1424 hae,
1393 1392 1511 1428 quum
1531 1377 1676 1427 judicia
1693 1377 1870 1414 habenda
1893 1386 2042 1423 essent,
2062 1378 2102 1414 in
2133 1386 2274 1414 sortem
2294 1391 2316 1415 a

1294 1436 1560 1474 thesmothetis
1591 1437 1770 1486 conjectae
1799 1451 1846 1474 ex
1877 1438 2000 1486 iisque
2033 1437 2189 1474 totidem
2227 1446 2315 1474 sunt

1295 1495 1441 1532 eductae
1463 1504 1555 1545 quot
1575 1495 1718 1545 judicia
1739 1509 1783 1532 eo
1813 1496 1873 1532 die
1897 1496 2025 1532 futura
2051 1503 2187 1532 essent.
2208 1496 2314 1532 Idem

1295 1568 1411 1604 quum
1425 1564 1523 1592 esset
1542 1556 1700 1592 Athenis
1728 1555 1897 1592 tribuum
1918 1568 2101 1592 numerus
2128 1564 2165 1592 et
2188 1569 2316 1592 annua

1296 1612 1628 1662 sortitiojudicum
1640 1613 1740 1649 haud
1753 1613 1870 1649 dubie
1883 1613 2054 1649 tributim
2065 1613 2182 1659 fieret,
2196 1627 2316 1663 gram-

1298 1671 1424 1706 matici
1446 1670 1603 1720 quidam
1621 1671 1794 1707 decurias
1813 1671 1894 1707 illas
1910 1671 2087 1720 judicum
2106 1699 2115 1715 ,
2145 1684 2238 1720 quas
2263 1671 2316 1707 δι-

1296 1727 1468 1780 καστήρια
1485 1737 1624 1765 vocant
1640 1730 1915 1765 Demosthenes
1935 1742 1971 1778 p.
1989 1741 2076 1775 702,
2100 1735 2161 1772 24,
2180 1730 2318 1766 Pollux

1298 1789 1339 1833 8,
1365 1792 1436 1830 124
1454 1796 1490 1824 et
1511 1788 1764 1836 Harpocratio
1794 1800 1822 1822 s.
1844 1786 2007 1833 Ἡλιαία,
2029 1800 2113 1823 cum
2141 1787 2318 1824 tribubus

1297 1845 1461 1897 (φυλαῖς)
1481 1845 1753 1889 confuderunt,
1774 1858 1854 1894 quae
1882 1845 1993 1894 plane
2017 1847 2066 1884 ab
2086 1845 2162 1882 illis
2184 1846 2316 1895 sejun-

1298 1911 1367 1939 ctae
1386 1903 1561 1948 fuerunt,
1582 1903 1636 1939 ita
1656 1911 1697 1939 ut
1718 1904 1783 1952 qui
1805 1902 1973 1952 ejusdem
1992 1911 2117 1940 essent
2141 1903 2318 1951 decuriae,

1298 1962 1471 1999 tribuum
1492 1962 1729 1998 diversarum
1744 1990 1752 2004 ‚
1770 1963 1835 2011 qui
1858 1963 1970 1998 unius
1994 1962 2129 2007 tribus,
2148 1962 2320 1999 diversa—

1297 2035 1383 2058 rum
1404 2021 1646 2058 decuriarum
1669 2034 1749 2057 esse
1767 2029 1932 2070 possent.
1951 2025 2038 2059 Haec
2054 2029 2188 2058 contra
2207 2022 2320 2058 scho-

1300 2079 1451 2115 liastam
1469 2079 1616 2115 monuit
1632 2079 1908 2116 Schoemannus
1918 2092 1954 2128 p.
1977 2081 2020 2115 16
2033 2087 2070 2116 et
2085 2082 2221 2116 20-23.
2237 2082 2320 2116 Nor.

1298 2137 1465 2173 melioris
1486 2145 1586 2173 notae
1618 2136 1828 2173 absurdum
1861 2138 1955 2174 illud
1976 2147 2238 2175 commentum
2266 2151 2321 2175 est

1299 2194 1345 2230 de
1365 2194 1494 2230 decem
1517 2194 1739 2279 jlldicibus
1757 2195 1882 2265 veibis
1899 2196 2083 2245 ploximis
2103 2197 2319 2245 expositum

1298 2310 1338 2346 in
1340 2278 1478 2346 'schoh
1500 2323 1534 2346 v.
1551 2324 1597 2358 97
1606 2324 1646 2356 2,
1664 2268 1784 2347 etiam
1806 2324 1826 2346 a
1851 2312 2100 2349 Valckenario
2123 2320 2320 2359 notatum,

1300 2376 1342 2403 ut
1358 2381 1404 2404 ex
1423 2367 1505 2416 ejus
1523 2369 1672 2405 schedis
1698 2369 1813 2405 refert
1836 2369 2037 2406 Dobraeus.
2067 2373 2189 2407 Dmn.
2214 2397 2251 2403 -
2274 2371 2320 2412 46

1299 2424 1402 2462 πέντε
1422 2427 1470 2462 ἐλ.
1496 2424 1621 2477 ἄνδρας
1640 2430 1686 2463 V.
1703 2452 1744 2458 —
1761 2432 1806 2473 47
1830 2429 1897 2464 τῶν
1919 2443 1935 2464 ε
1955 2426 2015 2464 ἕνα
2038 2431 2082 2465 R.
2105 2427 2162 2464 τὸν
2181 2426 2321 2464 ἔννατον

1300 2483 1386 2521 Ald.
1407 2483 1464 2520 τὸν
1490 2482 1549 2521 ἕνα
1568 2484 1624 2521 τὸν
1646 2485 1690 2523 Θ.
1711 2493 1748 2522 et
1761 2485 1822 2522 ed.
1841 2487 1954 2523 Basil.
1972 2511 2010 2517 -
2032 2489 2079 2531 48
2103 2490 2162 2523 τοῦ
2183 2500 2258 2524 om.
2277 2490 2320 2524 V.

1300 2566 1340 2572 -
1358 2547 1406 2590 49
1421 2540 1481 2578 καὶ
1500 2541 1539 2578 τὸ
1553 2543 1732 2594 ψήφισμα,
1749 2541 1770 2580 ὅ
1782 2544 1906 2581 ἐστινὸ
1927 2545 2053 2596 κλῆρος
2063 2545 2163 2582 delet
2178 2548 2323 2582 Hetnst.

1301 2599 1465 2651 ψήφισμα
1496 2613 1567 2648 pro
1594 2609 1730 2636 tessera
1761 2604 1944 2637 electionis
1967 2602 2064 2638 dixit
2095 2603 2322 2648 scholiasta,

1301 2658 1405 2707 quod
1432 2658 1703 2695 animadvertit
1735 2660 1939 2698 Dobraeus.
1955 2686 1996 2693 -
2021 2660 2068 2697 50
2099 2661 2158 2698 καὶ
2180 2674 2255 2698 om.
2279 2664 2321 2698 V.

1302 2720 1477 2752 Fortasse
1501 2717 1708 2754 delendum
1730 2718 1788 2754 καὶ
1812 2717 1979 2763 δικαστὴν
1997 2719 2057 2755 vel
2077 2718 2321 2755 scribendum

1302 2776 1468 2822 δικαστήν
1487 2792 1547 2824 σε,
1565 2777 1688 2815 deleto
1711 2778 1873 2821 δικάζειν.
1895 2782 2015 2815 ΒιΝι).
2045 2777 2248 2821 καθέζεσθαι
2272 2780 2319 2818 Θ.

1301 2835 1390 2872 Ald.
1409 2860 1449 2864 —
1464 2836 1507 2871 51
1533 2834 1618 2887 πρὸς
1634 2834 1748 2886 ἕτερον
1776 2835 1820 2873 τὰ
1848 2837 1930 2887 παρ’
1949 2838 1993 2874 Θ.
2011 2859 2051 2866 -
2075 2837 2121 2872 53
2147 2838 2295 2886 φονικῶν
2310 2865 2320 2882 ,

1302 2893 1349 2929 de
1361 2892 1462 2929 caede
1478 2893 1740 2942 similibusque
1756 2894 1994 2939 criminibus,
2011 2894 2199 2929 veneficiis
2215 2901 2320 2943 puta,

1303 2950 1528 2987 vulneribus
1555 2951 1758 2988 occidendi
1783 2953 1911 2987 animo
1933 2951 2085 2987 inflictis
2118 2960 2234 3000 atque
2264 2952 2322 2989 in-

1302 3008 1445 3045 cendiis
1465 3021 1472 3046 :
1494 3008 1573 3044 haec
1589 3009 1689 3044 enim
1705 3009 1818 3058 vulgo
1832 3024 1899 3045 των
1917 3010 2063 3060 φονικῶν
2083 3010 2209 3045 nomi·
2215 3023 2235 3045 e
2252 3009 2320 3045 de-

1303 3067 1442 3115 signari
1463 3066 1606 3111 solent3
1627 3066 1706 3117 περὶ
1728 3066 1949 3116 δημοτικῶν,
1978 3067 2025 3103 de
2046 3067 2169 3104 causis
2197 3067 2322 3105 civili-

1271 3105 1386 3213 !bus.
1419 3128 1668 3161 SCHOEMANN.
1697 3137 1732 3173 p.
1769 3105 1801 3160 6.
1818 3125 1959 3168 -54
1947 3122 2091 3166 ε’καστος
2117 3123 2152 3162 δὲ
2175 3128 2215 3161 V.
2240 3126 2322 3163 sine

1271 3105 1377 3218 Ικαὶ.
1395 3206 1435 3211 -
1454 3196 1467 3217 1
1494 3180 1601 3218 ἷδικὸν
1632 3184 1676 3217 R.
1695 3185 1742 3218 V.
1758 3207 1798 3212 —
1814 3195 1835 3218 2
1853 3181 1938 3219 ἄλλο
1963 3182 2150 3232 λεγόμενον
2182 3185 2216 3233 β.
2235 3183 2318 3221 Ald.

1304 3239 1388 3276 ἄλλο
1409 3241 1448 3289 β,
1469 3254 1506 3287 γ,
1527 3238 1582 3275 καὶ
1603 3238 1621 3274 δ
1650 3240 1682 3280 ἐς
1697 3237 1736 3275 τὸ
1753 3254 1767 3275 ε
1782 3243 1827 3276 R.
1843 3242 1916 3277 -3
1934 3243 1994 3277 καὶ
2009 3255 2024 3277 ε
2041 3245 2086 3277 V.
2106 3240 2165 3278 καὶ
2180 3254 2253 3277 om.
2271 3242 2317 3279 Θ.

1303 3295 1409 3338 οὕτως
1429 3297 1554 3333 addidi
1572 3310 1618 3333 ex
1633 3299 1676 3334 V.
1689 3297 1855 3335 Dobraeo
1871 3307 1993 3336 totum
2012 3299 2085 3336 hoc
2101 3298 2140 3336 τὸ
2161 3298 2180 3335 δ
2200 3297 2260 3337 καὶ
2278 3299 2321 3338 τὸ

1303 3368 1318 3389 ε
1339 3354 1396 3390 καὶ
1419 3352 1483 3395 ἕως
1499 3356 1558 3390 τοῦ
1579 3368 1610 3390 κ.
1631 3354 1713 3391 δέκα
1731 3353 1798 3408 γὰρ
1818 3350 1859 3402 ἦν
1877 3356 1919 3395 τὰ
1944 3357 2150 3409 δικαστήρια
2166 3355 2211 3395 τὰ
2227 3356 2319 3394 πάν-
