2533 3808
159 834 191 857 10

159 1121 190 1145 15

219 219 288 252 180

214 296 367 350 φοτέροις
382 295 494 337 αὐτοῖς
507 292 736 343 λογιζομένοις
749 291 859 328 εδόκει
872 304 1018 334 ποιητεα
1037 282 1124 326 εἶναι
1138 287 1190 333 ἡ
1177 287 1253 337 ςύα·

213 355 331 399 δασις,
354 368 413 390 και
439 353 504 402 οὐχ
527 356 630 396 ἧττον
660 365 728 390 τοις
755 346 1059 405 Λακεδαιμονίοις,
1088 346 1254 398 ἐπιθυμία

212 426 244 448 τε
237 414 280 447 Tm
298 410 429 460 ἀνδρῶν
450 424 516 444 των
533 423 571 444 εκ
588 410 648 451 τῆς
662 406 766 451 ντ’σου
786 404 1010 454 κομίσασθαι.
1032 407 1121 449 ἦσαν
1138 401 1206 454 γὰρ
1223 405 1254 439 οἱ

213 471 434 518 Σπαρτιᾶται
452 468 564 503 αὐτῶν
581 464 714 516 πρῶτοί
730 479 766 500 τε
790 463 848 501 καὶ
872 462 998 512 ὁμοίως
1015 461 1111 514 σφίσι
1131 477 1171 498 συ
1175 476 1254 512 γγε-

211 529 288 568 νεῖς.
307 524 480 576 ηρξαντο
475 539 537 560 υ.εν
557 526 614 560 οὖν
641 521 700 559 καὶ
721 521 816 564 εὐθυς
838 521 926 558 μετὰ
951 520 1012 567 τὴν
1042 520 1170 557 ἅλωσιν
1193 522 1256 556 αὐ-

211 586 278 621 τῶν
293 582 475 635 πράσσειν.
495 581 570 618 ἀλλ’
587 596 617 618 οι
635 581 830 629 Ἀθηναῖοι
826 578 886 616 μὲν
903 579 999 616 οὔπω
1014 578 1194 621 θελοντες’
1180 577 1254 621 εξυ-

210 640 449 694 φαιρουμένοις
470 639 526 677 ἐπὶ
550 642 593 691 τῇ
619 638 677 690 ἴση
705 637 958 684 καταλύεσθαι,
986 637 1140 687 μάλιστα
1167 635 1202 673 δὲ
1223 638 1253 673 οἱ

209 702 277 736 τῶν
307 698 497 748 δεδεμένων
524 700 699 748 συγγενεῖς
723 700 844 748 ἐνῆγον
873 696 933 733 καὶ
957 695 1180 740 ἐσπούδαζον,
1209 697 1254 737 ὡς

700 753 856 804 Ἄλλως.)
878 758 989 791 ταῦτα
1009 755 1047 791 οὐ
1075 752 1176 803 μόνον
1198 751 1254 790 διὰ

1160 813 1255 862 Σφα-

211 757 251 794 ἂν
273 757 391 809 εἰρήνη
419 755 574 807 γένηται.
605 774 619 788 »

211 814 249 852 τὸ
262 814 476 865 κεκμηκέναι
493 816 543 866 τῷ
564 812 727 865 πολέμῳ,
749 811 839 850 ἀλλὰ
855 812 914 850 καὶ
935 811 991 850 διὰ
1007 811 1084 853 τοὺς
1104 812 1137 848 ἐν

210 872 336 926 κτηρία
353 872 569 923 τριακοσίους
585 870 663 914 τοὺς
680 870 879 921 δεδεμένους
895 874 944 923 τῷ
961 870 1051 923 ξύλῳ
1070 872 1132 916 τῆς
1148 871 1254 907 ποδο-

210 931 319 978 κάκης
334 935 394 969 τοῦ
408 935 464 968 νῦν
484 929 698 979 καλουμένου
715 930 880 968 κούσπου.

263 1003 327 1028 480.
358 989 435 1026 ἀλλ’
456 991 473 1026 ὃ
492 987 641 1040 χαλκεὺς
663 990 725 1026 οὐκ
747 989 788 1040 ἐᾷ
811 1001 819 1026 :
841 986 927 1026 εΌτι
945 990 959 1025 ε’

213 1046 376 1100 ριέκειντο
394 1050 509 1090 αὐτοῖς
524 1046 638 1085 πέδαι.

262 1119 326 1144 481.
357 1107 426 1144 οὐδ’
448 1109 477 1144 οἱ
498 1109 663 1158 Μεγαρῆς

212 1155 337 1217 ρόντων
356 1164 408 1202 ὅτι
428 1164 610 1201 ἔκσπονδοι
631 1163 803 1214 ἐγένοντο,
830 1163 1046 1214 βουλομένων
1072 1163 1106 1201 δὲ
1125 1163 1187 1209 τὴν
1206 1165 1254 1200 εἷ-

1023 1005 1097 1027 -ντο
1113 987 1172 1026 καὶ
1191 1003 1254 1025 πε-

964 987 1035 1026 δέδε

691 1119 698 1143 ;
722 1105 786 1148 ξΩς
810 1104 870 1142 καὶ
891 1104 1020 1142 τούτων
1044 1104 1176 1157 βαρέως
1195 1121 1255 1158 φε-

212 1221 317 1274 ρήνην
335 1221 391 1260 διὰ
413 1223 452 1259 τὸ
473 1221 626 1271 μάλιστα
647 1220 833 1258 πεπιέσθαι
858 1223 907 1273 τῷ
927 1223 1020 1274 λιμῷ
1038 1221 1097 1258 καὶ
1115 1224 1164 1273 τῷ
1190 1235 1254 1257 πο-

210 1280 319 1332 λέμῳ.
343 1280 454 1329 (τοῦτο
482 1278 517 1316 δὲ
544 1281 574 1316 οἱ
600 1280 714 1322 καλῶς
740 1277 962 1329 ἐξηγούμενοι
988 1282 1047 1316 τοῦ
1077 1278 1254 1331 Τρυγαίου

211 1338 339 1391 φασίν.)

497 1395 505 1406 Ι
641 1394 658 1410 (J
794 1395 801 1409 Ῑ
929 1396 939 1409 2
968 1394 976 1408 x
1002 1396 1017 1407 Ν
1136 1395 1144 1409 Ι
1191 1397 1200 1409 5
1234 1394 1242 1407 Ι

263 1410 327 1435 482.
358 1397 595 1448 γλισχροτατα
613 1410 622 1434 :
661 1398 727 1434 Οτι
743 1397 907 1447 γλισχρος
924 1411 981 1432 επι
999 1410 1168 1447 ουστυχια
1186 1396 1255 1433 ελε-

208 1471 300 1505 γετο.
322 1454 549 1506 σαρκάζοντες
569 1453 623 1500 δὲ,
640 1454 717 1500 ἤτοι
735 1453 991 1505 ἐξισᾸνούμενοι
1009 1453 1069 1491 καὶ
1087 1454 1256 1500 ἦτονηκό-

194 1529 263 1556 ντες
276 1513 334 1550 καὶ
349 1512 404 1550 διὰ
420 1512 478 1550 τὸν
493 1512 595 1563 λιμὸν
610 1511 767 1554 ἕλκοντες
781 1511 891 1560 μόλις,
913 1510 945 1560 (ἢ
964 1510 1083 1557 οὕτως,
1099 1511 1254 1555 ἕλκοντες

156 1709 190 1735 25

157 1999 191 2024 30

157 2580 192 2604 40

157 2875 191 2901 45

162 3166 196 3191 50

209 1570 300 1609 κατὰ
319 1571 377 1608 τὸν
402 1573 470 1608 τῶν
495 1570 654 1608 κυνιδίων
674 1568 814 1621 τρόπον,
840 1568 873 1607 οἳ
890 1568 934 1607 τὰ
961 1569 1063 1607 ὀστέα
1084 1572 1256 1624 περιτρώ-

208 1645 323 1681 γοντες
341 1629 401 1667 καὶ
417 1631 478 1667 οὐκ
499 1628 635 1681 ἔχοντες
655 1630 893 1681 ἐμφορηθῆναι
911 1627 969 1666 ὑπ’
991 1630 1104 1666 αὐτῶν
1125 1632 1174 1681 τῷ
1196 1631 1256 1667 δο-

209 1691 280 1725 κεῖν
298 1688 461 1727 ἐσθίουσι.
485 1686 630 1739 φανερὸν
651 1687 686 1724 δέ
705 1689 796 1724 ἐστιν
817 1686 870 1724 ὅτι
888 1686 1046 1734 ἐπίτηδες
1066 1687 1255 1739 χαριζόμε-

209 1762 264 1790 νος
276 1746 382 1784 πάλιν
396 1751 465 1789 τοῖς
480 1745 668 1791 Ἀθηναίοις
686 1743 838 1796 διέσυρεν
852 1744 958 1788 οὕτως
974 1745 1050 1788 τοὺς
1068 1748 1254 1798 Μεγαρεῖς,

208 1808 344 1856 πρῶτον
363 1803 425 1855 μὲν
453 1804 576 1846 αὐτοὺς
600 1803 679 1841 κυσὶ
702 1803 932 1856 παραὲαλὼν,
953 1803 1074 1841 ἔπειτα
1100 1807 1150 1856 τῷ
1170 1807 1254 1843 ὑπο·

209 1865 394 1915 κοριστικῷ
411 1862 470 1900 καὶ
487 1865 528 1913 τῇ
548 1861 754 1914 σμικρότητι
771 1865 839 1899 τῶν
861 1861 1021 1899 κυνιδίων
1045 1864 1091 1905 εἰς
1111 1863 1254 1901 πλείονα

210 1919 420 1971 καταγαγὼν
452 1920 697 1966 ταπεινότητα.
730 1919 821 1957 πάνυ
853 1920 920 1973 γὰρ
951 1920 1011 1958 καὶ
1045 1921 1256 1973 διαπρυσίως

211 1994 391 2029 εμισουντο
408 1994 474 2016 υπο
493 1981 560 2015 τῶν
583 1978 770 2024 Αθηναίων
789 1978 830 2015 δι’
851 1978 887 2015 ὃν
904 1978 1093 2030 εἰρηκαμεν
1110 1980 1252 2032 τρόπον.

209 2039 324 2080 καλως
340 2037 368 2074 δ’
386 2037 426 2074 ἂν
445 2052 520 2088 εχοι
536 2040 636 2074 τουτο
654 2039 806 2089 τηρῆσαι
823 2052 908 2089 προς
924 2036 963 2074 τὸ
981 2037 1253 2077 Ιππωνάκτειον

209 2095 316 2138 οὕτως
335 2095 414 2147 ἔχον
442 2113 456 2128 «
483 2097 620 2147 σαρκῶν
647 2095 739 2133 κύων
764 2097 870 2147 λιμῷ.
903 2113 917 2128 n
940 2097 978 2133 οὗ
998 2096 1064 2147 γάρ
1090 2113 1161 2135 εστι
1186 2100 1254 2135 τῶν

210 2157 360 2206 σαρκῶν,
381 2152 497 2207 ὥσπερ
517 2153 649 2198 ἀξιοῦσι
669 2155 736 2191 τῶν
758 2153 1027 2204 εξηγησαμένων
1045 2154 1143 2198 τινές.
1165 2172 1253 2193 παν-

208 2212 341 2249 τάπασι
358 2211 424 2264 γὰρ
447 2211 487 2249 ἂν
509 2211 560 2259 εἴη
585 2210 669 2249 αὐτὸ
694 2212 932 2250 ὑπεναντίον
917 2215 1043 2265 εαυτῷ.
1067 2212 1164 2266 ἔργον
1187 2214 1254 2268 γὰρ

176 2291 186 2298 -
209 2286 268 2308 του
293 2272 397 2320 λιυ.ου
417 2272 454 2308 οὐ
479 2270 611 2323 σάρκας
637 2286 804 2321 εμποιειν,
832 2270 923 2309 ἀλλὰ
948 2272 1144 2310 τούναντίον
1173 2275 1255 2311 ἀπι-

210 2333 333 2380 σγνοῧν
351 2328 395 2367 τὰ
415 2328 564 2379 σώματα
586 2329 646 2366 καὶ
668 2331 737 2367 τῶν
763 2333 902 2383 σαρκῶν
927 2331 1175 2383 παραιρεῖσθαι
1194 2332 1252 2370 τὸν

209 2388 336 2438 ὄγκον.)

263 2444 490 2498 σαρκάζοντες
517 2458 525 2483 :
548 2448 631 2484 Οἱον
654 2445 907 2498 ὓποσεσηρότες
926 2446 986 2484 καὶ
1006 2447 1253 2498 διανοίγοντες,

210 2501 326 2554 ὥσπερ
343 2502 387 2539 τὰ
410 2502 563 2549 κυνίδια,
587 2502 668 2539 ὅταν
688 2504 912 2555 προσλιπαρῆ
938 2504 1015 2541 τινὰ
1036 2505 1096 2542 καὶ
1117 2506 1251 2558 ἀφέλκῃ

211 2567 279 2604 τοῖς
298 2562 424 2597 ὀδοῦσι.
442 2559 481 2597 τὸ
499 2560 534 2597 δὲ
553 2578 566 2593 «
585 2560 651 2597 ὑπὸ
666 2565 726 2597 τοῦ
747 2577 785 2611 γε
801 2563 906 2611 λιμουΙ
923 2561 1145 2610 ἐξολωλότες,
1167 2582 1182 2596 n
1199 2564 1252 2602 ότι

211 2622 256 2662 ὡς
271 2618 498 2668 λιμώττοντες
515 2617 568 2655 ἀεὶ
584 2620 758 2670 Μεγαρεῖς
774 2618 967 2662 παίζονται.
991 2618 1047 2657 διὰ
1067 2636 1168 2658 τουτο
1184 2621 1251 2674 γὰρ

210 2677 270 2715 καὶ
294 2676 371 2719 τοὺς
394 2677 520 2719 παῖδας
540 2676 756 2728 ἐπίπρασκον
775 2675 853 2719 τους
873 2680 1017 2716 ἑαυτῶν.
1045 2694 1104 2716 και
1129 2679 1253 2717 ἐπεθύ-

211 2751 296 2785 μουν
317 2734 379 2785 μὲν
403 2737 463 2780 τῆς
483 2734 636 2786 εἰρήνης,
658 2733 714 2771 διὰ
732 2733 767 2771 δὲ
790 2734 865 2778 τοὺς
887 2735 1083 2782 Ἀθηναίους
1103 2736 1252 2775 duffio&-

210 2794 309 2830 λοντο
327 2791 447 2839 αὐτὴν,
462 2792 508 2835 ὥς
522 2807 606 2844 φησι
623 2792 850 2838 Θουκυδίδης.

264 2863 329 2888 483.
356 2850 435 2899 (ὑπὸ
460 2854 519 2888 τοῦ
547 2866 586 2901 γε
613 2851 716 2900 λιμοῦ
737 2863 747 2889 z
772 2849 968 2900 Λιμώττειν
995 2850 1116 2894 αὐτοὺς
1141 2851 1252 2903 λέγει,

212 2908 329 2955 ἐπειδὴ
351 2908 406 2947 ὅτε
427 2908 489 2959 μὲν
507 2908 625 2961 εἰρήνη
650 2903 704 2955 ἦν,
723 2909 925 2961 εἰσήρχοντο
950 2911 997 2952 εἷς
1015 2909 1077 2955 τὴν
1096 2910 1252 2958 Ἀττικὴν

212 2967 272 3004 καὶ
293 2966 525 3020 ἀπετρέςροντο
547 2967 602 3005 διὰ
622 2967 661 3005 τὸ
680 2968 807 3005 πωλεῖν
826 2967 885 3005 καὶ
905 2968 1173 3006 συναλλάσσειν·
1194 2975 1252 3008 νῦν

214 3024 249 3061 δὲ
271 3025 424 3075 πολέμου
447 3026 541 3068 ὄντος
558 3025 744 3074 ἐφοὸοῦντο
764 3027 926 3064 εἰσελθεῖν
945 3028 991 3069 εἰς
1013 3026 1075 3072 τὴν
1096 3027 1253 3075 Ἀττικὴν

213 3082 273 3119 καὶ
287 3083 456 3134 ἀγοράσαι
470 3078 517 3121 ῶν
534 3083 694 3135 ἔχρῃζον·
710 3084 744 3128 ἐξ
758 3086 870 3122 αὐτῶν
888 3083 954 3136 γὰρ
970 3085 1105 3133 ἐγένετο
1120 3089 1141 3132 ἡ
1158 3087 1253 3126 αἰτία

214 3143 272 3177 τοῦ
301 3140 466 3190 πολέμου.
497 3140 530 3184 ἐξ
560 3141 715 3187 Ἀττικῆς
741 3141 777 3179 δὲ
797 3143 946 3180 ὠνοῦντο
968 3142 1029 3186 τὰς
1050 3143 1176 3196 τροφὰς
1197 3144 1253 3183 διὰ

213 3197 252 3235 τὸ
267 3199 326 3236 καὶ
341 3198 543 3245 πλησιάζειν
563 3201 649 3251 αὐτῇ
660 3230 668 3246 ,
683 3200 743 3237 καὶ
762 3199 818 3237 διὰ
838 3200 876 3238 τὸ
893 3200 1012 3249 ὀλίγην
1029 3202 1252 3241 παντάπασιν

215 3255 305 3307 ἔχειν
323 3256 440 3309 χώραν
458 3256 519 3302 τὴν
536 3259 809 3309 γεωργουμένην.
826 3259 914 3302 εἰκὸς
929 3254 986 3296 οὖν
1002 3254 1043 3306 ἦν
1060 3260 1138 3304 τοὺς
1155 3262 1253 3308 Ἀθη·

213 3313 328 3357 ναίους
348 3314 541 3358 ἐπεξιόντας
560 3317 674 3358 αὐτοῖς
692 3315 836 3353 κωλύειν
857 3315 920 3362 τὴν
946 3317 1028 3369 παρ’
1049 3319 1162 3361 αὐτοῖς
1188 3322 1252 3370 γῆν

214 3374 390 3424 γεωργεῖν,
417 3371 439 3419 ἢ
465 3371 515 3410 ὅτι
539 3374 584 3416 εἰς
607 3373 807 3426 πολιορκίαν
831 3374 1053 3421 κατέστησαν
1079 3375 1202 3420 αὐτοὺς
1221 3379 1251 3415 οἱ

981 203 1238 241 SCHOLIA
1277 203 1335 240 ΙΝ
1377 204 1584 243 PACEM.

1283 305 1286 312 ·
1315 289 1487 335 Ἀθηναῖοι
1509 291 1571 337 την
1598 294 1750 331 Νισαίαν
1775 295 2007 346 τειγίσαντες,
2033 322 2085 326 -
2104 301 2188 352 ὅπερ
2211 316 2296 353 προς
2313 304 2358 352 τῇ

1313 347 1468 398 θαλάττῃ
1488 365 1557 385 των
1587 351 1779 403 Μεγαρέων
1805 354 1951 392 ἐπίνειον
1977 372 2033 403 ην,
2061 357 2190 409 ἀπέχον
2209 359 2247 396 οὗ
2267 359 2357 397 πολὺ

1314 404 1490 455 διάστημα
1512 407 1582 444 ἀπὸ
1607 412 1669 454 τῆς
1687 413 1754 448 τῶν
1782 412 1974 465 Μεγαρέων
1995 415 2139 458 πόλεως.
2163 416 2358 468 ἐπάναγκες

1313 477 1371 499 ουν
1389 463 1511 507 αὐτους
1530 465 1680 516 λιαώττ
1667 483 1726 505 ε.ιν
1745 470 1971 522 σαρκάζειν
1953 473 1989 510 οέ
2004 475 2076 511 ἐστι
2099 475 2222 527 κυρίως
2240 476 2278 513 τὸ
2298 476 2358 514 τὸν

1313 519 1400 557 κύνα
1419 525 1590 561 πεινῶντα
1610 523 1654 562 τὰ
1674 526 1787 564 λεπτὰ
1806 544 1873 566 των
1895 534 2033 582 σαρκῶν
2052 536 2112 570 τοῦ
2131 533 2249 571 ὀστέου
2271 535 2356 572 ἀπο·

1312 579 1465 630 γλύφειν.
1481 584 1534 631 V.)

1365 652 1429 677 484.
1460 640 1616 684 ἅπαντας
1632 642 1864 692 δεῖὁυονοειν.
1880 654 1922 683 V.

2378 552 2394 576 C!

1366 710 1431 736 485.
1462 701 1490 735 ὠ
1511 702 1593 738 εἰαε
1613 699 1677 751 [H
1696 701 1868 751 &magala
1886 702 1975 749 αὕτη
1991 705 2199 759 ἀντιστροφὴ
2215 711 2277 754 τῆς
2296 711 2359 761 ῥη-

1314 754 1458 801 θείσης’
1444 756 1518 793 εστὶ
1533 761 1694 810 στροφῆς,
1710 758 1771 796 καὶ
1785 759 1850 797 εἰσι
1867 777 1910 797 τα
1927 763 2024 799 κῶλα
2041 764 2100 800 καὶ
2114 765 2242 812 ταύτης
2255 766 2358 816 οοιοια

1313 813 1470 856 ἐκείνοις·
1495 814 1528 852 ἔν
1546 831 1614 852 τισι
1636 816 1670 853 δὲ
1694 833 1754 854 και
1775 817 1910 870 ἑτέρους
1928 819 2068 871 δέγεται
2089 821 2197 865 πόδας
2216 828 2275 862 τοῦ
2296 827 2358 864 αἰ-

1312 887 1371 909 του
1398 871 1524 924 μέτρου
1553 873 1660 925 ὄντος.
1682 875 1741 912 επὶ
1767 878 1817 913 τῶ
1844 875 1935 914 τέλει
1961 879 1997 915 αἱ
2024 878 2267 933 ἀμφοτέρωθεν
2295 883 2359 928 ἔξω

1314 930 1465 982 διπλαῖ]
1482 930 1541 969 δύο
1559 933 1697 970 διπλαῖ·
1714 933 1835 972 ε’πεται
1851 934 1918 987 γὰρ
1935 939 1956 981 ἦ
1975 936 2198 991 ἀντίστροφος
2213 943 2256 991 τῇ
2272 957 2360 994 προ-

1313 1003 1395 1040 TspL
1410 1005 1582 1043 περικοπῇ
1603 992 1813 1041 ἀμοιβαῖα
1795 994 1824 1030 0
1847 993 2164 1070 κο)λ(1)ν,ἔχουσαη
2153 997 2212 1034 καὶ
2234 1014 2298 1045 την
2313 1002 2360 1044 Εἷς

1312 1046 1356 1084 τὰ
1370 1047 1542 1099 πρόσωπα
1564 1050 1728 1103 διαίρεσιν
1747 1052 1883 1101 ὁμοίαν,
1902 1057 1940 1090 οὑ
1958 1057 1978 1100 ἡ
1997 1053 2088 1107 ἀργὴ
2105 1073 2120 1089 «
2138 1059 2167 1094 ὠ
2181 1056 2254 1104 εἴα,
2272 1077 2287 1092 υ
2304 1059 2360 1097 τέ-

1313 1105 1402 1148 λος
1385 1120 1419 1142 οε
1437 1124 1450 1139 «
1468 1107 1545 1144 ἀλλ’
1563 1107 1625 1145 εἴσ’
1641 1108 1673 1145 οἳ
1688 1108 1923 1148 κωλύουσιν.»
1941 1115 1981 1144 V·

1366 1176 1429 1201 492.
1459 1179 1497 1201 ου
1530 1165 1638 1203 δεινὸν
1676 1167 1736 1204 καὶ
1769 1167 1898 1206 ἄτοπον
1925 1168 2003 1212 τους
2023 1185 2086 1220 μεν
2112 1171 2147 1215 ἐξ
2174 1175 2274 1222 ἡμῶν
2299 1178 2361 1222 τῆς

1315 1221 1453 1273 εἰρηνης
1484 1222 1664 1275 ὀρέγεσθαι
1693 1224 1750 1262 διὰ
1781 1242 1900 1274 τουτο,
1926 1243 2003 1271 τους
2034 1227 2069 1265 δὲ
2101 1231 2358 1283 ἀντιπράττειν.

1388 1282 1409 1290 ω
1457 1279 1485 1293 ΝΣ

1314 1281 1430 1322 καλως
1454 1290 1488 1317 οε
1509 1282 1579 1323 τοῖς
1601 1282 1766 1332 ὀνόμασιν
1792 1285 1986 1337 ἐγρησατο,
2007 1288 2057 1323 τῶ
2080 1287 2201 1325 τείνειν
2222 1290 2282 1328 καὶ
2309 1294 2360 1329 τῶ

1315 1339 1500 1376 ἀντισπαν.
1519 1347 1559 1376 V.
1580 1355 1656 1377 αντι
1672 1356 1730 1378 του
1753 1345 2000 1383 εναντιουσθαι.
2023 1353 2061 1383 R.

1367 1409 1431 1434 493.
1462 1396 1581 1443 ἐπειδη
1603 1398 1662 1435 ἀπ’
1681 1400 1885 1453 ἀμφοτέρων
1902 1404 1970 1439 τῶν
1987 1406 2102 1456 μερῶν
2116 1404 2237 1454 μισθὸν
2255 1406 2360 1457 ἐλάμ-

1315 1454 1418 1492 ὅανον
1437 1470 1495 1492 και
1513 1455 1728 1494 κατετέλουν.
1750 1471 1788 1501 R
1805 1472 1840 1500 v

1367 1527 1430 1552 496.
1462 1516 1508 1557 ὥς
1538 1514 1680 1552 κακόνοι
1706 1515 1796 1559 τίνες
1822 1518 1908 1555 εἰσιν
1932 1519 1966 1555 ἐν
1993 1521 2107 1569 υμῖντ
2126 1515 2211 1560 Οῑον
2239 1523 2361 1576 ἓγθροὶ

1315 1571 1375 1609 καὶ
1395 1571 1503 1610 κακὸν
1522 1588 1600 1611 νουν
1621 1573 1758 1625 ἔχοντες
1774 1575 1859 1627 πρὸς
1878 1592 1940 1623 την
1961 1577 2112 1630 εἰρήνην.

1367 1644 1431 1670 497.
1461 1634 1674 1675 κιττῶντες;
1695 1632 1780 1671 ’Ano
1804 1642 2001 1688 μεταφορᾶς
2024 1639 2094 1674 τῶν
2113 1641 2270 1677 κυουσῶν
2294 1655 2359 1691 γυ-

1315 1692 1455 1728 ναικῶν.
1476 1689 1583 1740 ἤγουν
1600 1691 1864 1740 επιθυμοῦντες,
1885 1693 1945 1731 καὶ
1966 1694 2085 1741 ἐπειδὴ
2107 1696 2285 1749 ἀδηφάγον
2301 1699 2360 1736 καὶ

1315 1747 1460 1800 Ray-<flii
1447 1764 1506 1786 ‘OV
1527 1764 1602 1800 OPVS
1589 1765 1643 1786 OV
1666 1752 1687 1794 ἦ
1706 1765 1808 1787 Χῑττα
1820 1751 2027 1804 ,περίεργον
2048 1752 2084 1791 δὲ’.
2100 1769 2160 1792 και
2177 1757 2223 1798 Εἷς
2238 1758 2360 1795 ἐπιθυ-’-

1316 1806 1410 1856 μίαΙ.
1433 1823 1552 1844 Χῑττᾱν
1571 1823 1628 1845 Ουν
1649 1823 1688 1845 ‘to
1708 1810 1900 1859 ἐπιθυμεῖν.
1923 1810 1992 1848 ἀπο
2015 1828 2081 1849 των
2102 1828 2275 1863 γυναικων
2291 1831 2359 1853 των

1316 1866 1350 1902 ἐν
1367 1865 1533 1919 ἐπιθυμία
1553 1881 1742 1917 γ’νΟμΕνοᾺθ
1760 1868 1962 1918 ΕΟΞσμάτων
1982 1886 2084 1908 τινων
2103 1872 2193 1922 μετὰ
2216 1889 2255 1910 TO
2273 1875 2360 1912 0¹0}-

1314 1923 1446 2020 λαῗεῖν.

2380 841 2411 864 10

2381 1135 2413 1158 15

1404 1982 1612 2035 ο.[ἅνδρες
1647 1985 1814 2055 Μεγαρῆς
1847 1998 1856 2023 :
1886 1982 2034 2039 εἝτερον
2067 1986 2230 2039 σύστημα
2268 1990 2358 2028 κατὰ

1313 2056 1506 2092 περικοπην
1537 2041 1766 2094 ἀνομοιομερὲ
1752 2058 1784 2085 ,ς
1811 2043 1980 2093 ἰαμὸείων
2006 2045 2053 2092 η’.
2076 2061 2136 2083 και
2159 2048 2193 2084 ἐν
2214 2048 2360 2086 εἰσθέσει

1315 2099 1428 2151 ἕτερον
1448 2100 1635 2149 ἀμοιὸαἷον
1657 2117 1709 2138 στι
1714 2116 1787 2152 χων
1807 2102 1935 2152 ὁμοιων
1954 2105 2221 2151 καταληκτικῶν
2241 2123 2360 2160 τετρα-

1315 2157 1449 2210 μέτρων
1468 2159 1510 2197 δ’.
1530 2159 1586 2197 ἐπὶ
1603 2165 1678 2202 ταῖς
1695 2159 1879 2198 ἀποθέσεσι
1899 2160 2139 2215 παράγραφος.
2143 2162 2160 2214 ]]

1368 2219 1430 2254 οὐκ
1450 2219 1483 2260 ἐς
1504 2217 1688 2269 κόρακαςῑ
1712 2218 1804 2256 Ἀντὶ
1823 2223 1885 2256 του
1906 2219 1997 2268 μετὰ
2023 2224 2153 2273 φθορᾶς
2180 2221 2355 2273 βαδίσετε.

1313 2274 1484 2318 πολλάκις
1508 2274 1544 2313 δὲ
1570 2275 1758 2326 εἰρήκαμεν
1779 2276 1831 2314 ὅτι
1858 2277 1915 2314 ἐπὶ
1937 2278 2094 2331 κατάρας
2117 2279 2248 2318 τίθεται
2266 2281 2306 2319 τὸ
2326 2283 2359 2326 ἐς
2377 2301 2411 2327 35

1313 2333 1478 2386 κόρακας.

1366 2406 1428 2430 502.
1458 2393 1528 2435 τοῖς
1545 2392 1745 2443 σκορόδοιςε
1766 2393 1872 2444 (Αντι
1885 2409 1944 2432 του
1962 2394 2163 2455 δριμύτητι,
2178 2413 2231 2434 οτι
2244 2397 2358 2437 πολλα

1313 2451 1462 2502 σκόροδα
1487 2450 1584 2502 παρὰ
1612 2453 1827 2502 Μεγαρευσι.
1834 2453 1844 2501 )
1868 2451 1982 2489 αἰτίαν
2008 2456 2102 2503 εἰχον
2129 2456 2160 2492 οἱ
2180 2456 2358 2508 Μεγαρεῖς

1311 2510 1357 2551 ὣς
1378 2508 1528 2560 ἀρχηγοὶ
1560 2508 1719 2558 γενέσθαι
1738 2513 1799 2547 τοῦ
1829 2509 1984 2559 πολέμου
2013 2510 2069 2548 διὰ
2097 2527 2160 2557 την
2191 2512 2355 2564 ἁρπαγὴν

1311 2569 1378 2603 τῶν
1396 2569 1531 2617 πορνῶν
1550 2566 1741 2609 Ἀσπασίας
1758 2567 1817 2605 καὶ
1840 2567 1902 2613 τὴν
1923 2567 1981 2605 ἐπὶ
2001 2568 2132 2612 τούτοις
2157 2569 2262 2622 ὀργὴν
2282 2573 2355 2610 Πε-

1313 2624 1465 2677 ρικλέους
1501 2624 1561 2661 καὶ
1594 2623 1632 2661 τὸ
1662 2624 1844 2676 ψήφισμα,
1897 2627 1943 2668 ὡς
1971 2627 2006 2662 ἐν
2036 2626 2239 2679 Ἀχαρνεῦσι
2274 2635 2352 2679 [527]

1310 2681 1423 2734 φησίν.
2287 2705 2289 2707 ’

1365 2753 1430 2778 504.
1462 2740 1615 2777 ἐντεῦθεν
1635 2753 1643 2777 :
1665 2739 1731 2777 Ἐκ
1750 2740 1872 2778 τούτου
1893 2744 1951 2778 τοῦ
1973 2741 2107 2794 μέρους.
2129 2743 2222 2795 λέγει
2239 2744 2275 2784 δὲ
2291 2750 2353 2785 τοῦ

1312 2796 1360 2847 μὴ
1386 2796 1494 2836 θέλειν
1514 2803 1622 2834 ποιεῖν
1643 2796 1704 2842 τὴν
1727 2797 1877 2848 εἰρήνην.

1364 2870 1430 2894 505.
1462 2855 1558 2893 οὐδὲν
1579 2855 1646 2907 γὰρ
1666 2855 1752 2894 ἄλλο
1773 2857 1876 2908 δρᾶτε
1902 2871 1910 2896 :
1938 2858 2044 2910 Παρὰ
2069 2861 2278 2913 προσδοκίαν
2301 2858 2351 2902 3⁰?-
2370 2887 2405 2912 45

1310 2930 1373 2951 πεν
1406 2915 1443 2951 οὐ
1475 2913 1560 2965 πρὸς
1591 2929 1654 2959 την
1683 2914 1834 2965 εἷρηνην,
1866 2915 1957 2953 ἀλλα
1988 2917 2072 2968 πρὸς
2102 2918 2142 2956 τὸ
2173 2920 2350 2972 φιλόδικον

1311 2973 1436 3009 αὐτῶν.
1458 2971 1534 3008 ἀντὶ
1559 2987 1619 3009 του
1652 2972 1778 3019 εἰπεῖν,
1802 2972 1898 3011 οὐδεν
1921 2973 1988 3027 γὰρ
2013 2975 2098 3014 ἄλλο
2130 2977 2233 3030 δρᾶτε
2259 2978 2351 3026 πλὴν

1311 3035 1452 3084 φωνεῖτε
1485 3029 1580 3067 οὐδὲν
1611 3029 1778 3073 ἕλκοντες.
1877 3030 2021 3077 ’.Αλλως
2046 3034 2143 3072 οὐδὲν
2176 3036 2262 3088 πρὸς
2286 3035 2350 3084 τὴν

1312 3088 1480 3147 ειρήνην
1477 3103 1594 3134 τουτο,
1612 3089 1688 3125 ἀλλ
1707 3090 1752 3131 εἰς
1777 3090 1986 3142 φιλονεικίαν
2012 3092 2135 3136 αὐτοὺς
2157 3093 2349 3133 διαὸἄλλει.

1311 3146 1414 3199 φησὶν
1441 3149 1498 3183 οὐν
1520 3148 1555 3184 ἐν
1582 3146 1692 3184 οὐδενὶ
1711 3148 1824 3185 ἱκανοί
1848 3150 1926 3186 ἐστε
1948 3149 2076 3196 πλην’
2061 3166 2095 3188 εν
2115 3153 2164 3189 τῶ
2187 3152 2350 3197 δικάζειν.
2367 3175 2403 3200 50

1311 3206 1426 3247 καλῶς
1446 3203 1481 3241 δὲ
1508 3220 1585 3247 τους
1605 3204 1802 3251 Ἀθηναίους
1830 3206 2086 3261 ἀπέσκωψεν,“
2072 3224 2125 3246 ινα
2146 3209 2194 3259 μὴ
2219 3210 2260 3248 τὸ
2277 3216 2349 3248 πᾶν

1311 3261 1461 3312 διαὸάλῃ
1485 3262 1621 3312 ποίημα
1641 3265 1686 3306 ὡς
1703 3280 1736 3300 εν
1754 3280 1860 3302 πασιν
1879 3266 1993 3308 αὐτοῖς
2010 3266 2211 3319 χαρίζεσθαι
2229 3283 2351 3321 προαι·

2379 2012 2418 2037 30

2371 2594 2409 2624 ⁴0

1313 3336 1475 3372 ρουμενθς
1501 3337 1560 3358 καί
1584 3322 1816 3373 ἀπθκρύῑ*”(ν)ν
1839 3340 1951 3362 αυῖων
1971 3323 2032 3367 τὰς
2055 3325 2183 3372 αἰτίας,
2203 3341 2288 3380 ὓπερ
2307 3343 2349 3364 αν

1311 3377 1403 3422 ἔΟΟξΞ
1431 3393 1540 3416 ποιεῖν
1571 3394 1658 3428 μηΟΞ
1688 3394 1830 3430 γαῦῑξντ
1835 3397 1995 3431 ῑσαμενῡς
2019 3398 2078 3420 Χαῐ
2102 3398 2187 3434 ,προς
2215 3383 2347 3428 αὐτούς.
