2533 3808
298 153 372 186 594

1046 149 1344 188 ADNOTATIO
1384 151 1437 192 IN
1467 155 1640 195 SCHOL.

349 234 436 280 951,
462 238 507 275 24
538 231 664 280 Λόγους
699 232 913 283 συκοφάντου
944 237 1114 282 μιμεῖται.
1143 234 1218 271 ἀντὶ
1245 238 1307 280 V.,
1340 232 1350 296 Ῐ
1381 237 1531 285 ξένον,ἢ
1556 242 1669 290 χιλίας
1696 244 1866 280 ἀποτίνειν
1900 245 1954 281 τὸν
1987 248 2158 296 χορηγόν·
2191 249 2249 285 cui
2280 263 2391 298 quam

296 303 369 325 non
392 294 436 326 G.
459 289 546 326 Ἀντὶ
565 291 625 324 τοῦ
643 302 717 325 om.
734 292 778 325 G.
802 293 845 327 R.
865 315 905 321 --
927 292 972 327 25
991 306 1066 340 quo
1086 301 1228 342 spectet
1246 293 1307 329 λό-
1342 300 1346 333 1
1380 305 1558 345 proterve
1577 299 1780 346 Demades,
1814 302 2125 341 insolentissimus
2151 317 2267 354 opum
2297 308 2392 344 male

293 361 370 395 γους
402 345 436 382 δὲ
464 345 677 396 συκοφάντου
704 353 882 396 μιμεῖται,
916 350 1005 386 mihi
1039 364 1112 386 non
1145 353 1232 388 satis
1252 360 1306 387 est

293 411 465 452 apertum
497 417 506 440 z
540 416 586 439 an
606 404 747 452 voluit,
771 405 858 441 ideo
885 407 1028 456 justum
1054 408 1243 445 hominem
1269 411 1304 445 111

291 474 331 497 re
354 462 427 497 levi
447 460 711 509 grandioribus
734 464 787 499 uti
810 464 953 511 verbis,
979 466 1173 512 πανοπλία,
1200 481 1304 517 κορυἡ

291 523 404 566 φαῖος,
422 517 543 555 στάσιν
561 518 672 568 ἔχειν,
694 520 798 568 quod
822 522 921 558 idem
947 523 1181 573 sycophanta
1202 525 1305 561 fecis·

290 584 343 611 set
356 605 364 619 ‚
390 585 425 611 et
446 576 679 627 δημοκρατίαν
693 606 701 622 ,
719 577 781 622 τὴν
812 578 936 628 βουλὴν
957 580 1019 626 τὴν
1040 584 1107 618 τῶν
1127 583 1302 632 πολιτῶν,

289 642 402 681 atque
424 634 611 679 ἐκκλησίαν
632 636 828 684 magnifice
840 637 1017 686 jactasset
1034 655 1041 675 :
1062 640 1175 676 fuisse
1193 649 1303 677 vete-

287 705 370 727 rum
394 692 559 741 aliquem
577 695 928 742 grammaticorum,
957 699 1019 746 qui
1041 704 1222 750 κορυφαῖον
1244 700 1304 736 hic

287 751 475 798 acceperit
480 755 686 799 principem
706 763 866 797 senatus,
886 755 1026 792 scholia
1044 770 1131 792 mox
1147 757 1299 794 demon-

286 816 405 843 strant
438 822 445 843 :

286 866 426 915 phanta
453 866 642 914 prolatum
656 895 664 910 ,
686 868 789 917 quod
819 883 920 906 nunc
949 885 1017 921 per
1031 873 1159 921 jocum
1176 872 1300 921 justus

284 923 421 959 imitari
442 923 629 964 videatur.
654 928 781 971 Quum
800 927 899 964 idem
921 929 968 965 ad
989 944 1021 967 v.
1045 944 1119 979 929
1140 931 1299 969 scholia-

284 991 358 1017 stes
390 981 566 1027 notabat,
598 996 656 1019 res
689 997 815 1020 coram
853 987 972 1023 oculis
1002 997 1082 1025 erat
1116 990 1299 1038 exposita.

283 1042 426 1075 Hnms‘r.
445 1063 486 1069 -
503 1040 551 1075 26
571 1039 703 1082 παίζων
721 1054 795 1079 om.
817 1043 861 1080 Θ.
885 1068 924 1074 -
951 1046 993 1081 31
1018 1045 1132 1083 ἄλλων
1162 1048 1298 1084 πολλῶν

282 1100 373 1145 Reg.

335 1156 426 1204 952,
450 1156 494 1191 33
521 1157 765 1195 scribendum
803 1160 924 1196 fuerat
948 1161 1106 1213 λοετρὸν,
1135 1163 1297 1216 λουτρὸν,

282 1214 337 1249 vel
368 1212 536 1263 λοετρὼν,
555 1215 728 1266 λουτρών’
759 1218 865 1267 prius
888 1219 1061 1256 adhibuit
1082 1222 1165 1271 ipse
1191 1223 1237 1259 ad
1261 1236 1298 1258 v.

281 1273 368 1308 616.
391 1273 578 1310 Statuitur
609 1282 736 1311 autem
768 1289 788 1311 a
821 1279 1100 1326 grammaticis,
1122 1288 1162 1316 ut
1186 1293 1298 1316 mon-

280 1339 399 1366 strant
420 1331 582 1378 Etymol.
598 1331 635 1367 in
657 1345 689 1368 v.
704 1346 740 1382 p.
761 1333 847 1380 568,
868 1343 904 1370 et
924 1338 1093 1374 Eustath.
1120 1338 1165 1374 ad
1185 1338 1226 1375 Il.
1242 1342 1296 1386 O,

280 1402 315 1437 p.
344 1389 451 1433 1037,
474 1389 534 1436 39,
553 1388 626 1425 Od.
651 1393 696 1434 Z,
722 1404 758 1439 p.
787 1391 896 1433 1560,
930 1395 989 1439 31,
1013 1395 1209 1444 potestatis
1229 1409 1295 1432 ac-

279 1453 389 1481 centu
408 1445 628 1482 moderante
658 1447 859 1485 discrimen
890 1450 989 1487 inter
1008 1452 1170 1503 λουτρὸν,
1193 1453 1295 1502 quod

280 1511 333 1538 est
356 1505 539 1538 lavacrum
562 1503 702 1550 balnei,
733 1506 812 1542 sive
837 1510 988 1553 lavatio,
1018 1511 1211 1558 quomodo
1232 1511 1295 1548 fri--

279 1560 404 1608 gidam
432 1560 468 1595 in
504 1561 688 1610 palaestris
716 1563 944 1602 lavationem
977 1571 1129 1605 Graecos
1154 1570 1295 1621 λουτρὸν

277 1619 447 1654 vocitare
464 1619 596 1656 scribit
617 1622 762 1659 VitruV.
787 1623 821 1667 5,
848 1638 855 1658 1
873 1638 882 1658 1
901 1641 909 1670 ;
926 1633 962 1661 et
977 1626 1118 1678 λοῦτρον
1141 1630 1295 1678 proprie

278 1677 492 1724 significans
527 1692 662 1726 aquam
691 1680 956 1729 balneaticam,
981 1693 1045 1720 aut
1069 1686 1179 1722 etiam
1208 1701 1286 1724 sor-

278 1734 400 1770 didam
423 1748 442 1770 a
461 1736 734 1784 lavationibtis3
757 1739 856 1776 unde
868 1741 1067 1793 λοετροχόος
1085 1744 1204 1790 idem,
1222 1749 1295 1782 He-

279 1793 408 1840 sychio
436 1801 552 1839 teste,
584 1796 647 1843 qui
681 1795 888 1847 περιχύτης,
911 1808 948 1835 et
970 1801 1120 1838 serioris
1142 1803 1296 1840 Graeciae

279 1849 479 1902 λουτράρης,
499 1852 600 1900 quod
620 1853 845 1891 vocabulum
865 1870 908 1892 ex
929 1858 1072 1894 Glossis
1090 1859 1135 1895 ad
1151 1861 1292 1898 Comici

279 1908 428 1944 Plutum
450 1921 536 1944 mss.
553 1911 743 1959 prolatum
763 1926 783 1948 a
804 1914 1000 1963 Ducangio
1020 1917 1183 1965 pertinet
1201 1919 1292 1957 adv.

278 1966 364 2013 955.
392 1966 564 2002 Alterum
584 1967 735 2020 λουτρὼν
769 1970 899 2007 itidem
920 1985 940 2007 a
960 1973 1152 2011 veteribus
1181 1989 1294 2012 usur-

279 2032 403 2071 patur,
425 2025 530 2073 cujus
554 2026 740 2062 rationem
761 2029 918 2077 exponit
947 2031 1115 2068 Eustath.
1144 2033 1191 2069 ad
1221 2033 1294 2071 Od.

278 2082 324 2125 Δ,
346 2094 379 2129 p.
407 2083 515 2124 1481,
537 2084 583 2119 63
606 2099 613 2119 :
636 2083 887 2135 διαλελυμένως
905 2086 1043 2137 λέγεται
1071 2089 1127 2126 καὶ
1148 2090 1191 2127 τὰ
1209 2091 1295 2128 λου-

277 2137 342 2189 τρὰ
358 2138 501 2189 λοετρὰ,
528 2140 585 2176 καὶ
608 2144 625 2177 ὁ
654 2140 756 2184 τόπος
780 2144 890 2180 αὐτῶν
912 2146 950 2181 οὐ
972 2146 1073 2194 μόνον
1095 2149 1296 2197 βαλανεῖον,

278 2196 368 2233 ἀλλὰ
383 2198 442 2234 καὶ
459 2197 609 2250 λουτρὼν
622 2229 630 2244 ,
647 2194 685 2236 οἷ
703 2200 820 2250 γενικὴ
848 2204 1054 2255 λουτρῶνος,
1080 2205 1178 2259 τύπῳ
1196 2223 1293 2261 ‘trapi-⁴

278 2257 414 2306 εκτικῷ.
451 2258 672 2294 Ptolemaeus
704 2262 839 2309 Euerg.
868 2263 970 2311 apud
999 2265 1131 2302 Athen.
1169 2281 1227 2313 10„
1255 2281 1292 2318 p.

280 2313 367 2355 438,
388 2316 415 2349 F
435 2328 441 2349 ι
467 2313 586 2351 ἐλοῧτό
598 2331 634 2352 τε
651 2317 696 2359 εἷς
713 2315 790 2359 τοὺς
808 2318 939 2362 κοινοὺς
960 2320 1171 2373 λουτρῶνας·
1202 2325 1294 2362 Plu-

281 2370 397 2406 tarch.
420 2371 525 2408 Alex.
552 2387 587 2422 p.
610 2375 697 2416 685,
716 2377 765 2419 Ε,
783 2384 819 2412 et
840 2390 887 2413 ex
902 2379 1012 2428 regiis
1034 2381 1293 2430 ephemeridi-

279 2426 350 2462 bus
366 2441 402 2476 p.
427 2430 513 2473 708,
535 2433 579 2466 D.
599 2432 745 2468 HmisT.

334 2485 422 2531 953,
445 2487 492 2521 35
512 2482 663 2523 ’Έπειτα
693 2489 776 2526 Ald.
800 2491 1037 2542 περιίστανται
1062 2499 1106 2533 R.
1137 2495 1284 2534 Ἐπεὶ-

281 2541 472 2590 βαλανείοις
494 2557 564 2579 om.
589 2549 632 2580 G.
657 2571 693 2576 -
712 2549 758 2583 36
785 2549 830 2589 ὡς
846 2549 924 2601 περὶ
944 2551 1045 2601 χορὸν
1063 2556 1124 2597 V.,
1146 2556 1209 2604 qui
1232 2570 1290 2593 se-

279 2600 431 2647 quentia
455 2601 492 2636 οὐ
515 2600 580 2652 γὰρ
602 2601 679 2647 ἐξῆν
699 2602 789 2646 ξένον
810 2606 875 2654 (sic
899 2608 1000 2644 enim
1019 2610 1164 2660 scribit)
1181 2615 1291 2651 -ἓπὶ

279 2656 429 2707 κεφαλήν
449 2658 489 2707 (l.
514 2659 575 2707 4ο)
591 2668 678 2696 ante
698 2661 772 2697 ἐπεὶ
788 2662 1007 2713 περιίσταντο
1025 2666 1148 2704 habet.
1168 2686 1181 2701 «
1201 2673 1292 2717 Quae

278 2714 457 2764 deinceps
474 2716 511 2751 in
536 2717 682 2754 scholio
703 2728 924 2768 sequuntur,
947 2731 1123 2761 externos
1143 2726 1290 2766 urbano

279 2772 395 2807 choro
416 2774 527 2809 inseri
545 2788 620 2810 non
643 2775 810 2823 licuisse,
831 2787 963 2816 eontra
977 2780 1125 2819 licuisse
1140 2787 1291 2834 Leuaeo,

278 2836 319 2864 ut
339 2843 414 2865 non
436 2831 592 2867 omnino
613 2835 848 2884 negaverim,
869 2836 983 2873 solius
1003 2847 1106 2876 certe
1130 2841 1293 2879 scholia-

278 2895 343 2922 stae
367 2887 438 2923 lide
458 2889 522 2925 vix
543 2889 668 2926 induci
691 2905 860 2940 possum,
880 2902 922 2930 ut
940 2896 993 2932 rei
1015 2897 1168 2936 minime
1194 2913 1292 2949 pro-

278 2943 393 2981 babili
407 2945 652 2984 subscribam.
669 2949 811 2986 Petitus
827 2951 980 3000 quidem
998 2957 1140 2992 Comm.
1160 2957 1198 2993 in
1217 2960 1289 2995 LL.

278 3006 358 3039 AA.
377 3015 413 3051 p.
430 3004 503 3051 269
521 3013 658 3053 praeter
672 3007 744 3042 hoc
762 3008 946 3046 scholium
977 3012 1130 3061 Ulpiani
1163 3015 1291 3053 locum

279 3060 437 3107 protulit
455 3062 499 3097 ad
524 3065 717 3101 Demostli.
748 3068 809 3103 Or.
831 3067 869 3103 in
890 3069 1037 3117 Leptin.
1067 3084 1103 3120 p.
1126 3072 1213 3118 572,
1236 3077 1290 3119 D,

281 3116 342 3152 ubi
360 3117 482 3154 minus
502 3128 646 3157 attento
666 3123 786 3161 simile
805 3125 984 3174 quiddam
1006 3141 1051 3164 ex
1072 3128 1289 3167 Alexandro

278 3174 430 3211 rhetore
445 3175 579 3213 docere
597 3179 770 3217 videatur
790 3197 797 3218 :
819 3195 951 3220 verum
971 3185 1001 3221 si
1021 3185 1106 3235 quis
1120 3199 1197 3223 rein
1217 3201 1288 3236 pe-

276 3226 640 3283 nitius'inspexerit,
667 3239 759 3275 nihil
789 3240 861 3276 huc
885 3243 1072 3290 pertinere
1093 3245 1201 3281 facile
1219 3246 1289 3283 de—

276 3289 497 3337 prehendet.
530 3297 606 3330 Lex
636 3308 723 3332 sane
748 3298 815 3333 suit
848 3300 1022 3345 Athenis,
1053 3299 1101 3351 μὴ
1129 3302 1283 3353 χορεύειν

476 808 514 844 in
545 810 807 858 superioribus
838 812 991 860 quidem
1027 815 1121 851 nihit
1147 829 1167 851 a
1189 829 1300 864 syco-
1338 825 1345 833 ⁵

1342 531 1347 608 i

1343 612 1347 620 ι

1344 624 1347 639 Ι

1336 918 1344 978 ἒ,

1333 1055 1342 1181 l

1327 1470 1339 1907 1

1378 362 1570 402 partarum
1586 365 1807 404 ostentator,
1821 360 2066 408 insultaverit,
2077 363 2193 399 refert
2203 363 2392 402 Plutarch.

1378 412 1493 447 Phoc.
1519 426 1555 462 p.
1582 414 1669 459 755,
1696 418 1743 460 C,
1763 429 1875 464 quam
1899 419 2008 456 latam
2038 433 2118 456 esse
2141 430 2289 458 constat
2307 431 2393 459 ante

1378 470 1641 519 Aristophanis
1665 480 1810 508 aetatem
1840 488 1885 510 ex
1911 477 2103 513 Andocide
2137 480 2174 514 in
2204 478 2326 516 Alcib.
2354 493 2391 530 p.

1379 529 1440 572 31,
1461 530 1521 564 36.
1541 532 1663 578 Caput
1683 530 1851 579 ejusdem
1872 533 1962 581 legis
1982 549 2002 571 a
2022 537 2276 574 Demosthene
2293 551 2393 575 com-

1381 595 1612 623 memoratur
1641 588 1732 625 Mid.
1767 602 1804 638 p.
1822 591 1908 635 612,
1936 595 1981 634 B,
2003 595 2236 642 potissimum
2267 605 2392 633 autem

1378 644 1555 680 adversus
1577 658 1640 681 eos
1661 647 1881 696 peregrinos
1904 649 2061 686 valuisse
2076 653 2208 699 credo,
2230 654 2294 703 qui
2313 655 2394 690 sur-

1379 702 1444 738 tim
1467 715 1509 738 ac
1537 715 1602 751 per
1625 703 1795 740 fraudem
1816 706 1852 740 in
1864 705 1926 754 jus
1952 707 2113 744 civitatis
2141 710 2392 760 irrepserant,

1377 768 1492 809 atque
1508 760 1603 796 adeo
1625 770 1802 810 poterant
1822 763 1970 799 actione
1988 763 2095 807 ξενίας
2111 767 2254 815 pulsari
2273 784 2280 805 :
2298 770 2392 806 nihil

1377 818 1551 867 equidem
1569 818 1668 855 inter
1686 820 1935 858 Athenienses
1954 822 2064 858 citius
2080 825 2280 875 contigisse
2294 839 2392 874 reor,

1377 890 1488 925 quam
1510 884 1551 912 ut
1572 890 1617 912 ex
1635 891 1679 914 eo
1696 892 1855 916 numero
1874 893 1972 929 saepe
1996 884 2169 921 nonnulli
2197 886 2322 924 choris
2342 889 2393 925 in-

1378 942 1558 972 teressent
1579 952 1596 980 :x
1610 938 1748 973 horum
1776 938 2073 976 amovendorum
2093 954 2182 979 cura
2201 943 2272 981 sub
2288 948 2393 994 gravi

1378 994 1515 1030 mulcta
1540 1000 1608 1037 τοῖς
1639 1000 1800 1046 χορηγοῖς
1821 996 1890 1032 fuit
1913 999 2123 1035 commissa.
2145 1003 2201 1038 De
2225 1014 2393 1051 praecen-

1377 1059 1458 1088 tore
1478 1066 1589 1098 vero,
1604 1054 1922 1104 quemadmodum
1939 1058 2124 1106 Apuleius
2134 1059 2191 1096 τὸν
2208 1067 2394 1114 κορυφαῖον

1377 1111 1511 1147 Latine
1531 1112 1654 1158 dedit,
1682 1112 1931 1150 dubitandum
1952 1129 2028 1151 non
2060 1125 2133 1162 est,
2156 1119 2248 1167 quin
2278 1132 2392 1169 pere-

1375 1168 1504 1215 grinus
1531 1171 1671 1206 assumi
1699 1172 1888 1220 potuerit;
1915 1174 2053 1210 artifex
2073 1176 2173 1212 enim
2194 1177 2396 1226 quaereba-

1377 1238 1456 1271 tur,
1490 1228 1621 1276 reique
1647 1229 1796 1264 musicae
1817 1231 1961 1278 peritus
1982 1232 2124 1282 :idque
2155 1243 2294 1284 praeter
2322 1237 2394 1274 alia

1375 1285 1495 1321 inulto
1528 1287 1640 1334 plura
1674 1287 1872 1323 manifesto
1902 1297 2006 1337 patet
2034 1303 2082 1327 ex
2114 1305 2159 1327 eo
2195 1293 2395 1333 Simonidis

1375 1343 1561 1388 carmine,
1582 1345 1684 1394 quod
1708 1345 1929 1383 Callimachi
1959 1348 2304 1398 Epigrammatibus
2324 1354 2395 1389 im-

1375 1401 1535 1437 mixtum
1555 1410 1609 1438 est
1629 1415 1665 1439 n.
1689 1402 1749 1439 50.
1775 1403 1848 1440 Sed
1868 1405 1933 1453 qui
1966 1406 2184 1454 tradiderit,
2203 1417 2282 1445 tum
2303 1411 2394 1447 alios

1376 1459 1491 1496 fuisse
1521 1460 1668 1506 choris,
1697 1461 1759 1510 qui
1789 1461 1947 1499 deorum
1976 1463 2114 1502 honori
2145 1465 2382 1505 ducebantur

1375 1516 1607 1567 adscriptos,
1626 1532 1738 1567 quam
1753 1519 1910 1565 juvenes
1929 1521 2130 1571 ingenuos,
2149 1523 2300 1572 ἠϊθέους,
2322 1528 2394 1576 οἷμἦ

1374 1576 1540 1626 φιθαλεῖς,
1562 1578 1662 1614 veris
1683 1578 1829 1615 civibus
1849 1589 2081 1629 prognatos,
2112 1591 2191 1620 tum
2219 1585 2395 1630 μετοίκους

1374 1634 1439 1670 vili
1470 1635 1507 1670 in
1530 1636 1681 1685 pompis
1707 1649 1750 1672 ac
1768 1650 1874 1686 paene
1891 1638 2143 1687 ignominioso
2161 1642 2389 1695 σκαφηφόρων

1375 1692 1582 1729 ministerio
1605 1694 1800 1743 fungentes
1823 1696 2010 1747 χορηγίας,
2043 1712 2128 1747 quae
2154 1700 2200 1736 ad
2224 1714 2302 1738 rem
2331 1715 2392 1738 sa-

1373 1762 1473 1786 cram
1494 1751 1752 1800 pertinebant,
1771 1753 2057 1792 administrasse
2070 1786 2078 1802 ‚
2111 1759 2274 1795 necdum
2293 1772 2315 1796 a
2333 1773 2393 1797 me

1373 1808 1570 1857 quisquam
1588 1823 1703 1856 unus,
1725 1821 1910 1859 quantum
1936 1814 2130 1861 recordor,
2148 1825 2255 1853 extra
2277 1817 2389 1854 scho-

1373 1865 1504 1902 liasten
1523 1868 1593 1903 fuit
1607 1869 1777 1905 inventus
1791 1884 1798 1905 :
1814 1883 1931 1918 quare
1946 1884 2070 1920 neque
2085 1873 2176 1910 illud
2194 1888 2282 1911 sane
2296 1875 2392 1927 παρὰ

1371 1926 1468 1960 τοῦτο
1487 1923 1659 1975 πέπαιχεν
1672 1955 1681 1972 ,
1702 1940 1882 1975 quorsum
1898 1937 2067 1978 spectet,
2095 1932 2184 1968 satis
2204 1934 2389 1983 percipi0‚

1373 1980 1442 2017 nisi
1481 1982 1564 2030 quis
1604 1983 1790 2020 interiisse
1826 1985 1934 2033 plura
1977 1988 2211 2036 suspicetur,
2251 1990 2390 2040 quibus

1372 2039 1598 2086 ostenderit,
1612 2040 1756 2078 idcireo
1777 2042 2036 2081 balneatorem
2059 2046 2160 2083 hunc
2180 2049 2390 2098 sycophan-

1375 2104 1447 2133 tam
1460 2127 1468 2143 ,
1489 2106 1668 2148 tanquam
1687 2102 1929 2150 peregrinum
1947 2111 1985 2139 et
2004 2107 2063 2141 τοῦ
2079 2110 2228 2157 πονηροῦ
2250 2106 2389 2158 κόμμα-

1376 2169 1444 2200 τος,
1465 2156 1565 2192 foras
1595 2158 1886 2196 exturbaturum
1913 2174 2015 2206 esse,
2046 2163 2135 2211 quia
2162 2163 2210 2200 de
2231 2163 2388 2213 balneo,

1372 2226 1448 2262 qao
1466 2213 1660 2251 hominem
1681 2230 1844 2266 nequam
1863 2218 2046 2256 facessere
2061 2223 2292 2270 sejusserat,
2312 2237 2388 2260 non

1371 2284 1477 2308 secus
1497 2285 1539 2308 ac
1554 2272 1601 2308 de
1615 2273 1734 2310 choro
1750 2274 1898 2312 locutus
1916 2276 2038 2314 fuerat
2054 2278 2113 2314 vir
2129 2278 2253 2328 justus
2271 2295 2279 2316 :
2301 2290 2388 2317 sunt

1371 2330 1471 2365 enim
1482 2336 1665 2381 κορυφαῖος
1675 2340 1711 2368 et
1723 2331 1841 2374 στάσις
1852 2335 2010 2383 propria
2026 2335 2153 2373 choris
2168 2338 2362 2376 vocabula.
2373 2356 2388 2371 »

1370 2390 1515 2425 ΗΕΜ5Τ.
1535 2414 1575 2421 -
1595 2391 1643 2438 39
1664 2405 1737 2442 κορ.
1768 2391 1906 2442 λέγεται
1926 2396 1942 2430 ὁ
1971 2398 2012 2431 V.
2039 2396 2074 2432 ἐν
2105 2397 2212 2447 βουλῇ
2245 2398 2329 2435 Ald.
2347 2427 2386 2432 -

1373 2452 1419 2488 4ο
1437 2445 1553 2498 ὥσπερ
1578 2446 1715 2499 ἀνδριὰς
1735 2449 1790 2486 ἐπὶ
1814 2451 1965 2503 κεφαλήν
1984 2467 2030 2489 ex
2055 2454 2206 2491 scholiis
2230 2454 2384 2492 brevio-

1370 2504 1476 2541 ribus
1510 2514 1625 2555 atque
1654 2507 1698 2542 ad
1731 2509 1899 2556 singulos
1921 2523 2050 2547 versus
2073 2511 2281 2561 interjectis
2301 2526 2384 2550 ma-

1369 2575 1474 2598 nasse
1492 2576 1671 2612 auguror,
1689 2564 1761 2601 hoc
1783 2575 1896 2614 pacto
1912 2568 1950 2603 in
1966 2568 2139 2604 ordinem
2157 2569 2358 2619 redigenda
2375 2580 2382 2600 2

1367 2625 1568 2669 κορυφαῖοςῑ
1584 2619 1640 2656 ἐπὶ
1655 2622 1820 2672 κεφαλήν.
1835 2623 1989 2669 ἑστηκὼς
2001 2640 2009 2660 1
2022 2623 2139 2676 ὥσπερ
2156 2627 2305 2678 ἀνδριάς.
2321 2629 2383 2665 Sic

1369 2677 1496 2712 saltem
1515 2690 1644 2713 sensus
1665 2679 1798 2727 aliquis
1815 2681 1970 2717 extundi
1987 2683 2152 2730 poterit,
2172 2692 2286 2733 atque
2300 2686 2383 2722 ani-

1369 2732 1551 2769 madverti
1565 2761 1574 2778 ‚
1600 2734 1691 2782 quid
1713 2737 1934 2784 cogitaverit
1953 2738 2162 2788 interpres,
2184 2741 2271 2778 licet
2287 2743 2381 2779 nihil

1367 2790 1489 2826 minus
1534 2804 1645 2839 quam
1690 2794 2040 2842 interpretationem
2081 2797 2160 2847 ejus
2205 2799 2377 2848 probem.

1366 2849 1509 2883 HEMST.
1540 2847 1595 2883 ἐπὶ
1618 2847 1680 2893 τὴν
1712 2851 1864 2901 κεφαλήν
1893 2854 1937 2890 Θ.
1971 2878 2012 2884 -
2039 2859 2082 2897 41
2115 2854 2211 2907 ὀρθός
2234 2859 2377 2895 Hemst.

1364 2900 1494 2953 ’Ὴγουν
1511 2918 1585 2943 om.
1604 2907 1649 2943 Θ.

1416 2963 1505 3010 954,
1542 2965 1589 3006 43
1626 2965 1869 3005 scribendum
1898 2970 1954 3005 vel
1983 2973 2042 3007 τοῦ
2076 2971 2257 3021 βαλανείου
2291 2986 2376 3010 cum

1363 3022 1506 3058 Hemst.
1528 3023 1586 3059 vel
1608 3023 1695 3060 κατὰ
1716 3025 1755 3062 τὸ
1774 3027 1964 3076 βαλανεῖον.
1986 3031 2106 3067 Dmn.
2127 3029 2179 3070 Τὸ
2197 3032 2375 3082 βαλανεῖον

1362 3078 1530 3128 reliquiae
1549 3089 1637 3117 sunt
1662 3085 1853 3132 sequentis
1888 3086 2040 3135 glossae,
2067 3090 2085 3124 ὃ
2112 3091 2173 3126 τοῦ
2192 3089 2374 3139 βαλανείου

1362 3136 1566 3183 ἐπιστάτης,
1588 3153 1699 3189 quam
1720 3143 1905 3180 exstitisse
1931 3145 1969 3181 in
1992 3146 2202 3196 archetypo
2214 3148 2373 3184 Dorvil-

1360 3192 1449 3229 liani
1470 3195 1610 3233 similes
1630 3198 1777 3235 codices
1798 3200 1945 3239 (locent.
1961 3227 2001 3234 -
2022 3208 2067 3247 44
2091 3205 2226 3253 πρῶτον
2246 3207 2289 3255 τῇ
2305 3204 2371 3242 τοί-

1360 3249 1405 3294 ξει
1429 3256 1520 3302 Reg.

1411 3311 1499 3357 955,
1523 3314 1569 3355 48
1585 3311 1647 3356 ἔξω
1668 3315 1726 3358 ’.ἧς
1748 3315 1789 3352 Θ.
