2453 3808
905 227 1155 268 SCHOLIA
1195 232 1246 269 IN
1281 233 1542 281 EQUITES.
2236 259 2283 290 37

160 311 297 358 στολήν.
328 311 474 365 στρατὸν
505 311 539 348 δὲ
569 310 687 349 λαὸὼν
717 313 820 349 αὐτοῦ
849 314 906 350 ἐπὶ
939 315 1105 367 πορθήσει
1136 319 1195 363 τῆς

159 370 344 419 Ἑλλάδος,
371 369 451 422 περὶ
467 369 529 415 τὴν
554 369 687 408 Ἰωνίαν
715 373 749 408 ἐν
781 372 968 425 Μαγνησίᾳ
996 374 1194 424 γειόμενος,

157 428 258 474 θύων,
283 431 328 470 ὡς
346 428 478 479 εἴρηται
495 428 582 474 ἄνω,
598 429 759 481 τελευτᾷ,
780 429 839 466 καὶ
861 429 949 479 μετὰ
967 432 1110 470 θάνατον
1136 434 1193 471 τὀν

157 485 417 538 μισοὸάρὸαρον
445 486 698 536 ἐνδεικνύμενος
725 487 863 539 τρόπον.
889 489 1131 539 ’λοιμωξάντων
1158 491 1193 529 δὲ

117 555 135 581 5
154 544 360 591 Ἀθηναίων,
375 547 392 582 ὁ
406 545 477 588 θεὸς
487 541 562 582 εἶπε
577 545 738 596 μετάγειν
750 545 792 583 τὰ
804 548 890 584 ὀστᾶ
903 549 1191 598 Θεμιστοκλέους.

154 602 352 652 Μαγνήτων
371 602 406 640 δὲ
422 602 470 653 μὴ
487 603 768 656 συγχωρούντων,
787 605 962 656 ᾐτήσαντο
978 607 1034 644 ἐπὶ
1051 608 1080 644 λ’
1099 607 1191 657 ἡμέ-

153 675 228 713 ραις
246 661 403 711 ε’ναγίσαι
416 664 464 714 τῷ
480 661 592 714 τάφῳ.
609 662 668 699 καὶ
682 663 1001 714 περισκηνώσαντες
1014 664 1052 701 τὸ
1065 665 1190 716 χωρίον

151 718 261 771 λάθρα
278 719 475 769 κομίζουσιν
501 720 722 772 ἀνορύξαντες
747 721 791 758 τὰ
813 723 911 760 ὀστᾶ.
938 721 1131 773 Σύμμαχος
1154 723 1191 760 δέ

151 792 235 829 φησι
250 777 434 830 ψεύδεσθαι
451 778 529 830 περὶ
546 778 834 829 Θεμιστοκλέους.
859 780 941 817 οὔτε
955 778 1020 832 γὰρ
1044 779 1190 831 Ἡρόδο-

98 843 132 869 10
150 850 206 878 τος
221 835 299 874 οὔτε
312 836 526 882 Θουκυδίδης
545 838 686 888 ἱστορεῖ.
704 836 776 874 ἔστι
792 840 873 887 γοῦν
888 837 957 874 ἀπὸ
975 838 1189 889 Σοφοκλέους

149 893 295 942 Ἑλένης

269 987 337 1028 ἐμοὶ
354 987 386 1018 δὲ
400 987 519 1027 λῷστον
532 985 610 1026 αἷμα
623 986 762 1026 ταύρειον
778 989 870 1024 πιεῖν,

267 1034 320 1064 καὶ
335 1034 378 1074 μή
391 1044 418 1064 τι
432 1033 554 1069 πλείους
567 1033 657 1063 τῶνδ’
674 1033 754 1073 ἔχειν
769 1032 954 1073 δυσφημίας.

144 1112 230 1158 τινὲς
246 1114 284 1152 δέ
299 1129 402 1167 φασιν
419 1113 472 1152 ὅτι
491 1116 673 1166 Σοφοκλῆς
691 1114 769 1167 περὶ
786 1113 1066 1162 Θεμιστοκλέους
1084 1115 1185 1153 τοῦτό

92 1183 124 1208 15
144 1188 239 1226 φησι.
259 1172 443 1225 ψεύδονται
458 1171 512 1219 δὲ,
532 1174 571 1209 οὗ
589 1171 657 1225 γάρ
674 1174 747 1210 ἐστι
762 1172 932 1223 πιθανόν.)

193 1245 242 1270 85.
272 1233 402 1281 ἀγαθοῦ
439 1230 600 1281 δαίμονος
634 1243 643 1269 2
682 1230 879 1283 Αἷρομένης
917 1233 979 1276 τῆς
1011 1231 1183 1284 τραπέζης

140 1288 230 1339 μετὰ
245 1288 285 1327 τὸ
298 1290 431 1327 δεῖπνον
449 1289 600 1341 ἄκρατον
613 1289 833 1341 περιεφέρετο
848 1289 908 1327 καὶ
923 1291 1079 1327 ἐκαλεῖτο
1094 1294 1181 1341 ἀγα-

139 1350 197 1385 θοῦ
225 1346 398 1398 δαίμονος.
454 1346 598 1390 Ἄλλως.
628 1347 666 1385 τὸ
690 1350 826 1399 πρῶτον
855 1363 1019 1399 ποτηριον
1052 1350 1180 1398 ἀγαθοῦ

138 1404 297 1456 δαίμονος
320 1405 446 1452 ἔπινον,
474 1404 650 1443 τουτέστιν
678 1408 806 1456 ἀγαθοῦ
836 1408 926 1444 θεοῦ.
953 1406 1121 1458 (εὐφημεῖ
1144 1405 1179 1443 δὲ

85 1480 120 1506 20
136 1462 195 1500 τὸν
214 1463 390 1511 Διόνυσον,
409 1466 456 1506 ὡς
478 1463 622 1515 πάτριον
641 1463 728 1511 θεὸν,
748 1462 867 1509 ἐπειδὴ
897 1463 956 1500 καὶ
976 1479 1010 1500 εν
1030 1467 1073 1515 τῇ
1094 1467 1178 1502 Διο-

136 1520 238 1559 νύσου
266 1525 385 1574 ἑορτῇ,
412 1521 568 1559 τουτέστι
591 1527 661 1565 τοῖς
681 1521 888 1569 Διονυσίοις,
915 1521 1121 1573 ἠγωνίζοντο
1146 1524 1177 1560 οἱ

133 1582 197 1625 τῆς
210 1580 361 1632 ἀρχαίας
377 1579 563 1632 κωμῳδίας
581 1580 753 1629 ποιηταί.)

187 1651 234 1677 86.
262 1637 414 1691 χρηστόν
436 1651 445 1676 :
467 1638 606 1689 ἀγαθὸν,
623 1637 807 1690 συμφέρον.
828 1646 867 1676 R.
890 1645 971 1675 Ποῖ.

185 1710 231 1735 87.
260 1696 340 1750 περὶ
358 1699 463 1734 ποτοῦ
479 1699 561 1747 γοῦν
587 1695 660 1733 ἐστί
675 1711 728 1733 σοι
747 1708 756 1735 t
777 1697 840 1734 οὐκ
866 1698 900 1734 ἐν
926 1694 1053 1748 τούτῳ,
1069 1696 1173 1747 φησὶ,

80 1767 115 1794 25
133 1757 192 1792 νῦν
182 1755 295 1853 88ἡμῗν
310 1753 355 1791 τὰ
370 1753 575 1807 πράγματα.
603 1761 638 1791 V.
663 1761 747 1791 Vict.

182 1812 401 1864 88.e'qoe⁰6v‚
421 1827 533 1872 συμφε
525 1812 605 1864 ’.ρον
627 1819 666 1849 V.

182 1884 230 1911 89.
261 1870 405 1921 (ἄληθες
423 1874 554 1913 οὗτος;
582 1869 898 1923 Προπαροξυτόνως
922 1870 1171 1921 ἀναγνωστέον.

132 1928 219 1976 αὕτη
238 1928 306 1981 γὰρ
326 1931 452 1981 χρῆσις
474 1931 542 1966 τῶν
562 1928 780 1975 Ἀττικων,“
760 1944 816 1967 οτε
837 1927 1000 1979 σημαίνει
1021 1928 1060 1966 τὸ
1081 1930 1170 1976 ἀλη-

130 1986 195 2031 θές.
209 1986 266 2025 ὅτε
285 1986 320 2025 δὲ
337 1986 509 2034 ὀξύνεται,
528 1986 567 2024 τὸ
586 1985 720 2037 ὄνομα.)
987 2038 1007 2047 .-

77 2059 112 2087 ³0
181 2045 585 2118 κρουνογυτροληραιον;
604 2045 694 2083 Ἀντὶ
711 2048 789 2091 τοῦ,
807 2044 957 2118 φλύαρος
975 2049 1016 2082 εἰ.
1031 2044 1170 2097 κρουνός

129 2102 197 2156 γαρ
215 2103 255 2141 τὸ
269 2102 380 2155 χύδην
403 2103 464 2141 καὶ
489 2102 637 2162 ἀκρίτως
663 2103 722 2140 καὶ
744 2102 874 2155 ἀθρόως
900 2104 986 2155 ρέον.
1008 2105 1151 2155 λῆρον
1133 2120 1168 2141 οε

128 2160 168 2198 τὸ
185 2160 344 2212 μάταιον.
370 2161 550 2208 συνέθηκεν
577 2164 634 2198 οὖν
662 2161 749 2210 (ἀπὸ
767 2164 826 2198 τοῦ
854 2166 996 2212 κρουνοῦ
1025 2161 1085 2199 καὶ
1109 2166 1168 2200 τοῦ

127 2219 258 2272 ληρεῖν,
277 2219 414 2265 καὶτῆς
427 2217 577 2270 χύτρας,
595 2218 802 2264 ἀναισθητου
823 2218 942 2265 οὔσης,
959 2218 1015 2256 ινα
1035 2219 1074 2257 τὸ
1090 2220 1168 2258 ὅλον

128 2276 269 2328 δηλώσῃ
284 2276 341 2314 τὸν
357 2276 562 2323 ἀναίσθητον
579 2276 638 2313 καὶ
659 2276 801 2322 ἀνόητον
817 2292 877 2314 και
896 2292 996 2329 περιτ
985 2277 1088 2315 το)ο’·
1079 2281 1166 2349 γον).

74 2349 109 2375 85
179 2348 226 2374 91.
245 2335 335 2373 οἴνου
357 2334 425 2387 γὰρ
453 2350 562 2386 ευροις
589 2333 628 2371 ἄν
651 2350 684 2371 τι
711 2334 1090 2387 εΠρακτικώτερον,ἐ
1076 2335 1168 2388 εξερ-

126 2392 390 2446 γαστικώτερον.
412 2392 607 2445 Ὁμηρικὸν
630 2397 680 2439 [Il.
698 2401 740 2439 Z,
761 2397 823 2439 261]
844 2393 883 2431 τὸ
903 2393 1029 2444 νόημα·

249 2486 332 2527 ἀνδρὶ
346 2486 378 2517 δὲ
394 2488 553 2526 κεκμηῶτι
571 2486 659 2526 μένος
674 2486 753 2526 μέγα
770 2486 851 2523 οἶνος
868 2487 958 2523 ἀέξει

128 2566 322 2618 (Ηρόδοτος
345 2565 381 2604 δὲ
401 2567 539 2618 [1,133]
563 2582 639 2609 τους
657 2566 797 2627 Πέρσας
824 2571 943 2606 τοῦτον
961 2568 1018 2606 τὸν
1038 2569 1164 2621 τρόπον

129 2624 351 2676 βουλεύεσθαί
367 2640 482 2677 φησιν.
505 2627 534 2662 εἷ
555 2625 618 2675 μὲν
639 2629 696 2663 οὐν
717 2626 963 2675 εἷσηγῆσαιντό
982 2643 1015 2664 τι
1037 2643 1163 2681 νηφον-

73 2703 110 2731 ⁴0
129 2699 199 2730 τες,
220 2682 441 2734 βουλεύεσθαι
460 2683 540 2735 περὶ
557 2683 677 2721 τούτου
698 2685 732 2721 ἐν
751 2683 837 2735 μέθη
858 2684 918 2722 καὶ
939 2689 1076 2738 κυροῦν,
1099 2703 1162 2733 νη-

125 2756 242 2794 φοντες
252 2738 288 2778 δὲ
301 2742 494 2792 ἐπικυροῦν.
523 2741 668 2784 Ἄλλως.
681 2742 865 2793 Ἡρόδοτός
876 2759 960 2795 φησι
975 2743 1164 2794 μέλλοντας

124 2797 202 2840 τοὺς
195 2797 357 2894 2Πέρσας
378 2797 601 2849 βουλεύεσθαι
621 2799 789 2850 μεθύειν.)

195 2855 399 2907 2.(ὃρας”
378 2871 460 2894 οταν
487 2856 633 2895 πίνωσιν
664 2872 673 2897 2
704 2857 799 2911 Ὅρα
822 2859 879 2896 τὸν
900 2860 1159 2913 Ἀριστοφάνην,

126 2912 318 2966 ἀρχόμενον
342 2912 409 2965 γὰρ
428 2913 645 2965 σκέμματος,
677 2917 930 2968 μεθύσκεσθαι,
951 2918 1007 2956 ἰ’να
1029 2919 1076 2970 μὴ
1100 2921 1160 2967 νί-

73 2986 197 3024 ςςφων
210 2969 364 3021 δειλιάσῃ
381 2973 559 3024 κωμῳδεῖν
581 2974 751 3024 μεγάλους
772 2975 920 3028 ἄνδρας.)

178 3041 223 3067 93.
253 3029 440 3066 πλουτοῦσι
469 3041 478 3067 :
506 3030 696 3075 Μεθύοντες
723 3037 834 3070 ταῦτα
875 3034 1156 3085 ἐπαγγέλλονται.

131 3091 214 3123 Vlct.
233 3085 508 3137 διαπραττουσιε
527 3089 722 3139 εὐτυ-χοῦσι.
746 3098 780 3128 V.
803 3099 887 3129 Vict.

176 3157 223 3181 95.
252 3142 342 3181 οἴνου
357 3148 453 3193 χοᾶε
474 3145 566 3187 Χοῦς
585 3145 707 3216 μέτρον
727 3148 880 3187 Ἀττικον
896 3154 1032 3203 ’χωροῦν
1057 3151 1159 3189 κοτύ-

125 3199 187 3243 λας
207 3200 256 3245 η’.
278 3199 351 3237 ἔστι
369 3199 405 3236 δὲ
425 3199 484 3237 καὶ
504 3201 601 3253 ἑορτὴ
629 3203 806 3251 Ἀθήνησιν
827 3209 857 3244 οἱ
873 3207 973 3250 Χόες.
991 3208 1158 3255 κέκληται

73 3273 110 3298 50
127 3254 202 3293 δὲ’
183 3256 252 3295 απὸ
268 3257 430 3304 τοιαύτης
448 3257 571 3301 αἰτίας.
590 3260 758 3311 Ὀρέστης
774 3263 863 3312 μετὰ
876 3281 939 3311 την
955 3282 1017 3311 της
1031 3267 1158 3318 μητρὸς

126 3313 300 3366 ἀναίρεσιν
325 3309 428 3361 ἦλθεν
452 3316 500 3358 εἷς
516 3315 577 3358 τας
596 3316 736 3362 Ἀθηνας
763 3320 895 3372 παρὰ
879 3322 935 3359 τὸν
961 3324 1156 3372 Πανδίονα,

1212 975 1215 978 ’
1242 952 1310 1005 γὰο
1342 971 1376 992 SV
1407 971 1628 1011 uffoxomffgnu
1658 959 1806 1012 εἴρηΥΞν.

1254 319 1450 366 Αθηναίων.
1473 322 1681 361 κατέὶαὸεδ
1663 339 1698 362 οε
1719 326 1819 364 αὐτον
1844 329 1992 380 ευωχίαν
2012 332 2087 370 τινα
2111 335 2284 385 δημοτε)η

1251 382 1427 418 ποιοῦντα.
1457 382 1474 417 ὁ
1500 380 1609 419 τοίνυν
1637 383 1797 421 Πανδίων
1825 388 2128 461 παραπέμψασθαι
2147 392 2208 443 μὲν
2227 411 2285 432 τον

1252 434 1421 487 Ὀρέστην
1435 437 1631 488 αἰδούμενος
1639 456 1866 487 ,κοινωνησαι
1877 443 1912 482 δε
1926 451 2030 485 ποτοῦ
2045 464 2104 487 και
2115 451 2286 503 τραπέζης

1251 493 1407 536 ἀσείες
1391 510 1412 539 η
1416 496 1596 545 γούμενος,
1618 514 1665 547 μη
1680 500 1830 550 καθαρθέ
1832 517 1903 545 ντος
1919 505 2022 542 αὐτοῦ
2039 523 2095 545 τον
2115 508 2225 560 φόνον,
2240 513 2286 553 ὡς

1250 549 1290 586 ἂν
1308 551 1356 600 μὴ
1378 553 1446 589 ἀπο
1467 557 1524 591 τοῦ
1546 557 1648 592 αυτοῦ
1670 571 1840 609 κρατηρος
1857 559 1966 608 πίν,οι
1988 563 2045 600 ἕνα
2063 567 2198 619 ἑκάστῳ
2216 584 2282 605 των
2303 589 2318 613 5

1248 608 1404 658 κεκλημέ
1405 625 1470 646 νων
1490 626 1578 662 παρ;
1565 611 1665 658 ζ’θηκε
1684 618 1782 664 γοῦν.

1300 679 1344 703 97.
1375 669 1423 703 τῶ
1445 669 1494 704 a&
1525 671 1638 720 ποτῷ,
1660 671 1735 708 ἀντὶ
1755 675 1814 708 τοῦ
1834 673 1924 717 τίνος
1941 679 2008 724 7,μῖ
2009 694 2024 714 ν
2045 685 2151 718 κακοῦ
2178 683 2284 726 αἴτιος

1247 722 1322 773 ἔσῃ.
1340 732 1376 761 R.

1303 794 1348 818 99.
1378 782 1574 820 καταπάσω
1592 799 1599 822 ;
1618 786 1815 838 Πληρώσω.
1839 795 1872 824 V.
1891 792 2035 840 γεμίσω.
2055 802 2092 830 V.
2120 803 2200 833 Vict.
2219 813 2282 834 κα-

1244 840 1448 877 ταποικιλῶ.
1472 847 1509 876 R.
2305 877 2334 900 ¹0

1299 910 1360 935 100.
1392 897 1451 934 καὶ
1469 899 1602 937 νοϊδίων
1626 915 1633 939 :
1652 904 1868 943 Λεπτῶνκαὶ
1885 923 1927 956 υ.ε
1914 923 2126 960 μεριμνημε
2120 909 2208 949 ’.νων
2232 915 2282 961 (οὗ

1839 944 1982 1009 Ἄλλως.
2013 967 2280 1019 διανοημάτων.)

1243 1026 1386 1063 παρηγα
1389 1028 1426 1063 γε
1448 1013 1482 1050 δὲ
1500 1016 1568 1051 ἀπὸ
1588 1020 1646 1053 τοῦ
1660 1019 1708 1054 πλ
1710 1022 1891 1064 ηθυντικοῦ
1907 1027 1966 1060 τοῦ
1981 1026 2011 1061 οἱ
2032 1028 2085 1062 νοῒ
2102 1026 2140 1063 τὸ
2157 1026 2281 1065 νοίδιον

1242 1070 1517 1121 ὑποκοριστικόν.
1553 1074 1661 1122 (τινὲς
1694 1076 1747 1123 δὲ,
1781 1080 1982 1130 ὀνειδισμων
2009 1097 2068 1119 και
2105 1085 2280 1137 λοιδοριῶν

1242 1125 1310 1163 ἀπο
1322 1131 1383 1164 τοῦ
1400 1128 1490 1167 οἴνου
1511 1130 1569 1167 καὶ
1589 1144 1650 1177 της
1670 1133 1792 1183 μέθης,
1814 1140 1962 1188 κακῶς.)
2304 1163 2333 1186 15

1295 1198 1356 1223 103.
1387 1186 1566 1225 ἐπιπαστα
1601 1190 1754 1234 λείξας·
1746 1224 1754 1231 .
1786 1194 1841 1231 Τα
1870 1197 2134 1247 ἐπιπασσόμενα
2167 1199 2280 1249 μέλιτι

1240 1242 1380 1297 ἄλευρα.
1404 1245 1515 1295 (ἔτνος
1542 1246 1595 1293 63,
1627 1248 1668 1294 ἣν
1691 1250 1821 1303 ἀθάραν
1843 1252 1973 1304 ἔλ·.εγον
2002 1256 2061 1293 καὶ
2079 1257 2118 1294 τὸ
2146 1258 2280 1296 πίσινον

1238 1301 1370 1353 ἔψη-ια.
1400 1304 1443 1340 τὰ
1464 1303 1498 1341 δὲ
1519 1305 1647 1357 άλριτα
1674 1308 1826 1362 δημοσία
1864 1312 2119 1365 πιπράσκεται.
2145 1316 2217 1359 ἔθος
2244 1318 2278 1355 δὲ

1237 1364 1329 1411 εἰχον
1349 1364 1459 1399 ποιεῖν
1479 1365 1700 1409 πλακοῦντας
1717 1366 1738 1412 ἢ
1757 1367 1880 1419 ἄρτους
1899 1386 1959 1408 και
1977 1372 2181 1410 ἔπιπάσσειν
2202 1376 2278 1412 τινὰ

1235 1418 1485 1469 καρυκεύματα
1521 1422 1639 1472 [ἤγουν
1675 1425 1859 1476 ἀρτύματα
1895 1429 1997 1479 lica]
2030 1431 2181 1483 ἁλμυρά.
2218 1435 2276 1471 καὶ
2297 1450 2330 1473 26

1235 1475 1291 1512 δια
1308 1480 1407 1514 τοῦτο
1423 1477 1488 1529 ἔρη
1505 1495 1548 1516 τα
1569 1480 1774 1533 ἐπίπαστα.)

1288 1534 1522 1587 δημιόπραθ’ζ
1509 1553 1526 1574 ο
1542 1537 1739 1588 βάσκανος;
1757 1540 1846 1579 Τὰ
1827 1544 1980 1596 δημοσία
1992 1560 2274 1598 πιπρασκομενα,

1233 1592 1272 1628 ἐκ
1280 1591 1493 1643 δημεύσεως
1488 1595 1634 1633 καὶτῶν
1643 1611 1682 1643 οη
1687 1598 1926 1650 μευομωων)
1908 1600 1963 1638 ὀιὰ
1971 1602 2115 1641 Κλέωνα
2125 1606 2273 1654 (οὐσιῶν.

1233 1648 1254 1695 ἢ
1273 1650 1406 1699 δημιόπ
1394 1667 1496 1703 ρατα
1518 1652 1593 1701 ἕμιξ
1579 1669 1630 1697 εν
1647 1658 1693 1698 ὡς
1713 1671 1751 1693 εκ
1772 1657 1938 1707 δημοσίου
1958 1660 2150 1711 πράγματα
2169 1665 2274 1701 αυτοῦ

1231 1709 1433 1761 κλέψαντος.
1489 1691 1630 1755 Ἄλλως.
1642 1728 1685 1749 τα
1702 1713 1758 1751 τὸν
1773 1715 1881 1764 δημον
1896 1716 2123 1769 ἐξωνούμενοι.
2145 1722 2272 1774 τῶγὰρ
2293 1742 2325 1767 25

1230 1765 1340 1817 λέγειν
1358 1783 1407 1820 τῳ
1427 1767 1529 1842 δημῳ
1545 1771 1782 1822 κεχαρισμένα
1800 1774 1919 1812 ὠνεῖτο
1939 1777 2007 1819 τοῖς
2029 1777 2192 1822 τοιούτοις
2211 1780 2272 1818 λό-

1229 1839 1300 1875 γοις
1315 1824 1377 1872 τὴν
1398 1826 1481 1878 παρ’
1498 1828 1602 1865 αὐτοῦ
1618 1827 1776 1881 εὔνοιαν.)

1284 1896 1346 1921 104.
1378 1883 1433 1936 (ῥέ
1417 1899 1536 1955 γκειε

1229 1940 1377 1992 πάσχειν
1398 1957 1477 1985 τους
1496 1958 1538 1992 με
1525 1942 1739 1991 „edom-ag,
1723 1962 1742 1991 η
1764 1945 1842 1989 τοὺς
1859 1947 1987 1991 υπτίως
2008 1950 2271 2001 ἀνακειμένους,

1228 1995 1346 2050 ὥσπερ
1366 2014 1425 2036 και
1446 1999 1545 2043 αὐτος
1562 2000 1734 2046 ἐδηὶωσεν
1755 2005 1789 2040 ἐν
1803 2010 1879 2047 ταῖς
1895 2005 1952 2065 ἐξ]
1946 2023 1970 2052 ,ς
1988 2006 2130 2055 λέξεσιν,
2149 2010 2269 2061 εἰπὼν,
2290 2030 2324 2054 30

1228 2057 1291 2093 «ἐν
1316 2062 1391 2099 ταῖς
1410 2057 1588 2110 βύρσαις
1579 2057 1707 2103 ύπτιος.
1728 2061 1875 2113 »ῥέγκει
1897 2079 1955 2100 ουν
1973 2065 2048 2102 ἀντὶ
2078 2070 2155 2113 τοῦ,
2172 2083 2268 2105 ποιον

1226 2118 1313 2165 ἦγον
1331 2116 1491 2152 ἀποτελει
1508 2132 1550 2167 τῃ
1573 2116 1662 2169 ρινί.)

1281 2173 1367 2222 (105).
1398 2173 1544 2224 ἐγκάναξ
1548 2189 1610 2213 ov:
1623 2174 1772 2227 Ἔγχεε,
1785 2178 1989 2219 ἐκκενωσον.
2006 2181 2142 2231 λέγεται
2159 2199 2193 2220 νε
2211 2184 2267 2221 επὶ

1225 2232 1292 2266 τῶν
1307 2230 1437 2281 ἀθρόως
1450 2231 1628 2270 πινόντω)
1643 2234 1722 2284 [οἱ
1704 2233 1739 2272 οὲ
1757 2235 1813 2272 ἐπι
1828 2236 1972 2288 θορύὸου
1990 2238 2153 2277 τάττουσι
2167 2245 2267 2278 τοῦτο

1226 2287 1321 2339 παρὰ
1332 2287 1574 2340 τὴνκαναχην.
1587 2307 1607 2337 η
1611 2307 1690 2341 γουν
1703 2292 1791 2342 μετὰ
1802 2293 1911 2346 ψοφου
1926 2294 1946 2333 ἔ
1945 2311 2057 2348 (A30V.
2062 2298 2137 2348 ]—-
2148 2300 2318 2350 710063-335

1225 2361 1345 2395 νεγκε,
1367 2345 1498 2397 3'x730v.
1522 2355 1559 2383 R.

1280 2404 1368 2453 (107).
1397 2420 1460 2450 την
1477 2408 1535 2443 τοῦ
1553 2405 1712 2456 δαίμονος
1727 2411 1786 2446 τοῦ
1806 2410 2016 2461 Πραμνίου;
2040 2414 2138 2450 Τοῦ
2116 2429 2264 2482 προσ-ην

1224 2463 1311 2503 νοῦς.
1340 2460 1416 2506 ἤτοι
1445 2462 1514 2499 ἀπὸ
1542 2467 1603 2510 τῆς
1631 2465 1818 2536 Πραμνίας
1848 2467 2068 2516 ἀμπέλου,
2049 2486 2071 2515 η
2107 2472 2174 2509 ἀπὸ
2206 2478 2263 2510 το’5

1223 2533 1386 2569 πραυνειν
1406 2519 1444 2556 τὸ
1465 2519 1573 2570 μένος.
1592 2521 1614 2567 ἢ
1633 2521 1688 2559 δια
1704 2522 1743 2559 τὸ
1759 2524 1983 2576 πολυγρόνιον
2000 2528 2223 2579 παραμένειν.
2241 2530 2262 2576 ἢ

1223 2577 1257 2612 ἐν
1288 2576 1456 2629 Πραμνία
1481 2579 1592 2647 πέτρα
1621 2580 1818 2629 γινομένου,
1842 2582 1884 2632 [ἢ
1911 2583 1994 2634 πρὸς
2022 2600 2084 2630 την
2112 2586 2258 2639 Θρακην
2282 2601 2339 2635 40‘

1221 2633 1324 2672 ε’στίν.
1365 2632 1428 2673 ''AJ
1430 2636 1536 2679 λως.
1519 2652 1553 2673 οε
1547 2636 1591 2674 ὀν
1603 2639 1722 2684 εἰπεῖν,
1737 2638 1866 2684 τὴντοῦ
1875 2640 2035 2689 δαίμονος
2044 2647 2103 2681 τοῦ
2115 2646 2261 2694 ἀγαθοῦ,

1552 1884 1619 1923 Δια
1632 1890 1690 1924 τοῦ
1706 1903 1739 1926 κ.
1755 1888 1971 1938 συμὸαίνει
1953 1890 1987 1928 οὲ
2002 1891 2155 1941 μάλιστα
2173 1899 2273 1934 τοῦτο

1223 2696 1298 2729 εἰπε
1316 2693 1560 2744 Πραμνίου,’
1545 2695 1663 2742 επειοη
1683 2699 1700 2733 ὃ
1720 2697 1900 2769 Πράμνιος
1920 2703 2008 2742 οἰνος
2029 2702 2261 2752 πολυτίμητος

1221 2751 1325 2787 ἔστιν.
1342 2750 1363 2796 ἢ
1372 2766 1505 2809 παρα
1488 2752 1550 2789 τὸε
1538 2755 1626 2802 ,’μμε
1619 2752 1696 2790 ’νειν
1714 2754 1772 2791 καὶ
1789 2754 1837 2804 μὴ
1857 2756 1998 2794 ἑστάναι
2015 2758 2071 2795 τὸν
2086 2759 2240 2798 πίνοντα.
2246 2763 2259 2811 ]

1275 2822 1337 2847 108.
1367 2812 1395 2846 ὠ
1415 2810 1563 2858 δαῖμονε
1587 2809 1672 2869 [Ὡς
1691 2812 1891 2860 ἐμπνευσθε
1887 2829 1914 2855 ις
1932 2814 1992 2851 καὶ
2009 2815 2075 2862 ἤδη
2091 2817 2260 2861 πεπωκὼς

1219 2865 1320 2903 τοῦτο’
1344 2865 1462 2925 φησι]
1489 2870 1588 2903 τοῦτο
1612 2871 1705 2904 εἶπεν
1727 2871 1772 2911 ὡς
1788 2869 1876 2906 πιὼν
1906 2871 1964 2907 καὶ
1985 2872 2090 2924 εὑρων
2111 2890 2154 2913 τ’.
2177 2876 2259 2927 πρὸς
2277 2898 2310 2923 45

1219 2921 1285 2974 γὰρ
1305 2923 1361 2960 τὸν
1382 2928 1469 2961 οἶνον
1488 2923 1528 2961 λέ
1530 2939 1594 2973 γει.
1612 2930 1650 2961 R.

1272 2993 1332 3018 109.
1362 2996 1401 3017 το
1421 2981 1551 3031 βιοὶίον
1573 2985 1637 3020 τῶν
1657 2987 1838 3034 χρησμῶν.
1858 2992 1894 3022 R.

1272 3051 1332 3075 112.
1363 3037 1487 3089 δέδοιχ’
1510 3037 1602 3082 ὅπως
1622 3052 1630 3078 :
1652 3040 1821 3088 Δέδοικα,
1841 3043 1942 3094 φησὶ,
1965 3044 2013 3093 μὴ
2036 3045 2092 3083 διὰ
2109 3047 2166 3084 τὸν
2180 3048 2256 3085 δαί-

1217 3111 1305 3145 μονα
1322 3095 1380 3132 τὸν
1400 3096 1526 3146 ἀγαθὸν
1547 3097 1652 3168 1679)
1663 3101 1812 3136 κακοῦ
1793 3101 1964 3150 δαίμονος.

1851 3158 1964 3202 Μόνος
1991 3161 2170 3211 γενόμεαος
2195 3164 2252 3200 καὶ
2273 3186 2306 3209 50

1217 3210 1341 3259 υηκέτι
1360 3211 1612 3261 κωλυούενοςε
1599 3213 1654 3265 632⁹
1682 3214 1798 3267 ἑτέρου
1826 3215 2025 3270 ἀδεέστερον
2052 3219 2162 3266 πίνει,
2192 3220 2253 3262 ἕως

1216 3269 1341 3312 ἐκεῖνος
1357 3269 1490 3322 ἐκφέρει
1506 3285 1583 3313 τους
1602 3272 1793 3323 χρησμούς.

1269 3340 1330 3364 114.
1361 3326 1455 3379 ἄρδω
1478 3341 1485 3365 ;
1509 3327 1661 3366 Ποτίσω.
1679 3329 1742 3376 την
1760 3330 1795 3368 δὲ
1816 3331 1944 3382 τροπὴν
1960 3332 2083 3371 ἔλαὸεν
2098 3333 2166 3370 ἀπὸ
2183 3337 2248 3371 τῶν

1271 3165 1331 3191 113.
1359 3169 1439 3205 :Pis-’⁶2
1466 3170 1524 3191 νυ)
1551 3171 1619 3205 310)
1656 3172 1779 3207 μαυῒὺ)
1811 3172 1819 3196 Ξ

127 3374 272 3421 συγγενῆ
296 3371 552 3420 καθεστηκότα,
579 3372 614 3416 ὃς
641 3373 741 3426 ἔτυγε
767 3376 844 3413 τότε
871 3380 975 3428 βασι)
978 3380 1062 3418 εύων
1088 3384 1154 3419 τῶν
1181 3369 1186 3405 ¹
1214 3385 1340 3435 φυτῶν.
