2533 3808
124 239 170 272 72
864 214 1115 254 SCHOLIA
1149 214 1206 251 [Ν
1242 213 1500 261 EQUITES.

124 317 200 355 ἀντὶ
224 318 284 353 τοῦ
316 315 361 356 εἷς
391 311 527 360 ὄλεθρον
556 307 632 345 κατ’
668 302 898 356 εὖφημισμόν.
924 301 1000 339 ἐπεὶ
1030 300 1090 338 καὶ
1122 301 1153 337 οἷ

72 370 78 407 Ῐ
124 376 303 414 τεθνεῶτες
332 373 524 419 μακαρῖται
553 364 723 415 λέγονται.

126 429 335 483 (Ηρακλέους
366 424 533 475 θυγάτηρ,
565 422 607 468 ἣν
641 422 672 459 οἷ
709 419 883 465 Ἀθηναῖοι
916 416 1003 469 ὑπὲρ
1042 418 1155 453 αὐτῶν

126 490 364 526 ἀποθανοῦσαν
386 482 582 522 πολυτελῶς
605 478 747 530 ἔθαψαν.
806 498 858 505 —-
881 475 1027 518 Ἄλλως.
1059 471 1151 511 κατὰ

91 562 106 585 5
126 546 187 592 τὴν
229 541 428 594 Εὐρυσθέως
462 539 521 577 ἐπὶ
560 536 621 579 τὰς
652 535 796 582 Ἀθήνας
834 533 1020 587 στρατείαν
1056 532 1157 582 λόγος

127 600 340 654 Ἡρακλέους
359 596 530 648 θυγατέρα
553 594 743 647 Μακαρίαν
760 593 912 642 τοῦνομα
933 589 1057 636 ἑαυτὴν
1072 588 1159 641 ὑπὲρ

127 663 186 706 τῆς
201 658 333 698 πόλεως
350 659 395 700 εἷς
412 654 547 708 σφαγὴν
563 653 783 703 μεταδοῦναι.
798 649 875 692 τοὺς
892 643 949 687 οῦν
965 646 1162 694 Ἀθηναίους

128 717 218 756 κατὰ
247 714 351 766 τιμὴν
384 717 443 760 τῆς
474 711 597 754 παιδὸς
630 712 733 748 αὐτοῦ
766 709 851 755 ἄνθη
883 707 943 745 καὶ
975 705 1162 759 στεφάνους

126 775 425 830 παρακελεύεσθαι
441 774 510 814 τοῖς
531 770 666 815 ἄλλοις,
686 771 731 812 ὡς
752 767 815 813 τὴν
836 765 1033 817 παροιμίαν
1051 764 1161 802 ἐλθεῖν

78 848 110 871 ιυ
129 835 188 873 καὶ
206 834 263 872 ἐπὶ
279 835 348 871 τῶν
367 827 661 883 προθυμουμένων
680 843 725 865 τι.
748 820 842 868 αὖθις
863 824 897 863 δὲ
915 838 1161 875 καταχρηστι-

129 896 196 936 κῶς
221 892 280 930 καὶ
311 891 368 928 ἐπὶ
400 889 516 935 πάσης
542 885 773 940 ἀφοσιώσεως.
800 898 841 926 V.
903 881 1062 934 [Ἄλλως.
1091 896 1164 918 πα-

132 951 327 1002 ροιμιῶδες,
347 949 448 1001 βάλλ’
476 950 522 990 εἷς
549 944 736 997 μακαρίαν.
763 945 793 981 οἱ
818 941 880 992 μὲν
908 941 984 979 κατ’
1012 941 1164 993 εὐφημι-

132 1010 218 1060 σμὸν
235 1007 390 1053 ἐδέξαντο
405 1006 566 1056 λέγεσθαι
577 1003 652 1041 ἀντὶ
667 1006 740 1049 τοῦ,
755 1000 853 1053 βάλλ’
871 1002 917 1043 εἷς
932 997 1164 1044 δειλαιότητα.

133 1066 321 1120 Μακαρίαν
347 1066 414 1117 γὰρ
448 1066 482 1101 ἐν
516 1060 621 1118 εᾉδου
655 1059 780 1113 χωρίον
810 1060 1046 1097 διατυποῦσιν.
1073 1058 1103 1094 οἱ
1130 1054 1165 1093 δὲ

82 1141 113 1165 15
133 1126 195 1171 τὴν
223 1123 412 1176 Μακαρίαν
438 1120 608 1173 θυγατέρα
635 1118 719 1171 φασὶ
744 1121 802 1155 τοῦ
824 1114 1051 1168 “Ηρακλέους.
1072 1114 1095 1160 ἥ
1126 1129 1166 1164 γε

131 1183 223 1222 κατὰ
247 1182 310 1229 τὴν
335 1182 391 1220 ἐπὶ
410 1180 470 1224 τὰς
496 1178 637 1225 Ἀθήνας
656 1175 858 1229 Εὐρυσθέως
875 1174 1074 1227 στρατείαν,
1098 1175 1167 1210 τῶν

134 1240 320 1288 Ἀθηναίων
362 1239 409 1290 μὴ
449 1236 651 1276 ἐκδιδόντων
688 1237 782 1287 αὐτῷ
818 1233 897 1276 τοὺς
934 1232 979 1271 ‘H
987 1231 1169 1284 ρακλείδας

134 1299 218 1351 πρὸς
244 1298 301 1336 τὸν
321 1301 380 1335 τοῦ
399 1295 522 1335 Ἐλέου
551 1293 666 1346 βωμὸν
693 1290 980 1343 καταφυγόντας,
1004 1291 1167 1341 χρησμοῦ

135 1357 305 1408 δοθέντος,
322 1356 398 1399 τοὺς
425 1353 621 1400 Ἀθηναίους
647 1350 812 1397 νικήσειν,
834 1349 932 1391 εἴτις
955 1350 1024 1386 τῶν
1055 1347 1169 1399 Ἥρα-

82 1429 116 1453 20
135 1417 278 1454 κλειδῶν
305 1414 390 1467 πρὸς
418 1412 563 1452 θάνατον
594 1410 746 1449 ἑκούσιον
777 1409 866 1460 ἐκδῷ
896 1406 1031 1452 ἑαυτὸν,
1061 1404 1169 1443 κατέ-

104 1472 109 1475 ’
136 1474 261 1527 σφαξεν
294 1472 432 1520 ἑαυτὴν,
463 1474 509 1514 ὡς
540 1472 574 1507 ἐν
607 1466 852 1521 (Ηρακλείδαις
884 1464 1088 1517 Εὐριπίδης.
1129 1458 1172 1509 ἧς

136 1534 195 1570 τὸν
209 1532 316 1585 τάφον
336 1531 451 1568 ἄνθεσι
470 1528 530 1566 καὶ
548 1525 727 1576 στεφάνοις
743 1527 911 1575 τιμῶντες
931 1524 962 1559 οἱ
980 1522 1172 1568 Ἀθηναῖοι,

136 1594 182 1634 ὡς
205 1594 272 1628 τῶν
304 1588 470 1642 Ἀργείων
502 1584 737 1634 ἡττηθέντων,
778 1581 954 1632 ἐπέλεγον,
994 1579 1094 1631 βάλλ’
1128 1581 1175 1622 εἷς

137 1648 341 1701 Μακαρίαν.
372 1647 410 1685 τὸ
443 1645 503 1696 μὲν
533 1639 591 1683 οῦν
620 1645 756 1695 πρῶτον
793 1640 850 1678 ἐπὶ
879 1641 948 1677 τῶν
981 1638 1060 1677 κατ’
1089 1639 1174 1690 ἀρε-

84 1729 118 1753 25
138 1706 201 1754 τὴν
250 1706 411 1744 διδόντων
456 1703 599 1746 ἑαυτοὺς
654 1703 700 1744 εἷς
746 1699 893 1737 θάνατον
939 1699 961 1742 ἡ
1004 1695 1175 1748 παροιμία

138 1764 288 1816 ἐλέγετο.
323 1763 465 1815 ὕστερον
506 1760 542 1799 δὲ
572 1760 631 1799 ἐπὶ
657 1758 774 1805 πάσης
807 1754 1040 1810 ἀφοσιώσεως.
1074 1753 1177 1806 φθόρε

139 1823 192 1871 δὲ,
210 1823 339 1875 ὄλεθρε,
358 1819 569 1874 φθοροποιέ.]

194 1896 272 1920 1158.
303 1875 402 1932 [οἷσθ’
423 1872 479 1917 οῦν
501 1879 518 1916 ὃ
539 1878 665 1929 δρᾶσον
691 1890 698 1913 :
720 1873 872 1913 Ἀττικὸν
904 1871 979 1909 ἀντὶ
1006 1873 1067 1908 τοῦ
1092 1869 1178 1923 δρά-

141 1941 240 1990 σεις]
1045 1941 1049 1946 ·

88 2017 121 2041 :30
197 2012 275 2037 1152).
307 1996 375 2034 ἀπὸ
392 1996 566 2047 βαλῦίδων
584 2008 593 2034 :
614 1992 747 2036 Βαλὸὶς
759 1994 781 2038 ἢ
798 1990 918 2043 ἄφεσις
931 1989 998 2026 τῶν
1013 1985 1178 2039 δρομέων.

143 2055 349 2106 μετήνεγκεν
368 2049 424 2092 οῦν
445 2054 513 2092 ἀπὸ
530 2055 597 2091 τῶν
614 2051 694 2103 περὶ
712 2049 857 2103 δρόμους
875 2045 1126 2098 ἁμιλλωμένων
1145 2046 1179 2082 ἐν

141 2115 211 2157 τοῖς
225 2115 344 2163 ἀγῶσι.
359 2112 499 2164 [βαλδὶς
514 2110 548 2149 δὲ
567 2110 726 2148 καλεῖται
742 2107 781 2145 τὸ
797 2108 831 2144 ἐν
850 2108 893 2156 τῇ
914 2106 1006 2157 ἀρχῇ
1024 2106 1083 2141 τοῦ
1103 2103 1181 2154 δρό-

148 2187 214 2222 μου
230 2171 385 2222 κείμενον
405 2169 595 2223 ἐγκαρσίως
611 2167 721 2213 ξύλον,
741 2166 758 2204 ὃ
774 2164 834 2203 καὶ
851 2161 1039 2216 ἀφετηρίαν
1056 2162 1183 2199 καλοῦ-

145 2246 210 2270 σιν.
243 2229 326 2282 ὅπερ
356 2228 444 2279 μετὰ
472 2228 513 2265 τὸ
539 2227 785 2276 ἑτοιμασθῆναι
812 2220 889 2264 τοὺς
915 2220 1053 2272 δρομεῖς
1080 2222 1126 2262 εἷς
1143 2219 1186 2257 τὶ,

90 2305 123 2330 35
144 2285 571 2342 δραμεῖν,ιάφαιρούμενοι
594 2283 739 2337 ἀφίεσαν
761 2279 909 2333 τρέχειν.
992 2275 1136 2321 Ἄλλως.
1159 2280 1182 2324 ἡ

144 2346 210 2383 ὑπὸ
220 2345 281 2392 τὴν
291 2345 453 2395 ὕσπληγα
461 2342 623 2395 γινομένη
638 2337 806 2393 γραμμὴ,
818 2336 875 2375 διὰ
886 2335 924 2374 τὸ
939 2337 993 2374 ἐπ’
1009 2337 1115 2382 αὐτῆς
1127 2339 1185 2387 βε-

147 2403 290 2449 ὅηκέναι
317 2402 393 2445 τοὺς
415 2400 583 2454 δρομέας,
610 2398 733 2451 βαλὸὶς
752 2398 929 2441 καλεῖται,
951 2393 1018 2431 ἀπὸ
1037 2398 1097 2433 τοῦ
1119 2396 1186 2432 εἷσ-

147 2461 336 2498 6άλλεσθαι
355 2460 478 2511 βάδην.
496 2461 632 2511 πρῶτον
648 2456 715 2508 γὰρ
737 2453 953 2506 εἰσέρχονται
972 2451 1094 2503 βάδην,
1111 2447 1186 2490 εἶτα

146 2524 204 2557 τοῦ
228 2518 354 2570 δρόμου
373 2519 551 2569 ἄρχονται.
569 2515 592 2562 ἢ
609 2515 678 2553 ἀπὸ
697 2517 755 2552 τοῦ
775 2512 928 2560 ἅλλομαι
945 2509 1048 2560 ἇλμὶς
1064 2510 1185 2560 ἇλὸὶς,

95 2593 129 2617 40
149 2576 402 2630 ὑπερὲιῧασμῷ
421 2574 553 2627 βαλὸίς.
570 2572 592 2619 ἢ
612 2572 681 2610 ἀπὸ
699 2575 759 2609 τοῦ
776 2568 912 2622 βαίνω.]

203 2650 282 2674 1161.
308 2635 444 2672 ὑποθεῖν
471 2634 533 2670 οὐκ
559 2633 604 2670 ἐῶ
631 2644 640 2669 :
667 2626 909 2680 Ὑποτρέχειν,
939 2625 1187 2673 ὑποσκελίζειν,

150 2694 208 2732 καὶ
222 2691 382 2743 ἐμποδὼν
395 2691 572 2730 ἵστασθαι.

206 2765 283 2790 1163.
299 2750 367 2802 ἐγὼ
383 2749 559 2803 θρύψομαι
574 2760 583 2786 ;
602 2745 695 2785 Ἀντὶ
710 2746 769 2781 τοῦ
785 2740 1060 2793 συντριὸήσομαι
1073 2740 1096 2787 ἢ
1111 2741 1190 2794 σφό-

153 2812 216 2862 δρα
240 2808 404 2862 τρυφήσω
435 2807 495 2846 καὶ
524 2807 770 2856 σεμνυνοῦμαι.
793 2798 981 2852 [μαζίσκην
1006 2798 1061 2845 δὲ,
1089 2799 1190 2852 ἄρτον

100 2882 134 2906 45
153 2867 425 2920 πεφυραμένον.]

210 2939 288 2964 1167.
314 2927 352 2963 ἐκ
372 2927 439 2962 τῶν
459 2924 546 2961 ὀλῶν
568 2935 577 2960 :
603 2919 709 2960 Ὀλαὶ
726 2920 762 2956 αἱ
780 2917 853 2968 μεθ’
871 2915 964 2952 ἁλῶν
980 2916 1192 2966 μεμιγμέναι

156 2983 286 3034 κριθαὶ,
306 2983 365 3020 καὶ
383 2983 452 3026 τοῖς
471 2981 618 3030 θύμασιν
637 2975 921 3027 ἐπιὸαλλόμεναι.
946 2973 1051 3012 πάλιν
1073 2973 1108 3013 δὲ
1132 2977 1191 3013 εὐ-

157 3044 248 3093 φυῶς
264 3039 519 3091 ὑπομιμνήσκει
539 3041 606 3075 τῶν
626 3039 660 3075 ἐν
677 3037 801 3088 Πύλῳ.

214 3110 292 3136 1168.
327 3095 631 3147 μεμυστιλημένας
659 3107 668 3132 :
696 3094 1009 3145 Κατειργασμένας
1039 3092 1106 3138 ἤδη
1136 3091 1195 3129 καὶ

105 3171 140 3196 50
160 3156 335 3207 ἑτοίμους,
358 3154 513 3192 τουτέστι
544 3151 807 3202 μεμασημένας.
831 3173 873 3177 -
895 3151 1064 3202 μυστίλας
1086 3162 1095 3189 :
1117 3152 1194 3188 Μυ-

160 3215 260 3260 στίλη
279 3218 295 3251 ὁ
312 3215 422 3255 κοῖλος
435 3211 570 3264 ψωμὸς,
591 3210 719 3262 ψίχιον,
737 3209 819 3261 δρὰξ
839 3210 963 3262 χειρός.
991 3210 1072 3243 Vtcc.

238 3287 316 3311 1109.
339 3272 397 3309 δύο
423 3270 505 3307 εἰσὶν
523 3269 580 3306 ἐπὶ
595 3271 655 3313 τῆς
676 3267 896 3320 ἀκροπόλεως
914 3268 1055 3313 Ἀθηνᾶς
1070 3265 1161 3311 ναοὶ,
1180 3267 1197 3302 ὃ

162 3335 222 3377 τ’ἧς
238 3330 400 3371 πολιάδος
417 3328 476 3365 καὶ
493 3331 514 3373 ἡ
537 3325 850 3379 χρυσελεφαντίνη,
868 3325 909 3371 ἣν
933 3325 1003 3362 ἀπὸ
1024 3326 1092 3361 τῶν
1116 3325 1197 3368 Μη-

809 359 953 403 Ἄλλως.
984 357 1155 410 Μακαρία
1183 331 1188 371 1

1212 298 1356 343 Ἄλλως.
1381 302 1426 343 ὡς
1452 299 1508 337 ἐπὶ
1536 300 1736 350 ἀγάλματος
1766 294 1840 338 εἶπε
1871 300 1927 338 διὰ
1955 301 1993 339 τὸ
2022 301 2161 352 μέγεθος
2188 303 2249 347 τ’ἧς

1216 356 1341 407 μάζης.
1364 371 1404 400 v.

1271 429 1354 454 1170.
1385 417 1431 458 ὡς
1445 414 1554 466 μέγαν
1578 430 1586 454 :
1610 415 1815 461 Λεληθότως
1832 418 2033 467 σεμνολογεῖ
2053 417 2092 454 τὸ
2113 415 2253 468 μέγεθος

1215 477 1276 511 τοῦ
1305 474 1507 524 ἀγάλματος
1529 472 1602 523 [διὰ
1629 477 1689 510 τοῦ
1718 474 1824 511 εἰπεῖν
1852 474 1908 511 τὸν
1947 475 2114 513 δάκτυλον
2149 476 2254 512 αὐτοῦ

1219 530 1344 583 μέγαν,
1373 530 1491 583 ὥσπερ
1518 531 1577 568 καὶ
1606 531 1663 569 διὰ
1681 535 1740 569 τοῦ
1762 533 1869 569 εἰπεῖν
1889 534 1922 570 ἐν
1942 533 2032 585 γειρὶ
2053 531 2254 585 ἐλεφαντίνη
2275 550 2290 574 5

1217 588 1279 636 τὴν
1299 588 1492 635 λευκότητα
1510 588 1570 626 καὶ
1595 588 1830 641 λαμπρότητα
1850 590 1909 627 καὶ
1932 578 1971 628 τδ
1990 591 2118 635 κάλλος
2138 575 2256 628 αὐτοῦ.

1219 646 1363 690 ἕκαστος
1390 646 1424 685 δὲ
1451 648 1634 700 φιλονεικεῖ
1661 646 1767 690 δεῖξαι
1789 646 1850 693 τὴν
1875 651 1937 694 τῆς
1962 649 2104 695 Ἀθηνᾶς
2126 648 2257 686 εὔνοιαν

1219 707 1254 744 ἐν
1270 710 1313 759 τῇ
1333 705 1450 753 πόλει,
1470 708 1516 748 ὡς
1532 707 1561 743 εἰ
1580 708 1680 742 τοῦτο
1697 705 1830 753 δείξειε,
1847 705 1906 742 καὶ
1925 706 1988 752 τὴν
2007 709 2129 745 ἑαυτοῦ
2149 707 2259 745 οἴεται

1221 764 1328 811 δήλην
1347 767 1491 810 ποιῆσαι
1511 761 1596 815 πρὸς
1615 761 1677 808 τὴν
1696 761 1795 799 πόλιν
1815 761 1978 814 εὔνοιαν.]

1277 836 1356 862 1171.
1387 821 1455 873 ἐγὼ
1477 821 1505 859 δ’
1523 820 1615 864 ἔτνος
1631 835 1670 871 γε
1689 832 1697 858 :
1715 817 1800 858 “Ort
1815 819 1860 857 τὰ
1880 819 2007 872 ὄσπρια
2027 822 2060 858 ἐν
2077 824 2120 873 τῇ
2141 821 2262 874 ἑψήσει
2283 838 2315 863 10

1222 880 1499 933 διαθρύπτονται.
1518 878 1623 926 πάλιν
1647 877 1682 916 δὲ
1701 877 1740 916 τὸ
1760 879 1795 916 ἐν
1822 878 1932 931 Πύλῳ
1959 878 2172 931 κατόρθωμα
2191 879 2263 931 [διὰ

1221 942 1280 978 τοῦ
1298 938 1557 990 Πυλαιμάχος]

1279 1011 1357 1037 1173.
1381 994 1593 1050 προΐσταται
1609 995 1669 1034 καὶ
1685 994 1867 1048 φυλάσσει.
1887 1008 1927 1038 V,

1279 1069 1358 1095 1174.
1389 1054 1549 1108 ὑπερέχει
1564 1070 1624 1092 σου
1645 1068 1653 1093 :
1674 1053 1763 1092 Ἀντὶ
1781 1057 1841 1092 τοῦ
1861 1056 2059 1106 ὑπερμαχεῖ
2077 1054 2138 1092 καὶ
2156 1055 2265 1104 ὑπερ-

1226 1115 1362 1158 ασπίζει
1391 1128 1464 1152 σου.
1496 1112 1571 1150 ἀντὶ
1599 1110 1635 1149 δὲ
1657 1115 1718 1150 τοῦ
1747 1113 1854 1150 εἰπεῖν
1881 1111 2169 1165 περικεφαλαίαν,
2193 1105 2268 1149 εἷπε
2289 1127 2320 1152 15

1225 1173 1355 1226 χύτραν
1375 1173 1437 1223 [ὡς
1458 1171 1646 1224 μάγειρος].

1280 1231 1356 1283 [τὴν
1376 1230 1507 1284 χύτραν
1532 1244 1540 1269 :
1560 1229 1651 1268 Ἀντὶ
1671 1232 1732 1267 τοῦ
1754 1230 1861 1268 εἰπεῖν
1877 1230 2010 1281 χεῖρα.]

1283 1304 1360 1330 1177.
1391 1293 1414 1335 ἡ
1449 1287 1682 1340 Φοὸεστράτη
1717 1301 1726 1326 t
1762 1287 1808 1327 ‘H
1838 1287 1995 1341 φοὸοῦσα
2025 1286 2083 1325 τὸν
2107 1286 2267 1340 στρατόν.

1229 1348 1303 1395 ἑξῆς
1324 1348 1359 1386 δὲ
1376 1347 1420 1385 τὰ
1439 1346 1579 1384 ἐπίθετα
1598 1349 1659 1392 τῆς
1678 1349 1766 1383 θεοῦ.

1285 1421 1366 1446 1179.
1397 1405 1457 1444 καὶ
1476 1404 1615 1457 χόλικος
1636 1418 1644 1443 2
1661 1403 1810 1447 Χόλικες
1825 1403 1868 1441 τὰ
1884 1402 2003 1455 παχέα
2023 1403 2155 1456 ἔντερα.
2174 1403 2272 1455 χόλι-
2292 1420 2326 1445 20

1230 1481 1288 1508 κος
1305 1464 1340 1502 δὲ
1356 1463 1415 1502 καὶ
1432 1463 1602 1515 ἠνύστρου
1624 1464 1662 1500 ἐκ
1678 1462 1911 1514 παραλλήλου
1930 1461 1969 1499 τὸ
1989 1460 2086 1500 αὐτό.
2107 1465 2218 1499 ταῦτα
2237 1461 2274 1499 δὲ

1232 1522 1413 1574 ἐγκατώδη
1441 1520 1541 1573 κρέα.
1562 1519 1669 1570 τομὸν
1698 1518 1754 1567 δὲ,
1774 1514 1842 1557 οἷον
1862 1518 2027 1571 τέμαχος.
2048 1519 2218 1572 ἤνυστρον
2239 1516 2275 1556 δὲ

1232 1586 1254 1629 ἡ
1274 1581 1371 1620 κάτω
1387 1579 1514 1620 κοιλία.

1288 1654 1369 1678 1181.
1398 1642 1420 1686 ἡ
1438 1637 1640 1691 Γοργολόφα
1660 1650 1668 1676 :
1687 1636 1733 1675 ‘H
1749 1637 1788 1674 ἐκ
1802 1639 1864 1683 τῆς
1882 1637 2037 1689 κεφαλῆς
2050 1638 2111 1683 τ’ἧς
2127 1637 2277 1687 Γοργοῦς

1233 1716 1253 1737 τ
1271 1715 1295 1745 ιν
1312 1696 1588 1751 περικεφαλαίαν
1605 1695 1748 1748 ἔχουσα.
1767 1694 1898 1747 ἐλατὴρ
1915 1693 1968 1742 δὲ,
1981 1694 2164 1745 πέμματος
2178 1689 2276 1737 ε’ἷδος.
2296 1710 2330 1735 25

1234 1757 1321 1801 τινὲς
1345 1757 1406 1807 μὲν
1428 1756 1564 1806 ἄζυμα,
1589 1755 1677 1797 τινὲς
1703 1753 1738 1791 δὲ
1760 1753 1897 1800 πεπτὰ,
1917 1747 1964 1790 ῶν
1983 1747 2029 1796 εἷς
2048 1753 2108 1791 καὶ
2130 1752 2278 1805 Εὐριπί-

1236 1817 1307 1862 δης.
1334 1814 1452 1858 ἔπαιξε
1481 1812 1518 1851 δὲ
1542 1815 1613 1856 τοῖς
1639 1811 1785 1862 ὀνόμασι
1807 1810 1864 1849 διὰ
1882 1811 1946 1858 τὴν
1965 1811 2045 1863 περὶ
2069 1810 2114 1849 τὰ
2132 1811 2278 1849 ναυτικὰ

1237 1878 1304 1912 τῶν
1325 1872 1512 1920 Ἀθηναίων
1531 1870 1728 1924 ἐμπειρίαν.

1293 1947 1371 1971 1185.
1401 1929 1609 1983 ἐντερονείαν
1631 1942 1640 1969 t
1664 1928 1721 1968 Τὰ
1741 1928 1894 1978 ἐγκοίλια
1919 1927 1964 1965 τὰ
1984 1927 2053 1965 ἀπὸ
2072 1931 2134 1975 τ’ἤς
2154 1927 2278 1980 τρόπι-

1239 1993 1293 2035 δος
1310 1989 1525 2042 ἀνερχόμενα
1546 1987 1629 2032 ξύλα
1641 2018 1652 2037 ,
1671 1986 1861 2039 ἐντερόνεια
1880 1987 2051 2023 καλεῖται.
2132 1985 2278 2029 Ἄλλως.
2299 2000 2333 2023 εν.)

1239 2051 1269 2087 οἱ
1288 2048 1362 2099 μὲν,
1377 2047 1415 2085 τὸ
1435 2049 1502 2084 τῶν
1519 2048 1602 2084 νεῶν
1621 2044 1755 2098 ἔδαφος.
1776 2046 1806 2082 οἱ
1826 2043 1880 2090 δὲ,
1898 2042 1942 2080 τὰ
1959 2043 2126 2094 ἐγκοίλια.
2148 2043 2280 2095 βέλτιον

1241 2106 1295 2155 δὲ,
1313 2106 1375 2153 τὴν
1394 2108 1462 2144 τῶν
1483 2103 1662 2155 ἐγκοιλίων
1682 2103 1765 2149 ὕλην
1785 2101 1909 2152 λέγειν.
1926 2106 2037 2140 ταῦτα
2057 2101 2093 2140 δὲ
2110 2102 2281 2154 (Ηρωδια-
2297 2092 2300 2096 ’

1239 2166 1295 2209 νὸς
1314 2168 1348 2203 ἐν
1368 2168 1411 2216 τῇ
1431 2162 1578 2202 καθόλου
1602 2160 1866 2216 προ-παροξύνει.
1888 2160 1964 2211 [καὶ
1984 2164 2006 2207 ἡ
2033 2160 2224 2214 ἐντερόνεια
2245 2160 2282 2198 δὲ

1240 2224 1351 2276 τούτῳ
1367 2226 1415 2275 τῷ
1431 2221 1523 2274 λόγῳ
1536 2220 1660 2273 ὤφειλε
1675 2218 1874 2257 συστέλλειν
1889 2218 1928 2255 τὸ
1942 2234 1964 2255 α
1980 2217 2040 2256 καὶ
2054 2217 2284 2268 παροξύνειν.]

1241 2282 1331 2321 οὕτω
1345 2281 1412 2334 γὰρ
1425 2279 1488 2327 τὴν
1505 2277 1706 2332 ἐντεριώνην
1721 2276 1968 2330 Ἀριστοφάνης
1979 2278 2013 2314 ἐν
2025 2276 2283 2320 τοῖςἹππεῦσιν
2304 2293 2337 2318 35

1243 2334 1353 2387 εἶπεν,
1377 2338 1461 2392 ὅπερ
1482 2337 1556 2375 ἐστὶ
1571 2336 1611 2374 τὸ
1638 2335 1847 2386 μεσαίτατον
1866 2337 1928 2381 τῆς
1949 2333 2054 2382 νεὼς,
2075 2334 2097 2372 ὅ
2113 2337 2185 2373 ἐστι
2205 2351 2284 2372 συν·

1243 2397 1486 2444 εκτικώτατον,
1505 2395 1581 2442 ἥτις
1603 2393 1677 2432 ἐστὶ
1697 2393 1829 2447 τρόπις.

1886 2391 1953 2430 ὑπὸ
1972 2392 2007 2430 δὲ
2027 2392 2142 2431 ἄλλων
2168 2391 2284 2445 μήτρα

1244 2458 1415 2494 καλεῖται.
1433 2454 1518 2508 φησὶ
1535 2452 1571 2491 δὲ
1589 2455 1606 2490 ὃ
1629 2450 1785 2502 κωμικὸς

1369 2542 1410 2578 εἰς
1419 2541 1474 2577 τὰς
1487 2540 1614 2581 τριήρεις
1627 2537 1813 2579 ἐντερονείαν
1825 2539 1845 2574 ἡ
1859 2537 1938 2573 θεός.

1246 2627 1275 2663 εἷ
1292 2624 1340 2675 μὴ
1357 2623 1425 2676 ἄρα
1441 2620 1605 2667 ποιητική
1623 2622 1716 2658 ἐστιν
1734 2622 1757 2665 ἡ
1775 2618 1924 2662 ἔκτασις.

1301 2695 1379 2721 1187.
1409 2680 1488 2732 τρία
1503 2678 1562 2717 καὶ
1580 2679 1639 2716 δύο
1659 2692 1668 2716 :
1689 2678 1781 2730 Τρία
1800 2677 1888 2729 μέρη
1905 2676 2027 2719 ὕδατος
2043 2676 2286 2727 ἐπιδεχόμενον

1247 2740 1306 2778 καὶ
1323 2738 1382 2777 δύο
1395 2738 1498 2777 οἴνου.
1516 2736 1639 2790 ἀρίστη
1655 2735 1691 2774 δὲ
1709 2741 1830 2787 κρᾶσις
1845 2734 1937 2772 οἴνου
1955 2734 2015 2772 δύο
2031 2733 2120 2786 μέρη
2134 2734 2194 2772 καὶ
2209 2734 2288 2772 ὕδα-

1248 2814 1304 2842 τος
1318 2797 1408 2850 τρία.

1303 2869 1381 2894 1189.
1413 2851 1664 2906 ἐνετριτώνισεν
1694 2866 1702 2890 :

2308 2642 2340 2666 ¹10

1734 2850 1916 2903 Εὐκαίρως
1940 2852 1989 2903 τῷ
2015 2849 2161 2903 ἐπιθέτῳ
2183 2850 2289 2903 ἐχρή-

1250 2929 1354 2960 σατο,
1373 2912 1431 2950 ἵνα
1457 2911 1564 2962 παίξῃ
1591 2909 1687 2962 παρὰ
1713 2909 1758 2948 τὰ
1780 2909 1859 2962 τρία
1885 2908 1945 2947 καὶ
1970 2907 2042 2948 δύο.
2069 2909 2229 2960 βούλεται
2253 2908 2290 2946 δὲ
2308 2925 2341 2948 15

1252 2974 1375 3020 δηλοῦν
1398 2970 1450 3009 ὅτι
1471 2973 1494 3016 ἡ
1517 2970 1643 3014 Ἀθηνᾶ
1668 2971 1820 3006 τοιοῦτον
1842 2966 1944 3004 αὐτὸν
1965 2967 2138 3014 ἐποίησεν,
2160 2969 2207 3010 ὡς
2226 2966 2290 3005 δύ-

1251 3034 1374 3070 νασθαι
1392 3028 1471 3081 τρία
1493 3027 1603 3080 μέτρα
1626 3026 1739 3079 φέρειν
1763 3025 1895 3068 ὕδατος.
1912 3025 1934 3071 ἢ
1951 3028 1997 3068 ὡς
2013 3025 2083 3063 ἀπὸ
2100 3028 2167 3063 τῶν
2187 3027 2290 3077 τριῶν

1252 3087 1454 3141 χραμάτων.
1472 3085 1494 3132 ἢ
1515 3088 1560 3128 ὡς
1579 3084 1648 3122 ἀπὸ
1665 3082 1839 3136 Τρίτωνος
1855 3086 2014 3133 ποταμοῦ
2039 3082 2191 3129 Αιὸύης,
2207 3082 2290 3134 παρ’

1253 3142 1281 3200 ᾧ
1307 3145 1428 3197 ἐτέχθη
1452 3147 1474 3191 ἡ
1504 3143 1639 3189 Ἀθηνᾶ.
1675 3140 1878 3193 βωμολόχον
1909 3140 1963 3187 δὲ,
1991 3143 2198 3192 πανοῦργον,
2221 3140 2290 3190 λῃ-

1254 3202 1403 3257 στρικόν.
2310 3217 2344 3239 ..πυ

1310 3276 1389 3300 1192.
1420 3259 1477 3298 διὰ
1496 3258 1540 3297 τὰ
1560 3258 1657 3311 κρέα.
1678 3265 1717 3294 V.

1310 3322 1478 3372 1195.ὃρᾷς
1490 3317 1572 3355 τάδε
1591 3331 1598 3355 :
1618 3316 1675 3355 Τὰ
1691 3318 1814 3366 λαγῷα
1831 3315 1998 3353 δείκνυσιν
2014 3316 2107 3366 αὐτῷ
2117 3311 2176 3352 καὶ
2186 3313 2291 3364 χλευ-

165 3391 266 3429 δικῶν
312 3387 446 3425 σκύλων
492 3383 752 3424 κατεσκεύασαν
800 3382 944 3422 Φειδίου
988 3381 1194 3423 πλάσαντος.
1226 3378 1393 3423 ιάζειὼς
1413 3378 1472 3414 οὐκ
1489 3375 1625 3426 ἔχοντα.
