2517 3792
0 3734 17 3792 ἓν,
0 3659 6 3705 3-

1063 211 1231 249 PLUTI.

93 302 292 352 μετρεῖσθαι
316 298 507 350 ἀξιώματι,
526 297 616 335 κατὰ
635 296 697 343 τὴν
717 298 860 335 ἐνταῦθα
881 297 1023 344 εἴσοδον,
1045 299 1103 334 οὐ-
1132 307 1138 322 ⁸
1167 299 1221 335 tio
1252 307 1306 336 cst
1340 299 1377 335 in
1412 300 1467 343 R„
1503 297 1569 334 sed
1604 297 1752 334 omissis
1785 298 1857 335 illis
1889 297 2076 334 αἰνίττεται

94 356 148 393 δὲν
167 360 211 394 V.
229 382 269 389 —
295 364 338 401 41
363 357 439 394 οὔτε
467 356 535 407 μὴν
566 361 606 393 R.
627 360 673 394 V.
696 381 731 388 -
752 361 799 399 42.
829 357 1033 398 δυσωπικῶς
1060 359 1106 393 R.

93 415 181 452 Ald.
202 417 294 454 Post
321 416 570 460 δυσωπητικῶς
597 415 721 465 pergit
751 417 794 450 V.
817 413 941 454 ἄλλως.
973 412 1025 450 ὅτι
1050 414 1107 450 καὶ

93 471 208 521 (corr.
225 471 277 510 ὅτι
297 475 326 510 οἱ
344 487 386 510 ex
406 473 468 523 G.)
485 472 784 522 ἀντικομιζόμενοι
806 483 917 523 μοι-ι’.
943 473 1110 520 ἀνακομι-

94 528 249 580 ζόμενοι)
268 532 306 567 ἐκ
323 534 381 568 τοῦ
402 531 564 581 μαντείου
581 531 880 584 ἐστεφανηφόρουν
896 531 954 568 καὶ
974 532 1005 567 οἱ
1023 546 1112 581 χρη-

93 585 243 636 σόμενοι.
267 588 326 625 καὶ
346 589 469 631 ἄλλως.
497 588 550 626 ὅτι
583 589 708 632 πάντες
728 592 758 626 οἱ
783 590 828 630 εἷς
848 588 920 626 θεὸν
939 591 1111 639 ὁρμῶντες

92 645 151 682 καὶ
169 645 237 682 ἀπὸ
254 649 330 683 θεοῦ
349 646 545 690 ἐπανιόντες
570 649 908 699 ἐστεφανηφοροῧντο
936 649 945 695 (
961 661 1057 683 corr.
1075 648 1110 683 ε’-

93 703 403 756 στεφανηφόρουν),
417 708 492 743 Οεοῧ
510 705 701 744 ἰσοτέλειαν
720 706 840 743 δούλου
861 705 918 742 καὶ
939 704 1114 757 ἐλευθέρου

94 760 256 804 διδόντος.
275 788 315 793 -
341 766 387 806 43
409 778 463 813 sq.
487 767 503 801 ὁ
525 763 812 814 Καρίων-τοῦτο’
832 778 914 814 φησι
936 775 1011 798 om.
1032 764 1075 797 R.

148 832 212 864 22,
237 822 284 863 46
307 820 347 857 ἂν
372 823 409 858 οὐ
432 823 563 870 μᾶλλον
590 828 664 864 ταῖς
689 823 854 872 κεφαλαῖς
874 823 921 858 V.
958 823 1014 855 De
1043 819 1115 855 hoc

93 877 239 915 scholio
259 883 304 916 R.
327 880 405 917 haec
427 889 573 917 tantum
602 880 736 926 habet,
758 878 815 916 ἵνα
837 879 968 929 μᾶλλον
994 879 1114 927 ἀλγῇς.

93 933 116 980 ἢ
141 935 204 987 πρὸ
225 939 285 982 τ’ἧς
304 941 363 974 τοῦ
380 938 549 990 στεφάνου
567 937 771 988 περιθέσεως
785 935 842 973 ἵνα
861 937 992 986 μᾶλλον
1010 937 1117 986 ἀλγῇς

95 993 280 1044 δεχόμενος
313 995 371 1038 τὰς
395 999 464 1033 τῶν
491 997 655 1045 πληγῶν.
674 1023 683 1032 .
701 1024 709 1032 .
728 1023 735 1031 .
759 1020 798 1025 -
821 1000 865 1041 47
894 993 1032 1041 λέγεται
1051 994 1117 1046 γὰρ

95 1056 143 1090 G.
160 1077 201 1084 -
220 1055 263 1090 51
288 1059 364 1096 ταῖς
382 1055 550 1106 κεφαλαῖς
569 1058 614 1090 V.

150 1113 212 1158 23,
236 1127 249 1148 1
272 1126 357 1162 sqq.
380 1114 434 1149 sic
455 1113 541 1149 cod.
563 1112 683 1149 Paris.
709 1129 723 1143 «
741 1114 831 1149 Haec
849 1112 927 1148 fere
955 1112 1119 1148 scholia-

95 1178 161 1206 stae
180 1171 251 1207 fuit
269 1183 373 1206 mens
390 1184 398 1206 :
426 1176 458 1206 si
475 1180 605 1219 aperte
624 1171 729 1222 λῆρος
754 1173 807 1206 ad
830 1171 958 1206 herum
984 1172 1123 1206 dixerit

98 1229 254 1273 Carion,
281 1230 470 1277 intelliges,
491 1231 644 1265 Frustra
674 1233 860 1272 minitare5
890 1229 983 1264 nile1'l
1009 1233 1090 1278 ag1's
1105 1244 1119 1273 ,·

95 1291 172 1322 istis·
190 1291 285 1323 enim
309 1293 378 1325 tuis
396 1291 499 1324 dictis
527 1302 598 1323 non
628 1287 882 1334 (thum-ebor,
908 1301 978 1335 quo
1001 1292 1121 1322 minus

97 1348 324 1393 interpellem
359 1356 394 1383 te
413 1361 425 1381 .·
445 1351 501 1382 sin
534 1360 622 1382 vero
648 1348 752 1394 apud
768 1360 806 1382 se
838 1348 973 1381 dixerit
991 1346 1035 1391 λῆ
1043 1360 1095 1398 ρος
1110 1375 1120 1392 ,

95 1407 168 1439 sive
189 1408 316 1449 tacite,
337 1414 377 1440 ιιῑ
395 1419 466 1440 non
485 1407 663 1440 audiatur
678 1406 777 1453 (llam
798 1406 906 1448 istud,
930 1405 982 1441 Οὔ
1000 1403 1066 1455 γὰρ
1082 1419 1119 1441 π.

97 1463 203 1497 clara
222 1475 311 1498 voce
322 1466 480 1511 protulit
497 1472 538 1499 ιιῐ
555 1462 602 1498 ab
619 1464 705 1498 hero
726 1464 1000 1511 exaudiretur),
1023 1472 1096 1498 tam
1110 1492 1120 1508 ‚

98 1523 272 1568 inquam,
296 1522 398 1571 λῆρος
416 1535 488 1569 per
513 1535 552 1556 se
574 1521 810 1570 signficarit,
843 1534 974 1569 nuga-z·
1001 1534 1057 1566 es,
1088 1530 1124 1556 et

97 1583 282 1627 garram,
308 1584 372 1627 qui
387 1584 459 1615 ista
479 1581 593 1615 dicas.
618 1578 733 1625 Quod
753 1579 926 1627 sequitur
949 1586 1036 1628 post
1058 1579 1119 1616 ed.

98 1636 184 1674 Ald.
200 1638 391 1675 invectum
410 1652 487 1676 non
506 1639 595 1675 satis
612 1640 746 1688 capio,
765 1639 913 1675 etiamsi
933 1639 1092 1688 refingas
1110 1668 1120 1686 ,

100 1704 144 1732 ut
160 1709 250 1734 sane
270 1697 485 1735 faciendum
508 1698 680 1745 videtur,
710 1696 799 1740 τινὲς
822 1698 858 1735 δέ
884 1713 986 1749 φασιν
1014 1699 1122 1748 ἐσχη-

100 1754 323 1804 ματισμένως
347 1756 504 1807 εἰρῆσθαι
525 1756 628 1807 λῆρος
655 1755 731 1792 ἀντὶ
755 1759 834 1800 τοῦ,
869 1754 1032 1804 μαντικός
1048 1771 1055 1778 ·
1075 1769 1122 1792 an

100 1813 226 1850 voluit
240 1827 288 1849 ex
306 1813 550 1863 quorundam
572 1815 759 1850 sententia
778 1814 938 1863 figurate
961 1814 1036 1850 dici
1058 1814 1123 1859 λῆ-

102 1886 158 1923 ρος
171 1901 182 1919 ,
202 1873 308 1922 quasi
330 1872 584 1920 vaticinandi,
604 1872 643 1908 id
661 1881 730 1917 est,
748 1873 915 1922 nugandi
937 1874 1026 1923 (non
1052 1873 1124 1910 ali-

101 1938 161 1967 ter
183 1944 284 1981 saepe
305 1930 352 1969 de
378 1931 568 1968 vaticiniis
592 1930 738 1967 Comici
758 1931 986 1981 loquuntur)
1012 1932 1124 1968 sacul-

102 1996 180 2025 tate
212 1990 395 2039 praeditus
422 2019 431 2036 ‚
464 1990 556 2039 quia
588 1988 666 2038 jam
701 1989 814 2026 modo
858 2003 1037 2026 reversus
1074 1989 1123 2026 ab

103 2048 260 2084 oraculo
275 2049 424 2085 fuerat?
451 2049 528 2085 Cic.
553 2051 627 2085 Pro
657 2050 796 2094 Sext.§
829 2051 901 2085 13:
929 2053 1127 2085 vaticinari

103 2114 213 2154 atque
235 2109 397 2142 insanire
415 2105 602 2142 dicebat.»
634 2109 783 2142 ΗΕΜ5Τ.
811 2106 841 2142 εἷ
869 2105 931 2155 μὲν
963 2107 1125 2157 ἐμφανῶς

103 2162 144 2200 τὸ
162 2164 266 2216 ληρος
281 2163 364 2214 πρὸς
389 2163 447 2201 τὸν
463 2163 633 2210 δεσπότην
656 2157 749 2200 εἶπεν
772 2163 848 2200 ἀντὶ
879 2167 939 2201 τοῦ
959 2179 1124 2215 περιττο-

103 2220 226 2271 λογία,
247 2220 395 2267 νοήσεις.
416 2223 445 2258 εἷ
467 2221 502 2258 δὲ
520 2223 567 2263 εἷς
581 2221 620 2258 τὸ
637 2222 674 2257 οὐ
696 2220 762 2273 γαρ
783 2220 964 2271 παύσομαι
984 2237 1066 2273 πριν
1084 2221 1124 2258 ἂν

108 2293 243 2331 φρασῃς
272 2293 353 2328 μοι,
387 2280 434 2320 εἷς
456 2278 604 2324 επήκοον
633 2279 736 2315 αυτοῦ
767 2282 874 2315 εἶπεν.
906 2278 1003 2316 τὸδὲ
1024 2280 1127 2331 λῆρος

106 2336 185 2374 καθ’
206 2335 330 2382 ἑαυτο,
367 2352 475 2379 ουτως
501 2335 610 2378 εἴποις
630 2337 950 2382 Α](1.νοήσεις.εἷ
986 2337 1021 2374 δὲ
1050 2339 1127 2374 καθ’

107 2393 228 2432 ἑαυτὸν
244 2387 320 2431 εἶπε
340 2393 379 2431 τὸ
396 2395 517 2447 λῆρος,
537 2394 642 2445 ἤγουν
669 2394 810 2445 ἡσύχως
829 2394 919 2432 ὥστε
943 2395 990 2445 μὴ
1019 2398 1126 2433 ἀκου-

108 2455 234 2498 σθῆναι
255 2451 294 2489 τὸ
311 2454 348 2489 οὒ
364 2452 430 2506 γὰρ
448 2451 630 2502 παύσομαι
647 2455 724 2490 κτλ.
744 2457 847 2490 Junt.
869 2455 912 2491 In
933 2457 1129 2491 Heinster-

109 2511 211 2547 husii
231 2510 400 2547 editione
419 2511 473 2562 (et
489 2511 607 2560 Regio
628 2510 731 2560 cod.)
752 2512 937 2560 scriptum
968 2512 1044 2549 ἀντὶ
1070 2515 1129 2548 τοῦ

110 2568 353 2620 περιττολογία
372 2568 507 2614 νοήσεις
522 2584 529 2591 ·
550 2570 578 2605 εἷ
601 2567 730 2606 δὲκαθ’
755 2568 876 2606 ἑαυτὸν
901 2563 976 2606 εἷπε
999 2570 1038 2607 τὸ
1062 2572 1128 2615 λῆ-

113 2642 179 2680 ρος,
197 2626 303 2677 ἤγουν
323 2626 483 2677 ἡσύχως,
498 2625 589 2664 ὥστε
606 2626 653 2677 μὴ
674 2628 884 2673 ἀκουσθηναι
906 2628 959 2677 (τὸ
973 2627 1025 2678 [δὲ
1043 2629 1130 2665 add.

111 2687 228 2737 Reg]
253 2701 291 2724 ου
322 2686 388 2738 γὰρ
413 2685 617 2755 παύσομαι,
647 2702 727 2738 πριν
761 2686 800 2724 ἂν
832 2687 966 2739 φράσῃς
995 2703 1066 2737 μοι,
1087 2690 1132 2731 εἷς

113 2743 261 2789 ἐπήκοον
282 2745 385 2781 αὐτου
409 2746 524 2794 εἶπεν)
545 2744 584 2782 τὸ
608 2744 644 2782 δε
663 2746 767 2810 λῆρος
786 2745 863 2782 καθ’
894 2746 997 2783 ἑαυτὸ
1025 2745 1084 2782 οὔτ
1089 2761 1132 2787 ως

116 2800 224 2843 εἴποις
257 2803 334 2838 κτλ.
360 2803 472 2839 Posn
475 2816 559 2840 ema
591 2804 645 2840 sic
674 2804 712 2839 in
734 2806 828 2853 Reg.
820 2832 844 2872 .,
876 2803 915 2840 τὸ
937 2804 1040 2855 ληρος
1059 2804 1132 2841 ἀντὶ

115 2862 176 2895 τοῦ
194 2857 342 2910 φλύαρος
361 2863 391 2896 ει
406 2875 516 2898 ταυτα
543 2860 668 2911 λεγων.
699 2859 788 2902 τινὲς
806 2859 842 2897 δε
865 2876 968 2912 φασιν
1002 2871 1072 2898 etc.
1094 2886 1135 2893 —

119 2913 180 2951 6⁰
159 2930 177 2951 ο
201 2917 274 2952 ἐστι
294 2916 465 2967 φλυαρεῖς.
483 2916 615 2959 Ἄλλως
636 2926 673 2954 et
687 2918 746 2954 καὶ
767 2931 842 2955 om.
863 2904 910 2955 G.

173 2972 237 3018 25,
263 2973 307 3008 15
325 2986 407 3022 sqq.
425 2974 570 3011 Similia
586 2976 739 3012 tradunt
756 2976 858 3013 Suid.
876 2985 913 3013 et
930 2977 1131 3026 Moschop.

119 3031 210 3069 Ἀττ.
228 3031 303 3069 Ὀν.
319 3030 420 3068 Ἔκλ.
433 3031 471 3067 in
488 3045 540 3078 v.,
561 3032 767 3083 verbisque
788 3034 881 3082 ipsis
899 3047 1036 3083 parum
1057 3034 1137 3070 dis-

121 3097 293 3139 crepant.
312 3091 457 3124 Hmus'r.

179 3161 242 3196 27,
261 3148 310 3184 28
342 3159 398 3196 sq.
418 3145 458 3182 τὸ
487 3146 672 3197 κερδαλέον
702 3146 1038 3196 καὶ-παραλογίζου
1069 3149 1138 3185 ha·-

175 3212 190 3240 ῐ
247 3233 256 3242 .

121 3204 244 3312 ὴρ2ἓ
266 3262 313 3306 45
334 3263 416 3313 παρ’
436 3261 609 3303 Ἀτῒῑκους
631 3262 726 3311 (scr.
750 3262 937 3310 Ἀττικοῖς)
967 3266 1011 3299 R.
1026 3265 1139 3306 --46

126 3330 214 3371 post
231 3319 356 3361 σκοπός
378 3323 424 3356 V.
451 3333 471 3356 a
487 3333 536 3355 m.
555 3333 628 3356 sec.
653 3320 768 3356 habet
794 3314 871 3356 οἶδά
894 3334 979 3370 φησι
1006 3320 1089 3371 πρὸς
1108 3320 1142 3357 τί

127 3378 314 3417 αἰνίττεται
329 3381 390 3415 τοῦ
408 3377 582 3429 δράματος
608 3380 626 3414 ὁ
645 3376 784 3419 σκοπός.
810 3377 953 3414 Eadem
979 3387 1141 3415 annota-

249 3451 364 3482 SCHOL.
387 3452 555 3480 AmsTopfl.

2113 218 2186 249 45

2116 296 2145 324 nl
2113 219 2132 248 U·

2112 296 2188 334 ὑὲ-

1167 355 1309 398 σκοπός.

1226 415 1288 459 3ο,
1313 419 1357 459 47
1394 426 1446 462 sq.
1468 411 1870 463 Τινὲς-ἱερόσυλοιοιη.
1897 416 1957 460 R„
1979 426 2025 448 ex
2047 425 2123 461 quo
2147 413 2190 448 οἱ.

1139 491 1142 530 γ
1171 473 1297 510 Ceteri
1320 471 1390 508 καὶ.

1230 532 1292 574 3ι,
1317 532 1364 566 5ο
1382 531 1497 577 Λιμοῦ
1519 537 1555 565 et
1578 529 1619 564 51
1645 528 1733 571 τινὲς
1761 531 1872 566 etiam
1896 529 2030 567 Suidas
2064 542 2091 565 S.
2122 530 2191 566 Συ-

1174 588 1360 639 κοφάντης.
1379 589 1501 635 λοιμοῦ
1530 595 1567 621 ot
1587 585 1639 622 ὅτι
1669 588 1752 623 Ald.
1778 588 1839 629 τὰς
1864 586 2104 638 ἀφιερωμένας
2134 601 2191 622 συ-

1175 651 1236 686 κᾶς
1250 649 1295 682 V.
1315 673 1356 677 —
1374 644 1422 679 52
1447 643 1679 695 ἐκακηγόρουν
1701 649 1742 682 V.
1761 669 1801 674 —
1825 659 1837 680 1
1869 644 1987 681 ἄλλοθί
2010 660 2075 681 που
2101 649 2193 693 Reg.

1178 721 1191 733 α
1211 702 1319 739 Conf.
1343 702 1500 738 Philon).
1518 705 1610 737 Lex.
1632 703 1756 738 techn.
1770 716 1832 751 ap.
1853 704 2023 739 Boisson.
2043 703 2087 738 ad
2106 703 2193 739 Phi-

1178 761 1283 797 lostr.
1304 762 1394 796 Her.
1422 760 1602 803 1J.·320.1›
1625 759 1735 795 Bm.
1768 760 1805 795 in
1833 760 2001 809 margine
2032 760 2196 809 exempli

1180 818 1308 866 Regiae
1329 817 1420 854 bibl.

1236 878 1297 921 33,
1327 876 1374 911 25
1393 889 1475 925 sqq.
1510 875 1689 911 Scholion
1714 875 1904 912 recentius
1929 889 1974 911 ex
2008 875 2125 911 Suida
2146 876 2196 924 (s.

1182 933 1444 986 'I‘ot).0t·s·1tono;]‚
1460 941 1500 969 ut
1515 933 1680 979 videtur,
1697 935 1892 970 insertum.
1912 936 1997 969 Duo
2012 942 2137 970 autem
2153 932 2200 969 ab

1181 992 1298 1029 Suida
1318 1005 1450 1028 versus
1472 999 1730 1028 memorantur
1753 991 1967 1028 Antimachi
1983 1021 1992 1038 ,
2015 992 2108 1028 alter
2121 993 2199 1027 πῶ-

1184 1065 1238 1101 ρον
1255 1049 1322 1086 τίν’
1341 1048 1501 1099 ἀλόχοισι
1518 1049 1577 1086 καὶ
1597 1043 1645 1090 οἷς
1659 1048 1836 1086 τεκέεσσιν
1855 1048 1968 1086 ἔθεντο
1982 1079 1991 1096 ,
2011 1050 2105 1086 alter
2121 1064 2201 1085 πω-

1185 1107 1286 1159 ρητὸν
1307 1107 1467 1157 ἀλόχοισι
1486 1106 1543 1144 καὶ
1566 1101 1615 1147 οἷς
1642 1106 1816 1144 τεκέεσσιν
1843 1106 1987 1149 ἕκαστος
2006 1122 2013 1129 ·
2036 1120 2132 1143 unus
2154 1107 2202 1143 ab

1184 1166 1300 1202 schol.
1318 1166 1438 1215 Soph.
1455 1165 1551 1202 OEd.
1571 1165 1650 1202 Col.
1674 1170 1718 1208 14
1738 1165 1817 1215 (qui
1837 1170 1964 1215 πωρεῖν
1986 1177 2055 1213 pro
2070 1167 2204 1213 πενθεῖν

1184 1223 1231 1260 ab
1255 1224 1354 1261 Eleis
1384 1224 1459 1260 dici
1482 1223 1723 1272 annotavit),
1756 1222 1934 1272 πωρήτοιν
1966 1221 2125 1272 ἀλόχοισι
2147 1221 2206 1258 καὶ

1185 1276 1234 1324 οἶς
1249 1281 1424 1318 τεκέεσσιν
1443 1280 1588 1322 ἕκαστος
1604 1295 1612 1303 ·
1631 1289 1669 1317 et
1697 1280 1745 1317 ab
1770 1281 1886 1316 schol.
1917 1281 2050 1330 Eurip.
2080 1284 2205 1318 Orest.

1186 1343 1262 1389 392
1283 1342 1376 1379 (382
1397 1341 1536 1377 Matth.
1545 1341 1570 1390 λ,
1589 1339 1809 1391 ταλαίπωρος
1826 1337 1923 1391 παρὰ
1939 1338 2001 1384 τὴν
2022 1338 2166 1390 πώρην,
2190 1338 2208 1375 ὃ

1187 1399 1337 1445 δηλοῐτὸ
1354 1399 1485 1441 πένθος.
1504 1387 1731 1448 Ἀντίμαχος,
1762 1396 1865 1449 πώρη
1885 1412 1939 1434 τοι
1969 1396 2126 1448 ἀλόχοισι
2150 1396 2209 1433 καὶ

1187 1462 1236 1502 οἷς
1268 1456 1445 1495 τεκέεσσιν
1476 1472 1634 1499 εκαστος.
1668 1454 1828 1507 Πορητυς
1864 1469 1933 1505 pei
1963 1454 2209 1507 ταλαιπωρία,

1186 1516 1306 1559 πένθος
1321 1517 1445 1566 explic
1449 1525 1486 1552 lt
1503 1515 1741 1564 Hesychius:
1764 1514 1869 1564 quod
1883 1514 2115 1551 vocabulum
2128 1518 2210 1550 An—

1188 1575 1355 1612 timacho
1377 1588 1458 1611 esse
1477 1573 1757 1611 restituendum
1777 1573 1949 1609 animadv
1955 1573 2042 1609 e1tit
2069 1573 2210 1622 Sopin—

1188 1636 1289 1684 gius,
1309 1634 1424 1670 falsus
1443 1642 1566 1670 tamen
1590 1633 1688 1669 ille
1680 1647 1718 1669 ιη
1741 1645 1786 1668 eo
1815 1631 1918 1680 quod
1944 1639 2067 1680 poetae
2091 1630 2210 1667 v·e1ba

1188 1706 1269 1729 esse
1293 1693 1445 1741 putavit
1460 1706 1623 1743 πωρητυν
1649 1690 1679 1728 δ’
1700 1689 1861 1741 ἀλόγοισι
1884 1689 1942 1726 καὶ
1961 1693 2008 1731 οἱς
2034 1689 2210 1727 τεκέεσσιν

1189 1749 1317 1787 ἔθεντο.
1346 1753 1444 1786 Nam
1476 1750 1529 1785 sic
1551 1749 1680 1798 potius
1707 1756 1763 1785 est
1796 1748 2083 1797 conigendum‚
2117 1761 2210 1784 coa-

1189 1808 1549 1858 gnmntatisduobus
1565 1807 1667 1858 apud
1683 1807 1837 1858 Suidam
1851 1807 2024 1843 versibus
2029 1821 2212 1858 ,πωρητυν

1190 1867 1350 1918 ἀλόχοισι
1379 1882 1438 1904 και
1471 1869 1520 1907 οις
1550 1881 1628 1902 τεκε
1620 1864 1727 1902 ἐσσιν
1764 1862 1909 1906 ἕκαστος
1933 1864 1939 1914 l
1965 1863 2072 1901 θέν.το
2109 1865 2215 1913 quod

1190 1925 1432 1976 plobabilius
1455 1925 1606 1962 videtur
1621 1937 1736 1974 quam
1758 1921 1904 1966 ἕκαστος
1934 1921 1940 1974 Ι
1958 1947 2052 1955 --
2068 1948 2109 1953 -
2122 1921 2214 1959 ἔθεν-

1189 1999 1241 2021 το.
1259 1988 1378 2021 Dim).

1246 2044 1306 2087 34,
1333 2056 1382 2091 29
1396 2040 1542 2094 ᾠχόμην
1561 2041 1710 2078 addidit
1730 2040 1965 2077 Dindorfius.
1982 2063 2022 2071 --
2038 2041 2084 2076 32
2108 2039 2215 2091 ἄρχε-

1190 2117 1248 2138 ται
1270 2105 1316 2139 G.
1336 2114 1408 2151 pro
1428 2099 1503 2137 ἀντὶ
1523 2103 1596 2137 τοῦ.
1621 2125 1659 2131 -
1686 2100 1732 2135 35
1761 2096 1916 2150 ἀφέντων
1942 2101 2001 2144 G.‚
2036 2100 2100 2147 qui
2132 2110 2210 2134 om.

1192 2160 1586 2208 ἐκκενωθῆναι-γῆρας,
1618 2156 1719 2206 ἐγγὺς
1749 2155 1906 2198 ἀπωλίας
1932 2155 2167 2206 (5ὶο)-γ’ἧρας
2193 2168 2215 2191 a

1192 2230 1242 2253 m.
1260 2230 1334 2252 sec.
1352 2215 1468 2252 habet
1481 2219 1528 2253 V.
1545 2239 1585 2246 -
1606 2215 1725 2257 38—40
1746 2213 2129 2262 ἐκκεκενῶσθαι-βέλη
2148 2226 2215 2249 ex-

1193 2275 1344 2323 smipsit
1363 2273 1498 2311 Sum-15
1518 2286 1549 2309 5.
1575 2270 1758 2314 Ἐκτετοξε
1760 2273 1875 2307 ῧσθαι.

1249 2333 1312 2380 35,
1335 2333 1382 2374 46
1405 2329 1501 2368 οὔπω
1522 2338 1760 2379 conuptum.
1786 2332 1876 2365 Post
1897 2326 2065 2372 δεσπότην
2086 2329 2215 2377 sequi-

1196 2400 1258 2427 tui
1280 2391 1318 2426 in
1346 2389 1478 2426 codice
1501 2387 1672 2440 γράφεται
1700 2384 1969 2438 προστιθέμενος
2000 2389 2058 2421 οὖν
2092 2387 2215 2422 ἑαυτοῦ

1194 2449 1265 2486 υἱον
1283 2447 1541 2500 Ἀριστοφάνης
1563 2452 1658 2494 Quae
1678 2459 1754 2482 nou
1779 2445 1972 2494 intelligo,
1990 2457 2060 2480 nec
2086 2444 2218 2493 legun—

1199 2517 1257 2544 tur
1280 2509 1317 2544 in
1339 2510 1384 2543 G.
1411 2511 1534 2543 Dmn.

1250 2567 1312 2615 39,
1335 2567 1377 2602 51
1419 2564 1625 2615 Εὐριπίδους
1652 2567 1698 2600 G.
1717 2592 1755 2596 -
1780 2563 1827 2598 52
1873 2575 1956 2611 sqq.
1993 2563 2045 2599 sic
2077 2562 2219 2611 scripta

1196 2633 1284 2662 sunt
1319 2625 1357 2661 in
1392 2627 1435 2660 V.
1474 2627 1519 2660 In
1552 2622 1637 2659 Ald.
1674 2630 1729 2658 est

1198 2682 1340 2733 μάτων·
1357 2680 1622 2733 Τραγικώτερον
1653 2678 1852 2731 ἀπεφήνατο
1879 2676 2156 2729 προσδιασύρων,
2177 2676 2221 2719 ὥς

1197 2756 1319 2793 φασιν,
1349 2738 1556 2791 Εὐριπίοην.
1583 2736 1652 2775 ὅδε
1670 2741 1770 2781 νοῦς,
1801 2737 1835 2773 τί
1859 2734 2049 2787 εφθέγξατο
2080 2746 2119 2771 εκ
2152 2749 2220 2770 των

1775 2620 1897 2657 ἔλακεν
1936 2620 1975 2656 ἐκ
2009 2621 2077 2656 τῶν
2111 2634 2220 2668 στεμ-

1199 2798 1375 2850 στεφάνων
1392 2813 1453 2842 της
1473 2795 1700 2848 προφήτιδος;
1726 2792 1996 2845 ἕστεφανηφόρει
2010 2790 2076 2842 γὰρ
2096 2794 2117 2835 ἡ
2140 2792 2221 2828 Πυ-

1200 2857 1267 2894 θία.
1289 2856 1363 2893 ἐπεὶ
1380 2857 1410 2892 οἱ
1426 2855 1584 2906 τρίποδες
1601 2853 1711 2904 δάφνῃ
1729 2846 1816 2897 ἦσαν
1835 2849 2050 2898 ἐστεμμένοι.
2069 2847 2146 2884 τὸ
2127 2846 2162 2884 οε
2182 2849 2219 2884 ἐκ

1199 2931 1265 2951 των
1283 2913 1516 2962 στεμμάτων,
1538 2912 1614 2948 επεὶ
1639 2913 1670 2948 οἱ
1703 2907 1963 2959 μαντευόμενοι.
1988 2909 2031 2942 In
2060 2909 2106 2942 R.
2141 2905 2221 2941 haec

1200 2982 1345 3010 tantum
1360 2972 1556 3020 leguntur,
1572 2984 1672 3020 τραγ
1668 2967 1720 3012 κὴ
1737 2966 1836 3009 λέξις.
1854 2965 1910 3001 επὶ
1927 2979 1994 3001 των
2010 2962 2220 3012 στεμμάτων

1199 3046 1261 3075 της
1280 3028 1498 3081 προφήτιδος.
1518 3024 1789 3077 ἐστεφανηφόρει
1813 3022 1878 3074 γὰρ
1896 3025 1916 3067 ἡ
1937 3021 2070 3059 Πυθία
2093 3029 2131 3058 et
2159 3022 2220 3058 in-

1203 3089 1318 3126 serius
1352 3087 1404 3122 ill
1406 3102 1435 3130 ι,
1469 3084 1542 3121 ἐπει
1573 3085 1603 3119 οἱ
1634 3078 2104 3132 μαντευόμενοι-ἐριτίμων.
2133 3081 2222 3116 Post

1202 3145 1364 3198 ἐριτίμων
1395 3153 1520 3180 autem
1553 3141 1604 3190 (Ι.
1638 3141 1704 3189 12)
1731 3143 1774 3175 V.
1807 3151 1899 3187 pe14³
1893 3138 1932 3173 it
1963 3139 2082 3188 σαφῶς
2113 3137 2221 3173 ειπεῖν

1203 3201 1449 3253 ἐμαντεύσατο.
1480 3197 1732 3262 τραγικώτερον
1769 3197 1876 3232 εἰπεῖν
1906 3194 2108 3247 ἀπεφήνατο
2137 3194 2221 3245 πρὸς

1203 3259 1405 3311 διασυρμόν.
1426 3263 1596 3305 Quoium
1629 3256 1758 3305 priora
1786 3255 1838 3291 sic
1873 3263 1961 3291 sunt
1981 3266 2046 3289 col
2050 3253 2220 3301 rigenda,

1204 3313 1279 3356 εἷπε
1298 3334 1305 3354 :
1324 3315 1599 3366 Ἐμαντεύσατο,
1618 3322 1654 3350 et
1672 3313 1869 3350 referenda
1887 3312 1934 3348 ad
1953 3325 1986 3348 v.
2010 3316 2078 3355 403
2096 3319 2220 3358 poste-

1204 3377 1326 3421 riora,
1348 3376 1386 3411 iu
1404 3374 1544 3424 quibus
1563 3372 1768 3409 delendum
1788 3372 1895 3408 εἰπεῖν
1909 3399 1919 3417 ,
1941 3369 1987 3406 ad
2004 3370 2108 3405 hune
2129 3379 2219 3403 vei·-

2058 3439 2097 3468 35
