2533 3808
315 230 390 270 522

312 316 486 366 Ὄμηρος,
518 314 601 350 θεῶν
636 312 670 348 ἕν
701 309 840 360 γούνασι
880 316 991 348 κεῖται
1026 314 1067 347 V.
1093 312 1137 348 Θ.
1160 314 1208 347 Μ.
1241 309 1324 346 Ald.

368 373 454 418 346,
475 377 521 416 47
546 382 629 419 sqq.
652 382 727 405 om.
750 369 862 404 etiam
883 368 929 405 Θ.
945 371 997 405 Μ.

367 432 413 467 35
425 444 455 472 1,
475 443 498 476 9
514 427 671 464 δάπεδον.
693 425 780 468 τινὲς
795 424 829 463 δὲ
844 425 1122 476 ἀναγινώσκουσι
1137 426 1324 476 πάνθηρον,

311 488 543 525 παντοδαπῶν
564 485 689 537 ὀρνέων
714 484 869 522 δεκτικόν
894 487 938 521 R.
960 488 1001 521 V.
1031 485 1078 522 Θ.
1099 488 1197 521 Tum
1221 483 1326 520 addit

311 551 356 584 R.
380 543 508 591 λειμὼν
523 542 589 595 γὰρ
609 542 790 580 ὑπόκειται
809 541 868 580 καὶ
889 542 973 588 ἄνθη
991 541 1154 591 ἀνειμένα
1174 547 1245 584 τοῖς
1263 541 1327 591 μύ-

310 617 407 643 σταις
427 602 462 637 ἐν
478 602 528 652 τῷ
548 601 668 653 πεδίῳ.
686 601 780 646 Quae
797 614 845 637 ex
860 600 1004 637 scholio
1022 614 1055 637 v.
1073 601 1146 644 343
1169 607 1256 637 sunt
1272 612 1326 636 re-

310 660 440 709 petita.

365 718 453 764 354,
474 718 518 754 18
535 731 590 767 sq.
609 716 666 754 ἐπὶ
684 718 803 754 τοῦτον
821 716 878 754 τὸν
895 715 1019 768 χρόνον
1036 715 1130 765 λέγει
1147 715 1326 769 Ἀρίσταρ-

308 791 369 827 χος
389 791 473 826 μεμ.
490 777 576 814 Ald.
596 777 703 814 Conf.
722 777 843 813 schol.
864 790 899 812 v.
921 778 1009 823 372,
1028 782 1117 820 440.
1134 774 1190 812 ἐπὶ
1205 790 1324 812 τουτον

308 837 352 871 V.
368 861 406 867 -
427 848 472 882 19
498 833 555 871 τὸν
586 833 688 887 χορὸν
717 848 793 870 om.
818 837 871 870 Μ.
894 849 1038 906 μετρικα
1068 837 1109 871 V
1130 848 1172 882 με
1158 832 1253 885 ’τρια
1273 837 1319 871 G

310 915 352 921 —
374 904 422 927 20
442 890 545 943 χορόν
572 896 617 930 V
644 891 766 943 χρόνον
793 892 923 928 ceteri.
942 891 1022 929 εἴτι
1040 891 1107 944 ἄρα
1126 895 1177 928 M.
1199 894 1323 927 Locus

307 962 384 985 non
402 949 548 998 integer
567 963 647 986 esse
667 950 829 986 videtur.
850 950 1000 986 συνεῖδεν
1016 951 1062 988 Θ.
1084 953 1138 987 Μ.
1160 949 1322 986 συνειδεῖν

308 1009 351 1042 V.
375 1007 522 1043 συνιδεῖν
540 1011 585 1044 G.
603 1005 754 1044 σύνοιδεν
775 1007 954 1044 Ald.-—21
976 1007 1034 1044 καὶ
1057 1021 1131 1044 om.
1151 1010 1205 1043 M.
1221 1006 1324 1042 Idem

309 1063 464 1114 σύζυγον.
494 1064 528 1102 ἓν
556 1064 701 1115 σύζυγον
727 1065 859 1102 scribit
885 1066 1115 1102 Fritzschius
1137 1069 1191 1102 De
1207 1078 1321 1102 carm.

308 1130 417 1171 myst.
440 1126 506 1161 Ar.
532 1137 571 1173 p.
593 1124 653 1161 50.
672 1153 712 1157 -
727 1138 774 1161 22
806 1123 960 1175 διχορίαν
978 1125 1023 1162 Θ.
1054 1123 1226 1174 διχορείαν
1258 1136 1323 1159 ce-

308 1181 390 1217 teri.
403 1208 444 1212 —
462 1183 507 1218 23
529 1184 574 1223 ὣς
586 1181 625 1219 τὸ
641 1183 686 1224 εἷς
700 1185 742 1219 V.
753 1181 812 1219 καὶ
826 1183 872 1224 εἷς
886 1181 1018 1219 δώδεκα
1040 1183 1088 1219 Θ.
1107 1208 1149 1213 --
1170 1183 1320 1226 24-34

308 1251 382 1275 0111.
404 1239 516 1276 etiam
538 1241 583 1278 Θ.
605 1243 659 1277 Μ.

361 1298 451 1346 357,
472 1300 518 1336 36
550 1299 644 1350 Πρὸς
673 1300 819 1337 addidit
842 1299 1039 1336 Dobraeus.
1072 1299 1177 1336 Idem
1214 1300 1323 1335 aliter

307 1359 497 1408 expressit
517 1359 648 1396 Suidas
669 1374 696 1396 s.
715 1359 944 1411 Ταυροφάγον
959 1387 967 1402 ,
988 1359 1118 1395 addito
1137 1359 1219 1410 φασὶ
1238 1357 1322 1411 ψεύ-

307 1415 424 1453 δεσθαι
444 1425 531 1466 post
549 1415 711 1455 ἔπαθλον.
735 1417 958 1469 Ἀρίσταρχον
981 1417 1125 1454 Suidas.
1146 1417 1321 1466 Legeba-

308 1482 369 1511 tur
390 1474 634 1527 Ἀριστόξενον.
652 1504 692 1509 -
709 1478 753 1522 37
772 1475 947 1526 οἰομένους
968 1479 1013 1512 R.
1039 1483 1075 1512 et
1092 1475 1236 1512 Snidas.
1254 1476 1323 1513 οἷό-
1350 1501 1352 1515 i

307 1548 407 1582 μενος
425 1535 551 1570 ceteri.
566 1537 691 1585 ταῦρος
710 1536 844 1570 ναυτῶν
865 1534 904 1571 τὸ
923 1538 965 1569 V.
988 1534 1044 1570 Ib.
1060 1532 1322 1585 εἴρηται-(44)

307 1589 462 1641 δράμασι
480 1591 577 1628 infra
601 1600 687 1640 post
706 1593 774 1627 τῶν
804 1591 953 1628 θυόντων
975 1592 997 1627 l.
1019 1593 1066 1635 48
1095 1601 1242 1641 ponunt
1270 1596 1318 1630 V.

306 1649 351 1687 Θ.
371 1657 409 1685 et
423 1650 502 1699 (qui
524 1650 602 1686 haec
626 1658 769 1686 tantuin
799 1649 918 1686 verba
937 1652 965 1686 οἱ
993 1648 1028 1686 δὲ
1045 1649 1207 1687 ἔτι-τῶν
1232 1653 1323 1700 βακ-

306 1708 378 1757 χῶν
398 1707 527 1756 habet)
549 1711 600 1744 M.
618 1732 658 1738 —
679 1710 726 1745 38
748 1706 844 1760 παρὰ
857 1706 901 1745 τὰ
918 1708 1000 1744 Ald.
1022 1706 1117 1760 παρὰ
1137 1710 1187 1757 τῷ
1209 1710 1323 1760 Σοφο-

307 1765 380 1801 κλεῖ
398 1768 444 1801 G.
464 1790 505 1796 -
526 1767 573 1814 39
590 1765 648 1802 καὶ
665 1764 717 1802 ὅτι
738 1770 784 1803 R.
809 1775 845 1802 et
864 1766 1013 1804 Suidas.
1031 1792 1071 1797 -
1087 1772 1134 1808 40
1152 1766 1322 1803 ἐπιτιθέα-

307 1837 360 1858 σιν
379 1823 461 1859 Ald.
483 1822 700 1875 ταυροφάγον
719 1821 754 1859 δὲ
771 1822 853 1864 ἴσως
869 1823 970 1860 αὐτὸν
992 1823 1050 1860 τὸν
1069 1825 1240 1874 Κρατῖνον
1260 1822 1322 1860 λέ-

307 1895 373 1929 γει,
386 1879 407 1925 ἢ
423 1882 468 1923 ὡς
481 1880 676 1930 λαίμαργον
686 1880 912 1932 κωμῳδῶν,ἢ
923 1880 975 1918 ὅτι
987 1881 1135 1918 ἔπαθλον
1146 1881 1322 1930 ἐλάμὸανε

308 1942 431 1988 ταῦρον
448 1942 542 1988 Reg.
572 1939 630 1975 ΙΙ).
654 1940 684 1975 οἱ
710 1939 744 1976 δὲ
774 1937 826 1975 ὅτι
843 1942 885 1976 V.
912 1940 958 1977 Θ.
985 1948 1022 1976 et
1050 1940 1176 1976 Suio'ae
1203 1939 1321 1976 codex

310 1997 425 2033 Paris.
442 2001 483 2032 A.
498 2022 539 2027 —-
556 2003 599 2039 41
622 1995 699 2033 δ’λον
719 2010 793 2033 0111.
817 1997 964 2035 Suidas.
992 1998 1097 2034 Idem
1118 1997 1323 2034 ἀποδιδόασι

309 2052 444 2104 μητέρα
461 2053 634 2106 Κρατίνου
653 2053 730 2100 ἥτις
748 2056 869 2106 βακχ,
887 2056 1051 2092 lectione
1073 2055 1237 2092 absurde
1258 2057 1320 2092 in—

309 2112 508 2160 terpolata,
530 2120 570 2148 ut
594 2120 693 2148 recte
711 2112 883 2161 judicare
906 2113 1058 2150 videtur
1083 2114 1318 2150 Dindorfius.

308 2169 582 2219 Improbabilia
610 2171 826 2220 suspicatur
855 2172 1085 2208 Fritzschius
1125 2175 1181 2208 De
1206 2186 1320 2209 carm.

308 2236 421 2276 myst.
448 2240 487 2276 p.
520 2228 633 2264 55.-
653 2235 701 2272 42
729 2227 751 2264 ἅ
775 2230 863 2274 εἰσι,
894 2230 941 2273 43
974 2228 1147 2279 τολμηρόν
1174 2230 1320 2267 Suidas.

309 2286 469 2337 τολμηρά
486 2289 528 2322 V.
547 2288 593 2324 Θ.
613 2289 661 2323 Μ.
682 2288 712 2322 οἱ
730 2284 765 2323 δὲ
778 2285 918 2334 λέγουσι
933 2286 1094 2338 τολμηροί
1113 2288 1159 2325 R.
1180 2291 1321 2339 βακχῶν

308 2347 359 2379 Μ.
378 2353 414 2380 et
430 2344 579 2382 Suidas.
598 2343 740 2393 βοίκχων
759 2344 843 2381 Ald.
861 2346 1066 2394 Sequentia
1083 2358 1155 2382 om.
1173 2347 1321 2384 SuidaS.

307 2401 491 2451 τολμηρῶς
510 2404 570 2446 R.‚
587 2402 653 2450 qui
671 2407 716 2445 44
738 2401 955 2452 βωμολόχοις
972 2402 1006 2438 δὲ
1027 2416 1103 2440 0111.
1119 2429 1158 2435 -
1175 2406 1222 2447 45
1238 2404 1322 2456 πρὸς

308 2457 491 2494 κολακείαν
511 2458 598 2495 Ald.
613 2483 652 2488 —
677 2464 723 2504 47
748 2459 993 2508 μετενήνεκται
1015 2463 1057 2497 V.
1092 2461 1322 2512 μετήνεγκται

310 2520 356 2554 R.
374 2517 459 2552 Ald.
482 2516 690 2565 μετήνεκται
708 2518 842 2554 Snidas
872 2532 900 2556 5.
920 2519 1141 2569 Βωμολόχος.
1171 2520 1227 2557 ἐπὶ
1253 2523 1320 2557 τῶν

309 2574 421 2610 idem.
438 2573 654 2622 Legebatur
668 2573 734 2610 ὑπὸ
751 2577 832 2612 τῶν.
851 2575 909 2612 τὸν
930 2576 1046 2626 βωμὸν
1063 2581 1110 2614 V.
1127 2603 1168 2609 -
1184 2579 1233 2615 48
1249 2580 1322 2615 ἐλι-

309 2631 441 2682 πάρουν
458 2631 603 2668 Suidas.
620 2647 654 2667 τι
674 2631 794 2668 λαὲεῑν
808 2636 853 2669 V.
881 2634 926 2670 Θ.
955 2633 1034 2685 περὶ
1054 2636 1122 2671 τῶν
1150 2638 1195 2671 R.
1214 2660 1255 2666 -
1274 2638 1321 2672 50

311 2690 508 2738 legebatur
528 2688 567 2726 τὸ
592 2688 680 2738 μηδὲ
703 2692 769 2741 Κρ.
786 2714 819 2720 -
841 2703 861 2725 2
877 2703 930 2740 sq.
949 2696 1023 2733 ταῖς
1039 2691 1187 2743 βάκχαις
1203 2696 1246 2730 G.
1263 2692 1323 2735 τὰς

311 2747 446 2798 βάκχας
459 2751 505 2784 V.

365 2807 452 2841 362.
469 2808 625 2842 Lemma
640 2819 720 2842 esse
736 2805 899 2842 debebat
913 2806 1114 2858 τάπόρρητ’.
1130 2833 1169 2838 -
1190 2822 1232 2845 10
1247 2808 1323 2851 τοὺς

309 2861 533 2907 ποιήσαντας.
551 2863 664 2909 Quod
686 2864 824 2913 plurali
842 2877 1000 2900 numero
1021 2878 1109 2901 usus
1127 2875 1196 2911 est,
1217 2867 1319 2903 indi-

310 2921 368 2956 cio
391 2934 472 2958 esse
496 2921 645 2959 videtur
668 2922 762 2958 alios
782 2922 897 2958 alium
925 2923 1004 2972 ejus
1027 2923 1162 2961 fabulae
1186 2934 1321 2961 aucto—

311 2992 389 3016 rem
408 2979 657 3028 perhibuisse.
679 2983 853 3019 Man-Ex.
870 2982 965 3019 Hist.
985 2985 1090 3019 Com.
1107 2996 1143 3032 p.
1160 2997 1221 3029 70.
1242 2987 1322 3021 No—

314 3045 366 3072 tat
384 3040 650 3085 grammaticus
668 3037 849 3091 ἀπόρρητα
863 3069 872 3086 ,
894 3040 996 3089 qnod
1013 3044 1201 3078 interdicta
1223 3043 1320 3092 apud

311 3097 605 3145 Aristophanem
633 3098 812 3147 significat
829 3127 838 3144 ‚
863 3098 910 3135 de
943 3103 1085 3134 secretis
1115 3099 1258 3136 dictum
1283 3101 1321 3136 in

313 3153 439 3190 sabula
458 3155 718 3193 Plierecratea.
742 3159 916 3194 Ceterum
940 3166 1184 3207 comparetur
1203 3158 1319 3194 schol.

313 3211 358 3247 ad
392 3212 543 3249 Thesm.
583 3215 667 3259 370.
706 3218 828 3251 Dum.
859 3218 987 3252 Recte.
1026 3216 1236 3252 Fritzschio
1265 3219 1320 3252 De

311 3272 425 3306 carin.
445 3278 550 3318 myst.
581 3284 617 3319 p.
640 3271 686 3316 57
708 3285 820 3308 nemo
846 3274 954 3311 facile
973 3274 1224 3319 assentietur,
1245 3274 1322 3316 τοὺς

259 3373 262 3374 ⁷
311 3326 594 3370 ὑποπτεύσαντας
619 3330 835 3379 corrigenti.
850 3357 891 3363 -
914 3346 952 3368 11
973 3332 1126 3377 ἤκουσαν
1152 3332 1320 3369 Dindor—

312 3386 389 3421 lius.
411 3385 623 3434 Lege-batur
642 3386 794 3431 ἥκουσιν.
830 3389 974 3434 ἤκουσεν
992 3390 1189 3430 Dobraens.
1202 3419 1253 3423 --
1276 3406 1318 3427 12

1094 223 1390 262 ADNOTATlo
1419 223 1471 261 IN
1501 225 1672 264 SCHOL.

1388 311 1433 352 ὡς
1448 313 1505 347 νῦν
1522 312 1685 370 ε’κζὲὀῐῒ.
1707 313 1786 365 ἐπὶ)
1823 318 1890 353 τῶν
1910 316 2107 370 μυστηρίων
2128 318 2199 361 ἔθος
2225 320 2274 360 Θ.
2290 345 2331 353 -
2353 324 2396 359 13

1386 367 1507 404 καὶ-
1527 361 1614 405 οἶδεν
1648 384 1724 407 11011
1751 373 1841 409 satis
1869 375 2051 424 intelligo.
2074 376 2261 413 Videntur
2299 391 2398 414 non-

1386 427 1487 462 nulla
1507 427 1704 465 excidisse.
1734 433 1852 468 Dum.
1885 433 2112 470 Fiitzschius
2138 442 2256 471 tentat
2278 433 2315 471 ὃν
2340 435 2398 472 καὶ

1386 483 1486 526 αὐτὸς
1502 485 1536 521 ἐν
1559 485 1688 531 Νήσοις
1708 489 1766 524 vel
1793 487 1984 540 ἔμπροσθεν
2008 492 2068 528 vel
2094 490 2265 551 ἐνδοτέρω
2278 493 2398 541 (infru

1388 543 1477 590 381)
1500 535 1602 581 οἶδεν.
1624 544 1682 580 καὶ
1703 545 2036 597 αὐτὸς-ἐξάγεσθαι
2055 562 2130 585 om.
2155 553 2207 586 M.
2233 543 2320 586 εἶδεν
2337 552 2398 597 Θ.,

1385 601 1449 649 qui
1477 598 1602 652 ἀπόρρ.
1631 605 1673 647 ἠν
1704 601 1749 639 τὰ
1781 605 1841 641 ἀπ.
1856 632 1908 637 --
1932 612 1974 649 14
2004 609 2062 642 οὐν
2095 610 2147 644 Μ.
2165 606 2328 679 ἀποφέρει
2353 609 2398 646 Θ.

1387 658 1470 695 Ald.
1490 681 1540 686 —
1562 661 1606 696 16
1629 675 1749 697 τουτον
1770 661 1989 712 ἀποπέμπειν
2009 667 2054 701 V.
2046 693 2070 710 .‚
2085 664 2151 714 qui
2176 679 2217 710 ¹7
2238 663 2283 701 τὰ
2298 664 2398 717 ἀπόρ-

1386 731 1472 767 ρητα
1490 725 1576 766 post
1597 716 1778 764 Ἀθήνηθεν
1799 719 1920 769 ponit.
1939 721 2152 757 Delendum
2181 735 2262 758 esse
2287 722 2397 759 vide-

1387 782 1448 810 tur
1462 775 1674 812 Dindoriio.
1691 797 1739 804 —
1760 778 1803 813 18
1825 775 2005 829 ἀπόρρητα
2029 780 2072 823 ἠν
2089 776 2131 815 τὰ
2151 781 2194 814 V.
2220 777 2400 831 ἀπόρρητα

1384 831 1427 868 τὰ
1441 834 1485 870 Θ.
1503 833 1587 869 Ald.
1601 833 1640 870 τὸ
1652 833 1737 885 πρὸς
1751 837 1898 872 Μ.-20
1913 834 1934 881 ἢ
1954 834 1987 879 ἐξ
2003 835 2144 886 Αἰγίνης
2160 837 2399 874 Fritzschius.

1383 891 1566 943 ε’μπορεῖον
1584 896 1629 930 V.
1648 918 1688 924 —
1710 906 1761 929 21
1786 895 1803 930 ὁ
1821 893 2015 946 Θωρυκίων
2044 893 2119 938 ταξ.
2146 897 2190 931 R.
2215 894 2402 947 ταξιάρχης

1384 952 1432 986 Μ.
1453 958 1489 986 et
1513 950 1647 992 Suidas
1670 964 1698 988 s.
1717 951 1925 1003 Θωρυκίων.
1941 977 1980 983 -
2004 966 2052 989 22
2076 954 2144 989 τῶν
2164 965 2238 989 0111.
2259 956 2306 990 R.
2323 978 2364 984 —
2380 955 2400 990 3

1383 1009 1504 1044 ἑαυτοῦ
1525 1009 1640 1045 etiam
1659 1009 1806 1048 Suidas.
1826 1010 1930 1047 αὐτοῦ
1949 1010 2034 1047 Ald.
2052 1010 2182 1047 ἑαυτῶν
2200 1009 2276 1047 duo
2296 1010 2403 1047 codi-

1384 1079 1444 1102 ces
1456 1066 1596 1104 Suidae.
1613 1067 1907 1113 Πελοποννησίοις
1922 1071 2004 1111 ναῧς
2025 1066 2206 1121 προδιδοὺς
2222 1068 2281 1106 καὶ
2298 1067 2402 1118 Αἴγι-

1382 1139 1443 1160 ναν
1464 1122 1525 1169 τὴν
1548 1126 1669 1162 ἑαυτοῦ
1701 1125 1852 1177 πατρίδα
1884 1130 1975 1176 Reg.
1994 1150 2032 1158 -
2049 1132 2094 1170 24
2125 1138 2179 1175 sq.
2200 1122 2236 1161 δὲ
2254 1136 2328 1160 om.
2349 1127 2391 1159 M

1383 1182 1574 1233 Θωρυκίων
1588 1198 1643 1235 γρ.
1663 1187 1708 1221 V.
1731 1184 1949 1237 Θωρυκίωνα
1968 1200 2022 1236 γρ.
2043 1186 2088 1222 Θ.
2109 1184 2215 1221 Idem
2234 1181 2404 1232 μιμούμε-

1382 1255 1445 1276 νοι.
1479 1241 1593 1290 Apud
1611 1242 1788 1290 Suidam‚
1811 1245 1841 1279 οι
1868 1242 1903 1279 δὲ
1925 1258 1978 1279 οτι
2004 1258 2061 1279 τον
2090 1240 2310 1293 Θωρακίωνα
2339 1255 2402 1290 μι-

1383 1296 1552 1347 μούμενος
1566 1297 1600 1341 ὃς
1617 1301 1658 1344 ἠν
1678 1299 1866 1350 Αἰγινήτης
1881 1299 1942 1338 ταῖ
1930 1300 2064 1352 ίαρχος
2100 1308 2172 1336 etc.
2197 1316 2211 1331 α
2234 1299 2296 1336 Β15
2311 1311 2402 1335 cor-

1382 1355 1505 1404 rigere
1534 1356 1620 1393 licet
1644 1357 1833 1410 Θορικίων.
1867 1359 1954 1396 Fuit
1977 1359 2078 1395 enim
2103 1355 2252 1409 Θόρικος
2284 1368 2405 1406 pagus

1383 1412 1504 1449 tribus
1534 1416 1812 1462 Acamantidis‚
1844 1415 1952 1466 cujus
1984 1416 2072 1466 pagi
2097 1415 2163 1464 qui
2192 1422 2306 1460 esset,
2327 1421 2403 1450 tam

1382 1470 1545 1523 Θορίκιος
1567 1486 1679 1522 quam
1705 1473 1872 1525 Θορικεὺς
1903 1473 2179 1524 appellabatur.
2212 1474 2262 1508 At
2291 1472 2403 1524 Θορι-

1380 1528 1464 1566 κίων
1487 1529 1534 1566 ὢν
1568 1544 1686 1580 quum
1713 1532 1878 1581 permire
1903 1532 2048 1568 dictum
2079 1537 2152 1573 est,
2180 1538 2259 1566 tum
2281 1529 2420 1566 metro'

1382 1601 1538 1637 prorsus
1561 1597 1761 1639 repugnat.
1793 1594 1969 1627 Fortasse
1989 1603 2038 1627 ex
2064 1588 2181 1626 Suida
2207 1601 2402 1638 reponen-

1381 1644 1471 1681 dum
1488 1646 1682 1699 Θωρακίων
1703 1662 1758 1699 γρ.
1780 1648 1856 1684 ἀντὶ
1873 1651 1933 1686 τοῦ
1953 1647 2010 1685 τὸν
2034 1646 2257 1698 Θωρακίωνα
2289 1661 2368 1696 μιμ.
2387 1663 2402 1679 υ

1380 1705 1583 1741 FluTzscu.
1604 1706 1626 1742 Ι.
1648 1719 1679 1742 c.
1705 1719 1742 1755 p.
1764 1706 1825 1755 59.

1437 1762 1524 1807 363,
1544 1776 1588 1809 27
1611 1776 1686 1799 om.
1703 1767 1747 1802 R.
1771 1768 1818 1802 V.
1840 1767 1981 1814 Regius
1999 1776 2008 1802 τ
2029 1760 2301 1812 Εἷκσστολόγος,
2321 1762 2402 1813 πρὶν

1380 1818 1438 1855 καὶ
1470 1819 1621 1892 τελώνης
1653 1820 1818 1873 ὑπάρχων
1847 1821 2098 1871 (Thorycion)
2131 1820 2189 1858 καὶ
2219 1823 2282 1864 τῆς
2306 1819 2404 1856 κάτω

1382 1876 1516 1928 μοίρας.
1535 1879 1565 1914 οἱ
1582 1879 1729 1916 τελῶναι
1748 1877 1783 1915 δὲ
1803 1877 1968 1930 πρότερον
1989 1877 2051 1927 μὲν
2065 1875 2304 1922 πεντηκοστὴν
2321 1883 2402 1926 μοῖ-

1384 1950 1444 1986 ραν
1465 1937 1532 1972 τῶν
1551 1936 1818 1987 ἀπαιτουμένων
1836 1935 2059 1986 ελοίμὸανον,
2082 1935 2141 1973 καὶ
2163 1949 2402 1980 πεντηκοστο-

1381 1993 1478 2044 λόγοι
1505 1996 1713 2033 ἐκαλουντο·
1739 1999 1812 2033 εἶτα
1843 1995 2093 2046 εἷκοστολόγοι,
2123 1994 2182 2033 καὶ
2207 1994 2402 2032 τελευταῖον

1383 2056 1614 2106 δεκατολόγοι.

1438 2115 1525 2161 364,
1551 2116 1598 2150 32
1619 2115 1754 2168 γράψας
1773 2118 1790 2153 ὃ
1808 2114 2001 2168 Θωρυκίων
2017 2114 2152 2151 Suidas
2169 2126 2197 2150 s.
2217 2111 2403 2162 Ασκώμα-

1381 2188 1436 2210 τα.
1457 2172 1591 2225 ἔπεμψε
1608 2177 1654 2211 R.
1674 2199 1713 2205 -
1732 2176 1778 2212 33
1807 2174 2006 2223 ἀσκώματα
2033 2170 2079 2210 τὰ
2108 2172 2142 2208 ἐν
2171 2176 2245 2212 ταῖς
2267 2169 2402 2214 κώπαις

1383 2231 1622 2284 σκεπαστήρια
1643 2232 1681 2268 ἐκ
1700 2231 1887 2284 δέρματος,
1921 2234 1970 2274 οἱς
1985 2244 2143 2283 χρωνται
2163 2229 2198 2266 ἐν
2216 2234 2291 2270 ταῖς
2306 2228 2403 2280 τριή-

1384 2304 1455 2341 ρεσι
1481 2289 1828 2336 8111ἀε15.ὃέν,34
1852 2288 1942 2327 καθὰ
1972 2292 1995 2335 ἡ
2028 2292 2071 2325 V.
2098 2287 2175 2324 καθ’
2197 2286 2214 2324 ὃ
2242 2301 2361 2339 τρημα
2380 2290 2401 2332 ἡ

1382 2348 1529 2385 Suidas.
1551 2373 1591 2379 -
1609 2349 1656 2385 35
1674 2348 1772 2390 πόλις
1802 2347 1991 2393 Λακωνική
2022 2351 2083 2393 V.,
2109 2359 2186 2382 0111.
2219 2349 2264 2383 G.
2293 2361 2309 2378 «
2334 2347 2401 2382 So-

1383 2407 1550 2443 mniabat
1566 2408 1612 2443 de
1629 2421 1672 2444 ea
1686 2407 1895 2457 Epidauro,
1909 2407 1970 2444 cui
1986 2416 2197 2455 cognomen
2211 2403 2313 2448 fuitfi
2334 2405 2402 2440 Λι-

1383 2467 1490 2518 μηρά.
1509 2487 1522 2499 »
1542 2468 1770 2504 Fritzsclzius.
1791 2466 1988 2518 Δυρράχιον
2014 2473 2069 2501 est
2097 2465 2136 2500 in
2163 2464 2223 2508 Θ.,
2244 2461 2402 2499 librario

1383 2524 1430 2561 de
1451 2524 1664 2574 Epidamno
1683 2525 1887 2573 cogitante.

1437 2582 1510 2617 365
1529 2587 1668 2632 προεῖτο
1688 2579 1754 2631 γὰρ
1771 2580 1939 2632 χρήματα
1957 2576 2071 2616 πολλὰ
2090 2574 2217 2626 (πολλὰ
2231 2575 2400 2626 χρήματα

1382 2640 1427 2675 Θ.
1439 2638 1572 2680 πόλεως
1586 2638 1752 2689 χρήματα
1772 2638 1837 2687 M.)
1853 2639 1964 2688 Κῦρος
1983 2635 2174 2686 Λυσάνδρῳ
2185 2632 2261 2670 τότε
2276 2635 2323 2676 εἷς
2332 2634 2401 2672 πό-

1381 2698 1486 2745 λεμον
1507 2700 1554 2734 V.
1574 2697 1618 2735 Θ.
1642 2700 1690 2732 Μ.

1437 2756 1523 2798 366,
1543 2760 1585 2797 41
1607 2753 1782 2802 εἰσήνεγκε
1798 2754 1913 2805 δρᾶμα
1930 2751 1988 2789 καὶ
2006 2751 2142 2788 Suidas
2155 2764 2184 2787 s.
2203 2751 2400 2802 Κατατιλᾷ.

1382 2817 1454 2854 -42
1487 2811 1709 2856 κατετίλησεν
1744 2812 1849 2856 αὐτῆς
1878 2810 2026 2847 suidas.
2060 2809 2264 2854 κατείλησεν
2294 2809 2400 2854 αὐτὴν

1382 2871 1424 2905 V.
1450 2867 1673 2914 κατετίλησεν
1694 2867 1800 2914 αὐτὴν
1821 2872 1874 2906 Μ.
1892 2867 2136 2918 καθωμίλησεν
2160 2865 2266 2912 αὐτὴν
2292 2867 2339 2905 Θ.
2359 2894 2402 2900 -

1383 2932 1403 2969 4
1425 2926 1592 2978 ἠρυφίασε
1614 2927 1759 2964 Suidas.
1779 2926 2000 2980 ἐγεφυρίαζε,
2027 2925 2291 2970 cavillabatur,
2315 2927 2400 2961 illu-

1381 2984 1513 3028 debat,
1543 2987 1781 3021 Hermannus
1801 2998 1860 3035 ap.
1883 2985 2156 3031 Fritzschium,
2176 2984 2241 3033 qui
2269 2996 2316 3020 ex
2340 2982 2401 3019 Al-

1381 3041 1471 3078 dino
1485 3043 1629 3079 scholio
1649 3044 1758 3093 ponit
1773 3043 2034 3095 ἐπανηγυρίαζε.
2054 3068 2091 3074 -
2104 3044 2150 3086 43
2167 3043 2214 3084 εἰς
2231 3040 2337 3087 αὐτήν
2351 3041 2397 3080 Θ.

1382 3103 1430 3136 Μ.
1452 3101 1657 3149 Sequentia
1672 3113 1747 3139 om.
1767 3101 1879 3137 etiam
1898 3103 1944 3139 Θ.
1963 3105 2016 3138 Μ.

1437 3160 1524 3205 367,
1549 3159 1596 3195 50
1618 3160 1663 3200 εἰς
1689 3158 1849 3210 ἀργύριον
1873 3159 2035 3196 codices.
2050 3158 2159 3196 Conf.
2180 3157 2298 3194 schol.
2318 3158 2394 3193 Ec-

1382 3216 1468 3254 cles.
1490 3230 1572 3252 102.
1588 3241 1628 3247 -
1648 3218 1693 3253 52
1714 3216 1893 3265 ἱστάμενοι
1913 3217 2104 3253 iidem.-1
2125 3213 2181 3252 διὰ
2198 3214 2256 3252 τὸν
2276 3211 2398 3265 Ἀγύρ-

1382 3288 1451 3326 ριον
1472 3275 1695 3314 Brunckius.

1436 3334 1521 3369 365.
1551 3335 1645 3370 Cum
1676 3334 1748 3369 hoc.
1781 3333 1926 3369 scholio
1959 3344 2135 3381 compara
2169 3328 2396 3368 Philemonis

1384 3392 1546 3427 Lexicon
1565 3405 1576 3425 1
1591 3421 1597 3426 .
1612 3390 1721 3432 Τέλος
1735 3399 1770 3428 et
1786 3391 2026 3428 Favorinum.
2045 3414 2083 3422 .-
2098 3390 2120 3426 8
2137 3387 2330 3437 Euripidis
2348 3399 2395 3423 ex
