2517 3792
1139 202 1302 243 PLUTI.

190 289 237 328 ab
254 292 310 329 his
326 304 441 341 porro
453 290 498 328 ad
511 289 654 329 Arabas
669 303 907 340 permanasse
923 292 1051 329 statuit
1068 308 1074 329 z
1091 291 1199 341 cujus

190 349 342 398 quidem
360 349 550 399 opinionis
565 362 610 385 eo
630 348 868 398 probabilior
886 359 940 387 cst
955 364 1077 397 causa,
1096 350 1199 400 quod

191 408 270 457 ipsa
291 409 393 444 vocis
414 407 461 444 ab
478 406 669 443 Arabibus
687 417 877 457 usurpatae
892 409 1012 445 fornia
1029 410 1198 458 peregri-

189 478 258 502 nos
278 467 418 502 natales
436 474 550 515 atque
571 466 724 502 aliunde
753 466 886 503 ductos
915 468 1022 504 facilc
1047 467 1197 516 prodat.

188 525 344 560 Joannis
365 524 612 573 Evangelistae
636 523 880 573 γλωσσόκομον
900 540 930 561 c.
967 539 1008 562 12
1027 555 1036 570 ‚
1058 527 1103 570 63
1133 527 1175 562 13
1189 555 1198 571 ‚

190 594 267 629 29,
300 582 403 631 quod
438 583 535 618 inter
540 594 624 629 pres
660 583 906 620 Bibliothecae
943 585 1198 634 Gioninganae

189 647 261 681 Ms.
282 646 447 685 reddidit
467 641 576 687 siml
603 652 685 709 ⁶)>
722 647 769 683 al)
801 648 940 697 Etpeni
946 661 1017 695 :inp
1048 660 1197 683 wisunt

194 732 381 784 &jam-a.
406 734 546 767 Vetuni
568 696 888 780 qiknmdinoduui
908 728 1007 778 apud
1031 731 1196 772 Giaecos,

188 788 399 839 praesertitn
427 790 542 839 paulo
568 789 822 831 recentiores,
853 785 1099 835 γλωσσόκομον
1129 785 1199 821 uli-

188 846 342 896 quando
358 850 510 894 capulus
526 856 580 884 est
598 876 607 892 ‚
624 849 780 890 loculus,
811 853 875 880 aut
907 845 1105 891 sandapila
1117 871 1126 887 ,
1146 844 1198 879 sic

188 914 225 942 et
255 905 466 954 Gregorius
491 905 586 941 Abul
617 903 823 951 Phuragius
851 902 985 938 solium
1009 914 1172 946 =aureum
1188 930 1197 946 ‚

189 965 249 1001 cui
273 963 515 1000 commissum
536 964 604 1000 fuit
624 977 643 999 a
663 963 739 998 filio
761 961 1000 998 Constantini
1030 960 1198 995 defuncti

188 1048 329 1086 corpus
344 1063 354 1081 ,
373 1036 526 1071 vocavit
549 1022 673 1088 »φειδ
697 1036 872 1094 &93:20
896 1045 933 1081 p.
955 1032 1049 1077 138,
1071 1032 1199 1080 quales

188 1111 340 1148 fuerunt
368 1124 388 1147 a
415 1111 574 1147 vetustis
605 1107 858 1159 scriptoribus
893 1114 1199 1143 commemoratae

188 1170 278 1217 Cyri
307 1168 591 1217 Alexandrique
638 1167 869 1203 cadaverum
906 1164 1024 1201 πύελοι
1057 1170 1194 1215 χρυσαῖ.

185 1230 333 1264 Ηιειιιετ.
357 1228 556 1263 Glossator
579 1226 614 1262 in
636 1225 796 1262 Theocr.
821 1225 865 1260 15
879 1252 888 1269 ‚
911 1226 957 1261 33
977 1239 983 1260 :
1006 1222 1174 1274 λάρνακος
1189 1252 1198 1269 ,

186 1283 339 1322 σινδούκι
358 1284 455 1336 (sic).
474 1288 580 1321 BAST.
596 1293 692 1321 nott.
714 1297 801 1320 mss.

241 1356 315 1390 712
336 1373 346 1390 ‚
379 1357 428 1392 ²9
456 1343 652 1388 ὑπήντησεν
680 1344 726 1381 Θ.
758 1342 834 1392 οὗχὶ
852 1341 887 1379 δὲ
915 1340 984 1377 mg.
1006 1339 1110 1377 εἰπὼν
1133 1340 1198 1394 γὰρ

185 1401 271 1439 Ald.
294 1401 333 1439 τὸ
354 1415 427 1439 om.
454 1406 498 1438 V.
521 1401 608 1438 Ald.
633 1427 670 1432 -
694 1403 741 1437 30
758 1399 865 1451 ὅσπερ
887 1403 947 1445 V.,
974 1412 1019 1436 ex
1038 1413 1114 1448 quo
1136 1398 1197 1445 τὴν

185 1460 371 1497 additum.
390 1482 438 1488 —
457 1461 499 1496 31
520 1459 622 1511 φησὶν
640 1459 692 1496 ὅτι
713 1458 760 1508 μὰ
782 1463 827 1495 V.

240 1524 330 1566 714,
353 1520 400 1563 34
424 1532 478 1568 sq.
498 1517 693 1570 Τριὸώνιον
715 1520 878 1555 καλοῦσιν
898 1516 1046 1555 Ἀττικοὶ
1065 1517 1103 1554 τὸ
1126 1533 1198 1554 πα-

183 1575 281 1614 λαιὸν
313 1576 371 1614 καὶ
402 1576 630 1628 τετριμμένον
660 1580 705 1613 V.
739 1577 892 1614 Omittit
920 1579 978 1620 R„
1002 1575 1067 1611 sed
1101 1576 1198 1612 infra

185 1643 274 1685 post
290 1634 358 1686 γάρ
381 1635 455 1671 ἐστι
475 1635 514 1681 (l.
536 1635 599 1681 37)
626 1634 740 1671 habet
771 1632 952 1684 τριὸώνιον
983 1633 1021 1670 τὸ
1049 1634 1196 1671 παλαιὸν

184 1693 243 1730 καὶ
261 1691 490 1746 τετριμμένον
512 1691 649 1741 ἱμάτιον
670 1692 760 1729 οὕτω
778 1693 943 1729 καλοῦσιν
973 1692 1129 1729 Ἀττικοί.
1148 1716 1197 1720 --

187 1752 234 1788 35
253 1751 415 1799 Hesych.
438 1749 613 1800 Τρίὸακον
630 1750 767 1799 ἱμάτιον
784 1766 791 1772 ·
810 1750 876 1786 ubi
898 1751 995 1786 forte
1015 1750 1197 1801 τετριμμέ-

182 1825 239 1846 νον
260 1809 441 1846 exciderit
456 1824 465 1854 ;
483 1821 569 1844 nam
586 1808 717 1845 Suidas
736 1823 744 1843 :
761 1805 925 1858 Τριέακὰ
938 1837 946 1852 ,
966 1822 1197 1858 κατατετριμ-

183 1867 272 1917 μένα
304 1880 351 1904 ex
371 1866 616 1904 Artemidoro
638 1879 672 1912 2,
695 1867 729 1910 3,
760 1880 794 1916 p.
829 1866 901 1901 83:
924 1863 1038 1901 ὀθόνια
1069 1880 1106 1901 τε
1138 1865 1195 1902 καὶ

182 1925 333 1977 τρίὸακα
352 1924 477 1975 ἱμάτια
493 1925 603 1961 δοκεῖν
624 1929 752 1976 φορεῖν.
773 1925 917 1960 ΗΕΜ5Τ.
931 1947 971 1951 -
984 1924 1030 1959 36
1047 1925 1123 1961 ἀντὶ
1137 1929 1195 1961 τοῦ

181 1982 338 2036 τρώγλας
355 1987 399 2020 R.
425 1983 506 2019 sine
526 1983 583 2019 ὄπ.
601 1980 635 2018 δὲ
651 1997 681 2018 τ.
699 2008 740 2013 -
757 1983 800 2028 37
820 1982 886 2018 εἰσι
905 1984 947 2017 V.
963 2009 1003 2013 -..
1024 1982 1071 2018 38
1104 1983 1195 2034 διερ-

183 2042 308 2095 ρυηκὸς
321 2043 416 2092 Reg.
436 2039 623 2093 διερρηκὼς
642 2042 757 2077 Paris.
779 2040 905 2093 τρίὸων
924 2037 959 2076 δὲ
976 2039 1140 2092 τρίὸωνος
1158 2041 1196 2079 τὸ

181 2103 249 2138 τῶν
267 2104 360 2150 Reg.
374 2129 416 2133 -
431 2100 480 2148 39
497 2114 595 2151 φφων
617 2100 734 2135 Paris.
754 2128 793 2132 -
809 2105 856 2142 4ο
875 2102 892 2136 ὃ
907 2101 1056 2140 τοιοῦτος
1068 2099 1194 2151 τρίὲων

181 2155 835 2207 -διήκων-ἔχων--κεκολπωμένος
854 2160 948 2207 Reg.
968 2183 1007 2188 -
1029 2162 1076 2199 42
1097 2173 1194 2195 κεκα-

180 2215 354 2267 λυμμένος
377 2208 465 2252 εἶναι
485 2214 601 2251 habet
621 2215 666 2252 Θ.

237 2275 325 2321 716,
348 2280 394 2319 47
426 2287 539 2325 φαμεν
560 2276 605 2309 V.
626 2273 797 2321 Respicit
826 2273 871 2308 ad
895 2287 930 2309 v.
956 2274 1042 2309 665.
1067 2275 1194 2310 Simile

181 2333 353 2371 scholion
368 2332 406 2368 in
427 2334 472 2368 R.
495 2333 512 2367 ὁ
529 2330 737 2376 Νεοκλείδης
761 2330 986 2368 διαὸάλλεται
1013 2333 1057 2373 ὡς
1081 2331 1193 2383 ἅρπαξ

180 2392 249 2427 τῶν
272 2388 461 2439 δημοσίων.

234 2462 323 2497 717,
348 2448 394 2484 50
409 2445 472 2496 μέν
491 2447 564 2483 ἐστι
583 2449 630 2482 V.
646 2446 728 2483 Ald.
751 2465 765 2479 ιι
784 2450 840 2484 Re
856 2448 1047 2491 convenit,
1067 2448 1193 2485 verbis

180 2507 458 2580 aliquayntulum
493 2505 684 2554 discrepat
717 2508 832 2541 Dorv.
856 2506 908 2555 [et
934 2506 1075 2556 Regff]
1101 2508 1192 2575 Γρία

179 2564 265 2602 εἰσιν
283 2564 356 2610 εἴδη
375 2563 587 2616 φαρμάκων,
604 2563 756 2610 παστὸν,
772 2565 820 2600 π)
824 2564 951 2608 αστὸν,
972 2564 1029 2600 καὶ
1048 2565 1189 2602 πιστόν

178 2622 252 2660 ἔστι
273 2621 336 2672 μὲν
357 2621 464 2672 [ἔστιν
483 2625 577 2671 Reg.
583 2623 596 2670 ]
619 2625 676 2657 οὖν
693 2636 826 2659 παστον
840 2621 879 2658 τὸ
898 2622 1047 2671 πασόμε
1045 2638 1093 2659 ον
1112 2624 1152 2673 [τ-
1142 2640 1190 2660 α-

178 2681 258 2719 στὸν
280 2680 343 2731 μὲν
364 2680 404 2718 τὸ
424 2679 653 2731 τετριμμένον
674 2684 730 2716 οἱα
751 2679 931 2732 ἅλέυρον
914 2696 950 2717 ον
977 2681 1035 2717 καὶ
1054 2681 1189 2719 πασσό-

179 2754 278 2788 μενον
302 2739 424 2789 Reg.]·
441 2738 594 2776 πλαστὸν
617 2737 654 2775 δὲ
676 2738 713 2775 τὸ
733 2738 983 2788 πλαττόμενον,
1004 2738 1021 2776 ὃ
1043 2740 1101 2776 καὶ
1122 2755 1183 2777 κα-

176 2796 376 2833 ταπλαστὸν
397 2795 634 2848 [ἔμπλαστρον
655 2797 764 2847 Reg]
790 2796 925 2845 λέγεται
943 2812 950 2819 ·
979 2797 1037 2834 καὶ
1067 2799 1187 2835 πιστὸν

176 2854 215 2892 τὸ
230 2853 427 2904 πινόμενον.
457 2853 594 2905 Χριστὰ
614 2855 698 2891 vice
727 2858 891 2906 χρηστῶν
919 2856 1083 2892 restituit
1112 2860 1185 2894 Ca-

177 2911 368 2948 saubonus
379 2913 419 2948 in
430 2913 542 2949 Dion.
559 2913 692 2960 Chrys.
710 2926 748 2962 p.
768 2914 841 2949 663
861 2928 866 2947 :
886 2915 950 2963 οὐχ
966 2913 1032 2951 ὑπὸ
1050 2915 1187 2965 φαρμά-

175 2986 245 3008 κων
266 2973 417 3022 χριστῶν
436 2970 458 3015 ἢ
479 2973 594 3007 ποτῶν
612 2987 619 2994 ·
640 2973 679 3007 in
701 2974 913 3008 Sozonieno
934 2976 979 3009 H.
1002 2975 1043 3008 E.
1071 2986 1091 3007 2
1105 3002 1114 3018 ‚
1139 2987 1157 3018 7
1176 3004 1184 3019 ‚

175 3029 223 3066 ab
240 3030 325 3065 aliis
336 3029 416 3078 jam
433 3028 840 3079 restitutumfprobavit
855 3033 968 3066 Henr.
985 3031 1157 3067 Valesius
1175 3045 1183 3069 :

177 3100 306 3123 verum
327 3086 466 3123 labitur
482 3086 536 3122 ibi
556 3087 613 3123 vir
632 3099 788 3136 magnus
807 3087 855 3124 ab
887 3087 1089 3130 ἐπιπάστοις
1107 3102 1183 3124 non

175 3144 396 3181 discernens
421 3143 465 3180 τὰ
493 3143 692 3180 ἐπίπλαστα
708 3160 715 3167 ·
746 3158 857 3194 quem
880 3158 1047 3181 errorem
1077 3147 1183 3182 facile

174 3202 234 3238 vel
251 3215 350 3238 unus
378 3202 625 3251 Hippocratis
657 3202 762 3238 locus
789 3203 954 3251 arguerit
978 3203 1065 3254 Περὶ
1095 3218 1181 3253 χυμ.

173 3273 209 3309 p.
231 3261 278 3304 48
309 3276 316 3296 :
342 3259 536 3310 χρίσμασιν
563 3289 572 3305 ,
601 3260 830 3310 ἔγχρίσμασιν
847 3290 855 3305 ,
897 3260 1181 3305 ἐπιπλάστοισιν,

173 3317 422 3366 ἐμπλάστοισιν
440 3347 449 3366 ,
469 3316 718 3353 ἐπιπάστοισιν.
741 3317 967 3352 Artemidor.
988 3317 1006 3352 4
1021 3347 1029 3362 ‚
1052 3324 1096 3360 24
1113 3348 1120 3363 ‚
1143 3331 1178 3367 p,

176 3376 248 3412 215
272 3390 278 3411 :
301 3375 427 3427 χριστὰ
444 3373 566 3426 γὰρ,ἢ
588 3374 784 3410 ἔπίπλαστα
798 3403 808 3420 ,
829 3372 849 3418 ἢ
871 3373 985 3424 βρωτὰ
1002 3404 1010 3420 ,
1032 3369 1051 3414 ἢ
1074 3375 1174 3410 ποτά.

2195 225 2261 256 ,581

1261 294 1406 329 Ηειιι5τ.
1425 318 1465 325 -
1484 294 1524 330 51
1554 295 1899 348 κυρίως-γράφουσι
1928 299 2097 337 additum
2131 317 2174 339 cx
2208 308 2267 350 V.,

1261 351 1326 399 qui
1348 351 1393 387 52
1415 351 1502 394 τινὲς
1521 351 1555 389 δὲ
1576 353 1634 390 καὶ
1655 369 1713 406 πρ.
1729 381 1769 386 -
1786 356 1831 392 53
1864 357 2108 396 κατάπλαστον
2142 364 2186 398 R.
2209 378 2269 399 κα-

1261 409 1505 448 τάπλασταΘ.
1523 411 1754 450 κατάπλαστα
1771 412 1927 463 λέγοντες
1955 418 2039 454 Ald.
2065 422 2268 468 Sequentia

1260 480 1334 503 oni.
1353 469 1402 504 cti
1408 482 1465 504 ιιιιι
1488 470 1534 506 Θ.
1552 494 1592 500 -
1611 475 1631 512 4
1656 485 1715 506 του
1737 487 1745 506 ι
1764 471 1802 508 τὸ
1823 487 1854 523 ρι
1871 474 1909 509 οὐ
1924 475 2073 518 καλῶς
2059 475 2268 527 εφάπτονται

1258 526 1319 568 τῆς
1335 526 1483 568 ἐννοίας·
1505 527 1542 563 οὐ
1561 527 1627 578 γὰρ
1654 534 1706 564 τοῖ
1700 544 1722 570 ,ς
1741 529 1936 567 ἀσθενέσι
1918 533 2069 570 οιδοασιν
2098 536 2127 571 οἱ
2159 537 2268 586 ἰατροὶ

1260 579 1315 616 διὰ
1332 584 1398 618 τῶν
1414 597 1539 634 χειρων
1563 584 1754 621 συντιθέναι
1775 586 1816 623 τὰ
1836 587 2019 638 φάρμακα,
2046 589 2101 627 ἰ’να
2130 593 2187 629 καὶ
2220 609 2268 630 τω

1260 639 1301 675 N.
1320 642 1338 675 ὁ
1358 639 1473 676 Ἀσκλ.
1499 641 1674 692 ἐγιειρίση
1695 643 1788 694 epi&
1794 659 1842 687 ιν,
1872 660 1929 682 και
1956 651 2063 684 ταῦτα
2083 652 2200 702 τυφλω
2229 668 2266 700 (2

1258 695 1340 733 ὄντι·
1359 697 1445 734 ἀλλὰ
1459 698 1498 735 τὸ
1513 700 1726 750 ἐνεχείρησεν
1741 701 1814 738 ἀντι
1826 706 1884 739 τοῦ
1901 704 2027 756 επεχεί
2022 721 2103 751 σνσε
2116 709 2266 754 νοητέον·

1259 755 1434 792 τουτέστιν
1453 771 1506 792 οτι
1533 772 1670 807 πρωτον
1700 757 1838 795 πάντων
1859 762 1926 797 τῶν
1953 763 2066 800 ἄλλων
2089 766 2267 805 ἀσθενούν-

1258 827 1326 848 των
1346 828 1394 849 τι)
1418 814 1464 850 Νε
1454 813 1647 864 -οκλείδῃ”
1626 829 1729 864 ηγουν
1748 831 1848 867 χαριν
1877 821 1934 854 τοῦ
1956 819 2083 856 Νεοκὶτ
2072 822 2159 859 είδου
2186 826 2268 861 ἐπε-

1259 870 1400 921 χείρησε
1431 870 1559 922 τρίδειν
1581 871 1761 924 φάρμακον
1789 876 2059 914 καταπλαστόν·

1259 925 1310 963 ὅτι
1331 928 1373 963 δι’
1395 929 1521 965 ἐκεῖνον
1538 932 1559 974 ἡ
1574 930 1685 982 τρίψις
1703 930 1836 981 ἐγένετο
1860 936 1951 983 Reg.

1314 988 1410 1031 718,
1438 986 1481 1022 15
1509 989 1855 1032 νῆσος-Κυκλάδων
1885 991 2056 1030 additum
2094 1010 2139 1032 ex
2162 998 2202 1033 Y.
2233 1009 2269 1035 ct

1260 1047 1354 1093 Reg.
1373 1037 1459 1081 εἶναι
1480 1059 1554 1082 orn.
1575 1050 1633 1091 V.,
1663 1056 1748 1084 ante
1771 1048 1862 1085 δοκεῖ
1882 1051 1990 1099 ponit
2008 1053 2052 1089 Θ.
2068 1078 2108 1084 —
2133 1056 2176 1091 16
2192 1056 2269 1093 σκό-

1260 1101 1497 1153 ροδα-θηρία
1515 1103 1642 1140 addita
1663 1118 1708 1140 ex
1731 1109 1772 1140 V.
1793 1131 1831 1136 —
1858 1121 1900 1152 17
1924 1107 2020 1152 δηλοῖ
2041 1111 2207 1149 additun]
2224 1128 2269 1149 ex

1258 1163 1320 1208 R.,
1341 1161 1405 1209 qui
1420 1162 1531 1205 Τῆνος
1548 1160 1647 1207 αὕτη.
1672 1164 1821 1213 Reliqui
1838 1166 1948 1209 Τῆνος
1966 1167 1994 1202 δ’
2015 1166 2064 1216 (δὲ
2088 1170 2150 1218 Θ.)
2171 1171 2268 1216 αὐτὴ·

1261 1235 1275 1250 ι(
1297 1219 1516 1256 Haecverba
1533 1221 1570 1256 in
1592 1222 1665 1257 line
1696 1224 1903 1259 tetrametri
1925 1225 2048 1273 posita
2076 1226 2238 1265 fuerunt.
2258 1250 2270 1259 ›-

1258 1279 1378 1313 Dmn.
1392 1306 1430 1310 -
1451 1277 1531 1313 18
1513 1293 1570 1328 εγε
1557 1293 1634 1319 ις·-
1622 1294 1651 1315 .ε
1666 1294 1741 1316 συκ.
1758 1282 1912 1317 accessit
1927 1295 1971 1317 ex
1995 1286 2034 1318 V.
2040 1285 2134 1333 ‚qui
2149 1288 2271 1335 pengit

1258 1351 1316 1372 και
1335 1335 1557 1387 Αντίμαγος,
1577 1336 1694 1380 Ἰἦνου
1717 1339 1746 1374 τ’
1765 1337 1937 1390 ὀριέσσης.
1944 1341 2269 1405 hanff-proff-

1258 1392 1373 1439 οὔσης.
1409 1395 1442 1430 ἐν
1465 1392 1575 1444 ταύτῃ
1602 1394 1667 1445 γὰρ
1693 1398 1736 1445 τῇ
1766 1410 1861 1446 νησι)
1887 1395 2034 1447 σκόροδα
2059 1398 2192 1447 oswin
2211 1416 2267 1437 και

2093 881 2267 919 τουτέστιν

1259 1451 1449 1501 δριμύτατα
1475 1451 1638 1501 γίνονται.
1659 1478 1699 1484 -
1724 1467 1768 1502 ¹9
1786 1454 1842 1490 επὶ
1867 1469 1905 1491 το
1926 1455 2030 1506 σαφὲς
2059 1472 2183 1503 κατηντ
2178 1458 2267 1508 'fij-r„

1258 1513 1463 1559 Comparat
1491 1511 1635 1548 Heinst.
1667 1512 1703 1546 in
1739 1525 1826 1548 mss.
1858 1513 1976 1550 schol.
2005 1515 2136 1564 Eurip.
2169 1517 2267 1553 Med.

1263 1571 1332 1614 167
1351 1583 1358 1604 ε
1385 1568 1583 1618 Τιμαχίδας
1609 1568 1666 1605 ἐπι
1681 1569 1724 1605 τὰ
1741 1569 1908 1621 πρόχειρα
1925 1576 2029 1608 πᾶσιν
2048 1572 2195 1622 ἐνεχθεὶς
2213 1574 2268 1612 τὸν

1257 1625 1426 1677 Ἄψυρτόν
1447 1641 1531 1677 φησι
1550 1625 1628 1675 λεγε
1633 1642 1660 1663 ιν
1682 1627 1787 1672 αὐτήν
1805 1642 1811 1649 ·
1837 1627 1902 1664 ubi
1921 1641 2009 1665 sane
2034 1643 2163 1667 sensus
2189 1641 2243 1669 cst
2259 1662 2268 1678 ,

1256 1688 1448 1734 vulgarem
1455 1684 1608 1731 famam
1625 1694 1774 1721 secutus.
1799 1685 1873 1722 Sed
1890 1686 1927 1722 in
1953 1696 2082 1723 nostro
2102 1689 2184 1724 loco
2201 1704 2270 1726 σα-

1258 1742 1315 1794 φὲς
1332 1752 1387 1779 est
1404 1743 1502 1779 idem
1517 1752 1632 1791 atque
1649 1742 1688 1779 τὸ
1708 1742 1910 1794 φαινόμενον
1923 1744 2039 1781 schol.
2058 1745 2104 1781 ad
2124 1760 2156 1781 v.
2178 1748 2268 1795 649,

1258 1805 1464 1837 Dossnffins.
1487 1829 1525 1833 -
1547 1813 1595 1836 20
1616 1800 1654 1836 τὸ
1673 1814 1744 1836 om.
1767 1802 1812 1837 Θ.
1832 1804 1970 1837 Praeter
1989 1801 2010 1838 l.
2036 1815 2082 1837 22
2098 1832 2107 1848 ,
2134 1806 2178 1840 23
2200 1805 2269 1841 lia—

1257 1860 1321 1896 bet
1341 1863 1435 1909 Reg.
1454 1858 1664 1910 κατάρρυτος
1683 1857 1822 1894 ὕδασιν·
1847 1856 1919 1894 ὅθεν
1940 1859 1998 1895 καὶ
2019 1860 2165 1910 ὑδροῦσα
2188 1865 2267 1899 ἐπι-

1256 1917 1436 1964 κέκληται.
1453 1943 1494 1948 -
1515 1922 1561 1959 24
1580 1915 1601 1961 ἢ
1619 1916 1716 1961 ἧτλει
1735 1920 1780 1951 Y.

1311 1990 1398 2024 719,
1419 1976 1481 2011 26.
1506 1973 1607 2012 Γάλα
1626 1975 1763 2023 saepius
1786 1989 1804 2009 ιι
1829 1974 1982 2010 medicis
1999 1989 2067 2024 pro
2090 1990 2267 2025 expresso

1255 2036 1315 2071 vel
1337 2034 1547 2070 destillante
1571 2033 1787 2081 quarumvis
1817 2032 1996 2068 arborum
2018 2033 2268 2072 herbarumve

1255 2106 1369 2129 succo
1389 2092 1480 2141 poni
1497 2091 1615 2127 solet:
1637 2090 1738 2126 nulla
1758 2103 1798 2125 re
1819 2089 2001 2126 differunt
2018 2090 2099 2132 ὀπὸς
2122 2101 2158 2128 et
2178 2093 2267 2142 γάλα

1256 2149 1438 2202 βαλσάμου
1455 2164 1462 2171 ·
1482 2150 1533 2185 ita
1554 2149 1610 2184 lac
1631 2148 1831 2184 ficulneum
1855 2148 2074 2184 Columellae
2098 2153 2140 2185 R.
2161 2154 2205 2186 R.
2233 2166 2266 2196 7,

1256 2212 1277 2246 8
1294 2239 1303 2255 ‚
1322 2208 1426 2258 quod
1450 2207 1599 2256 coaguli
1621 2207 1695 2242 viui
1717 2205 1848 2250 habet,
1880 2215 1992 2255 atque
2017 2208 2200 2244 emittitur
2221 2210 2266 2245 ab

1254 2267 1391 2303 arbore
1403 2294 1414 2310 ‚
1434 2266 1464 2302 si
1479 2265 1558 2314 ejus
1574 2264 1759 2300 virentem
1777 2265 1919 2300 saucies
1939 2266 2127 2301 corticem.
2146 2267 2265 2314 Σκύλῃ

1255 2325 1309 2360 vel
1332 2323 1442 2360 σκύλα
1472 2322 1664 2358 scribendi
1694 2334 1796 2356 more
1821 2321 1974 2357 serioris
2001 2323 2155 2358 Graeciae
2189 2338 2265 2360 non

1254 2383 1346 2427 alia,
1369 2394 1480 2430 quan}
1499 2388 1671 2416 vetetum
1694 2378 1840 2415 σκίλλα·
1861 2379 1914 2414 Sic
1929 2380 2075 2429 σκυλοκ(
2062 2380 2212 2428 όμμυον
2229 2391 2263 2417 et

1254 2438 1564 2490 σκιλὶοκρόμμυον.
1598 2440 1740 2474 ΗΕΜ5Τ.
1772 2435 1920 2481 ffxmssJJm
1948 2437 2065 2473 Patis.
2077 2465 2086 2481 ,
2118 2440 2182 2487 qui
2217 2453 2261 2485 27

1504 2495 1534 2509 ’l'

1499 2511 1584 2539 0303·

1253 2512 1328 2536 oin.
1351 2497 1383 2541 ἐξ
1405 2500 1495 2542 ’ἥς-

1306 2571 1393 2603 720,
1417 2570 1489 2604 29-
1496 2556 1539 2591 31
1562 2555 1614 2590 sic
1631 2555 1666 2589 i11
1682 2557 1740 2597 V.,
1760 2553 1872 2597 Δῆλον
1893 2552 1944 2588 ὅτι
1963 2552 2024 2597 τὴν
2040 2554 2183 2590 σκίλλαν
2205 2557 2263 2592 καὶ

1250 2619 1283 2653 ἐν
1300 2615 1432 2656 τούτοις
1461 2613 1578 2663 τούτῳ
1596 2615 1656 2660 G.)
1676 2610 1737 2656 τὴν
1761 2610 1877 2661 σχίνον
1899 2610 1962 2661 γὰρ
1984 2611 2155 2656 δεικτικῆν
2174 2613 2262 2650 κατὰ

1249 2674 1386 2715 πάντες.
1417 2675 1447 2709 οἱ
1481 2671 1516 2708 δὲ
1548 2664 1634 2711 εἶδος
1654 2673 1757 2721 φυτοῦ
1782 2669 1842 2714 τὴν
1866 2669 1999 2719 σχίνον.
2028 2671 2056 2706 οἱ
2088 2669 2122 2706 δὲ
2142 2670 2182 2714 ’ἥν

1248 2734 1333 2781 (scr.
1355 2732 1395 2777 ἣν
1413 2731 1515 2780 τινὲς
1531 2728 1718 2779 μαστιχῆν.
1738 2733 1852 2778 σγῖνος
1867 2726 1926 2763 δε
1915 2727 2010 2778 παρὰ
2029 2727 2067 2763 τὸ
2082 2728 2261 2777 σγίζεσθα,

1248 2807 1305 2828 και
1337 2790 1506 2841 δακρύειν.
1541 2789 1573 2824 ε’)
1605 2786 1640 2823 δὲ
1666 2801 1716 2822 τοι
1720 2801 1734 2826 ς
1760 2785 1834 2829 ἑςῆς
1851 2799 1909 2820 και
1926 2787 1964 2821 ἐκ
1991 2799 2058 2820 των
2088 2784 2182 2835 παρὰ
2199 2790 2259 2822 τοῦ

1247 2848 1484 2900 Θεοφράστου.
1507 2868 1556 2874 ——
1575 2849 1622 2881 30
1648 2860 1676 2880 ε.
1667 2848 1733 2879 ῗναι
1754 2857 1826 2879 οιιι.
1849 2845 1893 2878 0.
1913 2860 1926 2873 ιι
1946 2842 2007 2878 Ἐν
2033 2841 2069 2877 δὲ
2091 2848 2158 2883 τοῖς
2185 2865 2216 2879 5
2204 2842 2259 2887 ’ξ-ἳς

1246 2907 1432 2944 indicium
1463 2905 1549 2941 lacit
1586 2902 1717 2939 scholii
1746 2901 1901 2943 vetusti,
1935 2907 1971 2934 et
2007 2912 2051 2934 co
2090 2907 2258 2949 tempore

1246 2965 1391 3014 scripti,
1411 2976 1486 3011 quo
1506 2961 1641 2998 fabulae
1662 2958 1780 2994 nostii
1802 2957 1938 2993 comici
1959 2956 2017 2991 vel
2037 2970 2178 3001 omnes,
2201 2959 2256 2995 xel

1246 3024 1449 3073 pleraeque,
1466 3033 1550 3055 cuin
1573 3016 1904 3068 giamniaticoruni
1921 3015 2074 3061 iutegiis
2095 3015 2222 3051 aduotz
2217 3031 2256 3052 ι-

1245 3080 1431 3124 tionibus,
1452 3046 1594 3114 adhuc²³
1604 3073 1803 3117 extabant,
1821 3085 1906 3108 nain
1937 3072 1974 3107 in
2000 3072 2065 3116 iis,
2087 3086 2166 3120 quae
2186 3087 2251 3109 su-

1244 3146 1422 3190 pelsunt‚
1448 3136 1551 3172 nulla
1572 3135 1612 3169 lit
1641 3146 1708 3168 nec
1729 3131 1847 3181 σχίνου
1861 3160 1870 3176 ,
1892 3144 1959 3166 nec
1975 3130 2252 3180 Theophrastei

1242 3199 1316 3236 loci
1340 3196 1566 3233 ine11tio.De
1591 3191 1803 3227 accessione
1823 3197 1946 3225 autem
1968 3189 2047 3227 illa
2079 3203 2161 3237 quae
2188 3191 2251 3226 lini

1242 3257 1414 3299 adhaeret‚
1429 3252 1523 3302 παρὰ
1540 3250 1578 3286 τὸ
1597 3249 1715 3299 σχίζεσ
1696 3251 1775 3284 σθαι
1801 3255 1869 3283 et(
1864 3276 1887 3293 .,
1908 3248 1958 3282 itii
1979 3255 2122 3292 statuo,
2143 3260 2189 3282 niz
2194 3247 2250 3283 ilae

1242 3327 1372 3350 manus
1393 3324 1494 3355 esse,
1515 3317 1551 3344 et
1573 3315 1707 3357 praeter
1724 3306 1933 3342 scholiastae
1958 3312 2117 3339 mentem
2135 3304 2248 3340 adsu-

1990 3363 2066 3397 sivc
2100 3362 2247 3398 lentisci

2188 2687 2262 2708 ’.ἱνα

1243 3382 1314 3408 tuni
1336 3385 1342 3406 ι
1368 3369 1527 3419 pertinet
1561 3367 1657 3401 ‹nini
1683 3365 1727 3401 ad
1762 3365 1957 3413 μαστίχην,
