2517 3792
850 192 1003 230 {Mnix
1034 191 1267 229 NOMINUM
1300 191 1365 229 ΕΤ
1396 191 1587 233 RERUM.

174 284 317 312 Messene
333 279 463 319 urgebat
487 277 743 310 Laceda‘moiwnl
763 278 848 318 (post
873 278 1082 308 detectionem
1100 277 1188 308 Helo-

217 327 348 363 tarum),
366 329 441 366 Lys.
463 328 534 357 1141
560 334 608 364 sq.
630 326 872 355 Messeniorum
893 324 1036 362 detectio
1061 324 1103 355 ab
1133 325 1191 353 La-

217 373 428 403 cecisemoniis
443 373 475 402 et
493 371 632 408 bellum,
651 372 724 409 Lys.
752 372 839 400 1144.

177 420 378 457 Messoaqes,
393 417 510 449 lochus
526 416 872 453 Laccda'nionioriiin‚
891 418 966 455 Lys.
986 418 1055 447 453.

175 464 424 502 Atellupnnoeus
439 465 554 499 Arion,
570 466 627 493 Ar.
652 465 738 493 1403.

179 510 375 540 metientium
394 513 542 540 accurate
560 509 774 539 instrumenta
799 510 1004 540 recensentur
1031 512 1113 540 Han.
1132 512 1192 541 799

216 560 330 593 -801,
345 557 571 595 ωρὶέαιηίιιν
588 558 620 587 in
638 556 757 588 scholl.

177 603 300 635 Mctmci
314 605 466 642 tanquam
484 603 736 642 cissuunghnna,
763 602 842 634 Ach-
872 606 942 634 508.
968 602 1059 634 Adde
1086 602 1191 642 lnqui-

217 650 282 680 lini.

174 699 293 734 Meton,
317 697 465 735 optimus
491 698 708 727 astronomus
731 698 764 727 et
792 697 981 736 yeometra,
1006 696 1041 726 in
1069 694 1192 726 Avibus

215 743 346 773 advenit
359 742 604 773 Nuhicuculiain
624 751 729 773 acrcin
745 742 951 773 dimensurus
968 742 1122 780 etjugera
1143 741 1191 771 di-

216 791 399 828 rempturus
418 798 426 818 ε
444 790 515 827 post
535 789 701 820 ridiculam
715 789 1017 819 demonstrationem
1035 788 1111 817 artis
1127 796 1192 817 sna*

215 844 290 865 cum
316 835 504 865 verberibus
537 835 675 874 abigitur
708 844 726 865 a
761 835 966 872 Pistlieiaero,
992 838 1188 864 992-1020,

215 883 304 912 Erat
322 889 412 920 payo
430 883 693 915 Leuconoensis;
711 881 983 920 strufowztem
1003 880 1052 910 rel
1069 879 1189 918 sontes,

215 929 426 959 memorante
456 926 649 965 Phrynicho
682 929 715 958 in
739 928 1017 965 Monoiropo;1·n
1053 925 1188 962 Colono,

214 974 268 1005 vel
283 973 470 1005 secundum
502 973 745 1004 Philochorum
775 975 808 1004 in
839 975 947 1010 Pnyce.
961 972 1010 1002 ad
1037 980 1188 1009 murum,

209 1021 420 1051 consecravit
435 1019 674 1059 heliotropium
689 1019 853 1050 archonte
866 1018 1028 1058 Apseude.
1045 1020 1190 1049 Metonis

212 1074 338 1104 annus,
357 1068 428 1097 997.

171 1112 308 1153 [Metra.
335 1111 590 1150 Ἱππωνάκτειον,
616 1111 671 1142 Pl.
703 1114 780 1150 253,
808 1111 897 1143 Nub.
928 1112 1023 1149 10323
1049 1111 1189 1152 δίμετρον

212 1159 466 1200 Ἂνακρεόντειον,
489 1158 546 1189 Pl.
581 1161 658 1197 2533
692 1159 901 1199 ἑφθημιμερές,
927 1159 981 1189 I'l.
1014 1162 1085 1197 302,
1111 1163 1188 1197 598;

212 1206 462 1245 anapoesticum
480 1206 734 1244 tetrametrum,
761 1206 814 1236 Pl.
843 1208 913 1236 487.
929 1204 1025 1236 Idem
1040 1207 1187 1236 metrum

210 1252 342 1283 dicitur
355 1250 639 1291 Aristophaneum
653 1275 662 1289 ,
683 1251 736 1281 Pl.
760 1254 831 1282 1187.
858 1251 950 1286 Βάσις
968 1251 1187 1290 &varmei-izi,

211 1300 281 1329 sive
295 1297 496 1337 μονόμετρον,
521 1297 574 1328 vel
599 1298 836 1337 vineariis-stov,
859 1298 912 1328 I’l.
933 1301 1004 1336 598,
1028 1299 1090 1338 Eq.
1117 1301 1186 1329 504.

210 1346 362 1376 Metrum
377 1343 593 1384 παροιμιακὸν,
608 1344 662 1374 Pl.
679 1347 759 1381 598;
775 1345 955 1375 δακτυλικὸν
972 1346 1188 1385 aestimatae&

208 1393 279 1422 sive
292 1390 555 1428 Archilochium,
571 1390 660 1421 Nub.
677 1393 754 1428 274;
770 1391 949 1422 δακτυλικὸν
965 1391 1174 1427 &zuentinam-2

208 1437 299 1478 quod
316 1436 434 1468 itidem
460 1437 709 1468 Archilochium
736 1437 878 1476 dieitur,
900 1437 980 1468 ibid.
1000 1438 1185 1469 Pherecra-

209 1486 315 1522 teum,
328 1485 399 1514 sive
417 1484 581 1524 τροχαῐκὸν
598 1484 737 1524 δίμετρον
765 1485 1070 1524 βραχυκατάληκτον,
1097 1485 1185 1515 Nub.

208 1531 280 1561 457.
297 1530 505 1569 Ἀλκμάνειον,
519 1531 588 1560 sive
601 1530 781 1560 δακτυλικὸν
798 1532 1007 1571 ἐφθημιμερές,
1030 1531 1105 1562 ibid.
1130 1532 1187 1562 133-

210 1578 364 1609 πο).ίδειον
392 1579 516 1618 quale,
540 1577 629 1609 nub.
656 1580 734 1616 5¹83
759 1579 965 1617 Γλυκώνειον,
993 1579 1082 1610 Nico.
1110 1582 1186 1616 563,

209 1627 298 1655 Ran.
322 1627 394 1662 326,
414 1627 511 1662 12823
533 1625 756 1664 Φερεκράτειον
773 1625 983 1664 ἑφθημιμερές,
1000 1625 1090 1656 nub.
1109 1628 1186 1662 563;

208 1671 382 1710 {sistat-adv,
408 1673 492 1702 Rem.
516 1675 595 1710 3263
616 1671 770 1709 Αἰολικὸν,
798 1674 882 1702 Rati.
904 1676 999 1710 1291„
1024 1674 1186 1713 τροχαῐκὸν

210 1717 417 1757 lenpaut-sbti,
431 1718 466 1747 τὸ
479 1718 667 1756 καλούμενον
681 1718 896 1757 Ἀρχιλοχειον,
914 1720 942 1748 E
944 1727 975 1758 q.
993 1721 1051 1749 753
1065 1729 1072 1755 ;
1097 1719 1186 1749 ἀσυν-

209 1765 337 1807 άρτητον
355 1766 558 1806 Εὐριπίδειον,
577 1765 671 1803 ibid.;
686 1766 894 1805 ἰθυᾳαλὴκὸν,
915 1769 1006 1805 i'csp.
1027 1768 1103 1803 248;
1118 1767 1187 1796 κατ’

209 1811 361 1848 ἐνόπλιον,
380 1812 469 1842 Nub.
493 1815 566 1850 651,
585 1816 654 1842 652.
681 1814 789 1842 Kenio-i
812 1812 1018 1852 προσοδιακὸν
1037 1813 1186 1851 καλούμε-

209 1867 274 1894 νον,
291 1858 348 1887 Αυ.
375 1859 448 1888 738.
473 1859 522 1888 De.
537 1857 698 1897 spondoeo
716 1859 751 1888 in
777 1860 885 1888 metro
907 1858 1074 1889 trochaico
1095 1857 1183 1889 Nub.

210 1906 269 1934 518
286 1903 394 1942 (salso
410 1904 594 1939 traditur).
609 1904 718 1945 KcsT]

2191 207 2265 241 669

1289 279 1426 318 utrique
1453 278 1643 316 conjunctis
1673 279 1799 310 rii-ibus
1827 280 2034 323 subjiciunt,
2071 286 2160 325 i'esp.
2193 290 2263 318 283.

1289 325 1403 356 Milesii
1431 325 1631 364 prodidi-rant
1665 327 1871 358 Athenienses
1899 331 2045 366 (aiielore
2068 332 2264 372 Alcibiade),

1291 373 1363 410 Lys.
1388 375 1453 403 108.
1475 374 1762 411 Perstrinqunlur
1781 376 1817 404 ut
1831 374 2000 414 adulteri,
2027 380 2094 416 107,
2118 381 2150 410 et
2168 380 2266 410 lua‘u-

1289 419 1367 447 riosi
1381 441 1389 454 ,
1409 420 1493 449 Ran.
1512 421 1570 449 5‘13
1583 443 1592 456 ‚
1611 419 1755 449 Milesia’
1771 422 1807 451 ut
1825 420 2035 454 vehementer
2051 424 2243 456 libidinosi?
2255 450 2263 463 ‚

1288 466 1428 494 reretris
1456 467 1617 495 coriaceis
1648 468 1779 497 utentes
1792 489 1800 504 ,
1829 469 1852 497 L
1858 477 1906 507 ys.
1940 472 2006 501 109.
2037 473 2264 505 Ostracismus

1288 510 1382 549 apud
1397 511 1557 549 Milesios,
1577 513 1638 551 Eq.
1658 515 1729 542 8:15.

1247 557 1398 593 Miletus,
1417 565 1480 587 eur
1493 557 1572 587 olim
1591 559 1733 596 Pityusa
1753 558 1858 597 (licta,
1878 560 1928 591 Pl.
1950 565 2019 593 586.
2046 565 2150 603 Lupis
2160 567 2262 604 pisci-

1288 602 1348 633 bus
1363 602 1585 640 abundabat,
1611 611 1678 642 qua
1699 612 1821 641 causa,
1846 607 1906 645 Eq.
1924 610 1992 638 361.
2016 609 2067 639 Ibi
2085 619 2107 640 a
2121 613 2263 649 piscato-

1287 649 1382 680 ribus
1398 651 1555 680 inventus
1570 651 1681 688 tripus
1695 653 1813 689 postea
1839 653 2037 692 Delphicus,
2053 656 2105 687 Pl.
2123 660 2152 687 9.
2169 659 2265 689 Mile-

1287 698 1343 726 tus
1357 696 1541 735 Apollinis,
1559 696 1654 735 apud
1671 699 1837 727 Ananiam
1851 722 1861 735 ,
1879 701 1964 732 Han.
1984 704 2054 731 661.
2073 703 2169 741 Conf.
2188 705 2261 743 Lys.

1289 746 1377 773 1281.
1399 743 1508 773 Mileti
1525 745 1733 782 espuqnatio
1749 752 1770 773 a
1793 744 1985 784 Phrynicho
2001 750 2128 787 trassico
2147 759 2263 782 coram

1286 788 1544 818 Atheniensibus
1570 791 1670 826 acta,
1698 791 1790 828 resp.
1814 793 1902 821 1490.
1928 793 2084 824 Miletum
2103 797 2261 827 Prienen-

1285 833 1380 863 sibus
1395 834 1547 873 prodidit
1564 835 1704 865 Cillicon
1720 835 1887 874 Milesius,
1904 838 1985 868 Pac.
2006 843 2076 870 363.

1244 880 1430 910 Milichius.
1458 880 1534 911 t'ide
1551 881 1705 920 anpitcr.

1244 927 1373 958 Milites
1387 926 1486 957 trium
1512 927 1637 958 dierum
1660 927 1778 958 cibaria
1800 928 2019 968 seeumserre
2036 932 2262 972 tenebantur,

1285 972 1363 1003 Ach.
1388 975 1462 1011 197,
1485 974 1576 1012 Vesp.
1595 976 1653 1004 243
1666 994 1673 1006 ,
1692 975 1754 1013 Eq.
1774 976 1862 1005 1079.
1881 976 2009 1006 Milites
2029 979 2062 1007 in
2079 979 2262 1018 erpeditio·

1285 1028 1361 1050 nem
1383 1019 1594 1050 discedentes
1620 1020 1753 1050 farinam
1780 1022 1812 1051 et
1839 1029 1963 1052 caseum
1994 1024 2160 1063 emebant,
2180 1028 2261 1058 Pac.

1285 1069 1364 1104 368;
1379 1066 1514 1097 cibaria
1530 1067 1563 1096 in
1582 1074 1658 1097 case
1677 1068 1830 1104 vimine0,
1846 1067 1954 1107 γυλίῳ,
1969 1070 2166 1108 portabant,
2182 1072 2261 1103 Ach.

1288 1115 1377 1143 1097.
1397 1114 1527 1143 Eorum
1546 1114 1653 1143 victus
1672 1113 1760 1150 cilis,
1778 1115 1838 1153 Eq.
1857 1117 1927 1144 600.
1947 1114 2038 1145 Adde
2058 1117 2240 1156 catalogus.

1244 1159 1328 1189 Milo
1344 1161 1578 1190 Crotoniates:
1597 1158 1638 1189 de
1651 1167 1688 1189 eo
1703 1161 1772 1190 not.
1791 1162 1875 1190 nan.
1893 1164 1942 1191 55.

1243 1204 1418 1243 Miltiades,
1437 1207 1498 1244 Eq.
1524 1208 1613 1236 1325.
1638 1207 1721 1236 Dux
1742 1205 1997 1237 Atheniensium
2019 1204 2266 1241 Persas‘rincit

1284 1251 1501 1290 Marathone,
1517 1253 1579 1291 Eq.
1595 1254 1666 1283 781.

1242 1304 1378 1341 Milvus,
1396 1305 1507 1339 ἰκτῖνος
1527 1314 1533 1334 :
1559 1304 1659 1335 Graeci
1682 1306 1860 1344 conspectis
1883 1305 1989 1336 milvis
2013 1306 2044 1337 in
2069 1315 2171 1346 genua
2193 1316 2265 1348 pro-

1284 1350 1452 1388 cumbunt,
1472 1353 1530 1381 An.
1551 1353 1724 1382 499-502.
1745 1353 1917 1381 Nimirum
1934 1360 1990 1382 ver
2009 1352 2181 1391 siqnifieat
2201 1353 2263 1384 ad-

1285 1399 1407 1427 ventus
1432 1397 1529 1428 >milvi
1552 1399 1585 1428 in
1609 1398 1801 1435 Groeeiam;
1818 1406 1926 1437 quare
1937 1406 2108 1437 pauperes
2119 1408 2265 1438 prieser-

1287 1445 1357 1480 tim,
1375 1443 1495 1474 hiemis
1510 1444 1612 1474 malis
1627 1443 1778 1481 liberati,
1795 1443 2039 1475 adventantem
2055 1444 2264 1486 adorabant,

1288 1493 1357 1520 501.
1376 1490 1488 1520 Milvus
1511 1499 1614 1521 verno
1635 1491 1783 1529 tempore
1808 1499 1962 1529 apparens
1986 1491 2018 1521 in
2043 1492 2164 1522 Gra-cia
2186 1493 2265 1532 quid

1283 1535 1349 1566 sieri
1370 1535 1496 1575 jubeat,
1523 1538 1581 1567 Ac.
1602 1538 1660 1566 713
1677 1544 1725 1575 sq.
1745 1535 1858 1565 Milvus
1874 1537 1961 1567 totus
1983 1536 2119 1568 oculeus
2145 1546 2241 1577 rapax
2255 1562 2264 1577 ,

1278 1582 1330 1621 fr.
1348 1587 1418 1614 525.

1241 1630 1367 1669 MimaS‚
1391 1630 1547 1662 Thracioe
1561 1637 1670 1667 mons,
1687 1628 1832 1666 nivosus,
1848 1627 1936 1659 Nub.
1954 1631 2024 1659 273.

1242 1677 1398 1707 Minerva
1412 1697 1421 1711 ,
1444 1677 1569 1713 Ἀθηνᾶ,
1587 1674 1649 1705 filia
1677 1674 1783 1712 iovis,
1809 1682 1852 1704 ez
1876 1674 2066 1710 Simonide,
2092 1677 2173 1707 Pac.
2191 1679 2261 1708 736.

1282 1723 1425 1753 Minerva
1441 1721 1602 1762 ἐπίκληρος
1620 1721 1690 1751 Jovi
1703 1745 1711 1759 ,
1729 1723 1788 1751 Aa.
1820 1723 1895 1751 1653
1913 1722 1947 1751 et
1969 1721 2076 1752 schol.
2101 1723 2197 1753 Nata
2217 1722 2264 1753 ad

1287 1768 1631 1807 Tritonem,flui·ium
1651 1767 1766 1806 Libyce
1779 1789 1787 1804 ‚
1806 1768 1869 1807 Eq.
1895 1769 1981 1797 1189.
2006 1767 2134 1798 Occidit
2162 1771 2262 1799 Ence-

1283 1815 1404 1846 ladum
1422 1817 1612 1855 qiqantem,
1635 1816 1699 1854 Eq.
1724 1818 1795 1844 566.
1820 1815 1977 1844 Minerva
1999 1822 2077 1844 cum
2102 1816 2263 1854 Neptuno

1282 1864 1393 1893 certat
1423 1861 1463 1892 de
1499 1859 1780 1898 Atheniensibus,
1816 1861 1880 1899 Eq.
1912 1863 1982 1890 562.
2027 1862 2160 1891 Victrix
2196 1861 2262 1892 illa

1282 1910 1317 1939 in
1337 1909 1396 1939 hoc
1419 1909 1607 1939 certamine
1627 1907 1669 1937 de
1689 1908 1894 1946 possessione
1917 1908 2059 1946 Atticce,
2084 1906 2145 1938 hoc
2170 1907 2262 1938 dedit

168 1950 356 1990 Metrophon
371 1949 448 1988 (non
462 1954 511 1981 est
527 1950 633 1982 tabula
647 1951 892 1992 Aristophanis),
902 1960 938 1992 p.
956 1954 1028 1991 446,
1045 1951 1075 1983 b.

167 1996 261 2035 Mica,
276 2004 393 2028 nomen
411 1996 568 2036 mulieris,
589 1997 722 2029 Thesm.
735 2001 806 2029 760.

168 2042 263 2081 Μίοο,
281 2042 384 2082 pictor
399 2046 597 2074 Amazonum
615 2045 827 2084 pugnantium
842 2046 877 2075 in
897 2045 1033 2083 Poecile,
1049 2044 1186 2075 Phano-

1282 1954 1557 1991 Atheniensibus,
1576 1955 1617 1984 ut
1636 1953 1729 1983 mala
1747 1952 1886 1983 consilia
1899 1976 1907 1991 ‚
1930 1961 2008 1992 quse
2026 1954 2206 1992 Neptunus
2223 1956 2262 1984 iis

1281 2004 1356 2032 erat
1377 1999 1711 2040 imprecatus‚s0rte
1720 1999 1873 2038 fortuna
1893 2001 1957 2030 aut
1973 2007 2039 2038 per
2055 1999 2131 2030 deos
2151 2001 2186 2030 in
2211 1999 2262 2030 bo-

1281 2056 1363 2078 num
1382 2049 1540 2078 eventum
1566 2047 1833 2083 convertantur,
1856 2045 1950 2076 Eccl.
1969 2047 2047 2083 473,
2074 2045 2162 2077 Ναί).
2188 2049 2259 2077 587.

208 2089 263 2120 chi
271 2088 386 2128 filius,
400 2090 623 2129 Atheniensis,
639 2093 716 2130 Lys.
736 2094 806 2122 679.
828 2093 868 2122 In
884 2091 1050 2121 comoediis
1068 2099 1186 2122 memo-

209 2137 315 2166 ratur
330 2138 435 2167 etiam
459 2137 550 2168 alius
571 2139 672 2176 Mica,
697 2138 737 2169 ob
758 2140 1005 2178 paupertatem
1033 2140 1184 2176 notatus,

210 2181 294 2212 ibid.

167 2227 279 2266 Midas,
296 2236 360 2259 rex
376 2228 540 2268 Phryqioe
554 2229 758 2270 ditissimus,
775 2229 907 2260 auribus
926 2230 1070 2268 asininis,
1089 2231 1186 2270 qu'us

208 2276 259 2305 rei
285 2277 402 2306 varias
417 2276 662 2315 explicationes
679 2276 838 2316 afferunt
852 2277 972 2308 scholl.
1004 2278 1186 2309 Dicebatur

209 2324 279 2361 ipse
294 2324 328 2352 in
344 2325 480 2354 asinum
495 2332 622 2361 versus,
637 2326 720 2364 quia
734 2324 907 2355 Bacchum
922 2327 1184 2364 contempsisset,

209 2369 262 2400 vel
288 2369 411 2400 Bacchi
437 2371 569 2406 asinos;
591 2378 700 2410 quare
728 2372 841 2401 iratus
865 2370 948 2401 deus
974 2373 1131 2402 asininas
1157 2375 1184 2402 ei

209 2423 313 2446 aures
331 2415 517 2456 addiderit,
532 2417 588 2447 Pl.
604 2419 675 2456 287,
693 2417 750 2448 ubi
765 2418 858 2456 plur.
876 2417 982 2448 Mida».

167 2461 286 2492 Midas
299 2461 478 2502 (Midiase)
494 2464 616 2503 μώμαξ,
634 2472 678 2495 ex
688 2466 791 2504 poeta
805 2465 939 2502 comico,
958 2464 1052 2495 Prol.
1078 2467 1138 2503 ΓΙ,
1155 2468 1185 2504 8,

210 2508 316 2546 μῖμαξ,
331 2509 396 2547 ΙΧ,
411 2517 446 2546 a,
462 2512 493 2547 3,
506 2518 544 2549 p.
561 2518 650 2540 xviii.

168 2552 281 2592 Midas,
300 2562 425 2594 servus,
449 2557 540 2595 Vesp.
559 2558 630 2587 433.

169 2599 282 2631 Midias
297 2600 499 2633 Atheniensis
514 2602 668 2633 coturnix
684 2602 888 2641 nominatus,
902 2602 1015 2633 similis
1032 2603 1185 2634 coturnici

209 2645 249 2677 ab
271 2646 332 2677 alia
347 2656 490 2687 pugnace
512 2649 546 2679 in
567 2651 664 2688 caput
689 2649 780 2688 ictae,
805 2651 862 2680 Ao.
896 2651 1067 2681 1297-99.
1099 2652 1186 2680 Erat

209 2693 429 2734 ὀρτυγοκόπος,
453 2695 600 2733 aleator,
618 2696 792 2734 pallorum
813 2698 938 2735 puqnis
957 2696 1110 2734 studens,
1130 2699 1188 2726 im·

208 2739 349 2778 probus,
374 2740 601 2780 sycophanta,
614 2742 809 2781 peculator,
834 2744 867 2772 et
889 2743 1038 2773 aliorum
1064 2743 1186 2782 plenus

210 2785 384 2822 vitiorum,
405 2794 483 2825 quae
494 2789 608 2818 omnia
627 2787 880 2827 confirmantur
893 2787 1015 2818 allatis
1030 2789 1110 2819 locis
1129 2791 1187 2820 Co-

210 2833 391 2870 micorum,
418 2837 506 2865 1297.

169 2876 301 2917 Midon,
314 2880 416 2917 pater
430 2880 482 2910 vel
501 2882 663 2919 maqister
685 2881 910 2920 Lamproclis,
925 2881 1014 2912 Nub.
1030 2883 1102 2912 967.

170 2924 347 2954 Milanion.
374 2925 450 2956 Vide
473 2926 642 2958 Melanion.

171 2969 291 3000 Milesia
317 2971 388 3001 lana
410 2972 662 3011 pulcherrima,
692 2975 769 3012 Lys.
796 2976 868 3005 729.
884 2973 1007 3004 'Milesia
1033 2972 1186 3011 stragula,

215 3015 380 3055 pulchra,
397 3018 530 3055 mollia,
549 3021 664 3056 varia,
684 3021 769 3049 Ran.
790 3022 859 3050 543.

171 3061 304 3099 Milesii,
322 3063 430 3093 coloni
446 3063 718 3102 Atheniensium,
738 3066 796 3104 Eq.
813 3068 884 3095 932.
904 3064 1018 3095 Milesii
1033 3064 1109 3094 olim
1124 3065 1186 3095 fue-

213 3109 290 3138 runt
307 3108 419 3146 fortes,
434 3110 614 3140 oraculum
630 3110 801 3149 respondit
820 3110 994 3149 Polycrati
1012 3112 1121 3140 Samio
1134 3119 1186 3141 eos

212 3155 316 3184 socios
331 3156 477 3194 cupienti
485 3166 498 3193 ;
516 3156 703 3186 secundum
721 3159 897 3187 Demonem
914 3156 974 3186 hoe
989 3164 1184 3195 responsum

213 3201 292 3230 erat
316 3201 461 3231 Caribus
490 3209 607 3232 eorum
632 3203 770 3238 vicinis;
792 3201 993 3240 quibuscum
1015 3201 1186 3232 nihilomi-

213 3253 278 3277 nus
308 3248 434 3278 Persas
463 3247 576 3278 adorti
591 3270 599 3284 ,
625 3256 730 3286 prope
763 3255 874 3278 omnes
906 3249 1083 3286 perierunt
1090 3259 1102 3285 ;
1137 3251 1186 3280 est

213 3293 318 3322 etiam
342 3292 438 3331 apud
454 3295 695 3323 Anacreontem
717 3294 765 3331 (r.
779 3294 863 3332 not.)
877 3317 886 3332 ,
903 3294 958 3325 Pl.
985 3297 1071 3324 1002.
1097 3293 1184 3324 Idem

213 3337 418 3376 proverbium
438 3339 491 3370 Pl.
519 3342 604 3370 1075.
630 3339 738 3369 Milesii
760 3340 920 3379 (suspecti
943 3340 1092 3378 clenni),
1122 3342 1184 3380 Eq.

213 3385 283 3414 361.
309 3386 347 3415 In
371 3386 561 3416 societatem
587 3387 707 3416 vocant
732 3386 964 3425 Athenienses,
990 3388 1023 3417 et
1044 3388 1185 3417 Samum

1285 2093 1385 2124 Oliva
1406 2093 1534 2124 donum
1557 2094 1744 2130 Minervae,
1772 2093 1853 2122 Pac.
1882 2091 1952 2122 578.
1978 2092 2137 2122 Minerva
2162 2092 2261 2123 Ther-

1280 2140 1429 2180 mopylis
1455 2138 1589 2170 calidas
1615 2147 1726 2178 aquas
1750 2137 1890 2169 Herculi
1905 2136 2062 2176 fatiqato
2091 2140 2262 2169 scaturire

1274 2187 1392 2226 jussit,
1411 2188 1552 2217 auctore
1566 2184 1749 2222 Pisandro,
1769 2183 1854 2215 Nuh.
1876 2186 1963 2214 1051.
1985 2184 2142 2214 Minerva
2161 2184 2264 2215 habet

1279 2233 1458 2265 Ἀθανασίαν
1472 2256 1480 2271 ,
1509 2240 1615 2272 quam
1637 2231 1722 2261 dare
1752 2230 1920 2268 (uxorem)
1941 2230 2015 2260 vult
2034 2229 2144 2268 Tydeo
2167 2231 2261 2270 apud

1280 2279 1532 2319 Bacchylidem,
1553 2281 1610 2309 Ac.
1632 2281 1721 2308 1536.
1741 2278 1848 2307 Favet
1872 2276 1981 2314 L'lyssi
2001 2277 2032 2306 in
2048 2276 2181 2314 judicio
2203 2286 2258 2307 ar-

1280 2334 1428 2363 morum,
1447 2327 1510 2365 Eq.
1541 2329 1628 2355 1036.
1647 2325 1743 2354 Lcesa
1755 2322 1898 2362 piaculo
1921 2322 2082 2361 Cyloneo,
2102 2324 2162 2363 Eq.
2188 2326 2258 2353 445.

1280 2374 1449 2403 Miner-cce
1465 2371 1599 2410 ἀγελείης
1616 2370 1698 2401 urbs
1715 2369 1865 2406 Athence,
1882 2369 1915 2398 in
1929 2368 2072 2398 oraculo
2089 2370 2150 2408 Eq.
2170 2372 2257 2400 1013.

1280 2417 1423 2448 Minerva
1451 2417 1570 2455 Polias,
1595 2419 1654 2447 Av.
1686 2418 1755 2447 828.
1786 2417 1826 2445 Ei
1857 2414 2097 2445 Panathenceis
2120 2416 2258 2454 peplum

1280 2471 1345 2494 acu
1361 2466 1456 2495 varie
1468 2465 1602 2503 pictum
1617 2464 1650 2493 in
1662 2469 1789 2502 pompa
1804 2460 2018 2499 offerebant,
2038 2463 2107 2491 827.
2128 2463 2177 2491 De
2195 2470 2260 2501 quo

1278 2509 1397 2548 peplo,
1412 2517 1542 2548 pompa
1562 2510 1595 2539 et
1617 2515 1703 2538 nave
1726 2506 1989 2537 Panathenaica
2008 2506 2167 2544 pluribus
2184 2515 2259 2537 nar-

1281 2557 1386 2586 ratur
1409 2557 1472 2595 Eq.
1500 2559 1569 2585 566.
1596 2554 1762 2592 (Minerva)
1784 2552 1924 2583 Athenas
1946 2555 2059 2583 tenens
2079 2552 2258 2583 celi-hiatur

1287 2601 1416 2632 Thesm.
1435 2603 1615 2637 317—3193
1637 2600 1821 2637 invocatur,
1838 2598 1926 2637 virgo
1941 2622 1949 2636 ‚
1967 2598 2161 2629 Athenarum
2180 2607 2259 2637 prae-

1280 2656 1347 2685 ses,
1374 2648 1564 2687 κὶσῃδοῦχος,
1593 2645 1675 2676 ibid.
1705 2647 1915 2675 1136—1147.
1939 2645 2080 2674 Minerva
2096 2646 2259 2684 πολιοῦχος

1281 2702 1353 2724 cum
1370 2693 1487 2732 aegide,
1508 2692 1701 2722 Athenarum
1715 2691 1795 2728 dea,
1813 2690 1903 2721 Nub.
1920 2693 1974 2720 601
1995 2698 2044 2729 sq.
2060 2701 2068 2727 ;
2091 2690 2234 2729 πολίοχος
2249 2714 2258 2726 ,

1281 2748 1389 2780 preces
1406 2739 1443 2770 ad
1461 2747 1544 2777 eam,
1564 2740 1641 2777 Lys.
1658 2739 1842 2773 3-'21-3493
1861 2744 1976 2775 praeses
1990 2735 2257 2773 ιιι’1)ἰ.ς,δέσποι.να,

1281 2788 1343 2826 Eq.
1360 2788 1431 2816 763.
1447 2785 1532 2823 Ejus
1546 2783 1613 2814 duo
1628 2783 1755 2822 templa
1771 2791 1850 2813 eran
1858 2783 1919 2812 t-in
1933 2783 2014 2812 Arce
2030 2780 2256 2818 Athenarum,

1279 2831 1452 2866 πολιάτιδος
1469 2833 1501 2861 el
1518 2829 1805 2870 zp·365).z;2-iti·i·r,:‚;
1832 2828 1892 2858 hoc
1915 2835 1958 2857 θαι·
1978 2826 2121 2857 Medicis
2142 2827 2258 2865 spoliis

1280 2879 1515 2909 constructum
1535 2878 1567 2906 et
1581 2877 1717 2915 siqnum
1740 2876 1775 2904 in
1793 2881 1830 2904 eo
1854 2881 1875 2903 a
1890 2872 2017 2903 Phidia
2028 2871 2153 2910 fictum
2168 2896 2175 2909 ‚
2196 2874 2254 2912 Eq.

1284 2928 1372 2955 1169.
1403 2925 1457 2954 Εα
1482 2924 1603 2953 statua
1630 2929 1735 2961 quum
1767 2921 1839 2950 tota
1867 2927 1977 2949 aurea
2002 2926 2071 2948 esse
2099 2917 2256 2957 deberet,

1281 2968 1633 3009 (chrys)elephantina
1653 2967 1819 3003 struitur,
1844 2964 1976 2995 Pericle
2001 2965 2033 2994 et
2058 2963 2185 2994 Phidia
2209 2964 2259 2994 lu-

1279 3023 1375 3047 crum
1388 3013 1595 3053 facientibus
1607 3020 1649 3042 ex
1662 3012 1802 3049 sumptu
1816 3009 1962 3048 publico,
1978 3008 2068 3041 Nub.
2082 3012 2152 3039 859.
2167 3011 2258 3040 Erat

1281 3064 1395 3093 autem
1414 3062 1567 3091 Minerva
1588 3055 1913 3096 chryselephantina
1938 3054 2072 3085 Phidioe
2092 3057 2130 3085 44
2151 3056 2258 3086 talen-

1281 3110 1394 3139 torum
1411 3107 1489 3137 auri
1500 3103 1670 3144 pondere,
1688 3105 1721 3133 in
1736 3110 1859 3140 maeno
1880 3101 2004 3140 templo
2025 3102 2156 3140 posita,
2171 3103 2253 3132 Pac.

1280 3155 1351 3184 605.
1370 3151 1512 3190 virgines
1531 3150 1603 3181 duae
1620 3151 1734 3179 statuae
1752 3148 1903 3178 Minervae
1920 3147 2069 3188 λουτρίδες
2093 3147 2142 3177 vel
2164 3149 2254 3177 πλυν-

1279 3201 1392 3242 τρίδες,
1405 3199 1457 3238 fr.
1492 3201 1562 3229 642.
1588 3199 1679 3228 Pone
1704 3204 1781 3227 eam
1810 3197 1879 3226 tres
1909 3196 2041 3226 Gratioe
2070 3202 2092 3224 a
2118 3196 2254 3224 Socrate

1279 3247 1442 3285 sculptae,
1457 3243 1545 3275 Nub.
1563 3245 1634 3274 773.
1650 3244 1816 3273 Minervae
1837 3240 1942 3272 draco
1956 3248 2071 3278 sacer,
2089 3240 2254 3278 templum

1280 3293 1352 3331 ejzis
1368 3294 1401 3321 in
1419 3298 1498 3321 arce
1515 3288 1705 3320 custodiens
1717 3311 1727 3326 ,
1746 3289 1824 3327 Lys.
1843 3290 1914 3319 759.
1929 3286 2108 3317 Thesaurus
2130 3285 2161 3315 in
2185 3285 2254 3316 aede

1279 3338 1450 3374 Minervze,
1477 3338 1557 3375 Lys.
1582 3338 1638 3366 174
1653 3336 1687 3366 et
1702 3333 1772 3365 sch.
1798 3335 1890 3364 Pone
1914 3333 2077 3372 templum
2102 3331 2253 3362 Poliadis

1283 3383 1661 3423 thesaurophylacium‚
1687 3381 1742 3413 Pl.
1769 3383 1867 3418 1191,
1886 3382 1985 3417 1193,
2011 3377 2256 3418 opisthodomus
