2533 3808
282 231 357 265 456

281 319 517 360 acceperunt.
540 309 745 346 Confundit
764 310 966 346 scholiasta
984 310 1121 358 (neque
1142 309 1240 345 enim
1257 309 1293 344 in

281 369 546 405 Philochorum
570 366 680 415 hujus
711 368 850 403 erroris
889 368 1000 416 culpa
1036 368 1165 416 cadit),
1197 367 1294 403 anti-

283 426 451 473 quiorem
473 425 573 460 illam
590 425 828 473 largitionem
844 439 927 461 cum
947 425 1113 461 Euboica
1129 425 1296 473 quinque

281 483 570 519 medimnorum.
593 486 711 519 Dum.
730 509 780 516 .-
797 483 843 519 52
867 482 944 525 τοὺς
973 483 1007 520 δὲ
1034 483 1231 520 Dobraeus.
1248 509 1295 515 --

280 555 303 589 9
319 540 449 582 τούτοις
467 543 509 577 V.

335 611 404 643 721
435 599 492 634 Ad
516 598 617 634 hunc
643 613 679 636 v.
706 599 788 635 Ald.
823 598 879 636 ἐπ’
903 596 995 650 ἔργῳ
1022 600 1206 649 γελῶντας.
1236 597 1294 635 καὶ

280 654 476 707 croy-:picoti
495 656 534 693 τὸ
547 655 825 699 ἀλαζονεύεσθαι.
847 657 1004 699 σύνθετος
1021 656 1055 694 δὲ
1073 660 1094 702 ἡ
1117 655 1207 699 λέξις
1229 656 1296 693 ἀπὸ

908 721 1081 763 Quorum
1116 715 1207 753 illud
1242 716 1295 752 ἐπ’

278 771 368 824 ἔργῳ
398 774 571 823 γελῶντας
603 784 824 824 corruptum
862 784 916 811 est
943 790 987 811 ex
1017 777 1295 826 ἐπεγγελῶντας,

279 833 474 880 sequentia
495 842 620 869 autem
641 846 687 869 ex
709 834 822 870 Suida
843 842 929 870 suut
945 835 1048 870 illata
1074 847 1102 871 s.
1125 832 1296 886 Στόμφα-

280 905 353 930 κας.
375 893 494 930 Dim).

335 948 424 995 725,
447 962 508 985 22.
532 953 588 986 De
619 950 691 986 hoc
725 963 840 986 versu
875 958 1043 987 veterum
1084 950 1297 987 testimonia

281 1006 512 1055 collegerunt
525 1008 758 1057 Thucydidis
770 1009 996 1057 interpretes
1007 1009 1045 1044 in
1062 1008 1186 1045 indice
1203 1009 1296 1045 scri-

282 1073 437 1113 ptorum
454 1067 488 1102 in
507 1066 660 1103 scholiis
679 1067 884 1103 citatorum
904 1067 976 1103 vol.
1008 1080 1045 1111 2,
1069 1080 1104 1116 p.
1123 1068 1197 1112 878
1236 1067 1294 1104 ed.

279 1125 412 1160 Bauer.
433 1123 513 1176 πρὶν
538 1122 783 1176 διν-ἀκούσῃς
797 1139 873 1163 0111.
892 1128 937 1162 V.
955 1125 1128 1162 Glossam
1154 1123 1212 1166 τὰς
1236 1127 1298 1174 βα·

278 1181 418 1232 κτηρίαε
436 1183 549 1219 habet
565 1187 610 1222 R.

333 1241 421 1286 730,
438 1242 484 1276 30
507 1240 679 1292 ἀτέραμα,
698 1243 741 1277 31
764 1240 865 1294 ἐψόμ.
886 1250 923 1277 et
945 1239 1001 1276 διὰ
1015 1240 1054 1277 τὸ
1070 1240 1165 1292 τέρεν
1184 1245 1229 1279 R.
1246 1263 1296 1270 —-

282 1300 327 1342 34
351 1314 405 1348 sq.
428 1298 482 1336 διὰ
512 1299 891 1351 τούτων-ἀτέραμνος
916 1308 1002 1350 post
1031 1297 1208 1349 ἀτέραμνα
1236 1298 1294 1349 γίυ

279 1360 397 1394 νεσθαι
418 1358 529 1406 pouit
546 1362 592 1394 V.

338 1416 422 1460 738.
443 1419 498 1452 De
525 1417 596 1452 hoc
619 1416 765 1453 scholio
785 1429 822 1452 v.
844 1416 1057 1453 Heinsterli.
1078 1415 1125 1451 ad
1150 1416 1293 1453 Polluc.

285 1487 342 1516 10,
357 1474 416 1515 64.
435 1473 543 1510 Cous.
564 1474 682 1510 schol.
697 1477 766 1510 Av.
787 1488 921 1509 122.--
944 1479 992 1515 40
1013 1471 1075 1522 μέν
1090 1488 1184 1514 τινας
1195 1476 1294 1510 V.—

282 1537 334 1574 41·
352 1530 453 1580 βαίτη
475 1534 624 1581 qutus.
644 1530 864 1580 Legebatun
883 1529 1013 1581 βαπτή.
1042 1531 1151 1568 Cous.
1177 1530 1292 1568 schol.

285 1603 298 1624 1
313 1589 395 1627 138,
427 1588 707 1640 συνερραμμένον
727 1593 771 1627 V.
796 1611 845 1616 ——
865 1594 911 1631 42
943 1587 1139 1641 προῧατίων
1159 1591 1202 1627 V.
1225 1593 1293 1627 Le-

280 1647 441 1696 gebatur
456 1647 655 1699 προὸοίτων.

333 1707 402 1751 751
435 1707 571 1744 lemma
602 1706 780 1743 Aldiuum
805 1705 854 1755 μή
887 1721 946 1755 μοι
972 1704 1104 1743 τούτων
1126 1707 1293 1743 correxit

278 1766 454 1802 Dindorf.
476 1766 584 1803 Conf.
613 1766 835 1802 Valckenai‘.
853 1766 899 1801 ad
916 1766 1041 1802 locum
1059 1766 1265 1814 Euripidis.

337 1825 409 1869 752
428 1828 472 1861 R.
488 1826 554 1869 sic,
579 1824 685 1861 ἐνίοτε
715 1822 778 1873 μὲν
796 1822 934 1875 ἐφέρετο
969 1822 1117 1872 σταθμὸς
1139 1824 1198 1860 καὶ
1217 1823 1288 1861 ε’νέ-

280 1880 689 1934 6αλλον-ἐγειρόμενοι.
710 1883 905 1923 τελευταῖος
923 1880 957 1918 δὲ
981 1881 1071 1918 θέλει
1092 1884 1215 1926 στῆναι
1243 1885 1292 1933 τῷ

278 1943 382 1991 κημῷ
398 1938 455 1976 ἵνα
477 1938 534 1976 τὸν
555 1941 716 1976 πλεῖστον
740 1937 863 1990 χρόνον
893 1938 955 1984 τὴν
974 1941 1086 1991 ψῆφον
1107 1939 1238 1990 κατέχῃ
1258 1942 1291 1977 ἓν

277 2000 319 2048 τῇ
333 1997 438 2048 χειρί.
454 2020 502 2025 ——
521 2011 541 2033 2
556 1997 754 2049 κληρωτίδα
772 1997 856 2033 Ald.
872 1997 990 2048 κλήρω
1006 1996 1132 2048 τριάδα
1148 2002 1191 2034 V.
1215 1998 1292 2043 ἤτοι

276 2055 333 2093 τὸν
349 2056 451 2093 κάδον
470 2057 577 2092 addit
594 2056 697 2100 Ald.,
716 2069 791 2091 om.
809 2058 852 2092 V.
870 2055 1089 2106 κληρωτρίδα
1113 2069 1183 2105 pro
1201 2058 1291 2103 >di-iq>-

278 2113 405 2166 ρωτίδα
421 2113 698 2150 restituendum
719 2114 846 2150 Siiidae
865 2127 893 2150 s.
910 2115 1143 2165 Κληρωτῆρια
1160 2129 1206 2152 ex
1222 2130 1290 2153 co—

277 2172 438 2210 dicibus.
458 2176 575 2209 Dmn.
594 2170 811 2221 ἐμὸαλόντας
826 2170 972 2223 ψήφους,
989 2173 1008 2207 3
1026 2172 1113 2209 αὐτοί
1132 2176 1174 2211 V.

331 2230 418 2276 757,
439 2244 462 2279 9
485 2229 737 2281 Βελεροφόντου
762 2233 808 2267 R.
828 2252 877 2258 —
898 2244 937 2265 11
966 2231 1108 2268 Εἰνοδία
1132 2233 1290 2269 Valcke-

275 2302 356 2325 nar.
385 2289 507 2325 Diatr.
528 2288 663 2337 Eurip.
688 2301 723 2338 p.
749 2289 833 2335 166,
854 2287 1082 2330 ἓνοδίαςΑΙά.
1100 2291 1232 2335 εὐοδίας
1246 2296 1288 2329 V.

274 2346 414 2389 εὐωδίας
430 2350 476 2383 G.

329 2406 416 2451 763,
442 2418 484 2450 17
508 2405 541 2440 ἓν
562 2403 696 2456 κρίσαις
713 2408 758 2440 V.

329 2464 416 2510 764,
441 2476 488 2499 20
506 2465 522 2499 ὃ
538 2462 791 2514 παρακείμενος
810 2462 992 2515 κεχάρηκα
1006 2464 1091 2500 Ald.

329 2523 415 2566 768,
437 2534 480 2556 21
509 2520 665 2557 διάκονον
685 2520 727 2565 ἢν
749 2520 958 2571 θεράπαιναν
980 2522 1065 2558 Ald.

330 2579 418 2626 769,
441 2579 488 2614 25
517 2577 673 2614 λείπεται
694 2583 793 2615 G.-
815 2592 861 2624 27
888 2579 993 2615 addit
1019 2580 1104 2617 Ald.
1137 2578 1283 2622 Ἄλλως.

273 2637 314 2682 ἣν
332 2639 362 2674 οἱ
380 2637 541 2688 ἄρχοντες
562 2635 688 2683 ζημίαν
716 2635 863 2687 ὁρίζουσι
881 2641 951 2677 τοῖς
975 2637 1113 2672 ἁλοῦσιν
1138 2635 1288 2689 ἐξημαρ-

272 2694 414 2740 τηκέναι
430 2693 506 2744 περὶ
529 2692 695 2745 ὀρφανοὺς
711 2694 922 2745 ἐπιτρόποις,
946 2691 967 2737 ἢ
991 2692 1048 2729 καὶ
1075 2692 1193 2734 ἅλλοις
1216 2695 1286 2731 τισὶ

272 2756 339 2789 τῶν
359 2752 402 2789 τὰ
420 2750 570 2802 δημόσια
593 2751 641 2801 μὴ
663 2753 775 2793 καλῶς
796 2750 1065 2797 διοικησάντων,
1084 2749 1106 2795 ἢ
1126 2756 1197 2792 τοῖς
1218 2766 1285 2788 κα-

279 717 338 749 mis
360 713 530 763 στόματος
553 714 612 752 καὶ
635 718 696 761 τῆς
713 715 881 768 ὄμφακος.

271 2812 411 2863 τέχουσι
427 2810 471 2848 τὰ
491 2810 655 2862 ἀλλότρια
674 2811 733 2848 καὶ
755 2810 801 2860 μὴ
824 2812 870 2853 εἷς
888 2808 1036 2862 ἐμφανὲς
1057 2812 1260 2847 καθιστᾶσιν
1273 2842 1283 2861 ,

272 2869 417 2916 ἐπιῧολὴ
436 2871 613 2912 καλεῖται,
631 2868 689 2906 καὶ
710 2868 748 2906 τὸ
767 2871 861 2920 ῥῆμα
882 2867 1093 2905 ἐπιὸάλλειν.
1115 2872 1209 2914 Quae
1229 2870 1286 2905 in-

273 2938 370 2966 serta
386 2938 472 2966 sunt
488 2944 535 2966 ex
556 2929 673 2965 Suida
695 2942 721 2965 s.
745 2927 932 2973 Ἔπιδολή.

327 3002 415 3035 772,
438 2990 478 3024 31
506 2986 580 3033 εἵλη
597 2991 640 3023 V.
663 2987 806 3024 Ald.1n
826 2990 870 3023 R.
885 2994 942 3022 est
959 2984 1020 3030 ἕλη
1037 2989 1058 3031 ἦ
1075 3001 1106 3022 τ.
1125 2986 1181 3031 ἡλ.
1196 2985 1283 3035 αὐγὴ

273 3046 330 3083 καὶ
353 3046 473 3092 ἡλιαία
490 3045 529 3083 τὸ
559 3045 796 3097 δικαστήριον.
814 3045 945 3088 παίζων
976 3043 1051 3096 ἔφη.
1073 3066 1123 3071 --
1141 3046 1188 3087 34
1217 3060 1282 3081 κα-

271 3102 434 3155 τόρθρον,
456 3104 501 3139 35
525 3103 600 3154 οὐχὶ
634 3105 668 3140 ἐν
697 3103 764 3155 ὅτῳ
781 3107 826 3140 V.
855 3124 904 3131 —--
933 3103 980 3139 36
1016 3101 1055 3138 τὸ
1085 3101 1113 3137 δ’
1143 3104 1283 3138 Kuste-

273 3175 348 3200 rus.
382 3160 594 3210 Legebatur
615 3162 665 3211 τῷ
697 3161 738 3197 δ’.
767 3161 854 3198 Ald.
875 3159 1037 3206 ἡλιάσεις.
1063 3158 1283 3211 προενεκτέον

274 3224 474 3256 Kusterus.
492 3218 735 3270 προσενεκτέον
753 3224 794 3255 V.
815 3219 902 3256 Ald.
918 3247 957 3251 -
977 3224 1018 3261 41
1047 3216 1133 3270 ἔφη’,
1154 3226 1190 3254 et
1209 3217 1283 3255 ἐπεὶ

274 3276 333 3314 ἐὰν
356 3281 411 3323 V.,
440 3277 505 3326 qui
536 3282 582 3320 42
616 3275 651 3313 δὲ
683 3278 744 3314 hic
769 3278 947 3314 omissum
973 3284 1059 3326 post
1090 3274 1185 3322 εἵλην
1210 3289 1282 3325 po—

273 3335 328 3371 uit
346 3339 392 3371 V.

331 3399 399 3439 774
423 3385 506 3430 Οἷον
539 3390 653 3435 ὕοντος
687 3393 744 3429 καί
774 3392 924 3445 νίφοντος
947 3393 992 3434 εἷς
1021 3390 1159 3444 εἱργμὸν
1195 3389 1281 3428 ἀλλὰ

1019 222 1314 262 ADNOTATIO
1344 223 1397 261 IN
1427 225 1602 265 SCHOL.

1357 310 1549 359 καθήυενος
1568 312 1652 364 πρὸς
1671 314 1710 351 τὸ
1729 331 1797 367 πυρ
1817 318 1959 367 γνώσεις
1978 334 2039 364 την
2062 319 2170 365 δίκην.
2191 324 2234 357 V.
2255 321 2368 372 νίφον-

1356 382 1411 409 τος
1431 368 1513 419 πρὸς
1531 368 1568 406 τὸ
1601 386 1667 422 πυρ
1701 375 1892 423 καθήυενος
1914 380 1959 413 R
1994 377 2163 427 (omissis
2196 378 2312 430 γνώση
2331 389 2368 417 et

1355 423 1416 470 τὴν
1436 425 1568 475 δίκην)

1411 500 1454 532 77
1464 488 1498 532 5,
1522 487 1568 524 53
1588 487 1813 538 ἐτύγχανεν.
1833 516 1872 521 -
1896 506 1908 527 1
1933 506 1987 541 sq.
2014 495 2099 530 vide
2126 495 2243 534 schol.
2270 496 2369 532 Pluti

1357 556 1443 589 277.
1461 545 1539 581 -5
1566 560 1642 595 seq.
1676 547 1909 600 δικαστήριον.
1940 554 2032 600 εἰχον
2059 553 2093 589 δε
2125 553 2182 589 καὶ
2204 556 2254 591 ἐκ.
2277 552 2367 605 φυλὴ

1356 599 1463 638 ἕναθε
1468 603 1638 652 σμοθέτην
1654 620 1710 640 και
1727 606 1937 656 γραμματέα
1950 609 2032 646 Ald.
2053 611 2295 648 Sclioemann.
2310 615 2369 648 De

1357 660 1485 696 comit.
1508 674 1545 710 p.
1569 661 1640 705 254
1661 663 1944 700 citathindmf.

1411 719 1497 765 783,
1520 720 1561 755 13
1589 719 1641 756 Τὸ
1663 718 1887 770 μασσώμενοι
1902 721 1957 758 ἐπὶ
1975 722 2013 759 τὸ
2038 725 2310 776 διαλογιζόμενοι
2320 729 2367 763 V.

1411 777 1498 822 787,
1521 791 1564 826 19
1579 779 1620 814 A.
1636 793 1672 814 τε
1691 782 1740 819 V..v
1761 781 1804 815 A.
1825 780 1915 816 ἐστιν
1935 781 2022 817 Ald.

1411 835 1496 882 789,
1517 836 1557 870 31
1583 835 1817 885 ἰχθυοπώλαις
1836 840 1881 874 V.
1903 838 1985 874 Ald.

1411 906 1483 940 790
1506 889 1594 936 εἶδος
1624 893 1738 943 ἰχθύος
1767 894 1962 944 μεγάλην”
1943 911 2071 947 εχοντα
2089 913 2148 935 και
2166 907 2236 935 etc.
2256 900 2303 937 V.

1414 965 1484 998 791
1507 954 1556 988 τω
1570 951 1718 1002 στόματι
1745 952 1892 999 ἐνέθηκα
1920 955 2067 1004 νομίζων
2093 960 2181 994 εἰναι
2207 956 2368 1009 ἀργύριον

1356 1012 1400 1046 R
1419 1007 1563 1055 ἐνέθηκα
1584 1024 1658 1046 0111.
1682 1014 1724 1048 V.

1412 1068 1500 1115 795,
1533 1069 1579 1110 46
1601 1069 1753 1119 ’χαλκοῖς
1772 1084 1832 1138 μοι
1861 1070 2007 1122 ὀφείλειν
2038 1073 2187 1125 ἀργυρου
2219 1072 2326 1114 ὄντος.
2342 1074 2371 1109 εἰ

1358 1124 1405 1174 μὴ
1422 1125 1543 1162 καθότι
1560 1131 1603 1163 V.
1622 1152 1662 1158 —
1679 1128 1758 1163 50
1744 1128 1799 1164 επὶ
1816 1143 1858 1176 υιε
1846 1110 1963 1165 ελλοντ
1951 1143 2012 1170 ος.
2036 1130 2222 1166 Absmde.
2246 1130 2368 1166 Vide-

1358 1184 1483 1219 turin
1510 1193 1633 1220 niente
1661 1185 1838 1222 hibuisse
1867 1200 1951 1235 quae
1983 1187 2028 1223 de
2059 1187 2302 1236 subjunctivo
2330 1189 2371 1237 ᾐς

1356 1241 1412 1278 επὶ
1431 1257 1489 1278 του
1515 1241 1699 1291 μέλλοντος
1732 1244 1857 1292 posito
1888 1245 2063 1294 praecipit
2084 1245 2310 1286 Ammonius
2331 1259 2367 1295 Ρ.

1357 1302 1417 1347 67.
1437 1304 1554 1336 Dum.
1575 1325 1612 1330 —
1630 1301 1671 1337 51
1693 1304 1761 1338 τῶν
1782 1316 1857 1337 0111.
1879 1304 1925 1341 V.
1944 1302 2076 1354 χρόνων
2098 1318 2172 1341 0111.
2197 1308 2242 1341 G.

1410 1372 1484 1406 790
1511 1359 1617 1394 sicin
1636 1363 1730 1406 RV„
1755 1374 1812 1395 ουκ
1834 1360 1878 1396 ἐπ
1881 1360 2050 1412 ’ἀληθείᾳ
2075 1362 2147 1412 (-ας
2175 1362 2248 1412 V.),
2277 1361 2366 1398 ἀλλὰ

1355 1415 1439 1468 πρὸς
1456 1415 1516 1461 τὴν
1546 1416 1735 1468 φιλοδικίαν
1758 1417 1885 1460 παίζει.

1409 1475 1497 1520 804,
1521 1474 1540 1510 5
1561 1473 1749 1525 ἱδρυμένων
1771 1476 1855 1512 Ald

1409 1533 1496 1576 814,
1524 1545 1565 1577 17
1586 1530 1699 1580 φακῆν
1723 1536 1765 1568 V.
1791 1534 1884 1584 φακῆ
1902 1532 1986 1569 Ald.
2015 1532 2193 1581 διδομένης
2214 1536 2258 1569 V.
2280 1532 2370 1570 διδό-

1355 1606 1442 1641 μενα
1464 1594 1509 1626 G.
1533 1589 1692 1639 διδομένη
1712 1591 1784 1627 Ald
1813 1618 1854 1623 —
1877 1593 1919 1627 18
1941 1590 2117 1628 ἀσθενέσιν
2138 1595 2183 1628 R.

1408 1651 1498 1695 817,
1518 1651 1564 1685 23
1586 1647 1653 1701 γὰρ
1673 1648 1728 1685 ἐπὶ
1750 1654 1795 1687 V.

1407 1707 1496 1753 820,
1514 1708 1561 1743 26
1583 1705 1714 1743 Εἷκονα
1732 1706 1890 1744 πινάκιον
1903 1736 1913 1754 ,
1933 1707 1967 1743 ἐν
1988 1710 2034 1744 R.
2054 1708 2195 1744 omisso
2221 1705 2366 1756 κομίζει.

1353 1778 1443 1811 -27
1470 1764 1566 1801 ἔσται
1582 1767 1627 1800 R.
1648 1768 1748 1801 Fort.
1769 1765 1874 1802 ἐστίν.
1893 1765 2004 1817 ἥρωος
2023 1764 2263 1817 γεγραμμένου
2282 1769 2328 1803 V.

1408 1824 1497 1868 822,
1525 1825 1568 1859 31
1601 1821 1729 1874 φαῦλός
1757 1824 1831 1859 ἐστι
1852 1826 1912 1870 V.,
1947 1824 2013 1873 qui
2036 1825 2081 1860 32
2118 1837 2192 1860 0111.
2214 1822 2367 1861 τοῦτοδὲ

1353 1877 1438 1919 εἷπε.
1456 1881 1540 1918 καθὸ
1566 1881 1774 1932 δημαγωγὸς
1794 1881 1944 1932 χαλεπὸς
1971 1876 2012 1928 ἦν
2039 1881 2096 1918 καὶ
2126 1882 2290 1933 ῥίψασπις
2319 1886 2369 1925 R.

1352 1940 1398 1977 ὢν
1420 1940 1477 1976 καὶ
1500 1939 1571 1990 ῥίζα.
1593 1943 1636 1975 V.

1406 1999 1494 2043 823,
1519 1998 1565 2033 35
1586 1995 1645 2032 καὶ
1666 2004 1751 2032 ante
1771 1996 1873 2042 δῆλον
1897 2010 1972 2034 0111.
1992 1999 2043 2037 V..

1406 2059 1480 2094 830
1494 2086 1503 2103 ,
1529 2058 1573 2101 37
1592 2054 1865 2107 περιτεινόμενον
1902 2059 1944 2092 V.
1964 2054 2242 2107 παραγενόμενον
2263 2059 2308 2094 R.
2327 2082 2366 2089 —

1354 2122 1401 2160 40
1421 2114 1459 2152 τὸ
1480 2123 1516 2151 et
1538 2115 1584 2158 43
1606 2117 1666 2150 τοῦ
1697 2127 1772 2151 0111.
1793 2117 1838 2150 V.

1406 2174 1495 2220 834,
1517 2178 1562 2215 44
1582 2173 1651 2223 φιλ.
1671 2169 1704 2207 δὲ
1728 2184 1802 2208 om.
1824 2174 1869 2207 V.
1884 2195 1925 2201 —
1943 2175 1991 2217 47
2013 2169 2128 2207 πάντα
2149 2171 2239 2222 φιλεῖ
2256 2175 2299 2207 V.

1406 2232 1479 2267 836
1499 2231 1658 2279 glossam
1680 2227 1790 2277 ὄνομα
1808 2227 1906 2270 κυνὸς
1921 2228 2035 2265 habet
2051 2232 2096 2265 R.
2115 2253 2153 2259 —
2173 2243 2187 2264 1
2211 2230 2290 2266 Σικ.
2307 2228 2366 2266 ἐπὶ

1351 2290 1440 2342 θήρα
1462 2286 1667 2341 (θηριανμ)
1703 2302 1803 2339 τυρον
1832 2286 1866 2324 δὲ
1901 2285 2058 2338 ἥρπασεν
2093 2290 2189 2328 οὗτος
2209 2287 2265 2324 ἐπι
2293 2287 2364 2337 (ἐπι

1351 2363 1426 2386 om.
1456 2348 1519 2396 V.)
1549 2344 1737 2399 δωροδοκία
1765 2344 2013 2382 Ald.Ve1ba
2049 2339 2291 2396 θηρία-ουτος
2318 2359 2366 2384 ex

1351 2405 1611 2456 superimibus
1631 2403 1806 2453 lepetita.
1821 2404 1939 2440 Dmn.
1957 2401 2014 2440 ἐπὶ
2035 2401 2158 2440 ταυτὸν
2178 2403 2265 2441 Ald.
2281 2427 2322 2435 -·
2340 2404 2363 2440 3

1350 2465 1423 2503 ἐστὶ
1444 2463 1576 2516 κομψόν
1598 2467 1644 2500 V.

1403 2523 1492 2569 838,
1514 2523 1557 2558 15
1576 2523 1679 2572 τυροῦ
1700 2519 1884 2557 Σικελικοῦ
1906 2519 1990 2560 Ald-

1402 2583 1491 2626 841,
1525 2580 1569 2614 18
1597 2580 1665 2615 τῶν
1688 2590 1762 2613 0111.
1784 2580 1827 2613 V.
1846 2601 1885 2606 -
1908 2590 1953 2625 ¹9
1988 2576 2044 2627 ὑφ’
2077 2575 2192 2629 ἑτέρου
2220 2576 2363 2615 πολίτου

1346 2641 1495 2674 V.—2o
1510 2634 1586 2675 τότε
1605 2634 1663 2672 καὶ
1681 2636 1727 2677 ὡς
1747 2648 1820 2670 κυν.
1842 2637 1886 2670 R.
1901 2633 1958 2670 καὶ
1973 2633 2047 2682 ἅμα
2065 2631 2100 2670 δὲ
2117 2636 2161 2675 ὡς
2182 2633 2362 2676 σκαιώδεις

1346 2695 1431 2732 Ald.

1400 2754 1488 2797 843.
1511 2751 1671 2788 Dubitat
1697 2749 1897 2786 scholiasta
1929 2750 2023 2799 αὐτῷ
2048 2763 2095 2787 an
2118 2748 2212 2787 αὐτώ
2236 2751 2361 2800 legen-

1346 2811 1434 2847 dum
1453 2811 1510 2846 sit.
1533 2813 1654 2845 D1Nn.

1399 2869 1487 2913 844,
1507 2868 1553 2903 23
1578 2868 1670 2903 ἐστιν
1689 2878 1762 2901 0111.
1782 2868 1826 2901 R.
1849 2864 2002 2902 κανωτὸν
2023 2868 2066 2903 V.
2094 2866 2154 2902 hic
2175 2874 2212 2903 et
2236 2867 2353 2915 infra3

1344 2924 1535 2962 κανονωτὸν
1558 2924 1642 2961 Ald.
1657 2949 1696 2954 —
1718 2929 1764 2966 24
1786 2925 1816 2960 οἱ
1836 2937 1911 2961 om.
1935 2926 1983 2960 R.
2005 2922 2079 2960 ἐπεὶ
2095 2937 2170 2960 om.
2187 2927 2234 2969 V.

1397 2985 1488 3033 846,
1512 2985 1558 3021 36
1577 2983 1635 3020 καὶ
1663 2982 1813 3027 δικάζειν
1840 2987 1882 3020 V.
1902 3007 1943 3013 —
1964 2984 2012 3019 38
2041 2984 2114 3020 ἐστι
2135 2987 2180 3021 V.
2201 2997 2272 3034 pro
2296 2984 2358 3030 ‘Er

1344 3042 1434 3094 στίᾳ.
1449 3068 1490 3074 —
1511 3044 1558 3086 46
1581 3041 1617 3078 δὲ
1637 3055 1710 3077 0111.
1731 3045 1776 3078 V.
1795 3067 1833 3072 —
1852 3043 1899 3086 48
1917 3042 2076 3094 ὀρρωδῶν
2096 3045 2144 3079 V.

1397 3102 1485 3146 848,
1512 3101 1531 3135 3
1552 3103 1609 3136 τοῦ
1629 3098 1771 3151 γράφειν
1789 3103 1832 3135 V.

1399 3160 1488 3207 849,
1514 3158 1535 3194 5
1558 3156 1699 3193 δύνασαι
1721 3161 1764 3194 V.

1397 3217 1487 3263 855,
1521 3216 1564 3251 15
1587 3209 1615 3267 ᾧ
1638 3216 1729 3252 ἐστιν
1746 3219 1790 3252 R.
1807 3209 1874 3252 οἷον
1907 3219 1953 3252 V.
1981 3214 2065 3252 Ald.
2083 3238 2124 3246 -
2151 3215 2194 3251 16
2216 3213 2354 3261 κύαθος,

1343 3274 1466 3316 ἄλλως.
1482 3273 1549 3323 ἐγὼ
1567 3273 1633 3326 γὰρ
1648 3267 1739 3324 εἶχον
1753 3273 1814 3315 ἕως
1829 3277 1888 3311 τοῦ
1909 3272 2096 3326 ἀρυστίχου
2105 3271 2189 3326 πρὸς
2200 3272 2262 3319 τὴν
2276 3274 2355 3311 δια-

1342 3332 1485 3385 ψήφισιν
1500 3336 1543 3368 V.
1561 3358 1603 3364 -
1627 3346 1668 3378 17
1688 3332 1888 3378 κυλίσκους,
1907 3345 1955 3368 22
1977 3331 2194 3378 ὑπεστήσατο
2210 3331 2287 3368 Ald.

1395 3392 1482 3437 857,
1507 3392 1554 3427 26
1576 3389 1866 3442 προσαγορεύεται
1885 3394 1929 3427 V.
