2485 3808
896 236 1151 276 SCHOLIA
1190 239 1243 277 ΙΝ
1281 240 1544 287 EQUITES.
2241 257 2285 289 73

212 334 288 360 1106.
318 322 405 364 τίνες
422 336 430 361 t
447 325 492 361 Oi
508 320 570 372 μὲν
589 322 627 359 τὸ
643 322 725 359 αὐτὸ
741 325 937 375 πρόσωπον,
953 322 994 361 ἵν’
1011 318 1033 375 ἧ
1047 323 1145 368 τινές.
1160 326 1191 362 οἱ

157 382 213 432 δὲ,
237 385 294 419 τοῦ
315 380 490 431 Κλέωνος,
507 381 549 418 ἵν’
567 375 589 432 ἦ
605 382 872 432 ἐρωτηματικῶς
890 382 986 426 τίνες.

210 454 286 479 1193.
315 443 381 478 ποῦ
399 443 488 478 ποῦς

117 568 135 592 5
153 559 202 594 τῶ
221 556 333 609 δήμω.

206 623 266 660 οὐκ
283 622 394 665 ἐάσεις
410 636 418 661 :
441 621 593 673 [Ast'mt]
612 623 846 675 ἐπιφοιτῆσαι.

209 694 285 719 1201.
313 681 372 718 καὶ
390 680 431 718 σὺ
451 680 517 733 γὰρ
539 679 615 723 τοὺς
635 682 673 718 ἐκ
694 681 811 718 Πύλου
833 695 840 719 :

151 738 204 776 ότι
225 739 295 776 ἀπὸ
315 738 554 789 Δημοσθένους
571 742 631 776 τοῦ
650 742 856 791 στρατηγοῦ.

208 810 286 836 1203.
308 798 347 835 τὸ
368 798 429 847 μὲν
447 797 559 847 νόημα
580 800 641 843 τῆς
659 801 732 834 θεοῦ
754 811 762 835 :
786 799 899 835 Τοῦτο
917 796 1001 848 πρὸς
1019 795 1082 841 τὴν
1103 796 1189 832 ἀλα-

102 870 133 895 10
152 855 282 901 ζονείαν
301 859 368 893 τῶν
389 857 620 906 δημαγωγῶν.
643 855 783 893 εἰώθασι
798 854 864 907 γὰρ
881 854 993 905 λέγειν
1013 852 1065 891 ὅτι
1084 856 1105 899 ἡ
1128 852 1190 903 μὲν

153 915 225 958 θεὸς
245 914 398 952 ὑπέὸαλέ
419 930 498 964 μοι,
515 914 660 967 ἥρπασα
681 913 716 951 66
733 912 815 963 ἐγώ.
840 913 928 951 οὕτω
944 913 1011 965 γὰρ
1031 914 1061 949 οἱ
1081 913 1191 962 δημα-

152 973 258 1024 γωγοὶ
288 971 520 1023 ἀστεϊζόμεὯΟι
549 972 664 1022 ἔλεγον
694 970 754 1014 τὰς
785 973 916 1009 ἑαυτῶν
945 969 1097 1013 ἐπινοίας
1129 972 1190 1015 τῆς

151 1035 241 1071 θεοῦ.

205 1102 284 1129 1205.
314 1089 390 1127 ἀντὶ
407 1093 467 1127 τοῦ
486 1088 546 1126 καὶ
564 1087 641 1140 γάρ.
663 1097 702 1126 V.

100 1160 132 1185 15
205 1161 284 1186 1206.
314 1145 699 1199 ὑπεραναιδεσθήσομαι
718 1159 727 1185 ;
744 1148 801 1198 Τῇ
825 1145 980 1199 ἀναιδείᾳ
1005 1144 1188 1192 νικηθήσο-

149 1221 225 1256 μαι.
246 1199 329 1253 οἷον,
349 1204 588 1258 ἀναιδέστερός
608 1220 673 1256 μου
694 1204 896 1258 φανήσεται.

203 1283 280 1308 1210.
294 1268 502 1319 νομισθείην.
523 1278 563 1307 V.

203 1342 280 1367 1211.
310 1327 373 1374 τὴν
403 1329 492 1379 ἐμὴν
523 1327 644 1371 κίστην
676 1326 791 1373 ·Ἰὴν
819 1326 979 1366 κιὸωτόν.
1012 1325 1122 1376 ταύτῃ
1152 1325 1188 1363 δὲ

149 1387 355 1438 διενήνοχεν,
379 1386 431 1424 ὅτι
452 1389 474 1433 ἡ
505 1385 567 1436 μὲν
588 1388 634 1429 εἷς
659 1386 832 1438 ὑποδοχήν
859 1388 951 1424 ἐστιν
975 1384 1188 1434 ἐδεσμάτων,

94 1458 132 1484 20
149 1449 172 1493 ἡ
192 1445 228 1484 δὲ
247 1445 394 1496 ἱματίων
413 1445 472 1483 καὶ
491 1448 620 1497 χρυσοῦ
634 1474 643 1491 ,
662 1447 684 1490 ἡ
705 1443 869 1487 κιὸωτός,

202 1523 281 1549 1212.
297 1509 374 1547 ἀντὶ
393 1513 451 1548 τοῦ
473 1509 630 1560 γίνωσκε.
650 1518 690 1548 V.

204 1582 283 1608 1215.
314 1570 428 1621 διχῶς.
463 1569 600 1607 ἅπαντα
631 1569 698 1622 γάρ
735 1584 787 1606 σοι
819 1567 998 1619 πατρίδιον
1029 1566 1187 1619 παρεφό-

150 1643 239 1681 ρουν.
257 1636 297 1666 V.

203 1701 281 1726 1216.
309 1686 353 1724 τὰ
373 1689 433 1725 τοῦ
450 1685 563 1736 δήμου
583 1692 697 1739 φρονεῖ
717 1699 726 1724 :

96 1764 130 1788 25
148 1761 219 1785 ται.
255 1744 318 1792 τὴν
348 1749 409 1783 τοῦ
441 1745 710 1783 ἀλλαντοπώλου
731 1743 766 1782 δέ
791 1758 906 1796 φησιν,
927 1741 978 1780 ὅτι
997 1742 1112 1779 πάντα
1138 1744 1186 1794 τῷ

149 1804 250 1857 δήμῳ
269 1803 479 1857 παρέθηκεν.

202 1883 280 1908 1219.
310 1869 386 1907 ἀντὶ
403 1872 462 1907 τοῦ
483 1867 574 1906 πάνυ
593 1866 680 1905 πολὺ
700 1867 740 1905 τὸ
759 1869 882 1919 χρῆμα
900 1868 959 1903 τοῦ
976 1867 1188 1908 πλακοῦντος

148 1927 304 1966 ἀπέθετο.
324 1935 364 1964 V.

746 1684 836 1723 Ἀντὶ
851 1687 911 1722 τοῦ
928 1684 966 1720 οὐ
987 1684 1188 1736 δωροδοκεῖ-

201 2005 280 2031 1220.
305 1987 503 2030 ’τυννουτονί
525 2003 535 2029 2
563 1989 756 2029 Συλλαὸὼν
776 1987 855 2032 τοὺς
877 1987 1083 2034 δακτύλους,
1103 1986 1188 2039 φησὶ

95 2064 130 2089 3ο
149 2049 316 2098 Φαεινὸς,
337 2049 414 2087 ἀντὶ
430 2053 490 2087 τοῦ
508 2049 643 2101 μικρόν.

203 2129 281 2154 1225.
302 2113 370 2165 ἐγὼ
388 2113 424 2152 δέ
441 2127 509 2152 τυ;
526 2113 578 2152 Τὸ
593 2112 634 2151 τύ
655 2115 854 2166 Δωρικῶς’
835 2113 910 2151 αντὶ
925 2115 984 2151 τοῦ
1001 2110 1051 2148 σε’.
1070 2109 1188 2154 ἔπαιξε

148 2174 184 2213 δὲ
199 2173 296 2227 παρὰ
315 2173 354 2211 τὸ
375 2174 595 2225 δωροδοκεῖν,
618 2173 771 2224 Δωριστὶ
791 2172 947 2225 εἰρηκώς.
972 2171 1011 2208 τὸ
1031 2169 1066 2208 δὲ
1087 2172 1188 2207 ἐστε-

148 2232 272 2287 φανιξα
299 2232 375 2269 ἀντὶ
418 2236 496 2279 τοῦ,
526 2231 703 2283 στεφάνοις
741 2231 903 2280 ἐτίμησα.
940 2228 1091 2281 δημοσία
1118 2226 1186 2280 γὰρ

149 2291 296 2341 ἐτιμήθη
315 2293 334 2328 6
354 2289 476 2329 Κλέων
495 2305 578 2341 στεφ
582 2290 665 2342 άνῳ.
687 2292 847 2339 μιμεῖται
865 2288 901 2327 δὲ
926 2286 1004 2331 τοὺς
1023 2286 1187 2334 εἵλωτας,

96 2365 131 2388 35
149 2350 230 2388 ὅταν
246 2351 440 2402 στεφανῶσι
459 2348 516 2386 τὸν
534 2349 748 2386 Ποσειδῶνα.

204 2428 284 2453 1233.
315 2414 393 2451 εἴτι
413 2412 573 2457 ξυνοίσεις
596 2426 605 2451 2
628 2414 672 2451 Εἰ
686 2412 927 2465 συμφωνήσεις
947 2415 1006 2453 καὶ
1025 2413 1184 2462 μεθέῖεις.

204 2486 282 2513 1236.
308 2472 487 2524 εὔστραιςε
502 2470 593 2510 Ἀντὶ
604 2475 663 2508 τοῦ
678 2471 1008 2524 φλογίστραις,ὁ’που
1022 2475 1066 2512 τὰ
1078 2477 1186 2527 ἱερεῖα

147 2530 278 2569 θύεται.
299 2529 392 2580 λέγει
417 2528 453 2567 δε
475 2531 521 2572 ὡς
543 2528 722 2602 μάγειρος.
804 2529 947 2575 ’.Αλλως
969 2534 1003 2570 ἐν
1023 2536 1093 2577 τοῖς
1113 2549 1186 2583 μα-

147 2589 314 2642 γειρείοις.
338 2591 465 2640 εὖστρα
493 2586 622 2639 γὰρτὸ
651 2587 888 2641 μαδιστηριον,
914 2590 983 2628 ἀπὸ
1013 2595 1072 2629 τοῦ
1099 2591 1186 2629 εὔειν

95 2663 130 2688 40
148 2662 207 2686 και
221 2646 358 2700 φλογίζε
363 2663 392 2684 ιν
408 2645 486 2689 τοὺς
501 2645 649 2697 χοίρους.
666 2646 706 2684 τὸ
722 2647 758 2684 δὲ
778 2648 1015 2699 ἡρμοττόμην,
1034 2666 1080 2710 ως
1101 2650 1187 2703 πρὸς

148 2709 330 2755 μουσικὴν,
352 2704 428 2742 ἀντὶ
446 2708 506 2742 τοῦ
524 2705 770 2753 ἐπαιδευόμτν.
852 2704 997 2750 Ἄλλως.
1019 2712 1145 2761 εὐστρα
1163 2713 1184 2756 ἡ

147 2762 262 2817 ὡρίμη
279 2762 391 2815 κριθή.
407 2761 542 2814 εἴρηται
557 2761 593 2800 66
609 2762 669 2800 καὶ
686 2762 896 2815 ἀμφίκαυτις
908 2765 1005 2818 παρὰ
1019 2771 1186 2817 κωμικοῖς

148 2821 208 2859 καὶ
225 2836 398 2873 τραγικοις
415 2821 484 2858 ἀπὸ
499 2824 558 2858 τοῦ
576 2825 835 2873 περικεκαῦθαι.
854 2825 884 2860 οἱ
904 2823 940 2861 66
959 2823 1022 2870 την
1041 2825 1184 2876 πρώτην

150 2877 290 2931 ἔκφυσιν
301 2881 370 2916 τῶν
387 2881 518 2930 πυρῶν,
537 2879 579 2926 ἢν
596 2879 694 2925 ληϊον
709 2881 1024 2953 προσαγορεύουσιν
1040 2885 1183 2936 ὡραῖον,

97 2950 131 2975 45
149 2935 207 2974 διὰ
219 2935 258 2973 τὸ
271 2935 347 2979 τους
358 2938 536 2989 πρωΐμους
553 2937 706 2976 καέντων
726 2954 794 2977 των
816 2938 956 2992 ἀχύρων
973 2942 1186 2990 ἐπιτηδείους

150 2997 239 3032 εἶναι
258 2995 304 3036 εἷς
321 2994 462 3048 τροφήν.

203 3065 283 3090 1239.
313 3050 389 3088 ἀντι
404 3054 462 3089 τοῦ
480 3052 680 3102 ἐμάνθανον.
700 3062 740 3092 V.

205 3123 283 3149 1240.
311 3102 340 3147 ὦ
372 3110 478 3149 ‘bow’
495 3109 666 3151 Ἄπολλον
697 3127 707 3153 z
735 3113 747 3127 ‘

150 3168 352 3222 Εὐριπίδου.

97 3247 132 3271 5ο
205 3247 284 3272 1241.
312 3233 374 3279 τὴν
391 3232 530 3279 ἡλικίαν
548 3234 637 3286 ἔχων
659 3238 705 3279 εἷς
721 3237 840 3290 ἄνδρα.
859 3251 898 3281 v.
918 3246 959 3276 Θ.

205 3306 285 3331 1247.
319 3291 436 3338 [ὤνιον
470 3306 479 3330 z
515 3292 666 3332 Εὔωνον.
702 3294 788 3332 ὅπου
823 3296 862 3334 τὸ
893 3299 1182 3348 ταριχοπωλεῗον,

150 3349 226 3388 ἀντὶ
246 3353 306 3388 τοῦ
326 3349 412 3387 ὅπου
429 3349 472 3387 τὰ
492 3351 613 3396 εὓτελῆ
634 3354 834 3403 πωλεῖται.]

205 3422 283 3448 1249.
317 3407 482 3446 κυλίνδετ’
497 3408 578 3446 εἴσω
597 3422 604 3447 ;
622 3409 767 3449 Ἑαυτὸν
783 3410 874 3462 λέγει
892 3415 908 3450 6
926 3414 1058 3451 Κλέων.
1075 3418 1184 3452 ταῦτα

749 3116 782 3153 Ο
811 3114 929 3167 στίχος
953 3117 993 3153 ἐκ
1021 3117 1184 3170 Τηλέφου

506 439 550 478 Ο
567 440 826 492 Αγοροίκριτος
821 440 954 493 μεθόδῳ
966 456 1096 494 χρηται
1109 441 1192 494 πρὸς

157 497 322 545 Κλέωνα,
342 497 401 535 καὶ
428 497 592 550 ἇρπαζων
614 498 658 536 τὰ
674 503 732 536 τοῦ
752 498 909 542 Κλέωνος
930 481 1090 552 λαγυα
1072 499 1192 538 οίδωσι

860 679 1048 732 εΉρπασας
1065 679 1190 725 δηλον-
1220 694 1223 700 ⁴

1220 870 1221 874 =
1249 850 1537 898 ἀλλαντοπώλης,
1567 853 1714 905 εἰληφὼς
1739 854 1796 892 τὸν
1819 854 1997 908 στέφανον.

1217 1360 1221 1432 Ι
1246 1374 1418 1426 πράγμων
1443 1375 1577 1427 ἐγένετο
1602 1377 1774 1430 φιλόδικος
1799 1380 2039 1431 γραμματεύς.

1217 1449 1221 1505 Ι
1247 1433 1300 1481 66,
1327 1435 1545 1487 ὑπογραφευς
1569 1436 1724 1488 ἐλέγετο,
1747 1439 1764 1475 6
1784 1436 1819 1475 66
1836 1442 1896 1475 τοῦ
1922 1441 2167 1493 βουλευτηρίου
2191 1446 2288 1480 ἀντι-
2308 1455 2342 1480 20

1251 325 1286 363 δὲ
1309 327 1346 364 ἐκ
1370 328 1644 382 Βελλεροφόντου
1667 331 1870 383 Εὐριπίδου.
1892 332 1930 370 τὸ
1951 333 1986 370 δὲ
2014 334 2181 372 κυλίνδετ’
2212 336 2286 374 ἀντὶ

1248 387 1308 421 τοῦ
1329 385 1499 435 κομίζετε.

1306 456 1384 481 1251.
1415 443 1452 481 σὲ
1477 445 1505 482 δ’
1529 445 1633 488 αλλος
1657 462 1741 490 τις;
1771 447 1893 486 Αείπει
1917 449 2016 500 ἀνηρ.
2040 450 2227 503 παρῴδησε
2254 452 2289 491 δὲ

1248 500 1328 537 ἰα’
1313 501 1347 545 εξ
1366 502 1584 548 Ἀλκήστιδος
1605 505 1790 556 Εὐριπίδου
1812 508 1908 558 [179].
1935 508 2007 559 ἔχει
2024 509 2058 547 δὲ
2077 526 2201 558 ουτως,

1496 573 1530 603 σὲ
1547 573 1572 603 δ’
1584 574 1659 610 ἄλλη
1672 586 1715 610 τις
1731 577 1806 614 γυνη
1820 588 1854 607 κε
1857 589 2020 616 κτησεται,
2309 587 2325 609 5

1413 618 1544 659 σώφρων
1562 620 1615 659 μὲν
1629 621 1686 651 οὐκ
1702 623 1737 651 ἀν
1754 624 1881 662 μᾶλλον,
1899 625 2026 664 εὐτυχὴς
2042 625 2067 656 δ’
2078 626 2165 662 ἴσως.

1305 688 1385 714 1253.
1416 676 1581 715 <Ελλοίνιε
1599 680 1691 716 Ζεῦ;
1711 679 1755 717 E
1758 681 1823 717 λλ
1803 697 1895 724 ανιος
1913 682 2033 726 Ζευς
2015 684 2082 721 απὸ
2098 689 2155 722 τοῦ
2175 687 2208 722 ἐν
2224 688 2287 724 Αἷ-

1248 733 1327 784 γίνῃ
1349 736 1488 786 &Oly-0¹)
1509 735 1592 773 ποτὲ
1617 738 1823 789 γενομένου,
1851 739 1906 777 ὅτε
1930 742 2061 785 Auno<
2084 744 2289 795 συναγαγίίὶν

1247 790 1327 834 τοὺς
1345 793 1605 840 Πανέλληνας
1591 810 1624 838 ες
1609 793 1794 834 ἰλεώσατο
1814 797 1871 834 τὸν
1889 798 1967 835 Δία.
1987 803 2087 837 τοῦτο
2108 799 2143 837 66
2163 802 2284 852 λέγει
2271 819 2289 841 ο

2054 857 2273 903 Ἑλλάνιος
2254 859 2289 898 οὲ
2312 874 2343 899 10

1248 907 1334 951 Ζευς
1349 915 1494 959 τιμαται
1511 910 1562 961 [ἐν
1584 911 1736 963 Αἰγίνῃ]

1303 979 1385 1006 1254.
1417 968 1594 1006 καλλίνικε
1617 983 1626 1009 :
1646 972 1759 1009 Ἰοῦτο
1778 969 1871 1022 λέγει
1888 973 1905 1009 6
1920 971 2023 1024 χορὸς
2041 972 2129 1027 πρὸς
2149 973 2206 1012 τὸν
2226 976 2290 1012 ἀλ-

1218 1034 1222 1079 ξ
1247 1024 1488 1073 λαντοπώλην.

1218 1081 1222 1142 j
1265 1135 1286 1142 ...
1302 1096 1382 1121 1256.
1412 1084 1531 1128 Φανὸς
1554 1098 1563 1124 :
1585 1086 1791 1138 Σύμμαχος·
1819 1087 1977 1140 φαίνεταί
1998 1105 2049 1133 τις
2068 1091 2291 1142 γραμματεὺς

1219 1145 1221 1154 ’
1247 1144 1354 1185 οὗτος.
1410 1145 1478 1180 τῶν
1492 1143 1583 1181 πάνυ
1599 1145 1754 1182 σπανίων
1771 1145 1879 1195 ὄνομα
1897 1145 2025 1199 κύριον.
2081 1150 2243 1202 κωμῳδεῖ
2256 1149 2290 1188 δὲ
2313 1162 2342 1186 15

1247 1199 1350 1238 αὐτὸν
1366 1202 1412 1244 ὡς
1428 1201 1613 1254 φιλόδικον.
1662 1204 1813 1247 Φαεινὸς
1827 1204 1874 1241 δέ·
1891 1206 1994 1258 φανὸς
2009 1209 2026 1244 6
2043 1208 2290 1258 καταγγέλλων

1246 1258 1306 1295 καὶ
1337 1262 1571 1312 φανεροποιῶν
1601 1276 1644 1297 τα
1670 1276 1742 1313 πρα
1745 1276 1863 1311 γματα
1887 1263 1947 1300 καὶ
1970 1263 2122 1313 μηνύων,

1246 1320 1306 1354 τοῦ
1329 1316 1474 1369 φαίνειν,
1499 1333 1516 1355 ο
1543 1319 1616 1356 ἔστι
1640 1323 1880 1372 συκοφαντεῖν.

2180 1265 2201 1312 ἢ
2224 1267 2291 1304 ἀπὸ

1949 1322 2068 1366 Φανὸς
2093 1323 2158 1397 γὰρ
2181 1340 2290 1363 κακο-

2096 1383 2152 1420 ἐπὶ
2179 1383 2290 1433 δημου

1245 1491 1408 1565 γραυεύς.
1468 1493 1636 1544 δημοσίου
1657 1494 1692 1532 δὲ
1715 1495 1900 1546 γενομένου
1923 1497 2072 1551 ἔγραφον
2100 1499 2290 1554 ἀμφότεροι

1245 1549 1289 1587 τα
1308 1550 1492 1601 λεγόμενα.

1303 1622 1382 1647 1262.
1414 1613 1457 1662 τῇ
1479 1610 1687 1662 Κεχηναίων
1707 1611 1806 1649 πόλει
1830 1625 1839 1651 :

1858 1613 2057 1660 Ἀθηναίων.
2079 1618 2124 1659 ὡς
2139 1617 2287 1669 ληρούν-

1246 1683 1313 1705 των
1335 1669 1461 1708 αὐτῶν.

1520 1669 1637 1714 ἔπαιξε
1655 1669 1753 1723 παρὰ
1770 1670 1809 1708 τὸ
1828 1670 2028 1718 Ἀθηναίων.
2087 1674 2155 1712 ἀπὸ
2174 1675 2209 1713 δὲ
2229 1680 2288 1714 τοῦ

1246 1725 1430 1778 κεχηνέναι
1447 1726 1552 1765 ἔλαὸε
1570 1727 1609 1765 τὸ
1625 1727 1752 1778 ὄνομα,
1775 1730 1821 1772 ὡς
1839 1729 1996 1783 μετέωρα
2016 1733 2084 1769 τῶν
2102 1733 2288 1780 Ἀθηναίων
2308 1744 2343 1768 ’25

1246 1783 1474 1837 φρονούντων.

1302 1856 1380 1881 1263.
1399 1843 1433 1881 τί
1447 1843 1589 1882 κάλλιον
1605 1845 1828 1896 ἀρχομένοισι
1846 1859 1854 1885 :
1872 1848 1986 1885 Τοῦτο
2000 1847 2091 1900 ἀρχὴ
2106 1850 2289 1901 προσοδίου
2320 1891 2322 1893 ,

1246 1901 1421 1955 Πινδάρου
1438 1903 1492 1954 [fr.
1515 1903 1576 1954 59]‚
1594 1903 1668 1955 ἔχει
1692 1903 1728 1941 δὲ
1747 1903 1853 1948 οὕτως
1874 1922 1888 1937 «
1911 1905 1945 1942 τί
1967 1905 2108 1944 κάλλιον
2133 1909 2289 1960 ἀρχομέ·

1247 1978 1262 1992 α
1282 1975 1390 1998 νοισιν
1419 1960 1441 2007 ἢ
1473 1961 1825 2011 καταπαυομένοισιν,
1852 1962 1874 2009 ἢ
1901 1962 2096 2015 βαθύζωνόν
2117 1981 2154 2003 τε
2183 1968 2290 2005 Λατω

1247 2037 1262 2052 «
1282 2034 1341 2056 και
1355 2018 1464 2056 θοᾶν“
1451 2035 1567 2057 ιππων
1583 2019 1765 2072 ἐλάτειραν
1781 2022 1942 2060 ἀεῖσαι.»
1958 2022 2100 2075 κορωνὶς
2114 2024 2161 2061 δέ·
2181 2024 2289 2068 ἐξίασι
2310 2038 2344 2062 30

1245 2076 1312 2129 γὰρ
1333 2078 1364 2114 οἱ
1382 2076 1582 2130 ὑποκριταί.
1604 2093 1664 2115 και
1685 2079 1758 2115 ἔστι
1779 2081 1873 2123 συζυ
1871 2078 1922 2128 (ία
1947 2080 2220 2132 ἐπιρρηματική.
2249 2087 2290 2129 ἦς

1246 2137 1282 2172 αἱ
1300 2133 1362 2185 μὲν
1384 2135 1525 2185 μελικαι
1542 2135 1694 2187 περίοδοι
1714 2137 1749 2173 6:
1737 2137 1909 2174 -κοὶκωλοί
1932 2139 2010 2177 εἰσι.
2033 2139 2092 2176 καὶ
2116 2141 2228 2178 αὐτων
2250 2142 2289 2179 τὸ

1245 2192 1308 2243 μὲν
1325 2196 1460 2245 πρῶτον
1479 2193 1641 2243 ἷαμὸικὸν
1663 2194 1912 2246 ἑτιθημιμερὲς,
1931 2195 1973 2246 [ἢ
1998 2196 2032 2240 εξ
2051 2199 2288 2237 ἀντισπάστου

1245 2250 1304 2288 καὶ
1324 2250 1519 2303 χοριοίμὸου
1549 2251 1708 2302 δίμετρον
1737 2253 2072 2305 ὓπερκατοίληκτον].
2129 2256 2168 2293 τὸ
2194 2257 2228 2294 δὲ
2256 2260 2286 2308 β’

1246 2308 1452 2346 δακτυλικὸν
1471 2309 1611 2361 τρίπουν
1632 2311 1677 2352 εἷς
1692 2310 1931 2348 δισυλλαὲίαν.
1951 2312 2006 2362 [τὸ
2023 2313 2137 2365 τρίτον
2158 2314 2190 2358 ἐξ
2209 2317 2288 2352 ἐπι-
2308 2332 2341 2356 35

1244 2367 1362 2418 τρίτου
1388 2366 1565 2419 δευτέρου,
1590 2367 1786 2419 χοριοίμὸου
1807 2369 1865 2406 καὶ
1885 2369 2041 2408 Ἰωνικοῦ
2064 2372 2124 2408 ἀπ’
2143 2372 2288 2411 ἐλάττο-

1244 2440 1299 2468 νος
1319 2425 1502 2478 τρίμετρον
1527 2427 1800 2478 ἀκατάληκτον]
1824 2427 1862 2465 τὸ
1888 2428 1917 2465 δ’
1939 2430 2125 2481 τροχαῖκὸν
2145 2431 2288 2482 τρίπουν

1245 2484 1490 2555 ἓιρθημιμερές.
1507 2484 1547 2522 τὸ
1564 2485 1590 2522 ε’
1612 2485 1730 2522 ἐπικὸν
1748 2488 1992 2539 ἑφθημιμερές.
2011 2488 2050 2526 τὸ
2070 2489 2101 2533 ς’
2125 2490 2288 2539 ἷαμίῗικὸν

1245 2542 1403 2593 δίμετρον
1425 2542 1681 2589 ἀκατάληκτον.
1700 2542 1738 2580 τὸ
1756 2544 1782 2588 ζ
1800 2544 1986 2596 τροχαϊκὸν
2004 2545 2196 2599 δίμετρον
2184 2563 2287 2600 υπερ-

1244 2601 1475 2646 κατάληκτον.
1503 2601 1543 2639 τὸ
1571 2601 1605 2647 η’
1631 2602 1826 2654 προῳδικὸν
1852 2602 2100 2651 δωδεκασημον
2128 2605 2287 2659 διαφορον
2306 2621 2341 2646 40

1244 2658 1452 2710 προσέλαὸε.
1461 2658 1535 2696 τὸθ’
1545 2659 1797 2697 ἀναπαιστικὸν
1806 2658 2034 2714 [τρίαετρον’
2015 2662 2152 2699 ακατάλ
2153 2661 2285 2716 ηκτον].

1243 2717 1282 2755 τὸ
1307 2718 1327 2754 ι’
1350 2717 1514 2767 ἷαμὸικὸν
1538 2717 1721 2770 τρίμετρον
1750 2718 2006 2765 ἀκατάλ.ηκτον
2024 2720 2105 2771 [ἐπὶ
2124 2737 2173 2758 τω
2197 2722 2286 2759 τέλει

1244 2775 1390 2822 διπλη”
1371 2791 1440 2814 εσω
1462 2782 1655 2814 νενευκυῖα.
1684 2776 1756 2827 ἔχει
1777 2775 1812 2814 δὲ
1832 2792 1891 2813 και
1913 2778 2141 2831 ἀντιστροφὴν
2164 2779 2284 2828 ὁμοίαν

1243 2833 1319 2871 καθ’
1336 2832 1481 2870 ἕκαστον
1496 2836 1617 2883 ἑαυτῇ.
1630 2837 1671 2878 ἧς
1684 2833 1723 2870 τὸ
1736 2835 1964 2871 τελευταῖον
1946 2836 2020 2871 ουεῖ
2020 2851 2038 2871 ν
2053 2836 2190 2873 διπλαῖν
2207 2839 2285 2874 κατ’

1244 2891 1350 2943 ἄμφω
1368 2891 1479 2943 τᾶκρα
1497 2894 1712 2940 σημειοῦται.
1717 2892 1731 2941 ]
1803 2943 1824 2951 ...
2304 2909 2337 2934 45

1298 2963 1377 2988 1268.
1410 2949 1499 2999 μηδὲ
1516 2949 1717 2999 Θούμαντιν
1738 2963 1747 2988 :
1769 2952 1878 2988 Οὗτοι
1892 2950 2036 2997 πένητες
2052 2951 2282 2991 διεὸἄλλοντο.

1243 3006 1318 3062 [και
1335 3010 1353 3045 6
1371 3006 1431 3057 μὲν
1453 3007 1688 3059 Λυσίστρατος
1710 3009 1756 3050 ὡς
1771 3007 1878 3052 κόλαξ
1890 3011 1937 3054 ‚6
1962 3007 1998 3046 66
2018 3008 2256 3060 Θούμαντιςε
2239 3027 2284 3054 ως

1242 3065 1346 3112 πένης
1362 3065 1421 3103 καὶ
1439 3065 1572 3115 μάντις.
1577 3066 1656 3116 ]δεῖ
1669 3059 1740 3112 οὖν,
1758 3066 1860 3119 φησὶ,
1871 3065 1950 3109 τοὺς
1967 3065 2028 3117 μὲν
2042 3067 2170 3112 ἱππέας
2186 3070 2283 3106 ἐπαι·

1242 3125 1323 3170 νεῖν,
1340 3123 1489 3166 ἐκείνους
1511 3123 1547 3161 δὲ
1567 3122 1646 3166 τοὺς
1664 3123 1814 3170 πένητας
1835 3123 1884 3175 μὴ
1908 3124 2122 3165 διαὸάλλειν.

1296 3180 1450 3218 ἀνέστιον
1473 3194 1482 3219 1
1503 3180 1649 3219 ’'.A0tx0v
1676 3188 1758 3218 liet.
2298 3197 2331 3220 50

1297 3252 1374 3277 1270.
1404 3240 1558 3290 θαλεροῖς
1585 3237 1780 3290 δακρύοις;
1799 3239 1890 3277 Ἄντι
1909 3243 1987 3287 τοῦ,
2008 3240 2096 3290 μετὰ
2125 3240 2279 3292 δακρύων

1241 3295 1385 3334 ἱκετεύει
1417 3310 1455 3332 σε
1482 3311 1544 3341 της
1571 3295 1691 3339 πενίας
1719 3295 1844 3344 ἕνεκεν,
1877 3298 2123 3348 ἀπαλλαγηναι
2153 3298 2279 3343 ταύτης

1242 3355 1355 3399 ἀξιῶν.
1376 3353 1520 3392 ἱκετεύει
1539 3354 1573 3392 δὲ
1595 3354 1785 3405 ἁπτόμενος
1804 3359 1865 3402 τῆς
1884 3359 1946 3401 σῆς
1972 3356 2143 3412 φαρέτρας
2161 3356 2216 3394 διὰ
2240 3355 2278 3392 τὸ

1242 3415 1357 3456 κακῶς
1377 3412 1551 3451 πένεσθαι.
