2517 3792
989 175 1234 224 EQmTcM.

90 267 334 318 Ἱπποδάμειος
351 268 475 319 τρόπος
492 266 648 304 Aristot.
671 264 780 301 Polit.
800 277 836 310 7,
860 277 917 309 11,
940 265 961 312 ξ
983 270 1019 308 4,
1036 263 1081 299 ed

91 328 223 372 Schn.,
244 339 355 377 quem
376 327 501 362 locum
522 322 689 360 laudavit
709 322 923 358 Schneider.
948 321 994 358 ad
1013 324 1095 358 Xe—

90 385 207 434 noph.
228 388 273 422 H.
292 387 359 421 Gr.
381 398 418 429 2,
441 388 477 428 4,
500 396 536 418 11
563 397 571 417 :
596 381 703 417 liceat
727 389 850 417 tamen
877 393 1029 416 monere
1058 380 1095 415 in

90 442 288 479 scholiasta
318 440 582 490 Aristophanis
603 438 824 475 mutandum
852 451 931 473 csse
958 436 1097 474 verbo-

92 513 175 536 rum
193 498 364 536 ordinem
381 513 389 534 :
407 498 544 535 etenim
557 526 567 542 ,
590 506 629 533 ut
650 509 748 532 nunc
778 497 953 544 leguntur
965 524 975 540 ‚
993 496 1097 531 facilc
1122 499 1125 504 ’

91 557 354 607 suspicareris,
374 555 706 605 Archeptolenium
727 553 774 590 ab
795 554 876 590 aliis
895 554 1097 596 Milesium,

91 614 138 652 ab
156 615 240 652 aliis
259 614 445 651 Thurium
465 613 659 664 appellari,
681 625 797 662 quum
819 612 890 648 hoc
912 612 1038 661 potius
1055 610 1100 646 de

92 671 333 723 Hippodamo
364 672 566 709 dicendum
602 672 668 715 sit,
704 671 829 719 itaque
859 669 982 706 scribe
1016 680 1100 704 meo

91 733 246 769 Marte:
267 745 526 781 καεπουμενον·
544 745 603 766 και
624 731 654 766 οἱ
680 743 742 777 μεν
763 728 863 764 αὐτόν
890 742 985 789 φηασι
1005 726 1101 763 Θού-

93 797 185 833 ριον,
203 783 272 819 οἱ
254 782 289 820 03
318 784 380 820 Μ’.
360 783 512 828 ’λήσιοψ
534 782 646 820 λςίπει
675 781 710 817 δὲ
730 779 947 831 ὃὸῡῡαλμός.
972 777 1102 819 Ἄλλως

96 840 161 889 (de
176 840 393 890 conjectura
409 841 534 878 addo.
558 842 658 877 λυπεῖ.
660 854 716 875 ται
727 853 870 890 ,cmm
887 839 904 873 ὁ
921 834 1103 887 Ἀρχεπτό-

94 898 217 947 λεμος·
235 893 331 941 οὗτος
345 898 412 951 γὰρ
430 897 542 936 πολλὰ
560 897 719 949 ὠφέλησε
738 896 801 941 τὴν
818 896 929 932 πόλιν·
948 894 1103 934 Κλέων’

96 954 133 993 δὲ
148 956 267 1007 ἐχθρὸς
281 951 336 1003 ἦν.
355 956 486 999 Ἄλλως
505 965 576 993 616.
595 958 844 992 Transeamus
856 952 935 1002 jam
951 951 998 988 ad
1028 955 1103 988 Ar-

95 1012 395 1063 cheptolemum‚
414 1027 527 1063 quem
546 1013 607 1049 hic
627 1011 828 1061 significari
849 1010 946 1054 dixi,
968 1017 1005 1045 et
1026 1007 1104 1057 jam

97 1073 219 1109 multo
237 1081 322 1110 ante
343 1073 488 1110 dixerat
507 1070 764 1116 Casaubonus,
782 1070 888 1119 cujus
909 1069 1106 1106 adnotatio

97 1129 267 1178 alioquin
282 1143 360 1167 non
377 1131 430 1168 ita
447 1130 593 1179 optima
612 1137 679 1165 est,
700 1132 765 1166 Est
785 1128 886 1164 enim
903 1127 1005 1164 idem
1030 1131 1105 1164 Ar-

98 1185 378 1235 cheptolemus‚
408 1188 474 1236 qui
498 1195 732 1223 memoratur
751 1186 789 1222 in
816 1186 885 1222 hac
914 1184 1042 1222 fabula
1068 1197 1106 1220 v.

101 1256 189 1292 791,
208 1243 273 1281 uhi
295 1246 534 1294 Agoracritus
549 1245 678 1282 Cleoni
694 1245 789 1281 vitio
808 1244 936 1288 vertit,
953 1243 1109 1292 quod—-

99 1299 377 1352 Ἀρχεπτολέμου
396 1302 433 1340 33
452 1303 612 1355 φέροντος
632 1302 708 1347 Τὴν
730 1302 869 1353 εἰρήνην
888 1301 1111 1345 ἐξετκέδαςας

98 1357 160 1400 τὰς
173 1360 358 1412 πρεσὸείας
372 1361 403 1398 τ’
424 1360 628 1403 ἀπελαύνεις
644 1360 710 1398 Ἐκ
729 1363 789 1406 vii:
807 1360 939 1402 πόλεως
956 1362 1110 1410 ῥαθαπυ-

99 1414 224 1465 γίζων,
252 1417 291 1455 αἳ
322 1417 383 1461 τὰς
412 1418 561 1460 σπονδὰς
591 1419 861 1470 προκαλοῦνται.
893 1418 1111 1456 Scholiastae

101 1486 221 1521 error,
240 1477 305 1525 qui
328 1477 376 1514 ad
393 1477 494 1514 hunc
513 1478 638 1514 locum
662 1485 814 1526 poetam
842 1484 974 1512 contra
997 1476 1113 1512 histo-

102 1532 196 1569 riam
213 1543 339 1572 censet
355 1536 692 1585 Archeptolemum
708 1536 872 1585 legatum
885 1536 1112 1579 nominasse,

101 1603 221 1640 quum
241 1593 280 1629 in
295 1605 339 1630 63
357 1593 562 1643 legatione,
582 1607 666 1643 quae
687 1601 822 1629 octavo
842 1592 1020 1641 (debebat
1040 1605 1114 1628 no·-

103 1661 195 1685 num
231 1649 368 1700 dicere)
402 1651 492 1688 belli
523 1664 622 1687 anno
659 1651 863 1700 superstite
894 1651 1034 1687 Cleone
1066 1649 1114 1686 ad

101 1718 246 1745 annuas
261 1709 433 1747 inducias
445 1710 728 1759 componendas
745 1710 858 1745 missa
878 1717 969 1754 erat,
989 1709 1114 1745 nullus

105 1765 369 1816 Hippodamus
382 1768 611 1813 nominetur,
630 1768 678 1804 ab
696 1768 778 1804 aliis
789 1796 798 1813 ,
819 1768 922 1804 velut
937 1781 959 1804 a
974 1768 1115 1804 Palme-

103 1823 184 1870 rio,
203 1833 355 1862 notatus
372 1827 452 1875 jam
481 1835 557 1872 est,
590 1827 656 1876 qui
684 1827 784 1863 idem
807 1826 1013 1876 prudenter
1034 1840 1118 1863 mo-

104 1882 200 1928 nuit,
215 1882 256 1919 in
275 1896 320 1920 ea
341 1883 469 1921 fabula
485 1897 569 1935 quae
590 1885 650 1922 Ol.
673 1885 721 1921 88
734 1913 744 1929 ‚
774 1890 795 1928 4
829 1884 1023 1929 doceatur,
1039 1897 1118 1920 non

105 1938 153 1976 de
167 1951 211 1976 ea
225 1953 338 1990 posse
359 1942 545 1991 legatione
561 1942 654 1988 dici,
675 1955 760 1991 quae
785 1942 844 1978 Ol.
869 1942 919 1990 89
945 1949 1119 1991 suscepta

106 1995 238 2044 fuerit,
252 1998 319 2036 sed
334 2000 620 2051 intelligendum
637 2013 717 2037 esse
736 2000 837 2036 hunc
858 2000 984 2036 locum
1003 1998 1049 2035 de
1072 2000 1118 2035 iis

106 2055 211 2104 pacis
242 2057 546 2104 conditionibus,
584 2072 677 2108 quas
705 2057 981 2095 Lacedaemonii
1017 2070 1116 2093 anno
1141 2061 1145 2080 ³

107 2112 272 2162 septimo
291 2114 382 2152 belli
400 2116 460 2154 Ol.
481 2117 552 2162 88,
571 2118 612 2162 3,
631 2124 717 2153 31116
734 2116 869 2164 Pylum
888 2115 1039 2164 penitus
1056 2128 1119 2151 ca—

108 2177 213 2219 ptam
243 2173 408 2210 Athenas
427 2175 618 2219 tulissent,
638 2174 759 2210 Thuc.
782 2179 823 2217 4,
845 2173 889 2208 16
906 2187 915 2208 :
935 2185 1029 2221 quas
1048 2173 1118 2208 etsi
1143 2181 1146 2199 1

108 2227 334 2267 lautissimas
350 2231 466 2269 Cleon
486 2232 725 2281 potissimum
744 2239 878 2267 auctor
902 2230 973 2266 suit
995 2230 1116 2267 Athe-

107 2286 304 2324 niensibus
320 2297 364 2325 ut
382 2290 642 2338 repudiarent3
672 2288 737 2325 sed
760 2288 901 2325 erravit
922 2287 1022 2323 idem
1039 2287 1120 2323 Pal-

109 2345 250 2382 merius
265 2345 312 2382 ad
327 2346 364 2384 h.
383 2347 407 2384 l.
423 2361 509 2384 cum
522 2348 582 2392 iis,
600 2347 666 2396 qui
684 2347 766 2396 ejus
778 2346 1042 2383 auctoritatem
1056 2358 1115 2382 se-

110 2411 292 2451 quuntur,
310 2404 494 2442 Hudsono
514 2413 552 2442 et
546 2402 721 2442 Dukero
736 2404 782 2442 ad
800 2403 1098 2452 Thucy'didem
1083 2425 1118 2448 4,

114 2461 174 2506 16,
187 2461 220 2498 si
240 2474 288 2498 ex
301 2463 374 2499 hoc
393 2464 658 2513 Aristophanis
680 2464 764 2499 loco
784 2463 1148 2521 Archeptolemum

110 2519 357 2569 coryphaeum
402 2521 599 2570 legationis
641 2521 756 2557 fuisse
796 2520 979 2569 expiscati
1018 2527 1117 2557 sunt.

110 2576 281 2627 Quippe,
297 2580 364 2628 qui
383 2591 498 2629 supra
513 2582 661 2616 summo
682 2579 786 2615 luctu
805 2577 855 2615 ob
873 2577 1052 2614 Cleonis
1043 2590 1119 2613 1111-

59 2651 66 2655 ·
111 2634 331 2683 pudentiam
348 2645 386 2674 et
403 2637 542 2687 flagitia
559 2637 716 2674 affectus
736 2637 889 2681 dicitur,
909 2629 1147 2684 Archepto-

111 2691 251 2757 lemus,
280 2695 535 2741 Atheniensis,
563 2696 666 2744 pacis
698 2694 888 2732 studiosus
914 2702 952 2730 et
972 2694 1120 2731 Cleonis

112 2749 302 2796 inimicus,
317 2752 417 2789 idem
432 2753 533 2790 haud
547 2752 665 2789 dubie
680 2760 736 2789 est
756 2760 868 2801 atque
884 2752 928 2796 is,
942 2751 1003 2787 cui
1020 2764 1119 2786 nunc

114 2807 232 2845 cleon
244 2809 406 2846 maxime
417 2810 603 2848 adversari
619 2810 808 2847 traditur.
802 2810 952 2874 Neque
942 2808 1120 2858 injuriam

115 2877 178 2902 me
196 2873 290 2914 puto
309 2869 494 2904 sermonis
518 2868 607 2904 usui
635 2868 844 2913 facturum,
865 2868 898 2904 si
924 2866 1036 2919 φέρειν
1049 2867 1118 2913 τὴν

116 2922 255 2975 εἰρήνην
281 2922 327 2960 de
350 2937 397 2960 eo
423 2925 647 2975 intelligam,
666 2927 735 2975 qui
759 2926 987 2974 legationem
1006 2929 1121 2963 Lace-
1144 2921 1148 2978 ξ

115 2980 391 3018 daemoniorum
417 2982 457 3018 in
484 2983 705 3023 concionem
735 2982 1008 3027 introduxerit,
1036 2996 1118 3020 eam
1144 2987 1148 3045 ξ

116 3051 324 3088 pacemque
340 3038 390 3076 ab
404 3051 448 3076 ea
460 3039 608 3075 allatam
624 3039 770 3076 civibus
786 3041 863 3076 suis
878 3036 1148 3077 commenda-i

116 3097 226 3133 verit.
254 3097 517 3134 Certissimum
551 3105 678 3133 autem
718 3105 1003 3146 argumentum,
1041 3111 1118 3147 quo
1145 3094 1147 3117 ³

116 3154 302 3204 probatur
346 3154 678 3202 Archeptolemum
718 3155 952 3204 Hippodami
1000 3155 1119 3191 filium

118 3219 282 3262 utroque
309 3211 395 3248 loco
424 3210 710 3260 intelligendum
741 3224 843 3256 esse,
874 3211 912 3248 id
939 3220 1013 3256 est,
1043 3226 1120 3261 quo

119 3269 221 3308 hunc
237 3271 386 3309 Cleonis
403 3270 554 3307 furiosis
572 3277 610 3306 et
629 3269 855 3306 turbulentis
872 3271 1119 3308 concionibus

117 3334 268 3380 semper
290 3342 331 3366 se
357 3328 596 3378 opposuisse,
628 3327 747 3376 magis
773 3340 981 3377 paucorum
1007 3341 1118 3377 quam

2080 187 2155 219 403

1152 263 1286 312 populi
1314 263 1524 301 dominatui
1557 264 1744 311 deditum,
1775 268 1892 316 magis
1922 269 2024 317 pacis
2046 282 2159 318 quam

1149 320 1236 357 belli
1270 322 1383 358 fnisse
1412 322 1621 359 studiosum
1657 323 1860 372 probatur,
1887 339 1933 362 ex
1967 325 2049 375 ejus
2076 328 2162 364 vitae

1150 381 1222 415 line
1249 379 1413 416 ducitur.
1447 381 1592 417 Etenim
1630 381 1692 417 hic
1715 383 2055 432 Arelieptolemus,
2082 386 2162 434 qui,

1124 437 1323 488 ¹instituto
1366 437 1730 487 quadringentorum
1773 441 1943 477 virorum
1979 443 2162 492 imperio,

1151 508 1236 530 cum
1253 495 1486 558 Antiphonte
1508 504 1542 531 et
1558 498 1761 533 Onomacle
1786 511 1868 534 eam
1884 501 2051 549 suscepit
2068 501 2164 549 lega-

1153 553 1307 596 tionem,
1322 552 1427 600 cnjus
1444 555 1674 590 mentionem
1689 555 1775 590 sacit
1789 556 2026 604 Thucydides
2042 560 2078 603 8,
2096 571 2115 603 7
2127 572 2162 594 1:

1152 611 1218 646 ἐκπ
1208 623 1310 657 εμπ-1
1313 624 1368 646 υτι
1389 610 1446 646 καὶ
1482 611 1515 652 ἐς
1533 625 1595 654 την
1637 611 1752 647 λαλεῖ
1755 626 1788 647 α.
1782 612 1881 659 ’μονα
1909 628 1971 651 7:33
1966 615 2067 651 '‘ch
2023 631 2067 656 ις

1125 665 1373 715 Ῐξ1μνῗάσεως,
1395 668 1475 715 βου).
1478 666 1595 714 όμενοι
1614 667 1854 716 &iffi-anm
1868 672 2168 721 Pseudoplutar-

1126 757 1130 798 Ι
1154 725 1274 761 611115
1265 737 1303 760 111
1321 728 1351 757 V
1356 725 1406 760 ita
1434 725 1679 774 Antiphontis
1702 739 1748 762 ex
1770 728 1920 763 Caecilio
1951 729 2168 778 psephisma

1155 782 1267 818 nobis
1283 783 1464 827 servavit,
1498 796 1573 832 quo
1603 791 1783 832 uterque,
1815 786 2015 834 Antiphon
2032 795 2068 822 et
2088 789 2166 824 Ar—

1155 840 1432 903 cheptolemus,
1448 841 1624 877 restituto
1645 842 1818 890 populari
1836 843 1998 892 imperio
2016 845 2053 881 in
2065 843 2172 892 judi-

1156 898 1256 933 cium
1287 896 1542 943 iocabantur,
1574 911 1755 967 eamque
1774 912 1939 948 poenam,
1972 901 2018 937 ad
2057 913 2171 950 quam

1157 954 1398 991 condemnati
1420 964 1542 992 sunt:
1576 956 1613 991 in
1645 957 1755 992 καταδ
1760 956 1815 1006 ίκη
1846 957 1984 995 diserte
2014 959 2171 1008 legitur·

1160 1013 1310 1064 Hyades.
1313 1028 1350 1054 ας
1374 1005 1488 1050 ὠ1λ·οι
1510 1013 1658 1064 Ἀρχετ,
1644 1015 1782 1063 ahn-0<
1801 1002 1930 1052 “1110‘'
1913 1016 2024 1053 ἀ’-310
2049 1014 2174 1067 Ἀγαύ-

1157 1071 1240 1114 ληθε
1242 1085 1277 1105 ν·
1299 1071 1337 1107 111
1355 1071 1439 1120 ipso
1461 1071 1716 1121 psephismate
1736 1082 1773 1108 et
1790 1074 1956 1110 catadice
1976 1083 2063 1124 post
2081 1077 2174 1110 Tav-

1159 1127 1244 1172 lori,
1263 1128 1342 1163 vit.
1361 1131 1446 1176 Lys.
1466 1129 1540 1164 vol.
1562 1131 1598 1173 6,
1628 1142 1664 1178 p.
1695 1142 1765 1165 120
1789 1130 1846 1166 ed.
1872 1132 2013 1177 Reisk„
2036 1117 2175 1168 Ruhn-

1160 1185 1351 1231 kenii‚vit.
1365 1186 1523 1236 Antipb.
1537 1200 1573 1236 p.
1590 1193 1636 1230 24
1647 1201 1660 1222 1
1678 1188 1716 1223 in
1730 1188 1926 1237 Opuscul.,
1941 1190 2178 1242 aliorumque

1162 1252 1338 1289 conatus,
1386 1253 1646 1281 remanserunt
1695 1254 1820 1282 tamen
1878 1248 2060 1285 nonnulla
2112 1259 2179 1286 aut

1162 1301 1394 1338 emendanda
1411 1311 1476 1339 aut
1497 1303 1744 1352 explicanda:
1765 1305 1850 1353 ipso
1878 1305 1989 1341 initio
2013 1307 2180 1344 11151513·-

1164 1367 1247 1396 tuas
1276 1360 1461 1396 excidisse
1488 1359 1633 1402 Αἰαντὶς
1660 1361 1734 1405 (vel
1766 1362 1839 1398 alia
1867 1361 2047 1411 quaelibet
2073 1363 2180 1416 φυλὴ)

1163 1417 1469 1468 πρώτη-δεκάτη
1491 1418 1699 1470 ἐπρυτάνευε
1719 1428 1806 1469 post
1824 1422 1867 1470 τῗ,
1902 1421 2028 1471 βουλῇ,
2048 1422 2178 1472 legen-

1165 1475 1257 1511 dum
1271 1476 1412 1512 suadeo
1426 1489 1496 1525 pro
1510 1478 1571 1520 τῆς
1582 1477 1787 1527 πρυτανείας
1801 1491 2002 1515 numerum
2016 1479 2180 1530 aliquem

1166 1532 1374 1576 ordinalem
1405 1531 1557 1585 πρώτης,
1585 1534 1703 1586 τρίτης
1730 1534 2027 1581 616.--δεκᾶ.-ν,ςε
2047 1551 2180 1587 quem,

1166 1593 1306 1629 nescio.
1326 1595 1487 1641 Legatos
1504 1593 1575 1629 hos
1598 1593 1748 1629 infectis
1772 1593 1886 1630 rebus
1908 1595 2182 1633 Lacedaemone

2088 630 2151 652 πε-
2136 616 2168 666 pt

1167 1650 1339 1695 rediisse,
1357 1659 1490 1686 auctor
1509 1658 1565 1687 est
1580 1651 1752 1699 Thucyd.
1777 1651 1814 1695 8,
1830 1664 1876 1699 91
1912 1667 1919 1687 :
1957 1652 2075 1697 επειδῆ
2096 1655 2126 1690 οἱ
2143 1655 2183 1690 ἐκ

1166 1710 1227 1752 τ-’ῆς
1252 1707 1511 1757 Αακεδαίμῦνῡς
1538 1706 1700 1758 tysis-5323
1721 1708 1816 1745 οὐδὲν
1837 1708 2029 1760 πράξαν-,ες
2048 1711 2184 1762 ἀνεχώ-

1170 1781 1278 1818 ρησαν
1294 1771 1364 1807 τοῖς
1382 1764 1538 1814 ξύμπασι
1558 1765 1789 1815 ξυμὲατικόν,
1808 1780 1922 1816 quem
1947 1767 2087 1814 locum,
2109 1778 2184 1806 tam

1170 1826 1235 1873 qui
1255 1825 1466 1862 scholiastae
1481 1825 1709 1861 auctoritate
1737 1825 2036 1874 interpretantur
2052 1844 2069 1858 ‘c
2083 1828 2186 1865 nulla

1170 1884 1346 1932 pactione
1380 1896 1466 1919 cum
1498 1883 1684 1919 universis
1723 1883 2019 1920 Lacedaemoniis
2053 1885 2154 1922 facta
2171 1904 2184 1917 »

1172 1941 1252 1990 ‘Jqui
1270 1954 1400 1977 sensus
1419 1953 1543 1989 neque
1561 1953 1607 1976 ex
1629 1939 1758 1977 verbis
1780 1942 1864 1978 elici
1895 1948 2022 1990 potest
2035 1970 2044 1987 ,
2062 1955 2186 1992 neque

1141 2000 1149 2050 1
1172 1998 1284 2035 rebus
1300 2007 1355 2035 est
1368 2006 1492 2048 aptus,
1501 2011 1617 2047 quum
1631 2011 1707 2047 pax
1720 1998 1821 2035 inter
1830 1998 1997 2046 singulos
2011 1998 2187 2036 homines

1173 2057 1276 2093 nulla
1292 2058 1370 2105 sits,
1392 2069 1506 2106 quam
1523 2056 1590 2105 qui
1607 2061 1678 2098 τοῖς
1706 2055 1859 2105 {du-itaci
1878 2055 2082 2093 delendum
2110 2071 2188 2108 pu-

1141 2091 1146 2164 1
1175 2123 1254 2151 tant
1280 2123 1344 2151 aut
1363 2113 1649 2163 intelligendum
1680 2127 1761 2151 esse
1786 2132 1799 2146 ‹v-
1821 2114 1954 2163 plane,
1976 2115 2156 2161 omnino,
2173 2135 2187 2148 ¹2

1175 2180 1321 2209 errant:
1340 2171 1434 2208 οὐδὲν
1465 2170 1653 2222 πράξαντες
1680 2177 1750 2213 τοῖς
1775 2170 1930 2221 ξύμπας-1
1949 2168 2185 2219 ξυμὸατικόν,

1174 2230 1213 2266 11.
1233 2244 1264 2267 e.
1286 2243 1406 2280 quum
1421 2229 1515 2265 nihil
1532 2229 1799 2274 confecissent,
1820 2230 1923 2279 quod
1941 2230 2119 2268 omnibus
2134 2245 2186 2271 sc.

1176 2288 1473 2326 Atheniensibus
1490 2296 1588 2324 esset
1607 2286 1831 2337 ξυμὲατικὸν,
1857 2290 1923 2326 sed
1950 2304 2034 2340 quae
2056 2291 2190 2327 conse»

1144 2381 1147 2388 ,
1177 2355 1308 2411 cerunt
1346 2354 1454 2382 erant
1482 2346 1765 2410 quadringentis
1786 2346 1941 2395 quidem
1975 2349 2091 2395 utilia,
2120 2348 2188 2387 sed

1504 2404 1721 2440 ‚Discimus
1747 2412 1873 2441 autem
1890 2418 1938 2442 ex
1963 2406 2037 2443 hoc
2057 2414 2188 2444 nostro

1144 2472 1148 2491 ¹
1176 2463 1450 2513 115611115111316,
1485 2461 1545 2509 leg
1534 2469 1628 2497 atos
1664 2462 1914 2499 Athenienses
1943 2476 1992 2500 ex
2020 2464 2190 2500 exercitu

1144 2522 1315 2566 hostili,
1335 2521 1371 2556 h.
1387 2533 1418 2556 6.
1441 2532 1488 2555 ex
1502 2520 1617 2560 classe
1631 2519 1694 2555 illa
1710 2519 1870 2556 duarum
1893 2529 1929 2558 et
1942 2521 2190 2571 quadraginta

1144 2573 1148 2616 i
1176 2579 1330 2615 navium
1349 2577 1779 2625 Peloponnesiacarum,
1800 2590 1885 2627 quae
1911 2579 1950 2615 in
1978 2591 2046 2615 ora
2066 2583 2190 2616 Laco-

1177 2637 1261 2673 nica
1280 2636 1481 2672 stationem
1510 2633 1676 2671 habebat
1701 2635 1799 2671 etin
1826 2634 2010 2672 Euboeam
2034 2637 2191 2686 naviga-

1145 2694 1147 2722 1
1177 2695 1319 2730 tionem
1336 2692 1515 2742 parabat,
1533 2693 1727 2741 profectos
1744 2706 1825 2729 esse
1848 2693 1978 2730 hostili
1994 2694 2101 2739 navi,
2117 2707 2188 2743 apu

1144 2743 1148 2808 1
1176 2753 1306 2803 pulsos
1334 2763 1427 2788 vero
1455 2751 1582 2787 Attico
1608 2751 1729 2787 littori
1750 2763 1819 2800 per
1841 2752 2056 2796 Deceleam,
2085 2751 2189 2799 quod

1176 2811 1370 2847 castellum
1401 2809 1491 2848 Afris
1537 2818 1616 2845 tum
1653 2809 1854 2854 tenuisset,
1890 2817 1989 2845 terra
2020 2779 2188 2845 Athenas

1144 2821 1149 2902 1
1175 2869 1314 2905 ivisse:
1333 2868 1373 2903 in
1396 2865 1566 2915 καταδίκῃ
1585 2867 1671 2914 ipsa
1696 2879 1767 2914 pro
1786 2867 1836 2914 τῷ
1857 2864 1893 2903 δὲ
1914 2865 2086 2915 δημάρχῳ
2104 2865 2190 2900 ἀπο-

1176 2928 1281 2978 φῆναι
1310 2925 1340 2962 τ’

1369 2923 1478 2960 οἰκίαν
1504 2924 1539 2964 ἐς
1561 2923 1618 2959 τὸν
1645 2923 1726 2971 lege
1750 2922 1799 2959 τὼ
1826 2922 1862 2959 δὲ
1894 2922 2065 2973 δημάρχω
2087 2923 2186 2970 (113111

1176 2985 1272 3021 duos
1290 2983 1511 3020 demarchos
1523 2994 1619 3030 opus
1631 2981 1743 3016 fuisse
1757 2989 1872 3030 patet,
1886 2993 2003 3029 quum
2019 2980 2187 3030 Antipho

1175 3040 1438 3084 Rhamnusius,
1458 3038 1771 3086 Archeptolemus
1788 3044 1914 3074 antem
1930 3038 2113 3086 Agryleus
2126 3051 2189 3074 ffi-

1176 3109 1258 3143 set
1280 3112 1453 3148 αποοηναι
1471 3095 1531 3137 τὰς
1547 3094 1622 3132 οὖσί
1626 3110 1663 3136 ας
1676 3094 1769 3143 [imo
1782 3093 1831 3130 τὼ
1854 3093 1946 3131 οἰκία
1982 3108 2030 3131 ex
2059 3095 2171 3132 codd.
2174 3095 2188 3144 ]

1144 3131 1213 3192 l
1178 3158 1301 3193 αὐτῶν.
1336 3154 1466 3191 Redeo
1492 3153 1539 3190 ad
1579 3153 1694 3189 schol.
1732 3151 1994 3201 Aristophanis
2025 3166 2118 3201 791,
2146 3154 2187 3189 in

1145 3196 1149 3270 Ξ
1176 3227 1254 3263 quo
1270 3213 1426 3249 nomina
1445 3212 1654 3260 legatorum
1672 3210 1821 3246 restitui
1838 3218 1999 3259 possunt
2015 3223 2062 3247 ex
2081 3211 2188 3247 Thu-

1145 3276 1149 3314 ῗ
1177 3271 1314 3319 cydide
1337 3277 1381 3315 4,
1404 3283 1494 3317 119,
1521 3278 1599 3305 tum
1628 3276 1775 3312 autern,
1807 3276 1953 3305 mutato
1978 3267 2184 3305 verborum

1146 3333 1153 3378 ξ
1179 3328 1314 3367 ordine
1340 3328 1393 3364 ita
1412 3327 1512 3375 lege,
1533 3324 1735 3374 Τολμαίου·
1753 3324 1814 3361 καὶ
1839 3323 1946 3366 οὕτως
1971 3328 2031 3370 ἦ
2020 3323 2160 3376 πρετὸε.
2153 3323 2185 3360 ἴα

2052 3394 2103 3423 26.
