2485 3808
3 2689 5 2703 4

897 254 1147 294 SCHOLIA
1183 256 1243 295 IN
1278 257 1485 296 PACEM.

181 344 262 386 ἴσως
289 342 344 380 ἵνα
372 345 430 379 τοῦ
462 340 561 400 τρίῧε
561 356 589 376 ιν
618 342 806 412 ἀπαλλαγῇ
839 341 895 378 διὰ
926 342 965 379 τὸ
998 341 1060 388 τὴν
1094 344 1162 379 τῶν
1188 363 1192 397 3

133 401 260 439 παίδων
281 401 509 451 τετριμμένην
530 402 615 436 εἰναι
635 399 693 436 καὶ
714 400 782 437 ἑτοι
786 416 854 448 μην
875 401 913 437 ἐκ
931 416 999 437 των
1019 399 1161 453 χρωμέ-

125 475 204 497 νων.
223 466 258 496 R.
278 465 316 494 V.

182 530 224 556 13.
256 516 344 566 (ἑνὸς
363 515 424 565 μὲν
440 509 565 567 ῶνδρες
585 515 818 553 ἀπολελύσθαι
840 528 848 554 :

92 593 107 616 5
128 581 234 629 φυρᾶν
263 573 325 620 τὴν
355 574 495 625 κόπρον.
526 573 712 626 ἐκέρδανα,
735 589 836 625 φησι,
865 572 921 610 διὰ
942 573 980 610 τὸ
1013 572 1060 622 μὴ
1081 573 1162 616 ἴσως

124 634 263 686 χρῄζειν
283 632 332 670 ἔτι
348 632 500 670 τοιούτου
515 632 618 670 πόνου
639 632 700 678 τὴν
720 648 780 670 του
798 631 1023 684 ἡταιρηκότος
1040 631 1160 668 τούτου

123 691 245 734 παιδὸς
262 691 401 742 κόπρον,
423 691 500 727 ἀλλ’
519 691 636 742 ὥσπερ
657 690 795 740 ἑτοίμην
816 689 1065 735 καθεστηκέναι
1084 687 1160 741 τρί-

124 751 196 788 ὅειν
215 750 273 788 καὶ
294 748 533 801 ἀνατετρίςιθαι
554 749 619 786 ὑπὸ
641 751 706 786 τῶν
727 748 942 800 χρωμένων.)

176 810 248 858 (14).
278 807 385 849 οὐδεις
405 820 520 858 qoam:
543 807 595 844 06
616 806 681 877 γὰρ
708 806 748 842 ἄν
774 822 824 848 τις
853 803 1076 842 ὑποπτεύσειε
1103 802 1160 840 διὰ

74 879 104 904 ιυ
123 865 161 903 τὸ
186 872 294 919 φυρῒιν
323 865 383 915 ἐμὲ
412 865 478 911 ἤδη
508 880 566 902 και
597 881 658 909 τνν
692 863 818 915 κόπρον
843 863 975 900 ἐσθίειν.
997 885 1049 890 --
1069 862 1159 898 δυοῖν

124 928 181 962 οὖν
209 924 313 962 ὄντων
339 926 406 961 τῶν
435 923 513 975 περὶ
539 922 600 972 ἐμὲ
632 924 736 972 δυσχε
723 937 822 974 ρων,
846 924 906 966 τ-7,ς
934 936 970 958 τε
991 919 1160 962 δυσωδίας

122 983 164 1029 ἣν
185 982 254 1020 ἀπὸ
269 985 329 1020 τοῦ
346 981 538 1030 μαλάσσειν
554 980 613 1018 καὶ
633 986 774 1032 φυρᾶν
758 979 819 1025 τὴν
835 979 963 1030 κόπρον
981 977 1158 1015 συνέὸαινε

122 1041 283 1092 πάσχειν,
303 1039 363 1078 καὶ
390 1042 450 1084 τῆς
468 1038 547 1090 περὶ
575 1041 636 1084 τῆς
661 1041 788 1090 τροφῆς
817 1036 985 1089 ὑποψίας,
1004 1036 1070 1082 ἤδη
1092 1051 1157 1086 φα-

121 1101 225 1151 νερῶς
251 1101 310 1135 τοῦ
335 1096 407 1140 ἑνὸς
426 1095 656 1146 ἀπαλλαγεὶς,
679 1100 737 1133 τοῦ
757 1095 880 1146 μηκέτι
899 1093 1159 1144 καταναγκάζε-

121 1160 199 1193 σθαι
226 1161 334 1208 φυρᾶν
364 1154 426 1200 τὴν
458 1153 597 1206 κόπρον,
629 1157 784 1205 ἡγοῦμαι
818 1152 1044 1204 ἀπηλλάχθαι
1074 1151 1157 1204 φησὶ

119 1214 179 1252 καὶ
202 1217 265 1260 τῆς
291 1211 451 1254 ὑπονοίας
469 1215 530 1258 τῆς
550 1212 607 1249 ε’πὶ
626 1215 668 1263 τῇ
695 1214 814 1265 τροφῇ·
835 1210 955 1249 οὐδένα
975 1209 1041 1262 γὰρ
1062 1212 1156 1260 ὑμῶν

118 1271 289 1310 πιστεύειν
318 1269 499 1320 οἴομαιὸτι
527 1269 577 1308 ἔτι
598 1269 738 1319 μάττων
765 1270 824 1308 καὶ
852 1272 967 1323 φυρῶν
1001 1269 1068 1315 ἤδη
1098 1268 1156 1306 καὶ

118 1329 231 1368 ἐσθίω.
259 1330 362 1375 δῆλον
383 1327 419 1365 δὲ
445 1327 496 1365 ὅτι
516 1328 643 1379 πίτυρα
663 1323 716 1375 ἦν·
738 1328 902 1366 ἀπίθανον
931 1327 998 1379 γὰρ
1029 1325 1156 1379 κόπρον

118 1388 272 1438 μάττειν.
353 1383 498 1429 Ἄλλως.
527 1395 568 1423 V.
596 1387 736 1424 εἰώθασι
759 1386 825 1438 γὰρ
847 1385 921 1436 ἅμα
941 1387 990 1437 τῷ
1014 1383 1156 1435 μάττειν

117 1446 252 1484 ἐσθίειν·
276 1469 328 1474 —-
353 1446 410 1497 ἀφ’
443 1440 482 1482 οἷ
511 1445 570 1482 καὶ
601 1444 663 1491 τὴν
691 1444 919 1490 παυσικάπην
951 1441 1154 1492 ἐπενόησαν,

116 1503 307 1556 τροχοειδές
331 1519 385 1553 τι,
416 1504 459 1540 δι’
487 1498 526 1542 οἷ
551 1503 607 1541 τὸν
636 1503 810 1556 τράχηλον
831 1497 919 1555 εἶρον
939 1501 1023 1554 πρὸς
1042 1500 1080 1538 τὸ
1105 1500 1153 1551 μὴ

117 1563 280 1600 δύνασθαι
303 1560 366 1607 τὴν
385 1567 486 1614 χεῖρα
505 1561 703 1614 προσάγειν.
727 1561 900 1612 μέμνηται
921 1560 956 1598 δὲ
976 1562 1010 1597 ἐν
1030 1559 1154 1612 ἽΙρω-

116 1637 170 1658 σιν
199 1619 454 1672 Ἀριστοφάνης·
483 1638 498 1654 ιι
521 1619 666 1658 παύσειν
697 1620 781 1672 ἔοιχ’
806 1623 828 1666 ἡ
855 1618 1061 1664 παυσικάπη
1085 1617 1151 1655 κά-

115 1677 245 1715 πτοντά
265 1693 316 1717 σε.
335 1696 350 1711 u
365 1684 405 1717 V.

171 1748 213 1773 17.
245 1735 422 1789 ὑπερέχειν
441 1749 449 1774 :
473 1735 562 1773 Ἀντὶ
581 1739 642 1772 τοῦ
663 1734 820 1786 ἀντέχειν
839 1735 899 1772 καὶ
918 1732 1152 1786 περιγίνεσθαι

116 1797 176 1839 τῆς
201 1795 321 1843 ὀσμῆς.
351 1794 420 1831 ἀπὸ
448 1799 643 1845 μεταφορᾶς
666 1795 734 1830 τῶν
756 1792 899 1838 πλοίων,
924 1791 1013 1843 ἅπερ
1032 1792 1148 1829 κινδυ-

113 1851 202 1890 νεύει
220 1855 281 1898 τ’ἧς
300 1852 439 1895 ἀντλίας
454 1851 708 1904 πληρωθείσης.
732 1850 892 1903 βούλεται
914 1850 950 1888 δε
971 1851 1077 1887 εἰπεῖν
1098 1849 1151 1886 ὅτι

114 1926 264 1960 νικωμαι
285 1910 439 1961 μάττων.
459 1932 511 1940 -—
583 1908 727 1953 Ἄλλως.
748 1924 986 1962 μεταφορικως
1003 1908 1072 1946 ἀπὸ
1089 1924 1149 1946 του

114 1968 219 2006 τόπου
242 1972 304 2015 τῆς
324 1968 406 2013 νεὼς
426 1968 459 2013 ἐξ
477 1972 516 2007 οὑ
535 1967 612 2006 τὸ’
594 1969 685 2020 υδωρ
705 1966 880 2020 ἀρύουσιν.
901 1967 1003 2020 φησὶν
1021 1970 1077 2004 οὖν
1097 1966 1149 2005 ὅτι

112 2028 150 2064 06
170 2026 352 2077 δύναμαιε
340 2026 532 2081 υποςρέρειν,
552 2029 598 2070 ὡς
616 2026 675 2064 καὶ
695 2027 800 2064 αὐτου
818 2029 877 2064 τοῦ
898 2024 1020 2068 ὕδατος
1039 2041 1148 2077 υπερ-

59 2097 95 2123 3ο
114 2084 184 2122 άνω
214 2101 280 2134 μου
305 2084 548 2137 γεγενημένου.
576 2084 633 2122 διὰ
658 2084 694 2122 δὲ
718 2084 838 2122 τούτου
864 2083 926 2131 τὴν
947 2083 1145 2136 ἀδηφαγίαν

111 2147 170 2180 τοῦ
195 2143 366 2195 κανθάρου
392 2144 507 2191 δηλοῖ,
533 2146 579 2187 ὡς
602 2142 899 2195 ὒπερκεράσαντος
930 2142 1052 2185 ὕδατος
1083 2146 1146 2189 τῆς

112 2201 261 2245 ἀντλίας.
280 2211 321 2240 V.

165 2272 209 2298 18.
239 2262 314 2298 ἀντὶ
335 2263 394 2298 τοῦ
414 2258 477 2306 τὴν
499 2258 648 2311 σκάφην.
673 2261 784 2296 ταῦτα
805 2259 840 2296 δὲ
864 2257 969 2296 εἰπὼν
989 2259 1147 2312 προσερέ-

112 2332 162 2368 ρει
181 2316 220 2354 τὸ
240 2318 376 2368 ἀγγεῖον
401 2317 480 2355 ἔνθα
499 2316 619 2369 ἐφύρα.
641 2324 679 2354 Β.

165 2389 207 2413 19.
238 2374 388 2428 ἀπόφερε
404 2375 466 2422 τὴν
487 2374 626 2413 ἀντλίαν
645 2374 705 2412 καὶ
725 2373 879 2412 σεαυτόν.
901 2381 939 2412 R.
957 2382 998 2412 V.

163 2446 210 2471 20.
244 2434 352 2482 (ὑμῶν
383 2432 420 2470 δέ
443 2435 475 2483 γ’
505 2432 537 2470 εἴ
562 2448 612 2476 τις
644 2446 652 2471 :
677 2433 772 2485 Πρὸς
797 2431 874 2475 τοὺς
898 2433 1071 2485 ἀκροατὰς
1089 2433 1146 2471 τὸν

110 2491 208 2542 λόγον
231 2493 248 2528 6
267 2490 413 2537 ποιητὴς
435 2491 522 2563 ἄγαν
543 2493 674 2544 εὐφυῶς
693 2492 868 2541 ποιεῖται.)

161 2564 207 2589 21.
238 2548 286 2599 μὴ
314 2549 527 2602 τετρημένην
556 2548 657 2588 εΔιὰ
681 2550 720 2587 τὸ
748 2549 796 2600 μὴ
818 2549 1065 2603 ὀσφραίνεσθαι
1083 2553 1146 2598 τῆς

109 2607 258 2667 κόπρου
259 2609 328 2645 τῶν
345 2623 531 2680 μυκτηρων
553 2581 892 2658 ἀποκεκλεισμένων.

161 2679 209 2704 24.
239 2669 276 2708 υς
298 2665 358 2702 καὶ
377 2665 482 2705 κύων.
505 2665 709 2719 κοπροφάγα
729 2665 773 2703 τὰ
794 2669 878 2717 ζῳα.
900 2673 940 2703 R.

161 2722 278 2775 ὥσπερ
298 2722 338 2760 ἂν
354 2722 442 2774 χέσῃ
463 2737 544 2767 τις;
568 2723 657 2762 Ἀντι
676 2739 736 2761 του
757 2723 801 2761 ἅτ
789 2739 934 2776 ριπτον.
953 2723 1142 2776 ἀνθρώπων

112 2779 280 2826 δηλονότι.
300 2796 416 2833 ωσπερ
441 2780 483 2818 ἂν
507 2781 595 2833 χέσῃ
617 2797 684 2852 τίς,
707 2782 823 2835 οησὶν,
844 2781 951 2825 οὕτως
976 2783 1081 2820 ἐσθίει
1100 2783 1143 2821 τὰ

111 2837 373 2908 ἀποπατήμαΙτα
391 2853 450 2876 και
471 2843 507 2883 ὓς
523 2840 582 2877 καὶ
601 2839 706 2888 κύων,
728 2839 776 2890 μὴ
798 2840 954 2890 δεόμενοι
972 2844 1030 2878 τοῦ
1053 2840 1144 2891 μάτ-

111 2898 229 2933 τεσθαι
248 2893 349 2932 αὐτά.

164 2965 210 2990 25.
242 2950 380 3003 φαύλως
399 2952 518 3005 ἐρείδει
541 2967 549 2992 :
574 2955 691 2998 ἁπλῶς
710 2954 768 2993 καὶ
790 2954 1001 3007 ἀπεριέργως
1025 2962 1141 3006 μασᾶ-

112 3025 182 3048 ται.
205 3007 239 3059 (ἢ
260 3007 426 3052 συντόνως
444 3009 559 3050 ἐσθίει.
581 3015 603 3057 ἡ
625 3012 660 3049 δὲ
681 3013 859 3066 μεταφορὰ
876 3014 945 3051 ἀπὸ
964 3030 1031 3051 των
1052 3017 1142 3067 ἐρετ-

110 3068 236 3106 τόντων
267 3065 326 3104 καὶ
361 3067 627 3118 ἐπερειδομένων
653 3076 728 3114 ταῖς
760 3071 905 3114 κώπαις.
938 3073 1077 3125 ἐρείδειν
1107 3074 1142 3112 δέ

111 3141 214 3178 φασιν
234 3125 265 3161 οι
291 3123 438 3161 Ἀττικοὶ
461 3130 530 3162 πᾶν
556 3128 666 3164 ὁτιοῦν
691 3128 858 3173 συντόνως
884 3130 1073 3181 γινόμενον.
1103 3132 1142 3169 τὸ

70 1172 101 1196 15

64 1459 99 1485 20

58 2385 91 2411 35

60 2680 93 2705 40

59 2966 94 2992 ⁴5

2184 273 2247 304 171

1223 341 1272 392 μὴ
1300 344 1429 381 δοκοῖεν
1461 344 1653 396 πολυφάγοι
1679 362 1786 393 ειναι,
1810 349 1847 386 ἐκ
1875 365 1937 395 της
1964 349 2211 423 πυκνότητος
2196 354 2255 397 τῆς

1220 401 1348 450 μάζης,
1368 417 1493 454 μικρας
1513 406 1599 440 εἰναι
1621 404 1809 456 δοκούσης,
1831 407 2092 459 ὀλιγοφαγίας
2073 408 2128 452 οόξ
2133 425 2173 446 αν
2190 411 2254 446 ἐμ.-

1189 459 1395 510 ῥφαίνουσι,
1435 461 1646 512 στρογγύλας
1686 462 1792 507 αὐτὰς
1832 481 1994 504 ποιουσαι
2029 465 2090 510 τὰς
2130 467 2253 517 μάζας.

869 517 941 554 Τοῦ
958 515 1086 568 τρίὲῗειν
1103 515 1161 553 καὶ
1189 514 1191 517 ’

113 3183 149 3222 δὲ
183 3181 412 3236 βρενθύεται,)
443 3182 518 3220 ἀντὶ
545 3187 603 3221 τοῦ
631 3185 833 3234 σεμνύνεται
865 3189 925 3226 καὶ
959 3190 1141 3242 ἐπαίρεται
1167 3207 1170 3212 ·

10 3258 13 3266 ·
59 3252 96 3278 ω
115 3248 197 3289 (ΑΜ,
215 3252 255 3281 v,
275 3238 366 3290 μέγα
386 3242 526 3291 φρονεῖ.)
544 3264 594 3269 —
596 3244 642 3300 ..οἱ
660 3241 720 3292 μὲν
742 3244 810 3282 ἀπὸ
831 3246 987 3298 βρένθους
1002 3252 1060 3286 τοῦ
1080 3264 1140 3301 φυ-

110 3310 193 3344 του,
213 3298 243 3333 οἱ
263 3296 299 3334 δὲ
325 3296 434 3349 μύρου
457 3300 564 3344 εἶδος,
591 3302 619 3351 ᾡ
638 3300 793 3352 χρίονται
819 3306 854 3340 αἱ
886 3306 1046 3354 γυναῖκες
1077 3322 1136 3344 και

111 3354 165 3390 ἐπ’
185 3355 277 3391 αὗτω
296 3353 386 3406 μέγα
406 3359 597 3407 φρονοῦσιν,
619 3360 656 3396 V

161 3424 207 3451 28.
235 3427 352 3464 ωσπερ
370 3412 506 3464 γυναικὶ
525 3414 695 3465 γογγύλην

719 3430 728 3455 :
747 3419 792 3455 Λὶ
808 3417 874 3471 γὰρ
893 3423 1069 3470 γυναῖκες,
1082 3422 1139 3459 ἵνα
1167 3442 1170 3459 ι

1222 518 1386 568 (γογγύλη
1411 518 1446 556 δὲ
1467 519 1678 568 -ταρείκασεν
1700 521 1825 569 αὐτὰς,
1847 524 1965 570 ἐπειδὴ
1993 525 2051 562 καὶ
2072 541 2106 562 αι
2126 541 2166 574 γο
2168 526 2255 576 γνό-

1219 577 1278 612 λαι
1299 591 1382 628 στρο
1384 576 1508 626 γγύλαι
1528 578 1610 630 παρ’
1632 580 1758 622 αὐτοῖς.
1780 579 1852 618 ἔστι
1874 581 1909 618 δὲ
1929 583 2084 633 λαχάνου
2111 585 2254 630 εἰδος,ο
2237 583 2254 621 ὃ
2275 598 2290 622 5

1188 634 1314 695 παρά
1342 650 1411 672 τισι
1446 635 1596 687 ῥάφανον
1629 638 1800 677 καλεῖται.
1834 662 1878 667 -
1933 638 2076 684 Ἀλ.λως
2112 644 2158 685 ὡς
2188 645 2254 679 τιὰν

1188 682 1389 741 γυναικῶν
1416 695 1553 736 ἑαυταῖς
1576 695 1842 747 ἐπιμελέστερον
1867 697 2071 750 τριίουσῶν,
2091 698 2180 737 ὥστε
2206 700 2254 750 μὴ

1219 750 1446 802 διακεχύσθαι
1465 751 1528 798 τὴν
1557 756 1671 802 μᾶζαν
1699 754 1754 791 διὰ
1777 755 1816 792 τὸ
1837 755 2001 807 ἅτριπτον
2029 762 2136 807 εἰναι,
2165 759 2255 796 ἀλλα

1219 809 1483 861 συνεστράφθαι.
1515 811 1784 864 παρατετηρηκε
1811 812 1846 850 δὲ
1873 818 1983 851 ταῦτα
2010 831 2069 852 και
2099 816 2254 869 Σώρρων

1217 865 1276 902 καὶ
1295 867 1538 920 Καλλίμαχος.
1557 876 1597 906 V.
1631 870 1694 920 γόγ
1697 871 1829 920 γυλος’
1814 871 1888 909 εστὶ
1907 872 2028 923 λίθος.)

1271 925 1344 974 (29).
1376 925 1453 962 ἀλλ’
1477 927 1506 963 εἷ
1534 925 1745 966 πέπαυται;
1768 930 1813 967 Εἰ
1838 932 1900 976 τῆς
1922 946 2051 984 τροφης
2077 931 2255 971 ἐπαύσατο

1217 982 1376 1027 δηλονότι
1409 984 1582 1036 κορεσθεις
1609 984 1667 1022 ὑπ’
1697 987 1814 1032 αὐτης.
1847 1010 1898 1015 —-
1928 991 1986 1025 νῦν
2014 987 2049 1025 δε
2076 992 2119 1040 τῇ
2145 990 2254 1042 ἐδωδῇ

1216 1039 1391 1091 ἐχρησατο
1425 1041 1523 1095 παρὰ
1557 1042 1595 1080 τὸ
1625 1043 1792 1081 ὀδωδέναι
1812 1043 1875 1091 τὴν
1910 1045 2050 1098 κόπρον.
2082 1047 2167 1099 πρὸς
2196 1048 2254 1086 τὸν

1215 1097 1385 1165 κάνθαρον
1410 1099 1503 1151 λέγει
1527 1103 1717 1145 πιθανῶς
1699 1101 1755 1140 οιὰ
1778 1102 1818 1140 τὸ
1847 1104 2036 1176 θαυμάζειν
2069 1104 2118 1155 μὴ
2150 1109 2254 1158 ὁρῶσι

1214 1171 1266 1193 τοι
1271 1173 1285 1200 ς
1313 1161 1451 1202 θεαταῖς
1475 1159 1677 1213 παρίστησι.
1707 1172 1746 1202 V.
1767 1160 1866 1214 παρα
1890 1161 1928 1200 τὸ
1957 1163 2157 1201 ὀδωδέναι’
2142 1164 2252 1217 εχρή-

1215 1229 1312 1254 σατο.
1334 1225 1372 1256 R.

1267 1286 1312 1311 30.
1347 1274 1528 1327 (παροίξας
1552 1289 1561 1315 :
1587 1276 1728 1329 Ὀλίγον
1749 1277 1919 1322 διανοίξας
1942 1277 2006 1325 τὴν
2024 1279 2145 1331 θύραν,
2164 1280 2254 1319 ὥστε

1215 1332 1297 1368 ἰδειν
1319 1332 1380 1382 μὲν
1406 1333 1450 1371 τὰ
1477 1334 1534 1372 ὑπ’
1553 1336 1657 1374 αὐτοῦ
1686 1336 1929 1388 πραττόμενα,
1957 1337 2005 1388 μὴ
2032 1341 2236 1391 ὃραθῆναι“
2218 1339 2253 1377 οὲ

1215 1389 1270 1426 ὑπ’
1294 1392 1412 1429 αὐτοῦ.
1432 1393 1534 1439 δῆλον
1554 1391 1634 1431 δὲ“
1613 1409 1666 1431 οτι
1686 1394 1745 1432 καὶ
1764 1399 1863 1433 τοῦτο
1892 1411 2140 1449 παρεπιγραρη
2160 1399 2252 1435 ἐστι·

1214 1448 1264 1484 δεῖ
1277 1447 1342 1518 γὰρ
1361 1449 1463 1488 αἶιτὸν
1476 1449 1590 1503 ἠρέμα
1609 1451 1740 1496 ἀνοῖξαι
1756 1452 1816 1490 καὶ
1830 1468 2045 1500 κατανοησαι
2064 1454 2131 1492 εἴτε
2148 1455 2251 1493 ἐσθίει

1213 1508 1230 1543 6
1249 1522 1293 1543 κα
1298 1511 1418 1560 ιθαρος
1436 1508 1503 1546 εἴτε
1522 1508 1711 1549 πέπαυται.
1717 1512 1726 1560 )

1265 1578 1310 1604 31.
1342 1565 1447 1617 ἔρειδε
1467 1580 1475 1606 :
1495 1567 1540 1606 ‘H
1559 1567 1738 1621 μεταφορὰ
1760 1568 1828 1606 ἀπὸ
1845 1571 1911 1606 τῶν
1929 1569 2146 1623 ἕρεττόντων,
2168 1570 2251 1610 ὅταν

1210 1624 1458 1676 προσερείδωσι
1479 1627 1633 1678 σφοδρῶς
1645 1630 1688 1678 τῇ
1706 1626 1859 1678 θαλάττῃ
1874 1626 1935 1671 τὰς
1949 1627 2081 1672 κώπας.
2098 1641 2138 1672 v,

1263 1695 1308 1720 32.
1337 1682 1420 1727 τέως
1439 1683 1503 1727 ἕως
1524 1697 1533 1722 :
1551 1683 1636 1724 “Ort
1659 1686 1698 1723 ἐκ
1725 1685 1953 1737 παραλλήλου
1980 1693 2092 1724 κεῖται
2124 1687 2164 1726 τὸ
2188 1688 2251 1732 ἕως

1210 1739 1269 1777 καὶ
1288 1740 1373 1785 τέως
1385 1772 1395 1792 ,
1413 1745 1472 1780 καὶ
1493 1742 1544 1780 ὅτι
1565 1745 1612 1786 εἷς
1631 1743 1823 1794 ὑπόδειγμα
1839 1745 2024 1796 χρήσιμον.
2105 1745 2248 1791 Ἄλλως.

1209 1801 1474 1854 παρατηρητέον
1488 1817 1540 1839 οτι
1557 1803 1737 1840 ενταῦθα
1719 1802 1888 1873 οιαφόρως
1902 1804 2076 1856 εχρησατο
2092 1806 2177 1850 τέως
2190 1807 2249 1846 καὶ

1208 1856 1320 1901 ἕως.
1300 1875 1373 1897 εστι
1393 1859 1469 1911 δὲχ
1448 1876 1608 1912 χρησιμα
1626 1863 1673 1904 εἷς
1692 1862 1899 1912 υπόδειγμα.
1918 1875 1958 1904 v

1261 1929 1306 1954 33.
1335 1919 1444 1955 οἱον
1425 1917 1461 1955 οὲ
1491 1918 1625 1971 κύψας.
1618 1933 1625 1940 “
1648 1922 1768 1959 Οιον’
1754 1919 1917 1971 εγκύρας.
1939 1918 1996 1957 δια
2016 1919 2051 1958 δὲ
2071 1936 2131 1958 του
2157 1937 2248 1974 σχη-

1208 1988 1316 2022 ματος
1343 1974 1406 2021 τὴν
1436 1976 1632 2028 ἀδηφαγίαν
1658 1978 1761 2014 αὐτοῦ
1792 1978 1902 2022 δηλοῖ.
1917 2000 1968 2006 —-
1993 1993 2053 2015 και
2080 1978 2147 2031 γὰρ
2177 1996 2246 2018 των

2277 891 2309 915 10

2276 1179 2307 1203 15

2271 1470 2306 1494 20

2269 1766 2303 1792 25

1207 2031 1397 2083 ἀνθρώπων
1417 2033 1477 2071 καὶ
1508 2037 1575 2072 τῶν
1604 2035 1812 2087 θρεμμάτων
1835 2038 1866 2073 οἱ
1893 2035 2046 2086 μάλιστα
2077 2043 2146 2080 τοῖς
2175 2038 2246 2076 ἐδέ-
2267 2053 2302 2079 30

1207 2104 1336 2138 σμασιν
1353 2091 1576 2145 ἐγκεκυφότες
1595 2093 1654 2130 καὶ
1682 2094 1925 2145 προσκείμενοι
1952 2095 2107 2133 δοκοῦσιν
2128 2097 2247 2144 ἀπλή-

1206 2162 1294 2191 στως
1314 2149 1373 2186 καὶ
1390 2151 1696 2202 περισπουδάστως
1720 2151 1856 2190 ἐσθίειν.
1879 2156 1917 2184 V·

1257 2219 1303 2246 34.
1321 2206 1474 2280 (ὥσπερ
1499 2211 1572 2247 παλ
1576 2225 1695 2256 αιστης
1731 2213 1827 2262 ·Τῃ
1863 2217 2043 2264 μεταφορᾷ
2071 2212 2246 2265 ἐχρησατο

1205 2263 1264 2300 καὶ
1282 2263 1338 2302 δια
1361 2265 1401 2303 τὸ
1424 2282 1502 2310 τους
1529 2268 1719 2338 κανθάρους
1739 2272 1919 2341 μιμεῖσθαι
1949 2284 2027 2312 τους
2049 2271 2246 2316 παλαιστὰς

2035 2353 2080 2357 -
2096 2327 2241 2374 Ἄλλως.
2264 2342 2297 2366 55

1204 2382 1289 2430 ὁμοῦ
1308 2381 1370 2431 μὲν
1389 2385 1435 2426 ὡς
1452 2386 1519 2421 τῶν
1535 2386 1739 2422 παλαιστῶν
1755 2384 2037 2437 ἀδηφαγούντων,
2054 2389 2140 2436 ὁμοῦ
2158 2388 2194 2425 δὲ
2205 2389 2244 2426 τὸ

1203 2440 1448 2493 ἐπιφερόμενον
1467 2442 1598 2486 οἰκείως
1614 2446 1682 2480 τῶν
1705 2445 1908 2481 παλαιστῶν
1927 2444 2162 2495 ἐμνημόνευσε
2184 2449 2243 2484 καὶ

1202 2500 1245 2547 τῇ
1270 2498 1374 2536 εἰκόνι
1403 2500 1590 2572 ἐχρήσατο.
1610 2502 1747 2540 δοκοῦσι
1763 2501 1830 2555 γὰρ
1856 2505 1886 2540 οἱ
1910 2501 2092 2554 κάνθαροι,
2123 2505 2240 2552 ἐπειδὴ

1202 2555 1403 2608 εφέλκονται
1418 2559 1480 2602 τὰς
1496 2558 1643 2612 κόπρους
1657 2590 1666 2607 ,
1681 2563 1749 2598 τῶν
1765 2562 1970 2598 παλαιστων
1995 2566 2176 2612 μιμεῖσθαι
2205 2565 2243 2602 τὸ

1205 2322 1388 2375 Οῑαῑρουμέ
1389 2340 1465 2368 ΙΟυς
1483 2327 1517 2363 ἐν
1536 2342 1585 2378 τίΙ)
1605 2341 1698 2364 numi
1704 2343 1732 2364 W
1754 2343 1816 2372 την
1838 2343 1975 2378 κΟπρΟν-

1202 2617 1347 2665 σχῆμα,
1367 2633 1395 2653 ιι)
1413 2633 1447 2654 εν
1469 2619 1599 2669 ἀρχῇχ
1579 2621 1732 2670 χρῶνται
1748 2635 1809 2665 της
1827 2619 1900 2656 πάλ
1894 2635 1952 2665 η.ς
1967 2627 2008 2657 V.
2024 2621 2240 2674 παραὸαλων
2260 2635 2295 2660 40

1201 2671 1253 2718 δὲ)
1278 2674 1354 2711 ἀντὶ
1367 2679 1425 2712 τοῦ
1439 2676 1600 2727 χαλάσας
1615 2692 1693 2720 τους
1707 2677 1965 2730 ἐμπροσθίους
1951 2677 2089 2722 οδόντας
2100 2709 2109 2727 ,
2124 2679 2241 2734 ὥσπερ

1201 2746 1260 2768 και
1275 2733 1430 2782 χαλάσαι
1451 2732 1572 2780 κώπην
1588 2734 1639 2772 λέ
1629 2751 1726 2786 γουσι
1748 2735 1980 2786 παραὸαλειν.

1253 2802 1299 2828 36.
1331 2806 1450 2844 ωσπερ
1483 2794 1512 2829 οἱ
1532 2791 1576 2829 τὰ
1597 2792 1732 2843 σχοινία
1754 2805 1763 2830 :
1782 2791 1954 2843 (Οὕτως
1940 2808 2032 2840 εστι,
2059 2795 2164 2845 φησὶ,
2186 2812 2238 2834 κι-

1199 2846 1361 2894 νούμενος
1378 2879 1386 2893 ,
1406 2847 1524 2902 ὥσπερ
1541 2852 1570 2887 οἵ
1589 2850 1810 2902 ἐργαζόμενοι
1826 2849 1868 2887 τὰ
1886 2851 2024 2901 σχοινία
2043 2851 2087 2888 τὰ
2102 2853 2236 2902 μεγάλα

1199 2908 1267 2942 τῶν
1291 2906 1433 2952 πλοίων,
1460 2906 1512 2944 ὅτι
1536 2907 1758 2958 ἐργαζόμενοι
1786 2909 1835 2959 τῷ
1859 2906 1997 2956 σώματι
2023 2909 2083 2945 καὶ
2110 2909 2172 2961 ὅλῃ
2194 2916 2236 2963 τῇ
2256 2927 2290 2952 45

1200 2964 1295 3015 ψυχῇ
1313 2963 1372 3001 καὶ
1388 2967 1430 3014 τῇ
1461 2964 1603 3014 δυνάμει
1624 2965 1823 3016 ἐργάζονται
1841 2966 1874 3001 ἐν
1892 2967 1940 3016 τῷ
1959 2966 2109 3004 πλέκειν·
2131 2969 2238 3014 οὕτως

1199 3019 1260 3071 ὅλῃ
1279 3024 1320 3072 τῇ
1341 3022 1484 3072 δυνάμει
1510 3026 1527 3060 6
1544 3023 1730 3074 κάνθαρος,
1759 3022 1875 3075 φησὶν,
1893 3022 1996 3060 ἐσθίει
2028 3024 2235 3076 κινούμενος.

1198 3077 1340 3121 Ἄλλως.
1374 3080 1449 3117 ἐπεὶ
1468 3083 1498 3118 οἱ
1522 3080 1762 3131 ο-χοινοπλόκοι
1783 3080 2078 3132 συμπεριάγονται
2100 3087 2143 3136 τῇ
2168 3102 2235 3125 των

1199 3136 1359 3188 σχοινίων
1388 3140 1572 3189 συμπλοκῃ
1607 3139 1664 3176 διὰ
1689 3142 1750 3185 τῆς
1779 3137 1968 3191 τροχιλίας.
2038 3141 2234 3194 παρέλκων

1198 3195 1257 3232 καὶ
1282 3193 1348 3247 γὰρ
1377 3197 1499 3234 ἐκεῖνοι
1518 3198 1615 3248 οεῦρο
1633 3197 1761 3234 κάκεῖε
1765 3213 1781 3233 ν
1809 3214 1850 3248 τῃ
1876 3197 1990 3249 πλοκῇ
2013 3200 2234 3253 περιφέρουσι
2253 3216 2286 3240 50

1196 3252 1260 3300 τὴν
1273 3256 1384 3306 κειΙιαλ
1386 3271 1439 3300 ην.
1521 3252 1685 3305 Ἄλλως.)
1707 3271 1809 3293 κινων
1829 3255 1897 3307 γὰρ
1922 3271 1982 3292 και
2003 3259 2232 3306 μεταὸάλλων

1196 3310 1299 3349 ἐσθίει
1316 3293 1333 3348 6
1347 3311 1516 3365 κάνθαρος
1527 3342 1537 3359 ,
1557 3328 1676 3365 ωσπερ
1693 3316 1723 3351 οἱ
1740 3313 1784 3350 τὰ
1800 3313 1930 3366 ὄργανα
1952 3329 2030 3366 στρε
2023 3314 2181 3367 'zpov33g
2165 3334 2202 3355 τι
2196 3335 2231 3356 >v

1198 3367 1368 3419 σχοινίων.
1391 3374 1430 3404 V.
1446 3375 1481 3405 R.

1250 3426 1308 3463 τὸν
1322 3427 1424 3465 αὐτὸν
1435 3429 1573 3481 τρόπον,
1584 3429 1606 3475 ἢ
1621 3429 1739 3476 οὕτως,
1752 3427 1875 3479 ὁμοίως
1886 3426 2030 3466 ἑλίσσων
2041 3430 2100 3474 τὰς
2113 3432 2243 3483 χεῖρας.
