2533 3808
252 155 325 186 208

304 244 380 268 1254.
389 228 580 288 συρμαίαν
601 228 767 277 μετρεῒν;
790 227 835 264 Οἱ
853 226 949 275 μὲν
932 225 1061 269 αξιουσι
1079 224 1184 276 χυλὸν
1208 229 1270 276 βο-

249 288 353 332 τάνης
377 291 462 323 εἰναι
481 300 541 329 την
561 282 742 333 συρμαίαν,
763 286 783 332 ᾑ
810 285 961 332 χρῶνται
983 281 1165 332 Αἰγύπτιοι
1188 282 1271 332 πρὸς

250 345 434 396 διάρροιαν,
454 357 539 382 τινες
561 340 596 377 δὲ
620 339 677 375 τὸν
696 340 878 388 λεγόμενον
905 338 1014 385 ζύθον,
1041 342 1086 381 ὥς
1105 355 1164 376 και
1187 354 1270 391 φησι

248 402 405 450 Δίδυμος.
487 398 629 439 Ἄλλως.
647 396 823 446 φαίνονται
835 400 894 433 τοῦ
908 398 1014 447 χυλοῧ
1029 399 1088 441 τῆς
1102 396 1271 447 συρμαίας

213 475 229 498 5
249 458 355 494 πίνειν
381 458 411 492 οἱ
431 454 613 504 Αἰγύπτιοι
632 453 715 504 πρὸς
740 453 929 506 διάρροιαν,
955 455 1000 495 ὡς
1025 453 1182 502 Δίδυμος.
1205 453 1269 490 ἆλ-

249 514 354 563 μαίαν
371 516 408 550 ἐκ
427 512 618 565 ῥαφανίδων
639 510 893 560 Αἰγυπτιακὴν,
912 511 995 563 πρὸς
1011 511 1177 562 κάθαρσιν
1196 512 1270 547 ἐπι-

246 571 389 617 τήδειον.

301 642 379 667 1258.
407 627 552 671 λαὸάςε

246 686 355 725 κάδοι.
369 686 517 723 δείκνυσι
531 685 566 722 δὲ
576 685 619 722 τὰ
629 688 702 722 ὠτα
720 685 824 721 αὐτοῦ
841 687 900 720 καὶ
918 682 991 720 ἔστι
1009 683 1270 742 παρεπιγραφή.

198 757 229 781 10
302 757 380 781 1261.
409 741 519 780 τούτι)
539 742 569 792 γ’
587 741 654 791 ἐγι)
667 740 710 778 τὰ
726 740 879 791 δόρατα;
896 740 1056 782 Ἀττικῶς
1073 744 1146 777 εἰπε
1163 741 1272 792 τούτῳ

246 800 443 850 ὠνησομαι,
462 799 535 836 ἀντὶ
553 815 610 836 του
631 814 727 850 παρα
746 798 866 835 τούτου
886 797 1078 847 ὠνήσομαι.

301 871 377 896 1265.
406 856 449 894 τὰ
466 860 532 894 τῶν
550 855 702 905 κεκλημ’
687 871 769 892 ,νων
789 857 835 897 εἰς
852 856 998 892 δεῖπνον.
1019 862 1057 891 V.

301 929 377 953 1267.
408 914 480 951 ἅττ’
502 914 650 965 ᾄσεται;
673 913 756 951 'lo
744 912 837 958 εξῆς,
858 913 951 949 δοκεῖ
970 911 1006 949 δέ
1027 927 1083 961 μοι
1102 911 1157 949 ἵνα
1175 913 1229 949 δειι
1210 915 1273 964 ’ὔορ

246 971 527 1030 προοιμιάσηταί
531 987 606 1008 τινα
629 970 694 1020 μέλ
695 986 716 1015 η
738 974 820 1022 ᾀσαι
839 970 897 1007 καὶ
915 971 1050 1022 προμελ
1053 973 1183 1015 ετησαι.

198 1044 228 1067 15
301 1043 378 1068 1270.
409 1044 465 1065 νυν
484 1024 558 1065 αὖθ’
575 1006 767 1078 ὁπλοτέρων
784 1028 917 1078 ἀνδρῶν
938 1041 946 1065 :
973 1026 1082 1065 Οὐδὲν
1102 1026 1272 1064 ἀστειότε-

570 626 722 686 Ὠτάρῑα
741 641 810 668 τοις
833 640 1006 677 κρανὲσῑν,
1031 625 1086 663 ἵνα
1106 641 1271 676 (ἔνωνταῑ

248 1104 303 1139 ρον
322 1103 382 1133 της
399 1102 473 1158 ευρε
459 1085 571 1128 .’.σεως
591 1085 649 1123 δύο
662 1101 728 1137 γαρ
745 1086 868 1130 δῆθεν
863 1083 976 1130 ι’στησι
991 1084 1113 1121 παιδία
1129 1084 1271 1136 ᾅδοντα,

245 1145 301 1181 ἵνα
322 1143 479 1197 ἀφορμὴν
499 1159 566 1194 σχῃ
587 1143 655 1185 τοῖς
681 1143 850 1194 πατράσιν
873 1144 982 1179 αὐτῶν
1002 1141 1186 1191 ὀνειδίσαι,
1214 1141 1272 1179 καὶ

247 1202 374 1240 διαὲαλ
377 1207 423 1238 εῖν
439 1201 495 1238 τὸν
514 1199 574 1250 μὲν
592 1202 660 1243 ὡς
652 1201 711 1236 ’.φιλ
713 1198 922 1248 οπόλεμον”
903 1215 959 1236 οντ
963 1215 1002 1244 α,
1023 1199 1079 1236 τὸν
1102 1197 1136 1235 δὲ
1156 1201 1200 1240 ὡς
1224 1198 1273 1249 ῥί-

246 1263 390 1312 ψασπιν.
408 1261 540 1309 πρῶτον
562 1262 617 1294 οὖν
637 1257 804 1302 πεποίηκε
818 1257 856 1293 τὸ
873 1272 930 1293 του
947 1255 1207 1307 φιλοπολέμου
1192 1250 1271 1293 αδον

194 1331 257 1357 20
246 1317 392 1363 παιδίον,
410 1332 468 1353 και
484 1315 603 1352 θέασαι
620 1316 664 1356 ὡς
681 1314 860 1366 πρόσρορα
879 1316 970 1350 αὐτιΝ)
985 1312 1165 1365 περιέθηκε
1182 1312 1271 1364 πρά-

246 1391 374 1426 γματα.
393 1372 484 1425 ἀρχὴ
505 1372 540 1409 δὲ
560 1374 625 1409 τῶν
642 1371 833 1421 Επιγόνων
856 1371 1076 1420 Ἀντιμάχου.

299 1445 377 1470 1271.
408 1429 636 1481 ὃπλοτέρους;
661 1428 763 1479 [Ιαρα
780 1428 818 1465 τὸ
838 1427 942 1464 ὅπλον
961 1428 1086 1471 παίζει.

300 1503 376 1527 1233.
405 1487 523 1526 ἔκλυον
561 1500 569 1524 :
601 1485 703 1523 Ἀπέλ
705 1500 818 1531 υον,ε
805 1484 948 1528 εξέλυον.
981 1488 1054 1521 εἰτα
1082 1485 1116 1521 ἐν
1142 1483 1272 1521 ἐκθέσει

245 1547 356 1598 στίχοι
374 1545 530 1596 ἰαμέικοὶ
551 1542 724 1597 τρίμετροι
745 1542 980 1588 ἀκατάληκτοι
1002 1544 1045 1593 β’.
1067 1564 1118 1570 -
1136 1545 1209 1578 εἶτα
1236 1543 1269 1578 ἐν

193 1622 226 1645 25
246 1603 386 1640 εἰσθέσει
403 1603 512 1641 ἐπικοὶ
529 1601 598 1639 δύο.
620 1612 659 1640 V.

299 1673 377 1698 1280.
408 1657 654 1711 θωρήσσονζτ

244 1717 300 1755 τὸν
319 1716 457 1769 θώρακα
476 1715 625 1765 πέμπειν
641 1714 699 1751 τὸν
722 1717 823 1752 οἰνον.

625 1771 716 1823 Προς
740 1771 778 1808 τὸ
803 1770 1037 1821 πεπαυμένοι,
1059 1772 1096 1808 οὗ
1122 1771 1207 1822 πρὸς
1233 1771 1272 1808 τὸ

682 1656 772 1694 Ἀντὶ
798 1672 856 1694 του
886 1655 1013 1703 ἔπινον,
1042 1655 1137 1707 παρὰ
1162 1655 1200 1692 τὸ
1225 1657 1271 1698 εἰς

298 1774 439 1824 ἄσμενοι
465 1777 561 1822 οἰμαι
587 1785 596 1809 ;

246 1832 474 1884 θωρήσσοντο.
494 1832 522 1867 εἰ
543 1829 590 1880 μὴ
611 1828 662 1866 ὅτι
679 1828 870 1878 ὁμωνύμως
877 1828 1145 1900 θωρήσσεσθαι
1155 1828 1270 1879 ἔλεγον

193 1905 227 1930 30
247 1906 305 1927 και
321 1905 358 1926 το
377 1888 484 1925 πίνειν
500 1902 596 1939 παρα
615 1901 670 1923 τον
690 1886 846 1937 θωρακα,
872 1884 924 1923 ὅτι
944 1888 977 1922 ἐν
999 1888 1094 1937 αὐτῳ
1116 1901 1153 1923 το
1173 1886 1272 1938 ὑγρον

244 1947 380 1998 λέγεται
398 1950 494 1984 εἶναι,

300 2017 377 2042 1288.
407 2007 480 2040 εἶτα
503 2003 535 2039 ἐν
550 1999 678 2038 ἐκθέσει
698 1999 808 2051 στίχοι
824 1999 981 2049 ἰαμὸικοι
995 1999 1168 2053 τρίμετροι
1186 2003 1272 2038 ἀκα-

245 2061 410 2108 τάληκτοι
426 2061 472 2111 γ’.
490 2054 562 2097 εἶτα
580 2057 662 2100 ποὺς
679 2059 854 2100 σπονδεῖος
869 2057 927 2094 καὶ
944 2060 978 2095 ἐν
998 2058 1141 2095 εἷσθέσει
1161 2059 1272 2096 ἐπικοὶ

249 2121 296 2170 β’.
319 2118 377 2156 καὶ
403 2117 514 2169 στίχοι
539 2115 694 2166 ἷαμὸικοὶ
713 2115 889 2167 τρίμετροι
916 2115 1152 2162 ἀκατάληκτοι
1173 2118 1214 2154 δ’.
1235 2124 1272 2153 V.

195 2194 228 2218 :25
247 2176 306 2214 καὶ
326 2177 470 2226 ἐλεγεῖον
492 2173 692 2227 Ἀρχιλόχου
716 2173 775 2210 καὶ
801 2173 914 2223 στίχοι
939 2172 1050 2210 ἐπικοὶ
1072 2176 1116 2223 β’.

248 2237 360 2284 στίχοι
382 2231 537 2283 ἰαμὸικοὶ
562 2230 786 2283 τετράμετροι
804 2230 1054 2276 καταληκτικοὶ
1073 2231 1121 2282 β’.

248 2291 402 2342 δίμετρος
422 2289 673 2335 ἀκατάληκτος,
694 2295 733 2324 V.

302 2363 378 2386 1290.
408 2348 580 2399 Λαμάχου
611 2360 619 2384 :
649 2348 719 2384 Τοῦ
756 2345 809 2383 ἀεὶ
847 2345 1054 2396 βουλομένου
1088 2346 1272 2397 μάχεσθαι.

249 2404 362 2449 ἔπαιξε
381 2404 415 2442 δὲ
431 2405 526 2456 παρὰ
545 2404 583 2441 τὸ
599 2403 694 2446 τέλος
713 2406 773 2440 τοῦ
792 2403 963 2453 Λάμαχος
981 2402 1157 2452 ὀνόματος.
1177 2403 1216 2440 τὸ
1239 2404 1275 2442 δὲ

197 2477 230 2502 40
250 2463 341 2500 αἷὸοῖ
358 2463 465 2512 γελῶν
480 2461 585 2511 λέγει.

304 2533 381 2557 1293.
412 2518 485 2556 ἐπεὶ
502 2516 732 2567 μισοπόλεμος
749 2519 766 2554 ὃ
787 2516 1003 2566 Κλεώνυμος.
1025 2516 1076 2554 ὅτι
1096 2517 1203 2560 δειλὸς
1216 2518 1275 2555 καὶ

251 2576 412 2629 ῥίψασπις
426 2579 443 2613 ὁ
461 2575 684 2625 Κλεώνυμος,
704 2573 871 2616 πολλάκις
890 2574 1086 2626 εἰρήκαμεν.
1103 2582 1142 2611 V.

303 2646 382 2671 1297.
413 2634 449 2670 οὗ
462 2631 640 2684 πράγματ’
657 2631 770 2683 ᾄσειςτ
787 2630 896 2668 Οὐδὲν
909 2633 968 2675 τῆς
983 2630 1153 2682 εἰρωνείας
1167 2631 1274 2676 ἥδιον·

1145 2197 1196 2202 —-
1214 2174 1273 2211 καί

1149 2231 1275 2282 ἴαμὸος

250 2689 308 2728 καὶ
329 2690 395 2742 γὰρ
420 2692 465 2733 ὡς
485 2688 751 2738 κιναιδιζόμενον
780 2688 835 2725 τὸν
857 2687 1068 2738 Κλεώνυμον
1096 2690 1276 2741 κωμῳδεῖν

199 2761 231 2787 45
253 2747 424 2798 βούλεται.

305 2819 382 2843 1298.
415 2803 551 2855 [ἀσπίδι
569 2803 629 2853 μὲν
648 2801 764 2841 Σαΐων
783 2815 792 2840 t
811 2800 1016 2853 Ἀρχιλόχου
1034 2803 1105 2839 ἐστὶ
1122 2802 1160 2840 τὸ
1176 2802 1276 2840 δίστι-

249 2878 322 2914 χον.
348 2861 454 2904 οὕτως
478 2861 513 2899 δὲ
534 2861 664 2913 ἐγράφη
689 2860 745 2897 ἐπὶ
764 2863 806 2911 τῇ
826 2860 1009 2911 ἀπορρίψει
1036 2863 1096 2905 τῆς
1122 2861 1273 2903 ἀσπίδος.

251 2919 450 2965 ἐπιτηδείως
482 2919 517 2956 δε
552 2934 610 2956 και
649 2920 793 2955 ἐνταῦθα
797 2932 904 2977 προς
934 2917 1098 2969 ῥίψασπιν
1129 2916 1274 2968 εἴρηται.

250 2975 394 3020 ”.Αλλως
417 2976 614 3028 Ἀρχίλοχος
633 2975 779 3021 ποιητὴς
795 2978 835 3021 ἠν
855 2990 914 3012 και
935 2974 1067 3016 πάντας
1084 2974 1274 3012 διέὸαλλεν.

200 3047 231 3073 bc
252 3035 325 3072 ὅθεν
344 3034 402 3071 καῖ
422 3034 591 3086 Πίνδαρος
617 3035 777 3071 Πυθικῶν
797 3033 846 3083 [2,
867 3033 914 3083 99]
942 3050 956 3066 α
983 3027 1070 3069 εἶδον
1095 3032 1186 3069 κατὰ
1210 3032 1275 3084 γὰρ

254 3110 268 3124 «
281 3091 358 3134 ἑκας
368 3092 447 3129 ὄντα
457 3090 597 3138 πολλὴ
582 3107 625 3143 Ἰιο
627 3106 723 3142 γερον
736 3090 934 3142 Ἀρχίλοχον
952 3089 1079 3141 βαρυλ
1054 3104 1152 3140 ογοις
1163 3089 1277 3140 ἔχθεσι

255 3167 270 3181 α
286 3148 550 3198 πιαινόμενον.»
619 3148 761 3191 Ἄλ.λως
780 3151 874 3191 ουτος
889 3150 907 3185 ὁ
927 3146 1123 3199 Ἀρχίλοχος
1139 3146 1274 3193 ἐξῆλθεν

1003 141 1249 180 SCHOLIA
1283 141 1342 179 IN
1378 142 1591 183 PACEM.

1328 227 1373 268 εἰς
1397 226 1547 276 πόλεμον
1576 230 1609 265 ἐν
1634 231 1677 279 τῇ
1705 228 1788 281 πρὸς
1818 227 1946 274 Σαιους
1974 230 2086 301 μάχῃ·
2111 230 2239 269 ἔστιδὲ
2265 231 2356 276 ἔθνος

1327 283 1480 342 Θράκης·
1495 300 1554 321 και
1570 285 1759 337 φοῧηθεις”
1741 303 1842 339 εφυγε
1860 287 1959 340 ῥίψας
1976 291 2097 326 ἑαυτοῦ
2114 288 2156 326 τὰ
2172 288 2273 328 οπλα.
2297 306 2356 327 αυ-
2393 295 2402 300 “

1326 338 1383 376 τὸν
1402 343 1458 376 οὐν
1477 341 1672 379 διαὸάλὶωι
1691 343 1795 392 λέγει.
1800 345 1813 394 ]

1382 408 1461 434 1300.
1490 396 1625 434 πόσθων
1659 411 1668 436 t
1701 398 2006 451 Ὑποκοριζόμενοι
2035 401 2140 444 οὕτως
2171 402 2287 453 ἔλεγον
2312 402 2357 440 τὰ

1327 452 1460 490 παιδία.
1477 453 1499 498 ἢ
1516 453 1604 490 ουτιι)
1627 454 1764 505 λέγεται
1794 471 1854 493 του
1877 458 2018 510 βρέφους
2037 474 2075 496 το
2099 460 2237 499 αἰδοῖον.
2328 463 2357 498 ὠ
2375 472 2393 498 5

1330 509 1465 560 &6795st

1382 567 1428 608 εἰς
1453 582 1509 604 τον
1531 582 1656 605 σαυτου
1677 566 1800 620 πατέρ’
1825 568 1945 621 ᾄδεις;

1328 622 1379 660 ὅτι
1397 623 1572 675 ρίψασπις.

1384 693 1464 720 1301.
1494 697 1554 718 και
1570 696 1671 719 τουτο
1688 681 1901 734 Ἀρχίλοχος.

1385 751 1462 777 1306.
1493 740 1611 788 φλᾶν.
1633 739 1858 777 Κατακαίειν.
1880 741 2018 786 δῆλον
2000 739 2036 779 οὲ
2050 741 2104 779 οτι
2121 742 2166 780 τὰ
2184 743 2357 795 πολεμικὰ
2378 756 2410 783 12

1328 793 1350 839 ἢ
1368 794 1558 846 συντρίὸειν
1575 811 1633 832 και
1651 798 1812 850 γεωργεῖν
1829 794 1851 841 ἢ
1871 796 2027 847 τρώγειν.

1381 850 1480 894 κενὰς
1501 852 1684 905 παρέλκειν
1707 867 1715 892 :
1743 852 1826 890 Ἀπὸ
1850 861 2046 906 μεταφορᾶς
2064 857 2131 892 τῶν
2156 855 2359 908 ἓρεττόντων

1331 908 1379 958 μὴ
1400 908 1600 959 βαπτόντιι)ν
1619 909 1681 952 τὰς
1698 909 1835 957 κώπας,
1851 910 1940 948 ἀλλὰ
1956 914 2005 964 τῷ
2023 912 2132 950 δοκεῖν
2146 913 2247 956 κενὰς
2261 929 2360 966 περι-

1330 966 1511 1018 φερόντιι)ν.
1541 968 1818 1018 παρακελεύεται
1848 968 1883 1006 δὲ
1909 970 1979 1012 τοῖς
2007 969 2063 1006 ἐπὶ
2085 971 2219 1008 δεῖπνον
2237 971 2360 1017 ἥκουσι

1329 1023 1491 1073 γενναίως
1509 1024 1644 1063 ἐσθίειν.
2381 1039 2411 1063 ιι

1384 1095 1461 1119 1309.
1491 1081 1643 1132 σμώχετ’
1668 1096 1676 1121 :
1703 1083 1876 1130 Ἔσθίετε,
1903 1083 2048 1136 τρίὸετε·
2075 1084 2114 1122 τὸ
2138 1084 2204 1138 γὰρ
2225 1086 2361 1137 ἐκλαμ-

1329 1137 1466 1190 πρύνέῑν
1483 1154 1634 1189 GF-lOsSEV
1653 1139 1802 1210 >37¹5le-

1968 573 2030 614 Εἷς
2051 571 2108 609 τὸν
2133 572 2356 624 Κλεώνυμον,

1384 1209 1463 1234 1310.
1495 1195 1547 1232 ὅτι
1565 1197 1738 1248 παροιμία
1765 1196 1867 1234 ἐστίν.
1893 1197 1952 1235 καὶ
1973 1197 2080 1242 οὕτως
2105 1216 2120 1232 «
2145 1198 2242 1237 οὐδὲν
2261 1199 2359 1252 ἔργον

1329 1252 1418 1289 ἐστὶν
1445 1254 1574 1305 ἀνδρῶν
1594 1255 1736 1300 λευκῶν,
1765 1253 1807 1299 ἢν
1825 1254 1873 1304 μή
1905 1271 1938 1292 τι
1963 1255 2022 1292 καὶ
2051 1255 2246 1307 μάχωνται.
2269 1275 2284 1291 ιι
2306 1257 2358 1294 ἔτι

1329 1308 1364 1346 δὲ
1381 1309 1485 1352 οὕτως
1506 1328 1520 1343 ι(
1539 1310 1633 1347 οὐδὲν
1649 1312 1780 1348 λευκῶν
1802 1313 1933 1363 ἀνδρῶν
1955 1312 2053 1365 ἔργον
2070 1315 2099 1350 εἰ
2121 1312 2170 1363 μὴ
2189 1329 2355 1353 σκυτοτο-
2374 1328 2410 1352 20

1330 1382 1418 1416 μειν.
1441 1385 1456 1400 »

1383 1437 1460 1462 1316.
1491 1423 1642 1476 κορωνίς.
1665 1423 1792 1462 εἰσίασι
1807 1424 1873 1477 γὰρ
1894 1428 1924 1463 οἷ
1941 1425 2127 1478 ὑποκριταὶ
2146 1426 2206 1464 καὶ
2227 1427 2311 1465 εἰσὶν
2326 1431 2358 1466 οἱ

1329 1484 1457 1534 πρῶτοι
1478 1483 1512 1518 ἐν
1529 1481 1704 1519 ἐπεκθέσει
1722 1482 1833 1533 στίχοι
1853 1483 2098 1521 ἀναπαιστικοὶ
2114 1484 2157 1522 δ’.

1383 1552 1460 1577 1:119.
1493 1539 1704 1591 Ὑπέρὸολον
1721 1552 1730 1578 z
1749 1540 1949 1591 Στρατηγὸς
1963 1540 2202 1593 φιλοπόλεμος.
2221 1541 2357 1594 εἴρηται

1329 1595 1365 1634 δὲ
1380 1597 1461 1648 παρ’
1479 1597 1651 1635 ὑπόνοιαν.
2378 1613 2412 1638 25

1384 1667 1463 1692 1320.
1496 1655 1599 1702 διπλῆ
1623 1654 1682 1693 καὶ
1702 1655 1736 1692 ἓν
1758 1653 1948 1693 ἐπεισθέσει
1969 1654 2128 1707 περίοδος
2155 1656 2361 1694 ἑπτακαιδε-

1329 1711 1500 1766 κάμετρος
1519 1715 1546 1750 θ’
1568 1713 1701 1759 κώλων,
1717 1713 1770 1750 ὅτι
1785 1713 1858 1764 ἔχει
1875 1713 2084 1763 μονόμετρον
2103 1714 2142 1750 τὸ
2160 1714 2201 1752 ε’.

1384 1785 1460 1808 1325.
1491 1770 1585 1823 παρὰ
1605 1770 1648 1808 τὰ
1674 1770 1836 1808 (Ησιόδου
1865 1776 1938 1818 [Op.
1965 1776 2028 1816 232]
2053 1789 2066 1804 α
2089 1773 2124 1807 αἱ
2149 1770 2185 1808 δὲ
2203 1771 2366 1821 γυναῖκες’

1329 1828 1514 1867 τίκτουσιν.
1536 1847 1551 1861 »
1576 1832 1675 1866 τοῦτο
1700 1827 1766 1880 γὰρ
1786 1828 1963 1880 εὐετηρίας
1988 1833 2143 1876 σημεῖον,
2170 1828 2209 1864 τὸ
2232 1827 2358 1865 τίκτειν

1329 1888 1504 1935 γυναῖκας.
1525 1887 1592 1922 τῶν
1612 1885 1678 1937 γὰρ
1698 1886 1830 1937 ἀνδρῶν
1847 1886 1881 1922 ἐν
1899 1885 2014 1938 εἰρήνῃ
2033 1885 2137 1922 ὄντων
2156 1887 2191 1922 αἱ
2205 1887 2361 1937 γυναῖκες
2379 1896 2414 1923 3⁰

1331 1942 1642 1991 συλλαμὸάνονται.

1386 2013 1464 2038 1329.
1497 2001 1601 2044 διπλῆ
1628 1999 1688 2036 καὶ
1713 1998 1769 2035 ἐπὶ
1797 1998 1887 2036 τέλει
1907 2001 2182 2052 μονοστροφικῶν
2205 1999 2362 2051 περίοδος

1330 2056 1559 2093 πεντακό)λιι)ν
1595 2056 1758 2094 Ἰωνικῶν
1797 2055 1963 2106 διμέτρων
1996 2055 2054 2093 δύο
2084 2057 2361 2103 καταληκτικῶν,

1331 2117 1432 2166 τριῶν
1451 2114 1486 2151 δὲ
1505 2113 1860 2166 βραχυκαταλήκτων.
1879 2108 1954 2150 εἶτα
1973 2115 2005 2150 ἐν
2024 2114 2212 2151 ἐπεισθέσει
2228 2115 2363 2165 τοῧχο-

1333 2175 1390 2223 ροῧ
1409 2170 1447 2208 τὸ
1465 2170 1548 2209 ἴσον.
1566 2171 1625 2208 καὶ
1644 2170 1748 2208 πάλιν
1767 2169 1811 2207 τὰ
1828 2170 1854 2207 ε’
1876 2173 1936 2207 τοῦ
1957 2171 2061 2207 αὐτοῦ
2079 2169 2204 2223 μέτρου
2223 2174 2283 2208 τοῦ
2299 2186 2361 2222 χο·
2380 2181 2414 2205 35

1333 2243 1403 2279 ρου.

1387 2299 1464 2324 1323.
1496 2287 1530 2323 ἐν
1556 2285 1687 2328 τούτοις
1706 2284 1864 2337 φέρονται
1883 2285 1974 2323 κατά
1993 2300 2087 2329 τινας
2114 2286 2361 2338 παραγραφαὶ,

1331 2343 1386 2380 ἵνα
1403 2346 1420 2380 ὃ
1438 2343 1540 2396 χορὸς
1560 2342 1624 2380 ἀνὰ
1643 2342 1743 2393 μέρος
1758 2340 1844 2379 αὐτὰ
1863 2341 1959 2393 λέγῃ.

1386 2414 1466 2440 1335.
1497 2401 1532 2438 ἔν
1548 2416 1636 2438 τισιν
1653 2402 1690 2438 οὐ
1713 2400 1850 2452 φέρεται
1870 2399 1926 2437 διὰ
1940 2398 1984 2437 τὰ
2005 2398 2126 2452 μέτρα.

1388 2471 1465 2496 1340.
1495 2458 1570 2495 ἀντὶ
1595 2457 1730 2508 ζεύγους
1750 2457 1902 2509 αἴρουσιν
1920 2457 2028 2502 αὐτὴν
2045 2459 2077 2494 οἱ
2095 2456 2258 2510 χορευταὶ
2279 2459 2361 2495 ἀνα·
2380 2465 2416 2489 40

1331 2515 1505 2558 λαὸόντες.

1387 2585 1466 2610 1:344.
1497 2573 1646 2608 ἐντεῦθεν
1680 2572 1714 2607 ἐν
1742 2573 1812 2613 τοῖς
1843 2570 2061 2622 ἀντιγράφοις
2089 2571 2127 2607 οὗ
2157 2569 2296 2622 φέρεται
2323 2572 2362 2607 οὐ

1333 2628 1541 2665 πεντάκωλα
1562 2626 1754 2669 ἀκολούθως
1772 2629 1817 2670 ὡς
1836 2627 1975 2678 φέρεται
1993 2628 2052 2665 καὶ
2073 2628 2219 2664 ἐνταῦθα
2237 2626 2322 2667 ἐστί.

1390 2699 1469 2723 1345.
1499 2685 1677 2737 πράγματ’
1701 2698 1709 2722 :
1732 2684 1776 2721 τὰ
1794 2688 1854 2721 τοῦ
1870 2684 2025 2734 πολέμου
2045 2683 2216 2731 δηλονότι.

1388 2756 1465 2780 1340.
1495 2746 1735 2794 γεωργοῦντες.
2380 2758 2415 2782 45

1388 2813 1466 2838 1348.
1492 2800 1530 2837 τὸ
1564 2801 1688 2837 αἰδοῖον
1721 2799 1811 2850 λέγει
1839 2802 1898 2837 τοῦ
1927 2799 2092 2852 νυμφίου,
2118 2798 2274 2837 τουτέστι
2301 2803 2360 2838 τοῦ

1333 2860 1365 2896 Γ
1369 2872 1521 2910 ρυγαιου

1388 2928 1466 2952 1340.
1492 2913 1531 2951 τὸ
1547 2916 1607 2959 τ’ἧς
1624 2912 1787 2965 Ὀπώρας
1801 2914 1927 2951 αἰδοῖον
1941 2913 2045 2963 λέγει·
2063 2913 2137 2964 ἅμα
2152 2914 2188 2952 δὲ
2203 2914 2263 2952 καὶ
2277 2913 2364 2966 ‘tt'bc

1332 2973 1371 3011 τὸ
1386 2973 1494 3022 ὄνομα
1511 2974 1571 3016 τ’ἧς
1587 2970 1753 3022 Ὀπώρας
1772 2970 1811 3008 τὸ
1827 2975 1928 3008 σῦκον
1944 2971 2048 3021 λέγει.

1389 3043 1468 3067 1353.
1499 3029 1553 3081 ὑφ’
1575 3028 1596 3065 ἃ
1615 3044 1756 3080 κορωνις
1774 3033 1832 3066 τοῦ
1855 3028 2037 3081 δράματος.
2059 3028 2182 3080 ὑμὴνε
2169 3028 2304 3080 υμέναι’
2318 3044 2362 3067 ω..
2379 3039 2415 3066 ⁶0

1334 3088 1439 3130 ούτως
1456 3086 1674 3138 Ἡλιόδωρος.

1388 3159 1464 3183 1355.
1494 3144 1578 3196 πρὸς
1592 3143 1669 3187 τοὺς
1690 3143 1822 3187 θεατάς.
