2533 3808
230 211 300 245 150

224 307 327 355 ἐμοῦ,
356 305 404 355 μὴ
436 302 625 355 ἀρέσκοντά
654 317 712 351 μοι
738 300 885 352 λέγοντι.
908 301 1064 350 (πάντως
1082 300 1149 354 γὰρ
1169 300 1262 340 κατὰ

224 368 283 402 τοῦ
301 363 446 407 δικάζειν
465 361 587 411 ἔμελλε
602 360 745 410 λέγειν.)

277 434 339 458 643.
373 418 503 470 (μύλην
533 417 665 469 ἀγαθήν
698 431 706 456 :
743 417 1098 456 Νεοκατασκεύαστον
1134 417 1260 468 μύλην.

224 479 283 515 καὶ
298 477 459 529 (Όμηρος
476 477 511 513 δὲ
533 481 614 523 [Οά.
628 484 672 523 Υ,
690 481 760 522 111]
782 478 937 523 θηλυκῶς
955 476 1047 527 λέγει
1065 494 1081 510 «
1097 476 1119 523 ἢ
1141 475 1184 529 ῥὰ
1202 476 1263 527 μύ-

187 543 203 568 5
222 538 286 582 λην
307 535 479 581 στήσασα.
498 536 531 585 »)

275 608 336 632 6¹19.
367 592 559 645 κατερεῖξαι
577 606 586 632 :
611 595 874 645 Καταθραῦσαι.
891 593 964 645 (ἀφ’
980 586 1019 630 οῦ
1041 592 1101 630 καὶ
1121 592 1160 630 τὸ
1176 594 1262 645 ἐρει-

222 653 301 690 κτὸν
330 651 461 696 ἀξιοῦσι
492 651 600 699 τινὲς,
633 651 701 689 ἀπὸ
723 657 919 703 μεταφορᾶς
941 654 1009 689 τῶν
1036 650 1260 703 ἐρεικομένων

222 710 388 763 ὀσπρίων.
413 710 488 747 ὅθεν
514 710 574 748 καὶ
596 710 635 748 τὸ
659 715 717 756 [ΙΙ.
744 717 789 757 Ν,
813 715 883 756 441]
909 729 924 743 «
952 709 1164 762 ἐρεικόμενος
1183 709 1263 761 περὶ

230 769 336 822 δουρί.
360 787 375 803 n
396 768 531 819 εἴρηται
553 770 580 806 δ’
598 770 632 806 ἐν
652 771 722 810 τοῖς
740 767 937 820 Βατράχοις
953 768 1062 819 [508].

171 839 203 864 10
275 841 339 866 650.
374 827 505 877 (δεινῆς
530 826 671 876 γνώμης
696 840 704 865 :
736 826 828 864 Ἀντὶ
856 830 915 863 τοῦ
946 826 1097 876 μείζονος
1119 825 1142 872 ἢ
1172 824 1263 862 κατὰ

223 885 412 938 κωμῳδίαν
433 885 506 923 ἐστὶ
525 885 562 923 τὸ
582 887 701 923 ἰᾶσθαι
723 885 820 923 νόσον
843 884 1141 931 πεπαλαιωμένην
1164 885 1197 921 ἐν
1218 887 1261 934 τῇ

221 944 332 981 πόλει.
357 942 451 994 λέγει
472 942 507 980 δὲ
534 943 573 981 τὸ
597 943 785 996 φιλόδικον.
810 945 1024 981 ἐντετοκυῖαν
1049 942 1085 981 δὲ
1104 945 1264 994 ἐγγεννη-

223 1000 392 1049 θεῖσαν,
373 1018 394 1047 η
416 1001 718 1053 ἐμφωλεύουσαν.)

275 1073 339 1099 652.
369 1059 440 1111 (μὴ
453 1060 638 1132 πατέριζε;
658 1059 803 1120 Πατέρα
821 1060 888 1097 κάλ
891 1075 930 1096 ει.
947 1059 1104 1109 ἔμελλε
1086 1058 1121 1096 οὲ
1136 1059 1264 1096 εἰπεῖν·

171 1134 203 1158 15
222 1118 276 1156 σοὶ
294 1119 409 1156 πάντα
432 1119 562 1156 δυνατοί
579 1121 682 1166 ἐστιν,
703 1122 732 1156 ὠ
753 1121 841 1164 Ζεῦ,
862 1118 921 1156 καὶ
941 1118 1127 1170 διέκοψεν’
1114 1134 1132 1155 ο
1148 1118 1221 1155 Φιλ
1223 1133 1263 1154 ο-

221 1177 342 1215 κλέων.
351 1179 360 1227 )

275 1248 338 1273 654.
368 1234 434 1273 κᾶν
451 1235 521 1287 χρή
539 1249 547 1274 :
570 1234 667 1284 (Κᾶν
685 1238 730 1278 ὡς
746 1234 948 1287 ἀνδροφόνος
960 1235 1109 1284 λογισθῶ
1122 1233 1182 1271 καὶ
1196 1236 1265 1271 τῶν

222 1296 346 1330 θυσιῶν
369 1293 417 1344 μὴ
442 1293 644 1343 μεταλάδω.
666 1293 751 1346 πρὸς
768 1292 807 1330 τὸ
829 1292 903 1335 ἔθος
920 1293 992 1343 δὲ,)
1014 1292 1066 1330 ὅτι
1087 1294 1117 1329 οἱ
1139 1292 1264 1343 ἀνδρο-

221 1351 316 1404 φόνοι
332 1353 370 1389 οὐ
391 1352 700 1402 μεταλαμὸοἰνουσι
718 1353 855 1390 θυσιῶν.

169 1427 202 1451 22.)
274 1424 337 1448 655.
370 1409 546 1460 (χαλάσας
573 1423 582 1449 ;
616 1409 848 1459 Παυσάμενος
875 1411 935 1455 τῆς
957 1410 1073 1461 ὀργῆς.
1101 1408 1173 1452 ἔθος
1197 1407 1265 1459 γὰρ

220 1469 289 1511 τοῖς
309 1467 540 1519 ὀργιζομένοις
560 1468 668 1519 αἴρειν
685 1467 746 1510 τὰς
765 1468 907 1519 ὀφρῦς.)

273 1539 336 1564 656.
369 1525 417 1575 μὴ
438 1525 563 1578 ψήφοις
585 1538 593 1564 :
616 1525 679 1568 Ὡς
691 1525 777 1577 πρὸς
795 1525 834 1562 τὸ
855 1524 1027 1577 φιλόδικον
1049 1529 1154 1562 εἶπεν.
1177 1525 1265 1578 φαύ-

220 1586 288 1626 λως
309 1585 344 1621 δὲ
365 1583 441 1620 ἀντὶ
459 1587 519 1621 τοῦ
555 1583 685 1626 ἁπλῶς.
707 1591 744 1620 Β.
775 1584 974 1660 (πολλα-χοῦ
996 1582 1139 1628 δῆλον“
1119 1599 1170 1620 οτι
1193 1583 1266 1635 ψή-

222 1657 295 1693 φοις
320 1641 510 1691 ἐλογίζοντο
529 1644 559 1679 οἱ
576 1643 650 1679 παλ
653 1657 742 1688 αιοι,
768 1644 828 1695 ἀφ’
846 1646 883 1679 οὗ
904 1643 943 1679 τὸ
963 1641 1135 1693 ψηφίζειν.
1154 1645 1212 1679 νῦν
1230 1642 1265 1680 δὲ

168 1715 203 1739 25
222 1700 280 1737 καὶ
300 1700 376 1742 ταῖς
392 1701 608 1742 δικαστικαῖς
621 1699 763 1752 ψήφοις,
783 1700 867 1752 πρὸς
887 1700 904 1738 ὃ
921 1700 1048 1744 παίζει.
1069 1699 1107 1736 τὸ
1125 1698 1160 1737 δε
1178 1700 1267 1753 φαύ·

221 1760 290 1800 λως
307 1757 382 1795 ἀντὶ
398 1761 456 1795 τοῦ
476 1758 615 1805 ἁπλως,
634 1759 781 1810 ἀφελως.
800 1761 845 1801 ὥς
865 1757 1074 1811 φιλόδικος
1056 1758 1091 1796 οὲ
1112 1762 1185 1796 εἰπε
1203 1758 1267 1811 ψή-

222 1818 323 1868 φοις)

275 1888 337 1912 658.
367 1873 461 1917 κᾶξω
483 1874 605 1912 τούτου
627 1887 635 1913 :
658 1875 730 1913 Καὶ
750 1874 812 1920 τὴν
837 1874 901 1919 ἔξω
927 1874 1108 1925 διδομένην
1125 1881 1196 1918 τοῖς
1212 1877 1266 1913 δι-

222 1935 368 1975 κασταῖς
397 1931 571 1984 δραχμήν.
608 1932 796 1976 ἑκατοστὰς
822 1931 857 1970 δὲ
884 1932 946 1976 τὰς
971 1932 1037 1969 ὑπὸ
1063 1937 1121 1971 τοῦ
1151 1933 1267 1976 τέλους

1063 1518 1082 1540 ¹3·

170 2008 204 2034 30
222 1990 480 2043 χορηγουμένας
498 1990 567 2027 ἀπὸ
583 1993 650 2028 τῶν
678 1991 824 2028 πόλεων.
845 2012 892 2016 —
913 1991 1074 2028 δικασταί
1089 1991 1213 2029 λείπει.
1227 1999 1264 2029 R.

276 2064 340 2088 659
373 2051 587 2101 (πρυτανεῖα
615 2062 624 2088 :
668 2049 727 2092 Ὰς
763 2048 980 2086 ’κατεὸαλλον
1022 2049 1169 2093 δεκάτας
1198 2066 1267 2087 των

222 2123 335 2159 χρεων
351 2110 380 2145 οἳ
399 2107 573 2145 δανεισταὶ
594 2106 681 2160 ὑπερ
699 2106 953 2158 παραστάσεως
968 2109 1035 2144 τῶν
1056 2110 1266 2160 χρεωφειλε-

222 2169 302 2213 τῶν,
334 2165 425 2209 ὅπως
448 2165 488 2203 ἂν
519 2167 758 2212 ἀπαιτηθι)σιν
786 2165 875 2217 ἅπερ
902 2181 992 2211 ησαν
1021 2165 1117 2213 τέλη.
1139 2167 1199 2204 καὶ
1223 2184 1267 2204 τα

223 2240 309 2275 υπερ
335 2227 402 2261 τῶν
428 2223 609 2274 μετάλλων
629 2228 689 2261 τοῦ
709 2223 870 2276 ἀργυριου
890 2225 1151 2274 εἷσοδιαζομενά
1169 2241 1264 2278 φησι.

171 2297 204 2322 35
224 2282 282 2320 καὶ
302 2281 344 2319 τὰ
366 2283 434 2320 ἀπὸ
458 2285 519 2328 τῆς
542 2284 670 2334 ἀγορᾶς
690 2283 749 2321 καὶ
772 2285 839 2320 τῶν
860 2282 1009 2332 λιμένων
1030 2282 1112 2330 τέλη
1135 2286 1266 2334 ὑπομι-

224 2340 383 2390 μνήσκει.

277 2399 500 2452 δημιόπρατα
537 2415 546 2439 :
575 2400 772 2451 Ἔδήμευον
792 2400 860 2453 γάρ
879 2416 972 2444 τινας
991 2400 1050 2438 καὶ
1070 2399 1132 2444 τὰς
1151 2401 1267 2446 οὐσίας

226 2458 338 2494 αὐτῶν
354 2458 468 2501 κοινὰς
485 2459 651 2509 ἐποίουν.)

277 2528 342 2553 660.
373 2515 513 2554 τάλαντ’
544 2517 642 2568 ἐγγύς
671 2531 679 2555 :
706 2517 757 2555 Τὸ
777 2516 878 2567 ἐγγὺς
898 2517 974 2554 ἀντὶ
992 2521 1052 2555 τοῦ
1078 2520 1176 2567 ὁμοῦ.
1196 2519 1267 2561 τοῖς

171 2585 206 2609 4ο
228 2572 469 2624 ἑξακισχιλίοις
493 2574 559 2627 γάρ
583 2590 686 2627 φησιν
713 2574 835 2612 ἑκατὸν
867 2575 1083 2621 πεντήκοντα
1108 2575 1264 2614 τάλαντα

225 2635 283 2668 τοῦ
303 2633 470 2669 ἐνιαυτοῦ.

277 2702 342 2727 662.
375 2690 413 2726 οὐ
433 2687 500 2742 γὰρ
517 2689 658 2733 πλείους
676 2689 940 2735 κατενάσθησαν
959 2692 1027 2727 τῶν
1042 2689 1089 2734 ἕξ.
1108 2699 1147 2728 V.

279 2748 374 2798 (663).
407 2747 528 2785 ἑκατὸν
547 2748 587 2794 δή
605 2764 671 2786 που
691 2748 750 2785 καὶ
765 2749 794 2785 ν’
815 2762 823 2786 :
846 2750 906 2790 Εἷς
928 2749 948 2785 ι’
967 2751 1079 2798 μῆνας
1094 2748 1264 2799 λογίζεται

223 2803 281 2842 τὸν
296 2804 463 2852 ἐνιαυτὸν,
483 2807 527 2849 ὡς
544 2808 612 2842 τῶν
631 2806 661 2857 β’
681 2808 727 2849 εἷς
746 2805 865 2858 ἑορτὰς
878 2805 1164 2857 προχωρούντων.
1184 2807 1266 2844 ἑκά-

171 2881 205 2905 45
225 2878 295 2915 στῳ
312 2862 378 2915 γὰρ
391 2862 577 2916 τριώδολον
590 2864 808 2916 τῆςὴμέρας,
824 2864 878 2915 [ιε’
896 2868 956 2901 τοῦ
973 2863 1093 2915 μηνὸς]
1111 2864 1264 2902 τάλαντα

224 2921 352 2967 ἐποίει,
374 2924 418 2964 ὡς
439 2923 478 2959 ἐκ
496 2925 564 2960 τῶν
582 2922 658 2968 ἑξῆς
679 2924 783 2968 δῆλον
806 2923 952 2973 γίνεται.

277 2992 340 3017 666.
357 2980 389 3022 ἐς
399 2978 538 3023 τούτους
550 2994 558 3019 ;
574 2976 642 3030 (Εὖ
652 2980 691 3018 τὸ
703 2979 751 3030 μὴ
763 2983 808 3024 ὡς
822 2980 942 3032 ἔτυχεν
954 2982 1061 3017 εἰπεῖν
1076 2979 1115 3018 τὸ
1124 2981 1264 3027 πλῆθος,

225 3036 316 3073 ἀλλὰ
335 3035 396 3082 τὴν
418 3037 560 3081 ἀταξίαν
582 3038 851 3091 προσονειδίσαι.
873 3037 1092 3091 περιπεφθεὶς
1112 3039 1147 3075 δὲ
1168 3040 1264 3075 ἀπα-

224 3094 357 3140 τηθεὶς,
381 3096 625 3146 κολακευθείς.)
647 3120 698 3126 -—-
724 3099 770 3139 εἷς
789 3096 865 3140 τοὺς
886 3095 1115 3147 δημαγωγοὺς
1135 3097 1193 3133 καὶ
1215 3098 1264 3133 δι-

173 3175 206 3199 5⁰
226 3151 356 3195 καστὰς
374 3153 432 3190 καὶ
449 3153 610 3203 λέγοντας
631 3155 670 3192 τὸ
689 3155 767 3206 οὐχὶ
786 3154 970 3207 προδώσω.
995 3154 1183 3201 ἀπατηθεὶς
1205 3154 1265 3192 καὶ

225 3211 442 3254 κολακευθεὶς
460 3212 519 3249 καὶ
537 3213 767 3261 θεραπευθείς.
784 3221 822 3250 R.

277 3283 340 3307 669.
371 3271 401 3306 οἵ
437 3269 576 3322 ῥήτορες
601 3271 623 3317 ἢ
658 3274 688 3308 οἱ
714 3270 902 3322 στρατηγοὶ
933 3270 988 3308 ὅτε
1015 3270 1262 3322 δωροδοκοῦσι,

226 3328 287 3364 οὐκ
312 3326 412 3376 ὀλίγα
439 3327 690 3378 λαμὸάνουσιν,
717 3327 807 3366 ἀλλὰ
836 3329 864 3364 ν’
897 3328 1070 3376 τάλαντα,
1099 3327 1175 3364 ἀντὶ
1203 3329 1262 3364 τοῦ

227 3385 348 3422 πολλά.
369 3392 407 3421 V.

976 206 1229 245 SCHOLIA
1264 208 1322 245 IN
1358 208 1594 249 VESPAS.

1374 317 1439 343 672.
1469 304 1547 348 τοὺς
1566 305 1772 358 ἀργελόφους
1800 319 1810 345 z
1837 305 1896 345 Τὰ
1926 305 2072 359 περιττὰ
2098 305 2157 343 καὶ
2184 304 2358 358 ἄχρηστα.

1323 361 1519 414 (ἀργέλοφοι
1544 362 1610 413 γὰρ
1633 366 1692 409 τῆς
1720 365 1884 413 μηλωτῆς
1912 367 1943 402 οἱ
1960 365 2080 412 πόδες,
2107 363 2163 407 οὒς
2187 364 2361 408 ποδεῶνας

1321 420 1484 466 καλοῦσι,
1501 420 1560 457 καὶ
1577 415 1670 458 οῦτοι
1687 420 1883 473 ἄχρηστοι.)

1376 489 1438 515 674.
1471 479 1522 527 (ἐκ
1539 478 1706 530 κηθαρίου
1727 494 1735 518 :
1755 479 1939 532 Σύρφακα.
1957 480 1996 517 τὸ
2009 479 2128 518 ἱκανὸν
2145 482 2275 526 πλῆθος
2289 482 2358 518 τῶν

1323 534 1494 572 δικαστῶν
1514 535 1553 573 τὸ
1573 538 1802 589 συρφετῶδες,
1829 538 1862 582 ἐξ
1889 540 2034 576 εὐτελῶν
2053 538 2274 591 τρεφόμενον.
2297 554 2362 585 κη-
2377 553 2394 578 5

1323 592 1438 645 θάριον
1461 592 1527 645 γὰρ
1552 593 1694 644 πλέγμα
1722 595 1795 633 ἐστὶ
1820 597 2047 644 κανισκῶδες,
2067 596 2300 647 ἐπιτιθέμενον
2320 599 2363 648 τῇ

1322 651 1533 704 κ)ηρωτρίδι
1552 668 1620 689 των
1643 652 1780 705 ψήφων.
1805 653 2078 724 λαγαριζόμενον
2102 654 2137 692 δὲ
2156 654 2201 692 τὰ
2224 654 2364 707 λάγαρα

1323 709 1497 756 εσθίοντα,
1515 709 1536 747 ὅ
1547 712 1639 747 ἐστιν
1634 711 1843 784 ῗεῦθραυστα
1860 711 1920 748 καὶ
1937 713 2057 758 εὐτελη
2075 728 2164 752 τινα.
2180 712 2203 759 ἢ
2214 712 2365 773 κηθάρια

1323 766 1367 804 τὰ
1388 767 1564 820 ὀξύὸαφα,
1580 767 1650 812 ἐξ
1630 785 1678 806 ων
1697 768 1774 812 τοὺς
1787 769 1949 812 κύὸους’
1931 769 2090 821 ηφίεσαν.
2114 769 2249 808 πλεκτα
2269 771 2304 808 δὲ
2318 775 2364 818 ἠν

1323 829 1445 864 ταῦτα.
1527 824 1698 869 ”ι.Ἀλλι)ς
1683 842 1722 864 εκ
1734 826 1923 878 κηθαρίου.
1940 826 2361 880 Τὰέκπέταλατρύὸλια,
2387 852 2420 877 10

1324 883 1346 921 ἃ
1365 883 1551 936 Ευφρόνιος
1577 884 1693 931 κήθια.
1722 901 1845 936 μικρον
1866 889 1924 923 οὖν
1951 887 2153 938 ῥοφοῦντα’
2137 902 2177 923 εκ
2200 887 2364 940 τρυὸλίου

1323 958 1383 979 και
1404 942 1678 994 τρωγαλίζοντα,
1701 946 1769 980 οἷον
1790 942 1944 991 κυάμους
1963 943 2024 981 καὶ
2043 959 2109 981 οσα
2125 947 2284 984 τοιαῦτα.
2305 947 2366 983 οὒκ

1324 999 1398 1037 ἔστι
1431 999 1480 1047 δε,
1508 1001 1584 1038 ἀλλ’
1607 1003 1744 1052 ἀγγεῖον
1769 1002 1818 1038 π)
1821 1001 1937 1048 εκτὸν,
1965 1002 2010 1044 εἷς
2030 1000 2047 1039 ὃ
2067 1000 2128 1045 τὰς
2144 1004 2279 1055 ψήφους
2300 1018 2366 1041 κα-

1324 1062 1434 1105 θιᾶσι,
1451 1058 1490 1096 τὸ
1510 1059 1641 1106 κήθιον,
1663 1063 1733 1097 οἷον
1760 1062 1806 1103 ὡς
1836 1059 1906 1097 ἀπο
1926 1064 1986 1098 τοῦ
2007 1062 2224 1133 ψηφηφορεῖν
2249 1060 2366 1112 μόνον.

1323 1132 1383 1154 και
1407 1089 1531 1170 Χαῖρις
1552 1116 1588 1155 δὲ
1605 1117 1645 1155 τὸ
1664 1118 1783 1164 κήθιον
1802 1117 1968 1170 τρυὸλίου
1992 1134 2026 1155 τι
2043 1119 2144 1161 εἶδος.
2167 1118 2227 1156 καὶ
2244 1118 2283 1157 τὸ
2298 1120 2367 1157 λα-
2387 1139 2421 1165 15

1324 1175 1489 1227 γαρίζειν,
1523 1175 1562 1213 τὸ
1587 1175 1728 1228 ἀποτρώ
1730 1192 1835 1227 γοντα
1861 1176 2034 1223 θηλάζειν.
2070 1176 2207 1226 μήποτε
2250 1176 2368 1227 μέντοι

1325 1234 1384 1271 καὶ
1402 1234 1487 1286 πρὸς
1503 1233 1566 1280 τὴν
1588 1237 1657 1272 τῶν
1683 1234 1799 1272 κύὸων
1819 1234 1961 1272 παιδιὰν
1979 1234 2106 1285 ὁμοίως
2126 1235 2279 1288 ἐχρῶντό
2300 1251 2368 1274 τινι

1328 1291 1511 1344 βάλλοντες
1530 1292 1564 1336 ἐξ
1585 1294 1704 1332 αὐτοῦ.
1728 1293 1786 1331 καὶ
1801 1292 1868 1346 γὰρ
1887 1292 2093 1345 Ἵῖρμιππος
2109 1294 2144 1331 ἐν
2161 1294 2263 1337 Θεοῖς

1449 1385 1502 1416 καὶ
1518 1386 1592 1426 πρὸς
1608 1385 1720 1421 κύὸους
1731 1385 1835 1423 ἕστηκ’
1849 1385 1930 1426 ἔχων
1940 1386 1975 1416 τὸ
1992 1386 2110 1423 κήθιον.

1325 1465 1364 1503 τὸ
1390 1465 1426 1503 δὲ
1441 1465 1688 1518 λαγαρίζεσθαι
1711 1464 1827 1518 ἕτερόν
1850 1481 1883 1503 τι
1904 1464 2014 1502 ἔοικεν
2038 1464 2228 1517 ἐμφαίνειν.
2253 1469 2370 1519 Φερε-
2388 1483 2423 1508 20

1326 1524 1456 1576 κράτης
1484 1523 1847 1575 Μυρμηκανθρώποις.
1887 1549 1932 1555 -
1967 1522 2042 1560 ἀντὶ
2076 1527 2138 1561 τοῦ
2176 1525 2368 1563 σιδαλεύειν

1327 1581 1395 1633 ἄρα
1415 1582 1492 1619 ποθ’
1513 1582 1609 1632 ὑμεῖς
1627 1581 1687 1618 καὶ
1711 1584 1773 1627 τῆς
1797 1583 1924 1634 ὂροφῆς
1940 1580 1998 1618 τὸν
2017 1584 2103 1632 χοῦν
2123 1581 2215 1618 κατὰ
2231 1586 2292 1629 τῆς
2307 1600 2370 1622 κε-

1327 1641 1437 1691 φαλης
1451 1639 1716 1689 καταμήσονται
1733 1638 2014 1691 λαγαριζόμενοι.
2031 1645 2072 1675 V.
2093 1663 2139 1669 —-
2158 1637 2240 1683 ἴσως
2253 1657 2294 1678 αν
2311 1646 2370 1680 οὖν

1326 1696 1418 1747 λέγοι
1447 1697 1524 1743 ἤτοι
1544 1698 1582 1734 ἐκ
1599 1713 1666 1734 των
1693 1697 1840 1748 ἀγγείων
1860 1700 1921 1743 τῆς
1949 1696 2092 1755 46900„
2093 1696 2286 1741 ἀποςύοντα
2312 1696 2368 1735 τὸν

1327 1755 1446 1805 μισθον
1467 1755 1527 1792 καὶ
1554 1754 1588 1799 ἐξ
1612 1754 1739 1806 ἄγγους
1759 1755 1848 1798 τινὸς
1866 1756 2036 1801 πλεκτοῦ,
2057 1757 2126 1791 οἷον
2147 1754 2368 1806 ὁκάρταλος,
2388 1771 2422 1795 25

1326 1812 1635 1865 τρωγαλιζόμενον,
1653 1815 1697 1855 ὡς
1715 1828 1755 1849 αν
1775 1814 1922 1859 πένητα.
1947 1811 2217 1864 λαγαριζόμενον
2239 1810 2310 1850 δὲ’
2292 1813 2369 1850 αντὶ

1326 1876 1384 1909 τοῦ
1398 1870 1590 1915 ἀποξύοντα
1605 1900 1614 1917 ,
1631 1873 1678 1913 ὡς
1695 1870 1764 1908 ἀπὸ
1775 1874 1841 1909 τῶν
1857 1872 2063 1909 δικαστικῶν
2082 1871 2241 1923 ἀγγείων.
2257 1875 2368 1909 ταῦτα

1327 1929 1362 1966 δὲ
1382 1932 1427 1972 ὡς
1447 1929 1525 1980 περὶ
1542 1929 1730 1980 πενήτων.)

1379 2001 1443 2026 675.
1477 1987 1608 2026 Κόννου
1637 1990 1751 2040 ψῆφον
1786 2000 1795 2025 :
1828 1985 1957 2029 Κόννος
1989 1985 2178 2038 κιθαρῳδὸς
2210 1980 2252 2033 ἦν
2281 1986 2367 2030 νέος.

1329 2045 1413 2096 (ἔστι
1437 2045 1473 2083 δὲ
1489 2045 1661 2098 παροιμία
1682 2045 1822 2083 ἐπὶτῶν
1843 2058 1912 2095 μηο
1899 2044 1950 2082 ὲν
1967 2043 2082 2088 ἀξίων.
2105 2044 2370 2098 Καὶλίστρατος
2387 2060 2423 2085 30

1328 2104 1363 2141 δὲ
1386 2103 1577 2157 παροιμίαν
1596 2119 1699 2156 φησι,
1718 2103 1850 2141 Κόννου
1865 2104 1967 2156 θριον·
1989 2103 2072 2155 παρ’
2088 2102 2131 2149 ἣν
2147 2103 2275 2147 παίζει.
2297 2105 2370 2142 Εὐ-

1326 2162 1460 2215 φρόνιος
1477 2162 1530 2209 δὲ,
1549 2161 1602 2199 ὅτι
1622 2161 1786 2213 ἐλέχθη
1768 2160 1825 2198 οιὰ
1840 2161 1879 2198 τὸ
1895 2160 1979 2206 ηδύν
1999 2176 2078 2198 τινα
2093 2159 2151 2198 τὸν
2169 2160 2300 2199 Κόννον
2320 2166 2370 2199 εἰ-

1327 2236 1393 2258 ναι.
1421 2223 1452 2258 οἱ
1473 2220 1508 2258 δε
1525 2219 1655 2259 Κόννον
1684 2219 1824 2271 λέγουσι
1848 2219 1907 2256 τὸν
1932 2219 2146 2271 κιθαριστήν.
2168 2219 2304 2269 μήποτε
2333 2219 2369 2258 δε

1326 2278 1402 2316 οὐδὲ
1420 2278 1545 2322 ὅλως”
1526 2295 1600 2316 εστι
1620 2278 1765 2325 Κόννος,
1798 2277 1889 2315 ἀλλὰ
1911 2276 2062 2324 Κόννας,
2084 2276 2122 2314 ὃν
2145 2277 2368 2329 προενεκτέον

1327 2340 1372 2380 ὡς
1391 2337 1517 2380 Μίδας.
1543 2337 1676 2376 Κόννου
1704 2339 1832 2389 ψῆφος,
1859 2340 1928 2373 οἷον
1953 2335 1993 2373 τὸ
2017 2334 2138 2386 μηδέν.
2221 2332 2363 2380 Ἄλλως.
2387 2349 2421 2374 35

1328 2395 1477 2442 Κόννος,
1496 2395 1650 2441 εὐτελής.
1670 2394 1800 2437 Κόννος
1810 2393 1877 2446 γὰρ
1890 2393 1935 2431 τὰ
1950 2409 2097 2446 πατρῳα
2116 2393 2292 2448 κατέφαγε
2308 2395 2369 2433 καὶ

1326 2452 1431 2498 πένης
1450 2457 1504 2498 ἠν.
1523 2455 1636 2505 ψηφον
1657 2453 1693 2490 δὲ
1719 2457 1794 2490 εἰπε
1816 2451 1871 2490 διὰ
1888 2451 1927 2489 τὸ
1943 2467 2023 2504 περι
2043 2453 2208 2489 δικαστοῦ
2227 2451 2366 2503 λέγειν.)

1379 2524 1442 2549 676.
1473 2510 1615 2562 ὕρΓας
1643 2510 1826 2563 Κεράμινα
1851 2511 1994 2560 ἀγγεῖα,
2015 2508 2244 2559 (υποδεκτικὰ
2265 2510 2368 2563 ταρί-

1325 2584 1416 2620 χων,
1438 2568 1497 2606 δύο
1516 2572 1590 2606 ὠτα
1605 2568 1755 2620 ἔχοντα.)
1778 2592 1821 2597 —
1841 2569 1898 2605 τὸν
1916 2567 2051 2619 καρπόν
2065 2583 2162 2620 φησι.
2183 2578 2225 2607 V.

1379 2626 1575 2678 [δάπιδαςῑ
1605 2625 1677 2668 Τὰς
1703 2624 1806 2677 ψιλὰς
1835 2624 1895 2662 καὶ
1925 2623 1973 2675 μὴ
2006 2626 2194 2674 μαλλωτὰς
2218 2626 2368 2671 δάπιδας
2385 2642 2421 2669 4ο

1325 2685 1476 2734 λέγουσι.
1498 2683 1558 2721 καὶ
1579 2684 1700 2721 δάπισι
1716 2686 1787 2726 τοῖς
1807 2683 1972 2729 τάπησιν.
1992 2685 2026 2720 ἐν
2044 2682 2081 2720 δέ
2099 2699 2169 2722 τισι
2188 2687 2255 2733 τῶν
2275 2687 2368 2723 ἀντι-

1325 2742 1466 2795 γράφων
1494 2741 1634 2779 δάπισιν
1654 2741 1795 2793 εὕρηται
1817 2743 1850 2778 ἐν
1875 2743 1924 2793 τῷ
1945 2740 2096 2793 Πλούτῳ
2112 2747 2190 2789 [527]
2210 2761 2224 2776 α
2242 2743 2312 2781 οὐδ’
2332 2745 2368 2782 ἓν

1326 2800 1464 2838 δάπισιν
1487 2799 1584 2837 ἔσται
1601 2801 1844 2851 καταδαρθεῖν.
1870 2818 1884 2832 »
1903 2799 1978 2836 ἀντὶ
1995 2803 2056 2837 τοῦ
2072 2799 2256 2853 τάπησιν]

1378 2872 1442 2897 677.
1473 2857 1626 2909 ὅρμουςε
1650 2857 1931 2909 Περιτραχήλιον
1945 2857 2087 2908 κόσμον.
2111 2866 2193 2897 ῐῐὶσι.

1377 2930 1442 2955 678.
1471 2914 1680 2958 πιτυλεύσας
1698 2929 1706 2954 :
1726 2916 1876 2959 Πίτυλος
1889 2916 2082 2963 καλεῖταιῆ
2103 2911 2285 2963 καταῖολὴ
2306 2919 2367 2964 τῆς
2386 2931 2420 2957 45

1324 2973 1456 3020 κώπης.
1471 2975 1552 3024 (τοῖς
1566 2977 1724 3026 ἑψητοῖσι
1742 2972 1789 3021 δὲ,
1803 2976 1872 3017 τοῖς
1889 2974 2078 3026 ἰχθυδίοις.)
2092 2978 2218 3019 -τοῒς
2232 2976 2367 3029 μικροῖς

1325 3032 1463 3084 ἷχθύοις.
1480 3040 1519 3069 V.

1377 3105 1439 3129 680.
1474 3091 1627 3140 (ἄγλιθας
1649 3104 1656 3129 :
1677 3093 1721 3129 Αἱ
1736 3091 1886 3143 κεφαλαὶ
1903 3093 1971 3129 τῶν
1986 3090 2173 3146 σκορόδων.
2193 3090 2368 3143 ἐξηγεῖται

1324 3148 1360 3186 δὲ
1376 3148 1437 3192 τὰς
1455 3148 1608 3199 ἄγλιθας.
1625 3151 1768 3201 προεῖπε
1785 3148 1853 3202 γὰρ

1406 3242 1502 3278 οὐδεὶς
1519 3242 1588 3273 οὐδὲ
1600 3242 1750 3283 σκορόδου
1764 3243 1896 3282 κεφαλὴν
1912 3246 1975 3280 τοῖς
1989 3244 2132 3284 ἑψητοῖσι
2147 3242 2282 3274 δίδωσιν.
2384 3245 2420 3272 50

1324 3324 1426 3371 ἄηθες
1451 3322 1483 3361 8}
1509 3323 1569 3361 καὶ
1593 3323 1631 3361 τὸ
1651 3324 1858 3377 μετέπεμψα
1884 3324 1960 3362 ἀντὶ
1985 3328 2046 3363 τοῦ
2070 3322 2368 3377 μετεπεμψάμην,

1326 3381 1527 3433 Εὐχαρίδης
1542 3381 1576 3419 δὲ
1592 3381 1700 3432 ὄνομα
1721 3381 2010 3435 σκοροδοπώλου.)
