2485 3808
861 222 883 242 6)

779 203 787 209 .
858 170 2204 244 εοεεοεεᾶεέοοεοοαεεεοαοαοα
2240 251 2255 270 ..

799 328 1557 433 BATPAXOI.

1077 546 1322 561 40——

414 672 892 727 ΥΠΟΘΕΣΕΙΣ.

640 793 672 829 Ι.

191 891 354 935 Διόνυσός
373 893 446 928 ἐστι
466 889 553 939 μετὰ
571 888 776 941 θεράποντος
793 884 944 924 Ξανθίου
960 882 1050 921 κατὰ
1071 884 1176 934 Εὔρι-

140 956 243 993 πίδου
270 954 374 992 πόθον
396 955 443 995 εἷς
454 951 558 1006 ᾍδου
579 949 718 988 κατιών·
736 949 808 1000 ἔχει
829 947 863 985 δὲ
882 949 1021 991 λεοντῆν
1041 944 1101 982 καὶ
1123 944 1179 997 ῥό-

139 1019 263 1063 παλον,
274 1016 358 1069 πρὸς
373 1015 412 1052 τὸ
428 1021 496 1058 τοῖς
511 1012 774 1063 ἐντυγχάνουσιν
792 1009 955 1054 ἔκπληξιν
967 1013 1177 1059 παρασχεῖν.

140 1080 246 1118 ἐλθὼν
267 1079 302 1117 δὲ
322 1081 368 1121 ὡς
395 1078 451 1115 τὸν
483 1074 664 1128 Ἡρακλέα
688 1073 867 1126 πρότερον,
886 1071 942 1108 ἵνα
957 1070 1113 1123 ,ἐξετάσῃ
1137 1070 1180 1108 τὰ

108 1162 124 1185 5
142 1141 232 1180 κατὰ
247 1141 308 1184 τὰς
326 1140 421 1183 ὁδοὺς
433 1170 442 1186 ,
463 1131 486 1187 ἦ
504 1138 564 1176 καὶ
585 1138 686 1180 αὐτὸς
706 1137 762 1174 ἐπὶ
781 1136 838 1173 τὸν
854 1134 1030 1187 Κέρὸερον
1050 1133 1180 1185 ᾤχετο,

141 1204 201 1242 καὶ
223 1203 323 1253 ὀλίγα
345 1202 431 1239 ἄττα
447 1200 527 1253 περὶ
562 1202 630 1237 τῶν
656 1201 829 1251 τραγικῶν
855 1197 966 1249 τούτῳ
993 1197 1183 1248 διαλεχθεὶς

142 1270 234 1319 ὁρμᾷ
250 1266 335 1318 πρὸς
353 1266 392 1303 τὸ
409 1263 648 1317 προκείμενον.
670 1262 744 1300 ἐπεὶ
761 1260 797 1299 δὲ
818 1261 901 1313 πρὸς
919 1263 960 1311 τῇ
980 1259 1184 1312 Ἀχερουσία

141 1329 248 1380 λίμνῃ
268 1328 419 1378 γίνεται,
444 1330 462 1365 ὁ
479 1326 541 1377 μὲν
558 1325 728 1372 Ξανθίας,
749 1323 805 1362 διὰ
824 1323 863 1361 τὸ
881 1323 929 1373 μὴ
949 1338 1184 1372 συννεναυμα-

144 1391 291 1443 χηκέναι
307 1389 369 1437 τὴν
387 1390 466 1442 περὶ
481 1388 699 1442 Ἀργινούσας
718 1387 931 1439 ναυμαχίαν,
952 1386 1019 1423 ὑπὸ
1037 1389 1095 1423 τοῦ
1115 1411 1127 1424 Λ
1152 1385 1187 1422 ά-

95 1474 129 1498 10
149 1469 251 1506 ρωνος
267 1455 330 1491 οὗκ
349 1452 555 1505 ἀναληφθεὶς
574 1454 661 1501 πεζῆ
678 1450 741 1495 τὴν
759 1450 876 1502 κύκλῳ
896 1448 1094 1501 πορεύεται.
1116 1451 1133 1485 ὃ
1152 1447 1188 1486 δὲ

148 1516 310 1560 Διόνυσος
343 1514 402 1553 δύο
431 1515 564 1553 ὀὸολῶν
595 1519 817 1567 περαιοῦται,
852 1513 1078 1566 προσπαίζων
1114 1512 1188 1562 ἅμα

148 1584 218 1623 τοῖς
228 1579 319 1618 κατὰ
330 1579 388 1617 τὸν
402 1579 508 1631 πόρον
525 1579 645 1631 ᾅδουσι
662 1578 848 1630 βατράχοις
858 1578 918 1615 καὶ
933 1579 1187 1629 γελωτοποιῶν.

151 1642 240 1692 μετὰ
259 1646 370 1679 ταῦτα
394 1643 428 1679 ἐν
452 1641 556 1694 ᾍδου
575 1644 643 1678 τῶν
660 1640 878 1693 πραγμάτων
899 1640 967 1686 ἤδη
993 1639 1191 1692 χειριζομέ-

151 1721 217 1742 νων
241 1704 276 1742 οῗ
294 1720 332 1742 τε
349 1703 478 1754 μύσται
496 1704 695 1756 χορεύοντες
721 1705 754 1740 ἐν
778 1706 826 1755 τῷ
855 1705 1027 1755 προφανεῒ
1051 1702 1111 1739 καὶ
1133 1701 1190 1739 τὸν

101 1786 133 1810 15
150 1765 294 1818 Ἴακχον
321 1766 458 1819 ᾅδοντες
480 1767 515 1803 ἐν
540 1770 643 1819 χοροῦ
670 1765 828 1817 σχήματι
853 1768 1087 1816 καθορῶνται,
1108 1765 1128 1801 ὅ
1154 1780 1191 1801 τε

153 1829 315 1873 Διόνυσος
341 1829 429 1879 μετὰ
449 1832 508 1867 τοῦ
529 1829 732 1881 θεράποντος
750 1831 796 1872 εἷς
815 1829 939 1866 ταύτὸν
958 1828 1098 1880 ἔρχεται
1114 1827 1189 1865 τού-

154 1908 237 1936 τοις.
254 1895 322 1930 τῶν
343 1891 378 1929 δὲ
396 1891 682 1944 προηδικημένων
703 1892 770 1929 ὑπὸ
787 1891 998 1944 εΗρακλεόυς
1014 1892 1193 1941 προσπλε-

155 1954 309 2002 κομένων
325 1957 374 2006 τῷ
392 1953 566 2006 Διονύσῳ,
591 1953 647 1991 διὰ
667 1953 729 2000 τὴν
755 1956 792 1991 ἐκ
812 1957 873 2000 τῆς
897 1957 1020 2000 σκευῆς
1041 1954 1194 2003 ἄγνοιαν,

159 2016 263 2068 μέχρι
281 2016 342 2066 μέν
359 2032 448 2059 τινος
464 2017 525 2053 οὐκ
543 2016 706 2067 ἀγελοίως
724 2016 969 2068 χειμάζονται,
987 2010 1060 2053 εἶτα
1080 2016 1196 2066 μέντοι

104 2096 140 2121 20
157 2094 196 2129 γε
214 2081 260 2122 ὡς
275 2078 332 2116 τὸν
353 2078 548 2117 Πλούτωνα
569 2078 628 2116 καὶ
645 2077 707 2125 τὴν
726 2079 977 2131 Περσέφατταν
997 2078 1197 2131 παραχθέν-

157 2157 213 2185 τες
229 2141 384 2194 ἀλεώρας
402 2143 648 2193 τυχγρίνουσιν.
670 2144 704 2179 ἐν
723 2142 758 2179 δὲ
782 2143 894 2194 τούτῳ
911 2144 928 2178 ὁ
953 2141 1014 2191 μὲν
1036 2145 1103 2179 τῶν
1128 2158 1198 2191 μυ-

160 2206 250 2242 στῶν
269 2203 371 2255 χορὸς
394 2203 475 2255 περὶ
494 2207 552 2241 τοῧ
572 2203 634 2249 τὴν
661 2203 837 2241 πολιτείαν
858 2203 1021 2247 ἐξισῶσαι
1041 2204 1100 2241 καὶ
1123 2203 1200 2247 τοὺς

161 2264 304 2314 ἀτίμους
333 2265 490 2315 ἐντίμους
526 2268 670 2310 ποιῆσαι
701 2265 858 2317 χάτέρων
892 2269 992 2303 τινῶν
1022 2266 1107 2318 πρὸς
1138 2265 1199 2311 τὴν

162 2327 350 2372 Ἀθηναίων
368 2327 467 2364 πόλιν
489 2327 698 2377 διαλέγεται.
719 2327 763 2364 τὰ
780 2328 815 2365 δὲ
828 2328 933 2365 λοιπὰ
950 2332 1008 2365 τοῦ
1028 2328 1202 2380 δράματος

111 2407 145 2431 25
167 2390 367 2440 μονόκωλα,
390 2390 501 2433 ἄλλως
521 2389 556 2428 δὲ
576 2393 726 2443 τερπνὴν
750 2391 809 2429 καὶ
830 2392 1008 2444 φιλόλογον
1028 2391 1202 2441 λαμὸάνει

164 2458 343 2497 σύστασιν.
364 2459 614 2512 παρεισάγεται
632 2459 699 2512 γὰρ
721 2461 912 2513 Εὐριπίδης
938 2460 1105 2514 Αἰσχύλῳ
1124 2462 1204 2513 περὶ

165 2525 228 2568 τῆς
244 2525 410 2574 τραγικῆς
438 2522 697 2574 διαφερόμενος,
718 2524 757 2561 τὸ
775 2523 837 2573 μὲν
857 2523 1051 2575 ἔμπροσθεν
1070 2524 1204 2577 Αἰσχύ-

165 2587 227 2624 λου
248 2585 343 2639 παρὰ
366 2589 414 2638 τῷ
436 2586 521 2642 ᾍδῃ
543 2587 704 2639 βραὸεἵον
719 2587 877 2639 ἔχοντος,
901 2587 979 2625 τότε
993 2587 1030 2625 δὲ
1051 2589 1203 2640 Εὐριπί-

169 2648 227 2685 δου
249 2651 309 2694 τῆς
334 2652 437 2698 τιμῆς
469 2649 782 2699 ἀντιποιησαμένου
812 2650 872 2687 καὶ
901 2654 959 2688 τοῦ
989 2653 1204 2703 τραγῳδικοῧ

118 2722 154 2746 30
172 2709 303 2761 θρόνου.
323 2711 555 2757 συστήσαντος
570 2711 605 2749 δὲ
621 2716 680 2750 τοῦ
702 2711 907 2756 Πλούτωνος
927 2714 1041 2756 αὐτοῖς
1054 2714 1110 2751 τὸν
1127 2714 1208 2752 Διό-

172 2788 272 2811 νυσον
298 2775 481 2818 διακούειν,
507 2775 667 2828 ἑκάτερος
694 2778 809 2814 αὐτοῖν
833 2776 955 2827 λόγους
979 2777 1126 2820 πολλοὺς
1148 2778 1207 2816 καὶ

174 2835 347 2879 ποικίλους
362 2839 528 2885 ποιεῖται,
544 2839 604 2876 καὶ
626 2839 722 2883 τέλος
731 2840 847 2878 πάντα
860 2840 1001 2892 ἔλεγχον
1016 2841 1075 2879 καὶ
1092 2848 1208 2879 πᾶσαν

179 2896 328 2948 βάσανον
342 2900 401 2936 οὐκ
414 2900 586 2943 ἀπιθάνως
599 2902 760 2953 ἑκατέρου
775 2901 866 2940 κατὰ
878 2907 940 2949 τῆς
951 2903 1094 2955 θατέρου
1108 2904 1211 2950 ποιή-

179 2973 265 3002 σεως
285 2960 580 3011 προσαγαγόντος,
600 2963 717 3016 κρίνας
740 2965 836 3017 παρὰ
856 2966 1066 3018 προσδοκίαν
1089 2969 1106 3004 ὃ
1126 2966 1210 3005 Διό-

127 3032 162 3057 ³5
180 3035 279 3064 νυσος
295 3020 353 3058 τὸν
371 3023 545 3073 Αἰσχύλον
561 3031 671 3072 νικᾶν,
693 3025 782 3077 ἔχων
802 3028 904 3065 αὐτὸν
922 3030 967 3071 ὡς
985 3028 1063 3072 τοὺς
1084 3031 1212 3073 ζῶντας

183 3081 376 3134 ἀνέρχεται.
394 3084 432 3120 οὐ
449 3084 638 3130 δεδήλωται
654 3087 722 3137 μὴν
739 3087 823 3126 ὅπου
840 3090 931 3127 ἐστὶν
944 3093 966 3137 ἡ
979 3090 1102 3137 σκηνή·
1123 3093 1213 3129 εὔλο-

183 3142 337 3194 γώτατον
358 3145 386 3181 δ’
405 3147 439 3182 ἔν
455 3145 603 3191 Θῆὅαις·
626 3148 685 3185 καὶ
707 3149 773 3200 γὰρ
793 3153 810 3188 ὃ
830 3151 991 3196 Διόνυσος
1007 3154 1133 3190 ἐκεῖθεν
1154 3153 1214 3191 καὶ

185 3205 269 3258 πρὸς
283 3205 340 3243 τὸν
355 3206 532 3258 Ἡρακλέα
553 3210 743 3260 ἀφικνεῖται
759 3213 918 3258 Θηὸαῖον
935 3214 1028 3253 ὄντα.

1228 654 1425 693 Φιλωνίδου
1447 656 1492 696 εἷς
1510 653 1662 699 Λήναια.
1683 655 1817 705 πρῶτος
1836 649 1888 700 ῆν·
1911 654 2064 706 δεύτερος
2089 655 2265 708 Φρύνιχος

1230 717 1396 759 Μούσαις·
1413 716 1565 753 Πλάτων
1589 715 1700 767 τρίτος
1718 718 1932 768 Κλεοφῶντι.
1949 717 2038 754 οὕτω
2059 718 2092 755 δὲ
2118 718 2267 768 ἐθαυμά·

1230 784 1294 824 σθη
1320 778 1358 815 τὸ
1377 780 1493 829 δρᾶμα
1515 777 1571 815 διὰ
1597 777 1659 823 τὴν
1684 780 1718 815 ἐν
1739 780 1833 830 αὐτῷ
1851 779 2070 830 παράὸασιν,
2099 780 2188 818 ὥστε
2208 781 2268 818 καὶ

1232 840 1456 891 ἀνεδιδάχθη,
1478 839 1523 882 ὥς
1542 855 1627 892 φησι
1642 839 1866 892 Δικαίαρχος.

1726 946 1776 983 ΙΙ.

1444 1058 2071 1111 ΑΡΙΣΤΟΦΑΝΟΥΣ

1567 1183 1703 1220 ΓΡΑΜ
1709 1183 1745 1220 Μ
1750 1183 1833 1220 ATI
1840 1183 1953 1221 ΚΟΥ.

1348 1277 1480 1317 Μαθὼν
1500 1278 1582 1331 παρ’
1603 1278 1817 1331 “Ηρακλεόυς
1837 1278 2000 1322 Διόνυσος
2015 1280 2077 1326 τὴν
2098 1281 2174 1318 ὁδὸν

1346 1341 1430 1394 πρὸς
1446 1341 1524 1384 τοὺς
1541 1342 1807 1393 κατοιχομένους
1826 1342 2027 1394 πορεύεται,
2046 1344 2165 1382 λαὸὼν

1348 1404 1387 1442 τὸ
1409 1404 1519 1457 δέρμα
1541 1405 1654 1442 καὶτὸ
1675 1405 1858 1452 σκύταλον,
1881 1408 2066 1458 ἀναγαγεῖν
2088 1407 2195 1445 θέλων

1351 1467 1556 1519 Εὐριπίδην·
1576 1468 1704 1518 λίμνην
1723 1484 1759 1506 τε
1778 1468 1946 1506 διέὸαινεν
1965 1469 2060 1506 κάτω

1350 1530 1408 1568 καὶ
1426 1533 1493 1568 τῶν
1516 1531 1700 1583 βατράχων
1720 1531 1906 1584 ἀνέκραγεν
1922 1531 2073 1585 εὔφημος
2092 1534 2205 1586 χορός.

1353 1593 1471 1631 ἔπειτα
1489 1597 1627 1643 μυστῶν
1649 1594 1789 1646 ἐκδοχή.
1812 1594 1980 1633 Πλούτων
2002 1595 2029 1632 δ’
2048 1595 2127 1633 ἰδὼν
2307 1614 2339 1638 10

1353 1659 1399 1700 ὡς
1418 1657 1590 1709 εΗρακλεῗ
1604 1657 1839 1709 προσέκρουσε
1860 1657 1916 1695 διὰ
1935 1659 1991 1696 τὸν
2010 1659 2197 1712 Κέρὲερον.

1354 1722 1399 1762 ὡς
1419 1721 1446 1757 δ’
1470 1719 1642 1771 ἀνεφάνη,
1662 1721 1792 1758 τίθεται
1811 1722 2004 1774 τραγῳδίας
2026 1722 2130 1772 ἀγὼν,

1357 1782 1415 1820 καὶ
1438 1783 1479 1828 δὴ
1501 1783 1731 1835 στεφανοῦταί
1747 1787 1778 1835 γ’
1798 1785 1986 1836 Αἰσχύλος.
2008 1790 2126 1824 τοῦτον
2147 1787 2175 1824 δ’
2197 1788 2272 1838 ἄγει

1357 1845 1519 1888 Διόνυσος
1536 1848 1582 1888 εἷς
1602 1848 1688 1898 φῶς,
1710 1847 1786 1897 οὖχί
1807 1846 1857 1897 μὰ
1874 1847 1927 1886 Δί’
1949 1848 2155 1900 Εὐριπίδην.

1730 1953 1804 1990 ΙΙΙ.

1452 2054 1618 2107 [ΘΩΜΑ
1647 2057 1750 2094 ΤΟΥ
1779 2058 2083 2096 ΜΑΓΙΣΤΡΟΥ.

1308 2151 1470 2194 Διόνυσος
1497 2153 1687 2204 Εὐριπίδου
1716 2153 1812 2206 πόθῳ
1836 2154 1977 2206 ληφθεὶς
1996 2154 2055 2192 καὶ
2079 2156 2144 2205 οὐχ
2174 2149 2242 2197 οἷός
2264 2154 2294 2192 τ’
2316 2180 2348 2204 15

1257 2213 1304 2251 ὧν
1329 2214 1442 2258 ἄλλως
1462 2218 1671 2266 θεραπεῦσαι
1690 2215 1747 2252 τὸν
1769 2215 1903 2268 ἔρωτα,
1923 2219 1969 2259 εἷς
1991 2216 2100 2269 εἷ’-ᾍδου
2119 2218 2296 2254 κατελθεῖν

1257 2276 1435 2322 ἦῧουλήθη
1448 2306 1457 2323 ,
1477 2276 1570 2320 ὅπως
1595 2279 1667 2314 ἐκεῖ
1684 2277 1796 2330 τούτῳ
1814 2278 1952 2330 ἐντύχῃ.
1979 2279 2053 2316 ἐπεὶ
2075 2278 2110 2316 δὲ
2135 2283 2197 2326 τῆς
2218 2280 2297 2317 ὁδοῦ

1260 2340 1396 2391 ἄπειρος
1424 2334 1477 2385 ῆν,
1507 2338 1594 2390 ἔγνω
1624 2341 1690 2376 δεῖν
1721 2342 1767 2383 εἷς
1794 2340 1973 2393 <Ηρακλέα
2002 2341 2147 2394 πρόσθεν
2173 2343 2296 2382 ἐλθεῖν.

1260 2396 1357 2444 οἶτος
1376 2400 1442 2453 γὰρ
1461 2401 1590 2448 πάλαι,
1612 2403 1837 2445 κελεύσαντος
1866 2403 2088 2455 Εὐρυσθέως,
2120 2403 2298 2456 Κερῧέρου

1260 2464 1361 2516 χάριν
1392 2466 1438 2507 εἷς
1464 2462 1567 2518 ᾍδου
1588 2464 1723 2516 κατῄει.
1749 2464 1854 2502 ἐλθὼν
1874 2464 1909 2502 δὲ
1929 2465 1988 2502 καὶ
2009 2465 2198 2516 πυθόμενος
2219 2466 2300 2519 περὶ

1260 2532 1322 2574 τῆς
1338 2529 1436 2574 ὁδοῦ,
1456 2527 1584 2573 ἤκουσε
1603 2529 1685 2580 παρ’
1706 2529 1831 2575 αὐτοῦ,
1849 2528 1940 2572 ὅπως
1957 2529 2023 2581 ἄρα
2043 2531 2094 2567 δεῖ
2109 2531 2299 2577 κατελθεῖν,

1263 2589 1573 2643 χαριεντισαμένου
1608 2592 1693 2642 πρὸς
1728 2591 1831 2628 αὐτὸν
1864 2591 2041 2644 πρότερον.
2071 2592 2235 2636 Διόνυσος
2265 2593 2301 2631 δὲ

1263 2653 1322 2690 καὶ
1358 2652 1438 2704 πρὶν
1481 2654 1680 2698 ἀπαντῆσαι
1719 2653 1803 2705 πρὸς
1838 2653 2035 2706 ζΗρακλέα,
2074 2655 2151 2692 κατ’
2196 2655 2299 2694 αὐτὸν

1264 2715 1475 2761 ἐσκευάσθη,
1500 2716 1642 2761 λεοντῆν
1664 2715 1882 2765 ἐνδεδυμένος
1908 2716 1967 2754 καὶ
1997 2716 2146 2769 ῥόπαλον
2176 2716 2300 2770 φέρων.

1264 2781 1309 2821 ὡς
1329 2772 1386 2815 οὖν
1406 2777 1534 2823 ἤκουσε
1559 2777 1643 2829 παρ’
1674 2777 1886 2830 (Ηρακλέους
1911 2779 1990 2830 περὶ
2012 2782 2072 2825 τῆς
2101 2781 2198 2826 ὁδοῦ,
2228 2780 2302 2829 μεθ’
2321 2799 2355 2822 2⁵

1266 2843 1386 2878 ἑαυτοῦ
1408 2839 1526 2877 δοῦλόν
1546 2855 1622 2877 τινα
1636 2839 1726 2890 ἔχων
1743 2840 1896 2877 Ξανθίαν
1907 2870 1918 2890 ,
1940 2840 2063 2892 ἐχώρει
2080 2841 2163 2893 πρὸς
2177 2839 2302 2896 ᾍδην,

1266 2902 1325 2940 καὶ
1345 2905 1480 2954 πρῶτον
1501 2901 1562 2951 μὲν
1583 2901 1785 2952 ἐντυγχάνει
1807 2905 1850 2952 τῇ
1872 2902 2072 2954 Ἀχερουσία
2092 2902 2217 2953 λίμνῃ,
2242 2903 2309 2943 καὶ

1267 2968 1329 3018 ὁρᾶΙ
1356 2967 1389 3002 ἐν
1416 2967 1502 3016 αὐτῇ
1521 2965 1577 3002 τὸν
1593 2964 1755 3017 Χάροντα
1786 2964 1873 3015 μετὰ
1901 2965 2068 3017 σκάφους,
2095 2967 2136 3003 δι’
2164 2962 2203 3005 οὗ
2227 2966 2305 3010 τοὺς

1268 3031 1453 3071 τεθνεῶτας
1467 3030 1512 3071 εἷς
1525 3027 1635 3083 ε’ᾼδου
1649 3028 1767 3080 ἐπέρα.
1783 3028 1842 3066 καὶ
1853 3031 1870 3065 ὁ
1881 3027 1942 3078 μὲν
1956 3029 2109 3073 Ξανθίας
2122 3031 2183 3067 οὐκ
2195 3030 2303 3078 ἐπέῦη

1269 3095 1328 3129 τοῦ
1353 3091 1519 3143 σκάφους,
1540 3090 1596 3128 διὰ
1614 3091 1652 3128 τὸ
1672 3091 1719 3141 μὴ
1740 3091 1802 3137 τὴν
1823 3093 1857 3128 ἐν
1874 3092 2104 3144 Ἀργινούσαις
2119 3097 2306 3145 ναυμαχῆ-
2321 3114 2358 3139 30

1272 3171 1330 3193 σαι
1356 3154 1484 3206 μάχην·
1509 3156 1596 3205 πεζῇ
1625 3155 1660 3191 δὲ
1684 3154 1817 3207 περιῄει
1844 3154 1905 3201 τὴν
1925 3155 2060 3205 λίμνην.
2088 3156 2249 3200 Διόνυσος
2269 3158 2303 3194 δὲ

1272 3216 1394 3259 ἐπιὸὰς
1403 3247 1413 3263 ,
1429 3217 1488 3254 καὶ
1507 3219 1574 3254 τῶν
1589 3218 1621 3253 ἐν
1638 3219 1723 3267 αὐτῇ
1738 3217 1922 3268 βατράχων
1944 3217 2092 3262 ἀκούσας
2106 3218 2194 3269 με’λη
2207 3218 2304 3271 παρὰ

238 3268 289 3308 Τὸ
308 3270 344 3307 δε
364 3271 480 3322 δρᾶμα
499 3273 566 3307 τῶν
587 3275 622 3308 εὖ
638 3273 726 3311 πάνυ
741 3275 799 3311 καὶ
817 3277 1003 3328 φιλολόγως
1021 3279 1214 3329 πεποιημέ-
1274 3281 1331 3318 τὸν
1352 3282 1472 3327 πλοῦν,
1494 3282 1770 3331 διαπεραιοῦται,
1801 3281 1860 3318 καὶ
1880 3275 1974 3324 αὖθις
2000 3282 2133 3335 Ξανθία
2150 3282 2305 3332 συγγίνε-

139 3346 171 3369 w
191 3345 269 3370 νων.
299 3330 462 3382 ἐδιδάχθη
486 3332 542 3369 ἐπὶ
570 3334 723 3372 Καλλίου
750 3340 809 3373 τοῦ
838 3337 926 3386 μετὰ
955 3339 1128 3390 Ἀντιγένη
1160 3341 1217 3378 διὰ
1243 3322 1247 3378 ί
1273 3343 1424 3391 ται,καὶ
1446 3342 1506 3381 σὺν
1532 3345 1625 3394 αὐτῷ
1642 3342 1746 3380 πάλιν
1763 3343 1936 3395 ἁψάμενος
1963 3347 2023 3390 τῆς
2039 3345 2116 3382 ὁδοῦ
2132 3344 2300 3397 εὑρίσκει,

331 3405 438 3429 scum..
459 3407 510 3429 Am
514 3408 607 3430 &rom
611 3423 617 3428 .

2142 3425 2172 3448 18
