2533 3808
130 266 179 298 44
872 247 1127 288 SCHOLIA
1161 246 1219 284 IN
1255 246 1525 294 EQUITES.

182 366 245 391 3·.15
275 348 497 402 χορδεύματα
532 359 540 385 :
569 345 673 390 Εξῆς
710 342 770 381 καὶ
807 346 906 384 οὗτος
934 343 980 384 ὡς
1007 339 1169 392 μάγειρος

129 409 360 462 ἀποκρίνεται.
379 403 602 459 χορδεύματα
618 401 685 455 γὰρ
702 417 761 440 και
778 400 902 454 χορδαὶ
919 400 1106 437 καλοῦνται
1126 397 1170 436 τὰ

129 469 258 519 ἔντερα.

181 539 244 563 316.
275 525 450 574 μοχθηροῦ
474 519 576 571 βοὸς;
593 516 841 567 Θανασίμου
822 534 844 563 η
864 518 1034 558 ἀσθενοῦς.
1051 516 1171 566 ἰσχνοῦ

95 596 110 621 5
129 583 187 621 καὶ
203 580 453 631 λεπτοὸύρσου.
471 578 531 616 καὶ
547 581 646 615 τοῦτο
667 576 702 614 83
725 578 770 618 ὡς
793 574 923 628 βυρσέα
943 573 1111 612 σκώπτει.

183 653 247 678 317.
276 644 345 681 τοῖς
375 636 566 710 ἀγροίκοισι
597 638 831 685 πανοῦργος·
822 663 831 671 .
864 633 926 674 Εἷς
961 630 1172 680 ὑποδήματα

129 704 199 741 τοῖς
220 698 335 739 αὐτοῖς
359 695 418 733 καὶ
438 697 484 738 ὡς
506 710 568 737 τας
591 692 720 745 βύρσας
740 690 886 741 τέμνων.
909 688 1117 739 καττύματα
1137 686 1173 725 δὲ

128 755 172 793 τὰ
191 754 281 807 ἄκρα
300 753 456 806 δέρματα
480 767 539 790 και
561 753 606 794 εἷς
619 750 727 802 μικρὰ
744 747 966 799 τετμημένα,
985 747 1006 785 ἃ
1026 745 1173 799 προστί-

129 818 223 852 θεται
241 816 311 855 τοῖς
330 810 538 854 σανδαλίοις.
552 813 653 847 τοῦτο
673 807 709 846 δὲ
726 812 820 845 εἶπεν
836 809 881 850 ὡς
900 806 986 859 πρὸς
1006 804 1134 843 σκυτέα

79 889 110 913 10
183 884 247 910 318.
278 872 369 908 δυοῖν
387 871 535 921 δοχμαῖν
557 883 566 907 t
595 866 736 911 Παίζων
765 881 825 903 και
851 865 952 908 αὐτὸς
978 862 1176 906 παλαιστὰς

129 927 321 973 ἐξετείνετο.
347 926 459 979 δοχμή
477 926 544 978 γὰρ
574 929 596 971 ἡ
618 923 809 970 παλαιστή.
864 921 1009 965 Ἄλλως.
1027 920 1086 959 δύο
1104 937 1175 958 πα-

130 986 287 1030 λαιστάς.
309 985 528 1036 ἐκτεινόμενα
548 983 615 1036 γὰρ
640 982 684 1021 τὰ
706 981 810 1034 ἰσχνὰ
833 984 901 1019 τῶν
919 980 1098 1032 δερμάτων
1129 981 1175 1022 εἷς

132 1045 263 1088 πλάτος
280 1044 431 1089 αὔξεται.

188 1117 250 1141 319.
280 1101 372 1153 κάμὲ
406 1101 498 1140 τοῦτ’
527 1100 694 1153 ἔδρασεε

82 1177 114 1202 15
133 1165 226 1212 ἡμᾶς
246 1160 516 1207 ἐξηπάτηκεν,“
493 1175 582 1197 ωστε
603 1157 882 1208 καταγελάστους
898 1156 1067 1207 γενέσθαι.

187 1233 251 1258 320.
281 1225 351 1262 τοῖς
367 1218 579 1268 δηαόταισι;
598 1214 752 1261 Διαὸολὴ
770 1217 838 1252 τῶν
853 1213 1054 1261 Αθηναίων,
1072 1214 1101 1250 εἷ
1116 1211 1176 1250 καὶ

136 1279 254 1321 δοῦλος
272 1278 355 1329 παρ’
378 1278 493 1319 αὐτοῖς
513 1278 530 1313 8
551 1276 658 1324 δῆμος
676 1275 749 1311 ἀπα
752 1272 950 1323 γγέλλεται.

189 1349 251 1373 321.
278 1337 505 1385 Περγασῇσιν
527 1346 536 1371 z
555 1329 697 1382 ”Ονομα
715 1331 841 1380 δήμου.

189 1393 279 1431 ἔνεον
304 1394 337 1429 ἐν
357 1397 432 1435 ταῖς
449 1390 596 1441 ἐμὸάσιν
626 1403 634 1428 t
665 1387 911 1438 Ἔκολύμὸων,
937 1385 1113 1438 ἐνηχόμην
1141 1387 1175 1423 ἐν

83 1451 118 1490 ’20
135 1457 204 1494 τοῖς
231 1449 464 1500 ὑποδήμασιν.
489 1447 638 1498 ἐμὸάδες
657 1446 692 1484 83
713 1446 907 1498 ἐρρήθησαν
938 1444 1007 1482 ἀπὸ
1031 1447 1090 1482 τοῦ
1111 1445 1177 1493 ἐμ-

137 1510 266 1548 6αίνειν
297 1510 429 1551 αὐταῖς.
451 1505 693 1556 ἐκτεινομένων
721 1504 788 1558 γὰρ
816 1504 876 1542 καὶ
905 1501 1176 1576 πλατυνομένων

135 1569 286 1638 εὖχερως
311 1569 378 1603 τῶν
400 1564 593 1618 δερμάτων,
617 1563 854 1614 ἐκολύμὸων
841 1579 877 1600 εν
898 1562 1034 1609 αὐτοῖς,
1060 1563 1098 1599 ἐκ
1116 1564 1176 1598 τοῦ

135 1625 261 1676 μηκέτι
296 1623 504 1676 ἡρμοσμένα
532 1625 603 1666 τοῖς
635 1621 719 1660 ποσι
750 1624 818 1660 τῶν
850 1618 1046 1674 φορούντων
1087 1618 1177 1657 αὐτὰ

133 1687 235 1722 εἰναι.

79 1753 115 1778 25
186 1755 250 1780 322.
281 1745 349 1793 ἀρα
365 1740 513 1787 δῆτόὗκ
533 1739 591 1777 ἀπ’
611 1741 722 1791 ἀρχῆς
741 1751 750 1777 t
766 1737 811 1777 O
825 1737 926 1789 λόγος
941 1736 1027 1790 πρὸς
1043 1736 1102 1775 τὸν
1115 1738 1177 1774 ἀλ-

131 1799 373 1845 λαντοπώλην,
388 1798 545 1851 [κορωνὶς
563 1797 598 1836 83
612 1798 671 1835 καὶ
697 1796 842 1840 εἴσθεσις
857 1799 963 1848 χοροῦ
977 1796 1156 1848 προῳδικὴ
1168 1826 1177 1844 ,

117 1857 189 1895 ’διὰ
205 1857 242 1895 τὸ
254 1857 306 1894 ἀεὶ
319 1856 540 1908 προτίθεσθαι
550 1858 611 1901 τ’ἧς
627 1856 751 1900 διπλῆς
762 1884 771 1901 ,
783 1855 822 1891 ἐκ
836 1854 958 1891 κώλων
972 1853 1032 1891 καὶ
1048 1853 1177 1905 στίχων

726 1098 796 1138 Τὸν
829 1097 932 1136 αὐτὸν
958 1097 1084 1149 τρόπον
1116 1096 1175 1134 καὶ

125 1918 474 1970 ,πολυσχηματίστων
496 1916 644 1956 δώδεκα.
671 1911 718 1954 ιῖν
747 1914 791 1953 τὰ
810 1918 934 1967 πρῶτα
961 1915 1040 1967 τρία
1061 1931 1178 1953 παιω-

132 1977 211 2015 νικὰ
230 1977 375 2029 δίμετρα
394 1975 642 2022 ἀκατάληκτα,
662 1974 684 2012 ἃ
704 1975 863 2012 καλεῖται
879 1973 1031 2026 κρητικὰ
1052 1973 1178 2027 δίρρυ-

81 2051 116 2077 30
133 2039 215 2086 Ομα.
236 2035 276 2073 τὸ
295 2034 330 2072 83
355 2035 382 2072 δ’
408 2034 592 2086 τροχαϊκὸν
614 2031 866 2086 ἑφθημίμερὲς,
887 2031 904 2069 ὃ
924 2033 1083 2069 καλεῖται
1105 2033 1176 2071 Εὐ-

135 2093 297 2146 ριπίδειον
318 2092 340 2138 ἢ
374 2092 549 2139 ληκύθιον.
576 2090 620 2129 τὰ
639 2090 674 2128 83
694 2091 742 2137 3'‚
764 2091 808 2135 ς’,
838 2090 885 2137 θ’,
909 2090 929 2127 ι’
957 2090 1175 2143 τετράμετρα

133 2150 388 2198 καταληκτικά.
406 2150 450 2188 τὰ
464 2149 499 2188 83
516 2150 557 2196 ζ’,
574 2150 607 2197 η’
624 2147 816 2186 δακτυλικὰ
833 2147 1066 2201 τετράμετρα.
1082 2148 1127 2186 τὰ
1141 2147 1176 2186 δὲ

133 2212 319 2248 τελευταῖα
358 2208 418 2246 δύο
460 2207 612 2258 ἷαμὸικὰ
649 2206 868 2258 τετράμετρα
912 2206 1178 2254 καταληκτικὰ,

119 2268 236 2319 ,ὅμοια
257 2273 326 2311 τοῖς
343 2267 430 2314 ἑξῆς.
447 2267 503 2305 ἐπὶ
522 2269 572 2319 τῷ
591 2265 682 2304 τέλει
703 2265 879 2318 κορωνίς.]

84 2340 118 2365 35
189 2340 252 2365 325.
283 2331 498 2378 προστατεῖε
524 2327 759 2376 Προηγεῖται,
778 2322 996 2374 προέστηκε,
1019 2338 1180 2375 παρακο-

114 2423 117 2428 ,
134 2384 262 2422 λουθεῐ.
284 2383 500 2422 καθάπτεται
518 2386 585 2420 τῶν
605 2381 760 2435 ῥητόρων
780 2384 826 2424 ὡς
840 2383 1002 2419 ἀναιδῶν.

190 2456 256 2482 326.
287 2438 326 2494 [ᾗ
347 2442 413 2481 σὺε
435 2445 548 2480 Τοῦτο
564 2441 649 2493 πρὸς
668 2440 727 2478 τὸν
758 2439 916 2478 Κλέωνα.
940 2439 1103 2490 ἀμέλγεις
1123 2439 1178 2486 83,

119 2500 327 2551 -λαμὸάνεις
356 2499 400 2537 τὰ
427 2501 540 2536 αὐτῶν
572 2498 779 2550 πράγματα.
809 2501 910 2534 τοῦτο
930 2496 966 2534 83
986 2497 1084 2551 παρὰ
1115 2497 1178 2544 τὴν

134 2557 251 2603 κοινὴν
274 2556 453 2602 συνήθειαν
475 2556 641 2608 εἴρηται,]

81 2629 118 2654 40
189 2631 268 2659 τους
302 2614 525 2667 καρπίμους;
561 2613 652 2657 Τους
672 2612 835 2665 εὐπόρους
866 2629 934 2650 των
968 2611 1001 2656 ξε
988 2628 1069 2649 -νων
1104 2613 1180 2649 δια-

136 2673 254 2720 σείεις,
274 2672 352 2716 τους
378 2671 563 2714 πλουσίους
583 2671 643 2709 καὶ
669 2672 909 2722 εὐποροῦντας.
941 2669 1143 2720 ἀμέλγεις
1125 2670 1179 2717 03,

137 2731 317 2784 ἀποδρέπη
331 2761 340 2778 ,
361 2729 576 2776 ἀπανθίζεις,
598 2735 726 2803 τρυγᾶς
745 2728 805 2766 καὶ
824 2726 989 2780 καρπίζῃ.
1025 2727 1118 2770 ἰδίως
1144 2728 1179 2765 83

137 2790 300 2841 ἀμέλγειν
319 2788 458 2840 λέγεται
477 2788 516 2825 τὸ
533 2787 630 2840 παρὰ
650 2787 707 2824 τὸν
724 2785 947 2839 προσήκοντα
971 2785 1089 2837 καιρὸν
1108 2784 1179 2822 ἀώ-

139 2864 214 2900 ρους
229 2847 307 2890 τοὺς
326 2847 478 2900 κάρπους
498 2847 674 2892 ἀποσπᾶν,
692 2845 777 2897 ὅπερ
795 2846 825 2882 οἱ
846 2842 993 2881 κλέπται
1009 2847 1178 2882 ποιοῦσιν.

84 2917 119 2943 ⁴5
189 2920 252 2945 327.
283 2909 300 2943 8
320 2905 348 2943 8⁷
369 2904 588 2955 Ἱπποδάμου
613 2919 620 2942 :
652 2907 766 2946 Ουτος
790 2905 825 2941 ἐν
847 2903 1008 2964 Πειραιει
1029 2901 1180 2955 κατῴκει

137 2964 196 3001 καὶ
210 2963 320 3002 οἰκίαν
338 2968 444 3014 εἰγεν,
463 2962 573 3015 ἥνπερ
591 2964 697 3008 ἀνῆκε
713 2960 884 3012 δηιιοσίαν
898 2965 996 2998 εἰναι
1013 2960 1072 2998 καὶ
1088 2963 1180 3012 πρῶ-

137 3037 194 3064 τος
215 3021 314 3064 αὐτὸς
336 3021 394 3058 τὸν
422 3023 574 3092 Πειραιᾶ
603 3019 693 3058 κατὰ
721 3019 765 3056 τὰ
795 3017 939 3064 Μηδικὰ
970 3018 1177 3069 συνήγαγεν.

138 3083 180 3126 ἠν
198 3078 233 3116 83
259 3078 445 3124 Ἀθηναίοις
464 3078 589 3128 τίμιος.
610 3094 744 3130 πικριι)ς
771 3072 829 3115 oUv
857 3076 983 3128 λέγει“
972 3075 1023 3114 ότι
1050 3092 1092 3113 συ
1117 3076 1178 3127 μὲν

140 3134 313 3180 ἀνάξιος
293 3152 340 3173 ων
358 3136 565 3188 σφετερίζει,
584 3135 643 3173 καὶ
664 3136 732 3173 ἀπὸ
758 3135 900 3173 πάντων
929 3134 1085 3187 κερδαίνε
1091 3150 1135 3181 ις,
1162 3137 1179 3172 8

95 3207 130 3233 50
142 3194 177 3232 83
200 3193 422 3236 εὐνούστατος
444 3191 490 3230 ὧν
511 3196 553 3244 τῇ
573 3194 671 3230 πόλει
693 3193 941 3230 καταλείὸεται
958 3193 1029 3236 τοῖς
1048 3193 1179 3244 δάκρυ-

143 3268 195 3290 σιν
215 3251 359 3296 ἀναξίως
378 3253 465 3304 ὁρῶν
486 3267 524 3288 σε
543 3249 587 3287 τὰ
608 3254 668 3296 τῆς
687 3250 819 3293 πόλεως
840 3250 1095 3302 καρπούμενον.
1116 3252 1178 3288 λυ-

141 3313 275 3357 πεῖται,
291 3309 406 3363 φησὶν,
428 3311 445 3346 ὃ
460 3307 744 3361 Ἀρχεπτόλεμος.
763 3304 858 3351 οὗτος
872 3309 939 3360 γὰρ
956 3308 1070 3346 πολλὰ
1090 3308 1179 3360 ὠφέ-

141 3370 225 3416 λησε
245 3368 307 3415 τὴν
328 3367 441 3406 πόλιν.
465 3366 525 3404 καὶ
545 3368 575 3404 οἳ
596 3365 657 3415 μὲν
679 3365 783 3403 αὐτόν
801 3382 885 3418 φασι
906 3367 1067 3419 Θούριον,
1090 3369 1121 3404 οἱ
1142 3366 1179 3404 83

142 3426 288 3478 Σάμιον,
297 3427 328 3464 οἵ
338 3425 373 3464 83
382 3424 566 3471 Μιλήσιον.
579 3423 737 3467 Κλέωνος
745 3424 779 3462 δὲ
788 3426 847 3476 ἐχθ
853 3419 970 3477 ρὸςῆν.
1027 3424 1173 3469 Ἄλλως.

1227 340 1443 390 Ἱππόδαμος
1467 339 1569 391 μόνος
1600 339 1753 379 λείὸεται
1779 341 1838 379 καὶ
1869 345 2031 389 ἡττᾶται.
2063 342 2267 381 διεὸάλλετο

1225 398 1292 451 γὰρ
1313 399 1371 437 ἐπὶ
1389 398 1590 450 πολυφαγία
1607 401 1625 436 8
1641 398 1870 450 Ιππόδαμος.
1887 403 1933 444 ὡς
1952 395 2010 439 oUv
2030 405 2088 439 τοῦ
2110 401 2271 444 Κλέωνος

1227 456 1322 499 ὄντος
1339 456 1625 509 γαστριμάργου,
1655 458 2020 509 παρευδοκιμουμένου
2041 458 2077 497 83
2103 459 2169 497 ὑπὸ
2189 459 2271 498 Ἱπ-

1226 514 1409 565 ποδάμου,
1431 514 1602 565 κέχρηται
1623 518 1666 566 τῇ
1694 515 1871 567 συγκρίσει
1895 517 2164 568 χρησιμώτατα.
2183 520 2269 568 ὁμοῦ

1227 572 1294 625 γὰρ
1313 573 1373 610 καὶ
1397 572 1455 610 τὸν
1479 572 1695 622 Ἱππόδαμον
1722 573 1782 610 καὶ
1809 574 1866 611 τὸν
1894 574 2043 612 Κλέωνα
2071 576 2269 615 διαὸάλλει.
2290 589 2307 614 5

1226 655 1281 662 w-
1300 634 1317 669 8
1337 630 1552 681 Ἱππόδαμος
1570 629 1591 676 ἢ
1613 633 1630 668 8
1651 630 1937 683 Ἀρχεπτόλεμος.
1957 642 1996 671 V.
2267 662 2285 678 4

1283 703 1345 728 328.
1388 691 1423 726 ἐν
1455 688 1647 726 ἐπεισθέσει
1679 691 1778 727 κῶλα
1813 690 1844 742 β’
1881 691 2075 729 δακτυλικὰ
2105 691 2278 745 δίμετροέ,

1230 747 1473 794 ἀκατάληκτον
1494 747 1532 785 τὸ
1552 747 1592 793 ά,
1611 747 1651 785 τὸ
1669 746 1704 785 83
1723 748 1754 799 β’
1775 749 2043 796 καταληκτικόν.
2059 757 2100 786 V.
2121 773 2174 779 —-
2187 741 2290 803 ἀνὴρ

1231 805 1343 859 ἕτερος
1365 821 1374 846 t
1395 806 1439 845 Ὁ
1461 805 1746 853 ἀλλαντοπώλης.
1767 807 1944 860 -ἐφάνη
1971 821 1980 847 :
2005 806 2147 861 εὑρέθη,
2163 824 2276 846 κατα-

1231 864 1340 918 φανὴς
1360 864 1506 913 ἐγένετο.
1538 873 1570 914 V.
1596 872 1681 903 Vect.
2298 880 2331 904 10

1284 936 1346 962 330.
1377 923 1412 967 ὃς
1431 940 1469 961 σε
1496 923 1625 962 παύσει
1647 938 1656 962 t
1680 923 1913 963 Καταπαύσει
1933 940 1992 972 σε,
2014 924 2279 997 παρευδοκιμή-

1232 997 1295 1019 σει.
1316 980 1482 1033 πάρεστιν
1504 981 1605 1033 ἐγγυς
1624 985 1722 1025 οὗτος
1741 981 1800 1019 καὶ
1820 982 1968 1029 πλησίον
1982 981 2042 1020 καὶ
2059 983 2121 1020 οὔκ
2144 984 2201 1026 εἷς
2210 994 2280 1040 μα-

1232 1039 1331 1093 κράν.
1388 1040 1531 1084 Αλι.λι)ς
1545 1039 1737 1093 υπερὸαλεῗ
1752 1055 1789 1078 σε
1800 1042 2130 1094 ,παραδραμεῖται,
2143 1041 2280 1088 νικήσει

1233 1114 1283 1137 σε.
1307 1099 1367 1136 καὶ
1397 1098 1556 1151 ςΌμηρος
1573 1105 1676 1146 [niad.
1691 1108 1735 1144 A,
1755 1104 1818 1146 132]
1841 1118 1855 1133 «
1883 1099 1958 1138 ἐπεὶ
1984 1101 2022 1137 0U
2047 1099 2281 1152 παρελεύσεαι

1235 1156 1312 1195 οὐδέ
1333 1173 1376 1208 με
1397 1158 1539 1202 πείσεις.
1559 1176 1574 1192 »
2303 1173 2334 1198 15

1285 1228 1348 1253 331.
1369 1218 1412 1267 τῇ
1433 1214 1643 1268 κακοτεχνίᾳ
1669 1214 1729 1252 καὶ
1760 1214 1950 1268 θρασύτητι
1970 1215 2029 1253 καὶ
2054 1214 2283 1268 ἀναισχυντία

1233 1273 1292 1311 καὶ
1313 1274 1498 1320 δολιότητι.
1519 1274 1579 1312 καὶ
1601 1276 1619 1311 8
1643 1272 1765 1312 Κλέων
1781 1273 1847 1326 γὰρ
1866 1273 1952 1326 πρὸς
1971 1273 2074 1326 χάριν
2094 1273 2154 1312 καὶ
2172 1275 2283 1312 κολα-

1233 1332 1330 1370 κείαν
1342 1332 1564 1403 ἐδημηγόρει.
1578 1340 1620 1369 V.
1631 1331 1972 1382 -κοὸαλικεύμασι
1985 1345 1993 1371 :
2006 1335 2068 1385 Τῷ
2082 1332 2283 1370 κολακεύειν

1233 1406 1293 1427 και
1322 1390 1406 1443 πρὸς
1425 1391 1529 1442 ’χάριν
1558 1390 1780 1461 δημηγορεῖν.
1802 1388 1877 1427 ἐπεὶ
1897 1405 1957 1427 και
1983 1392 2000 1427 8
2029 1389 2152 1428 Κλέων
2173 1390 2283 1429 ἐδόκει

1233 1447 1330 1500 παρὰ
1362 1451 1431 1492 τοῖς
1452 1448 1647 1494 ἩΑθηναίοις
1677 1449 1869 1497 εὐδοκιμεῖν
1891 1446 1948 1484 διὰ
1979 1447 2018 1486 τὸ
2046 1448 2131 1501 πρὸς
2158 1448 2284 1496 ἡδονὴν
2303 1464 2338 1489 20

1234 1508 1293 1545 καὶ
1305 1507 1408 1560 χάριν
1426 1509 1650 1560 δημηγορεῖν.
1670 1507 1730 1544 καὶ
1747 1488 1834 1550 ὅλως
1852 1507 1894 1544 δι’
1906 1509 1953 1544 ὡν
1970 1522 2055 1560 φησι
2074 1511 2194 1546 τοῦτον
2216 1523 2286 1545 πα-

1237 1566 1512 1618 ρευδοκιμήσειν,
1532 1566 1590 1603 τὸν
1613 1564 1853 1618 Παφλαγόνα,
1877 1563 1934 1602 διὰ
1953 1565 2083 1603 τούτων
2103 1565 2286 1604 διαὸάλλει

1233 1624 1291 1661 τὸν
1317 1623 1482 1671 Κλέωνα,
1504 1622 1644 1666 δεικνυς
1659 1621 1712 1660 ὅτι
1734 1622 1778 1660 τὰ
1797 1626 1940 1661 τοιαῦτα
1961 1622 2078 1662 πάντα
2098 1623 2284 1676 πρόσεστιν

1237 1683 1351 1735 αὐτῷ,
1371 1682 1413 1720 δι’
1432 1686 1480 1720 ὡν
1496 1682 1584 1755 ῃἯρθη
1604 1681 1724 1733 μέγας.
1741 1705 1792 1710 —
1808 1681 2129 1735 πανουργεύμασιν.
2145 1690 2188 1721 V.

1288 1754 1358 1781 333.
1397 1741 1475 1778 ἀλλ’
1506 1744 1535 1779 ὠ
1561 1740 1734 1794 τραρεὶςε
1755 1739 1930 1787 Τοιαύτης
1963 1742 2158 1793 ἀνατροφης
2181 1757 2287 1792 μετα·
2305 1754 2344 1779 25

1236 1798 1344 1851 σχὼν,
1360 1799 1517 1838 τουτέστι
1536 1805 1691 1851 πονηρᾶς
1704 1813 1764 1836 και
1783 1801 1906 1844 κακῆς.
1923 1798 2000 1837 ὅθεν
2016 1801 2047 1837 οἱ
2065 1799 2287 1853 ἀνατραφέν-

1237 1873 1291 1901 τες
1319 1857 1437 1910 ἅνδρες
1466 1859 1495 1896 οἱ
1525 1856 1665 1909 ἔξαρχοι
1692 1855 1752 1895 καὶ
1781 1856 2046 1909 πρωτεύοντες,
2079 1858 2110 1894 οἷ
2130 1858 2279 1910 ἀνδρεῖοι

1238 1916 1455 1969 Ὁμηρικῶς.

1290 1989 1354 2014 334.
1385 1974 1424 2012 τὸ
1441 1974 1624 2027 σωφρόνως
1643 1977 1816 2027 τραφῆναι
1836 1987 1845 2012 :
1865 1973 1918 2012 Τὸ
1936 1975 2094 2017 ἐπιεικῶς
2109 1973 2170 2012 καὶ
2189 1975 2286 2025 εὖγ..«

1236 2036 1301 2077 νῶς
1333 2036 1589 2086 ἀνατραφῆναι.
1620 2033 1677 2071 τὸν
1706 2031 1981 2079 ἀλλαντοπώλην
2017 2032 2052 2070 83
2081 2032 2287 2085 βουλόμενος
2303 2051 2340 2076 30

1238 2092 1452 2141 διαὸάλλειν,
1479 2091 1648 2129 δείκνυσιν
1673 2091 1776 2129 αὐτὸν
1799 2093 1957 2144 πονηρῶν
1985 2093 2093 2137 ἠθῶν.
2117 2091 2208 2129 ἀλλὰ
2225 2088 2290 2129 λε-’

1236 2151 1390 2197 ληθότιι)ς
1406 2151 1447 2188 δι’
1469 2145 1516 2188 ὧν
1533 2151 1613 2201 περὶ
1632 2149 1756 2188 τούτου
1778 2149 1872 2200 λέγει
1892 2149 2048 2194 ὀνειδίζει
2064 2149 2142 2194 τοὺς
2161 2150 2286 2193 ἄλλους

1236 2208 1378 2252 πολίτας
1394 2211 1440 2252 ὡς
1459 2208 1528 2246 ἀπὸ
1545 2211 1612 2246 τῶν
1628 2207 1792 2246 τοιούτων
1809 2207 2030 2260 ὁρμωμένους
2048 2207 2288 2257 ἐπιτηδευμά-

1236 2283 1303 2304 των
1323 2266 1382 2305 καὶ
1404 2267 1684 2316 εὐδοκιμοῦντας.
1702 2288 1755 2295 --
1787 2267 1833 2309 ὡς
1852 2265 1949 2303 οὐδὲν
1966 2265 2062 2317 λέγει
2091 2278 2100 2305 :
2135 2263 2289 2308 Οὐδενός

1237 2327 1328 2363 ἐστιν
1349 2324 1452 2371 ἄξιον,
1471 2324 1568 2362 οὐδὲν
1588 2323 1692 2363 πλέον
1711 2324 1817 2376 λέγει.
1842 2331 1928 2362 Vict.
2306 2343 2343 2369 3⁵

1291 2397 1355 2422 335.
1389 2384 1465 2434 [καὶ
1486 2382 1555 2433 μὴν
1574 2382 1736 2421 ἀκούσαθ’
1754 2377 1821 2426 οἷος
1837 2397 1845 2421 :
1868 2382 2029 2426 Εἴσθεσις
2042 2383 2167 2430 διπλῆς
2186 2383 2290 2432 ἀμοι-

1238 2441 1339 2483 ὅαίας
1359 2443 1397 2479 ἐκ
1419 2441 1548 2493 στίχων
1569 2441 1742 2492 ἷαμὸικῶν
1759 2440 2002 2494 τετραμέτρων
2022 2442 2288 2489 καταληκτικῶν
2310 2447 2313 2449 ’

1237 2499 1307 2538 λὸ’.
1329 2494 1377 2536 ὧν
1398 2501 1596 2542 τελευταῖος

1331 2587 1367 2624 νὴ
1387 2586 1439 2617 τὸν
1453 2587 1614 2625 Ποσειδῶ,
1633 2585 1718 2627 κάμὲ
1727 2586 1786 2627 γὰρ
1802 2586 1895 2628 ἤνπερ
1911 2597 1947 2625 γε
1960 2589 2069 2619 τοῦτον
2085 2587 2189 2628 ἕλκῃς.

1238 2667 1295 2705 ἐπι
1312 2685 1361 2705 τω
1381 2667 1473 2705 τέλει
1493 2667 1650 2714 διπλῆ”’
1616 2684 1681 2712 εςω
1700 2673 1892 2706 νενευκυῖα.
1907 2667 1964 2705 {³⁸
1926 2684 1983 2713 ης
2003 2667 2038 2706 δΞ
2055 2666 2186 2706 τούτων
2200 2669 2285 2719 ἷαμψ
2304 2685 2342 2712 40

1238 2725 1321 2764 ὃικὰ
1343 2709 1486 2778 δίμετρα
1507 2725 1736 2772 ἀκατάληκτα
1760 2726 1798 2763 ιε’
1809 2725 1926 2773 ,πλὴν
1942 2730 2004 2764 τοῦ
2027 2726 2286 2778 παρατελεύτου

1239 2784 1452 2857 μονομέτρου
1469 2784 1563 2827 ὄντος
1578 2800 1638 2821 και
1651 2787 1711 2822 τοῦ
1731 2783 1930 2822 τελευταίου
1948 2783 2109 2836 διμέτρου
2125 2786 2287 2832 καταλη-

1238 2847 1369 2882 κτικοῧ.
1389 2843 1445 2881 ἐπι
1463 2859 1512 2880 τιι)
1532 2842 1623 2880 τέλει
1642 2841 1803 2889 διπλη””
1769 2858 1833 2886 εςω
1850 2857 2041 2881 νενευκυια.
2047 2842 2061 2893 ]

1290 2916 1355 2941 3:36.
1387 2904 1450 2940 οὐκ
1477 2896 1521 2939 αὖ
1546 2902 1582 2951 μ’
1602 2901 1682 2939 ἐάσε
1687 2915 1742 2944 ις;
1761 2902 1873 2939 Οὐκ’
1857 2916 1974 2953 επιτρε
1960 2902 2070 2953 ψζεις,
2089 2902 2126 2939 οὗ
2152 2917 2288 2955 συγχω-

1239 2960 1352 3013 ρήσεις
1370 2976 1440 3011 μοι.
1462 2963 1480 2997 8
1501 2959 1535 2997 83
1557 2958 1715 2998 Κλέων’
1700 2958 1792 2996 εστὶν
1808 2961 1826 2996 8
1845 2957 1955 3009 λέγων
1969 2958 2053 3011 πρὸς
2071 2959 2131 2997 τὸν
2151 2961 2285 2999 ἀλλαν-
2303 2976 2339 3005 45

1237 3017 1411 3064 τοπώλην.
1434 3017 1665 3068 ἐπιστομίζειν
1695 3015 1762 3069 γὰρ
1794 3016 1896 3054 αὐτὸν
1925 3018 2051 3061 ἐκεῖνος
2081 3017 2287 3070 βουλόμενος

1236 3075 1341 3127 λέγει.

1291 3148 1355 3176 340
1386 3136 1422 3172 0U
1439 3132 1623 3186 παρήσωζ
1644 3133 1697 3171 OU
1714 3132 1980 3186 παραχωρήσιι.)
2003 3133 2090 3187 πρὸς
2106 3133 2142 3172 83
2165 3134 2204 3172 τὸ
2223 3135 2287 3173 οὔκ

1237 3191 1368 3239 ἐάσεις,
1390 3194 1427 3230 οὐ
1455 3191 1605 3243 παρήσω
1625 3191 1733 3228 εἰπεῖν
1753 3194 1906 3243 πρῶτον,
1931 3191 2100 3238 δηλονότι.
2129 3192 2286 3245 ἀμφιὸό-

1236 3253 1304 3294 λως
1321 3251 1356 3288 83
1377 3254 1464 3289 εἰπε.
1488 3249 1599 3300 λεγων
1622 3265 1702 3321 γαρ,
1723 3251 1785 3287 οὐκ
1807 3249 1846 3287 ἂν
1870 3249 1999 3302 πρώτῳ
2014 3249 2127 3301 λέγειν
2149 3249 2287 3303 ἐπιτρέ-
2303 3269 2341 3295 50

1237 3308 1343 3361 ψαιμί
1364 3323 1434 3355 σοι,
1465 3307 1575 3351 ἔδοξεν
1605 3307 1836 3361 εὐρημότερον
1865 3306 2118 3360 ἀποκρίνασθαι
2142 3306 2227 3360 πρὸς
2246 3307 2287 3346 τὸ

1237 3367 1294 3403 ὑπ’
1311 3365 1440 3403 ἐκείνου
1462 3365 1563 3417 ῥηθὲν
1585 3364 1878 3418 διαρραγήσομαι.
1899 3364 2042 3417 [διόπερ
2058 3364 2133 3411 ἑξῆς
2149 3367 2168 3403 8
2185 3365 2288 3419 χορὸς

1203 3462 1206 3466 ,
1238 3423 1464 3476 ἀπεκρίνατο,
1483 3423 1590 3476 πάρες
1606 3424 1689 3476 πρὸς
1708 3426 1776 3462 τῶν
1793 3425 1877 3462 θεῶν
1898 3424 2157 3476 διαρραγῆναι.]
