2517 3792
1123 162 1288 201 PLUTI.
1853 139 1856 141 Β
2163 185 2238 219 547

153 244 233 288 τους
249 249 342 289 θεους
361 246 574 285 delendum.
597 246 682 282 Alio
706 246 821 283 modo
843 250 1027 285 sententia
1050 248 1165 285 selio-

153 303 273 341 liastae
294 318 470 355 expressa
503 304 616 341 estin
638 307 694 349 V.,
729 302 777 353 μὴ
805 305 901 355 (hoc
934 281 1199 352 delendum)l

153 361 390 414 πεφεισμένως
407 362 537 413 ανδρῶν
558 364 650 398 Εἶπίν
667 361 864 438 Ενταῧοαζυ
852 379 905 399 ινα
921 362 968 412 μὴ
989 363 1078 401 κατὰ
1095 366 1163 401 τῶν
1193 383 1195 391 '

152 422 238 457 θεῶν
258 419 363 458 εἰπὼν
378 419 554 462 κάκείνους
570 419 658 457 πάθε
663 435 672 456 ι
689 419 855 472 προζεύξῃ
872 423 926 470 (si
932 436 959 459 r.
975 422 1162 474 προσζεύξῃ

151 479 211 515 vel
233 477 435 528 ὑποζεύξῃ).
454 476 507 514 ὅτι
532 478 616 526 (scr.
643 477 664 523 ἢ
683 477 721 515 ὅτ
711 479 761 527 .tJ
791 479 825 515 ἐν
856 480 1012 530 σγῆματι
1044 481 1164 541 ἀνδρὸς
1191 503 1193 514 1

150 550 235 586 φασι
267 535 536 588 (501·.ε’φάνη).
570 535 709 579 εἰκότως
740 537 801 574 οὐκ
833 537 920 587 ἔκνι)
950 540 1051 577 αὐτον
1075 543 1163 576 εἰναι

148 594 321 641 Πλοῦτον,
336 593 444 636 ούτως
456 595 618 646 ῥυπῶντα
632 594 691 632 καὶ
706 595 867 632 ταπεινὸν
893 595 974 633 ὄντα
998 613 1046 634 τι)
1068 597 1162 648 σχή-

148 668 243 702 ματι.
264 657 385 691 Dum.
404 678 445 685 —
463 655 510 691 28
537 653 572 691 δὲ
590 669 664 691 om.
689 659 736 692 R.

199 711 263 758 83,
281 712 328 748 38
350 713 472 749 ἀντων.
488 711 677 757 πεποίηται
694 715 741 749 R.
760 737 800 743 —
815 714 863 761 39
880 712 920 750 τὰ
935 713 1000 765 γὰρ
1018 713 1160 765 ἀόριστα

143 769 212 806 τῶν
232 784 293 821 πρ.
319 770 431 807 etiam
453 769 588 806 Suidas
611 771 650 806 in
672 770 876 812 Αὐτότατος.
897 774 1084 808 Kusterus
1107 772 1160 808 le-

144 828 308 876 gendum
330 836 438 877 putat
455 827 498 866 τὰ
513 827 580 880 γὰρ
600 827 720 879 ὃριστά
733 857 743 874 ,
761 842 844 878 quae
865 843 939 866 vox
962 829 1061 866 haud
1080 831 1158 866 scio

142 898 189 922 an
210 885 313 936 apud
327 887 593 935 grammaticos
614 886 661 922 sit
675 886 714 922 in
729 901 799 923 usu
820 900 890 936 pro
906 885 950 923 τὰ
966 886 1156 939 ὡρισμένα.

141 943 337 982 Laborare
354 945 507 982 videtur
525 943 766 996 πραγμάτων,
790 945 897 994 cujus
926 946 1010 983 vice
1041 947 1070 983 si
1101 960 1156 983 re-

140 1015 262 1052 ponas
290 1002 508 1054 προσώπων,
542 1015 672 1040 sensus
707 1003 780 1039 erit
809 1016 886 1039 non
917 1003 1155 1041 abhorrens:

139 1061 414 1111 pronominum
443 1061 543 1097 enim
566 1061 687 1097 tertiae
711 1073 881 1110 personae
911 1062 1070 1110 qualitas
1100 1071 1157 1100 est

138 1120 306 1166 infinita,
329 1128 371 1156 ut
390 1118 628 1169 grammatici
655 1119 781 1156 Latini
801 1119 1028 1169 loquuntur.
1061 1124 1157 1158 Mox

137 1178 288 1225 malim,
307 1171 332 1228 ἧ
352 1171 410 1215 οὖν
430 1181 452 1224 ἡ
471 1176 672 1226 ἀντωνυμία
686 1185 756 1213 etc.
773 1180 919 1214 Hmisr.
941 1178 1154 1217 ἀνεπίστατα

136 1239 182 1274 R.
197 1260 238 1268 —
261 1242 310 1281 40
328 1235 406 1273 ἀντὶ
428 1234 545 1278 οὐσίας
569 1233 787 1285 λαμὸάνεται
819 1238 862 1272 V.
892 1236 964 1284 Qui
988 1242 1031 1280 41
1068 1245 1155 1287 post

136 1292 227 1346 μέρη
245 1293 370 1340 addit,
388 1291 507 1337 ἔπαιξε
523 1292 562 1330 τὸ
583 1291 782 1334 αὐτότατος.
803 1293 840 1330 οὐ
869 1292 936 1344 γὰρ
955 1293 1154 1345 ἐπιδέχεται

136 1350 318 1404 ὑπέρθεσιν
334 1353 356 1396 ἡ
376 1350 588 1400 ἀντωνυμία.
611 1351 781 1399 Regius:
805 1349 862 1388 Τὰ
885 1350 950 1401 γὰρ
981 1352 1059 1423 περὶ
1089 1352 1151 1399 τὴν

134 1409 254 1447 οὐσίαν
270 1408 490 1463 θεωρούμενα
505 1407 667 1459 δέχονται
684 1407 746 1454 τὴν
766 1423 880 1445 ανεσιν
899 1409 957 1447 καὶ
978 1411 1151 1458 ἐπίτασιν,

133 1463 203 1507 οἷον
221 1466 460 1521 λευκότερος
441 1484 463 1512 η
486 1465 824 1518 μελάντερος-αυτὴ
853 1466 888 1503 δὲ
909 1472 931 1514 ἡ
957 1469 1057 1506 οὐσία
1090 1472 1152 1508 οὐκ

133 1524 334 1577 ἐπιδεχεται
349 1526 388 1563 τὸ
410 1526 543 1576 μᾶλλον
572 1540 632 1561 και
649 1524 688 1562 τὸ
708 1519 731 1570 ἦ
733 1539 835 1561 τ·τον
857 1524 935 1562 οὐδὲ
954 1525 1020 1579 γαρ
1051 1527 1091 1565 λέ
1075 1543 1150 1578 575-

131 1601 191 1623 ται
211 1586 331 1629 ζωονε
317 1583 434 1636 ετέρου
457 1581 622 1635 ζωότερον
653 1581 729 1621 οὐδὲ
759 1582 938 1635 ἅνθρωπος
969 1587 1150 1638 ἀνθρώπου

130 1641 412 1695 ἀνθρωπότερος·
432 1641 471 1679 τὸ
487 1644 568 1691 γοῦν
590 1640 689 1684 αὐτὸς
707 1650 777 1678 etc.

185 1702 249 1746 84,
269 1702 340 1745 48-
344 1703 389 1738 51
408 1699 466 1737 τὸν
487 1698 865 1751 Πατροκλέα-Πελαρ
868 1705 941 1749 γοῖς
968 1702 1022 1739 sic
1044 1704 1084 1739 in
1102 1707 1147 1740 V

130 1765 174 1799 In
196 1764 243 1798 R.
287 1759 373 1797 Ald.
395 1759 434 1795 ἐκ
455 1756 700 1809 Πατροκλέους
728 1757 899 1809 ἔρχομαιε
921 1753 984 1802 Εἰς
1006 1764 1046 1806 ἠν
1078 1777 1147 1798 των

127 1819 185 1857 τὸν
203 1816 407 1857 Λακωνικὸν
429 1816 502 1867 βίον
521 1814 668 1861 ζηλούν
656 1831 717 1853 ων
747 1815 933 1862 Αθηναίων
959 1817 1149 1866 (Ἀθηναῖος

84 1888 86 1890 ’
127 1881 188 1925 R„
204 1876 352 1914 omissis
370 1873 672 1925 praecedentibus
692 1873 821 1911 verbis
835 1904 844 1920 ‚
863 1888 947 1924 quae
966 1876 1065 1914 infra
1081 1879 1148 1915 ha-

127 1937 190 1972 bet
206 1936 232 1971 l.
261 1934 308 1971 52
327 1941 414 1984 post
438 1931 685 1984 προσίεσθαι),
705 1932 869 1975 πλούσιος
903 1932 966 1983 μὲν
988 1935 1119 1988 σφόδρα
1135 1967 1144 1983 ,

127 1994 241 2036 ἄλλως
258 1991 294 2030 δὲ
310 1989 475 2033 κακόὸιός
493 2005 543 2032 τις
561 1989 621 2027 καὶ
645 1989 908 2042 φιλοχρήματος
931 1991 990 2029 καὶ
1007 1995 1147 2047 σκνιςρὸς

125 2051 360 2103 κωμῳδεῖται,
387 2051 433 2093 ὡς
452 2050 487 2087 ἐν
507 2049 593 2097 (τοῖς
613 2049 701 2087 add.
729 2049 792 2100 R.)
816 2051 1023 2103 Πελαργοῖς.
1043 2060 1144 2104 -49

124 2109 244 2149 κνιπὸν
261 2113 308 2146 V.
326 2112 466 2147 Forma
478 2105 622 2149 σκνιπός
637 2108 760 2145 utitur
774 2108 926 2154 Suidas,
951 2111 1016 2159 qui
1043 2111 1143 2149 hune

124 2181 276 2206 versum
294 2167 462 2217 explicat
481 2179 509 2206 s.
525 2167 748 2217 Πατροκλῆς.
767 2194 808 2199 -
825 2167 872 2203 52
898 2170 960 2212 τῆς
985 2182 1059 2206 om.
1083 2174 1141 2217 V.‚

122 2227 239 2264 habet
257 2225 404 2263 Suidas.
422 2223 477 2262 εἴα
493 2223 695 2275 προσίεσθαι
709 2228 754 2261 R.
776 2233 813 2261 et
832 2225 978 2263 Suidas.
998 2226 1052 2264 εἴα
1066 2242 1141 2266 om.

121 2289 167 2323 V.
188 2296 264 2319 -2
293 2281 424 2334 ηὔχμει
452 2281 686 2318 Dindorfius.
706 2280 809 2332 ηὔχει
837 2282 959 2319 codex
991 2288 1051 2331 V.‚
1074 2288 1140 2335 qui

120 2344 228 2381 addit
251 2339 370 2386 ἐπειδὴ
391 2339 426 2377 δὲ
445 2338 607 2382 πλούσιος
626 2338 690 2390 μὲν
714 2339 845 2394 σφόδρα
864 2341 911 2377 ὣν
927 2371 937 2388 ,
959 2341 1014 2378 διὰ
1034 2343 1072 2381 τὸ
1089 2345 1137 2394 μὴ

119 2399 281 2439 λούεσθαι
305 2399 539 2450 κωμῳδεῖται.

174 2459 238 2505 88,
267 2470 312 2494 10
329 2453 428 2503 Ἵνα,
452 2454 556 2507 φησὶ,
582 2454 620 2492 τὸ
643 2459 686 2492 V.
704 2480 743 2486 —
766 2469 806 2492 11
840 2458 900 2500 ’.ἧς
928 2458 1060 2508 ῥήσεως
1081 2460 1136 2497 ἐπὶ

118 2517 181 2564 τὴν
195 2514 334 2563 ἡλικίαν
352 2514 518 2565 ἀνενέγκῃ
537 2513 598 2551 καὶ
614 2514 653 2551 τὸ
669 2514 753 2551 Ald.
777 2539 818 2545 —
841 2528 886 2550 12
919 2514 966 2552 ὢν
991 2518 1137 2556 addidit

117 2579 263 2614 Hemst.
280 2598 322 2605 —
349 2579 394 2616 14
418 2571 643 2609 καταλείπειν
666 2575 712 2609 R.
738 2572 823 2610 Ald.
856 2574 1064 2612 καταλαέὼν
1092 2581 1133 2614 V.

115 2657 158 2666 ....
181 2632 225 2670 15
242 2634 260 2669 6
276 2644 352 2671 om.
376 2633 422 2668 R.
440 2654 480 2663 .-
501 2630 544 2665 16
567 2629 776 2681 βουλόμενον
793 2660 803 2677 ,
827 2631 870 2667 18
888 2626 946 2668 οὖν
966 2637 1068 2673 τοῦτο
1082 2634 1133 2672 ὅτι

116 2695 174 2738 V.‚
192 2690 258 2741 qui
286 2703 330 2739 19
350 2702 425 2726 om.
445 2687 572 2730 πάντες
586 2687 626 2726 ἂν
649 2687 707 2725 διὰ
737 2688 775 2726 τὸ
800 2690 960 2741 πλουτεῖν
976 2722 985 2739 ,
1013 2703 1051 2729 et
1085 2707 1131 2732 22

115 2747 179 2794 τὴν
201 2745 325 2799 ἀρετὴν
352 2755 440 2798 post
468 2745 667 2799 ἀνθρώπους
698 2748 875 2797 ponit.-
892 2756 936 2791 24
963 2752 1024 2795 τῆς
1054 2764 1128 2789 om.

114 2807 230 2844 idem.
242 2831 284 2838 -—
301 2806 348 2842 25
366 2807 405 2842 οὐ
420 2804 489 2854 μὴν
508 2803 564 2842 διὰ
578 2805 663 2842 Ald.
684 2805 726 2842 δι’
743 2809 785 2843 V.
802 2806 882 2843 sine
897 2809 970 2852 τῆς.

169 2878 219 2913 90
238 2866 377 2902 lemma
397 2864 542 2900 omittit
561 2872 599 2900 et
627 2862 740 2906 ἄλλως
761 2865 872 2914 ponit
891 2869 933 2903 V.
952 2891 993 2897 —
1012 2880 1060 2917 29
1089 2869 1126 2906 ἕ-

113 2924 261 2976 χρῶντο,
281 2922 424 2959 scilicet
446 2922 477 2958 οἱ
506 2921 642 2958 δίκαιοι.
655 2923 726 2959 ἐκεῖ
746 2923 878 2960 codeX.
896 2925 1020 2962 ἐκεῖνοι
1041 2936 1128 2964 sunt

113 2983 145 3020 οἱ
162 2981 286 3019 ἄδικοι.
304 2983 421 3017 Dim).
437 3007 476 3013 -
497 2981 544 3016 3ο
563 2979 688 3023 ἄλλως.
708 2980 914 3033 παρῴδηται
934 2985 972 3020 ἐκ
992 2987 1063 3032 τοῦ,
1079 2989 1121 3023 31

112 3039 265 3093 ἔκρυψαν
285 3037 320 3075 δὲ
337 3037 405 3075 θεοὶ
419 3041 467 3073 V.
484 3060 526 3068 —
547 3038 608 3074 32.
627 3042 722 3084 Quae
746 3048 835 3089 post
855 3041 1010 3078 Hesiodi
1033 3056 1122 3080 ver-—

112 3111 194 3135 sum
229 3103 442 3146 sequuntur
463 3124 473 3141 ,
508 3095 607 3131 male
638 3096 774 3133 affecta
807 3106 895 3134 sunt
908 3127 918 3144 ,
951 3108 1067 3149 atque
1103 3114 1124 3138 a

111 3158 241 3208 priore
267 3157 365 3193 forte
396 3155 644 3191 annotatione
675 3155 823 3193 divulsa
853 3169 924 3205 per
955 3170 1122 3197 errorem

109 3216 183 3253 huc
201 3214 445 3251 transierunt.
462 3214 607 3248 Hmsr.

164 3274 230 3322 93,
240 3273 289 3321 39
303 3269 373 3322 εὕρ.
395 3269 430 3307 δὲ
458 3268 517 3307 καὶ
539 3269 623 3320 πρὸς
644 3270 830 3319 γεν.,πλὴν
855 3272 1010 3315 σπανίως
1024 3278 1118 3325 Reg,

162 3335 226 3378 94,
250 3335 298 3372 40
321 3341 376 3378 sq.
393 3329 568 3379 συμφωνῶ
589 3328 710 3365 solum
730 3329 847 3365 habet
863 3330 1018 3377 Suidas,
1037 3334 1120 3370 reli·

1193 254 1333 309 quis,
1361 268 1444 303 quae
1470 255 1601 305 inepta
1621 264 1729 301 sunt,
1764 259 1923 296 omissis.
1954 264 2099 299 Πυιςτ.
2127 290 2167 298 -
2187 266 2233 308 43

1225 311 1317 349 ἔστιν
1339 312 1548 367 μετάφρασις
1568 317 1627 351 του
1648 318 1691 352 R.
1707 322 1806 360 —44
1829 316 1895 363 ἤδη
1925 332 2000 356 om.
2029 325 2067 357 V.
2074 323 2170 372 ‚qui
2196 324 2235 359 in

1225 372 1298 408 fine
1314 370 1448 421 ταγέως
1464 371 1501 408 τὸ
1517 371 1595 417 ηδη.
1610 397 1650 403 —
1672 373 1719 417 45
1737 387 1811 410 om.
1832 378 1877 410 G.

1278 430 1341 476 (3,ss
1359 430 1405 471 46
1424 427 1480 465 διὰ
1501 428 1558 475 δὲ,
1579 436 1623 475 47
1646 430 1729 482 φασὶ
1756 431 1855 468 πόλιν
1877 437 1919 470 V.
1937 436 2041 478 —48
2074 437 2236 475 ἀποσκώ-

1223 459 1421 529 πτοντοςΡι.
1439 487 1775 526 αποσκύπτονταν.
1796 492 2064 530 ἁποσκοπουντα
2080 497 2123 532 G.
2138 496 2233 534 lbid.

1222 544 1391 595 πονηροὺς
1413 544 1512 585 ὄντας
1529 548 1570 580 V.

1276 616 1340 649 99,
1363 608 1412 649 4‘)
1431 616 1514 653 φασι
1536 606 1576 638 V·

1279 660 1364 703 103,
1395 659 1414 694 3
1438 658 1477 695 τὸ
1494 658 1665 695 ἀντιοολω
1686 659 1856 698 additum
1877 676 1922 699 ex
1944 667 1985 699 V.
2003 694 2042 698 -
2059 680 2077 711 7
2096 666 2237 710 τούτους

1220 721 1261 754 V.
1288 726 1326 754 et
1341 717 1477 755 Suidis
1496 731 1524 753 s.
1555 719 1680 755 Πιθου.
1707 721 1827 756 τοῦτον
1855 724 1901 757 R.
1925 723 2009 759 Ald.
2041 723 2076 760 δὲ
2102 727 2130 760 οἱ
2159 739 2233 762 om.

1219 775 1367 814 Suidas.
1386 777 1416 812 οἱ
1436 788 1509 812 om.
1529 779 1570 813 V.

1277 834 1361 879 106,
1382 846 1419 868 ιι
1441 832 1499 869 καὶ
1517 832 1620 882 μόνον
1638 833 1861 871 Schaeserus.
1882 833 1903 879 ἢ
1929 835 2030 885 μόνον
2051 841 2153 875 Junt.
2174 843 2236 875 Pa-

1218 890 1281 926 ris.
1305 894 1397 940 Reg.
1419 890 1458 927 τὸ
1475 892 1540 942 οὐχ
1559 892 1693 937 Paris„
1719 905 1795 928 non
1813 895 1904 942 Reg.

1276 961 1361 996 109,
1383 949 1451 984 13-
1462 950 1506 985 15
1525 949 1634 985 sicin
1651 953 1697 986 V.
1690 977 1713 994 .,
1732 950 1880 994 ἀληθως.
1896 966 2023 1000 τεχνην
2048 953 2105 989 τὸν
2136 953 2232 991 δόλον

1218 1005 1365 1042 Ἀττικοὶ
1386 1005 1556 1056 λέγουσιν.
1574 1007 1614 1044 τὸ
1631 1005 1666 1043 δὲ
1687 1006 1766 1044 ἄνευ
1785 1008 1883 1046 δόλου
1901 1011 1944 1047 ἀλ
1947 1009 2057 1055 ·rfls'c’
2043 1026 2148 1048 εστιν.
2172 1012 2232 1048 ἅλ-

1216 1065 1294 1106 λως.
1318 1063 1394 1101 ἀντι
1419 1079 1478 1101 του
1511 1063 1666 1107 ἁπλῶς*
1648 1081 1669 1110 η
1687 1064 1861 1109 καθάπαξ.
1883 1069 1900 1103 6
1932 1066 1997 1119 (ὰρ
2024 1067 2118 1111 τόνος
2160 1078 2230 1106 etc.

1216 1127 1410 1161 Postrema
1456 1133 1544 1175 post
1582 1124 1695 1167 ἄλλως
1731 1134 1813 1162 sunt
1849 1127 1963 1163 etiam
1996 1128 2035 1164 in
2074 1130 2167 1166 Rav.
2192 1160 2231 1164 ,-

1220 1183 1265 1218 16
1311 1180 1356 1220 τὰ
1407 1182 1652 1232 σημαινόμενα
1694 1186 1737 1219 V.
1786 1208 1826 1216 -
1870 1197 1913 1230 17
1960 1184 1999 1221 τὸ
2046 1185 2231 1238 ἀδιάυορον

1216 1239 1317 1278 libri.
1335 1244 1426 1278 Post
1444 1239 1569 1285 ἀληθὲς
1587 1239 1724 1289 subjici
1746 1241 1930 1284 debebat,
1961 1241 2135 1293 ἀτέγνως,
2152 1258 2231 1280 ανευ

1213 1296 1363 1349 τέχνης,
1415 1299 1559 1349 ἇμαθως
1575 1328 1585 1346 ,
1624 1299 1778 1347 ἀμελῶς,
1826 1300 1840 1349 [
1862 1300 2031 1346 οἰνεπιστη
2037 1300 2147 1349 μόνςω
2193 1303 2231 1338 in

1213 1357 1321 1407 Reg]
1352 1366 1418 1394 aut
1455 1357 1576 1394 simile
1623 1357 1827 1406 quiddam,
1868 1365 1909 1393 ut
1943 1339 2145 1395 cominode
2180 1373 2232 1396 se-

1214 1419 1451 1466 queretur,6
1472 1415 1539 1466 γὰρ
1562 1414 1658 1458 τόνος
1694 1424 1763 1453 etc.
1793 1415 1917 1452 Habet
1949 1417 2112 1464 Suidas,
2143 1418 2230 1454 licet

1213 1475 1483 1524 Aristophanis
1500 1475 1607 1520 loco,
1630 1474 1734 1524 quod
1756 1474 1899 1524 alioqui
1918 1475 2031 1519 solet,
2058 1488 2132 1511 non
2155 1489 2230 1524 po-

1212 1533 1285 1570 sito
1303 1563 1312 1582 ,
1332 1533 1484 1570 aliunde
1505 1545 1572 1568 sua
1588 1532 1766 1568 videatur
1796 1545 1910 1581 quam
1928 1546 1973 1569 ex
1997 1533 2053 1568 his
2075 1533 2228 1570 scholiis

1212 1592 1393 1628 hausisse.
1410 1591 1462 1628 Τὸ
1481 1589 1666 1642 ἀδιάφορον
1691 1592 1751 1635 τηως
1771 1590 1929 1641 χρήσεως
1962 1591 2023 1626 hic
2059 1591 2226 1628 alienum

1210 1660 1287 1697 est,
1309 1651 1375 1687 ubi
1393 1651 1584 1701 praecessit
1598 1649 1810 1686 διαστέλλειν
1827 1664 1834 1686 :
1855 1650 2008 1699 praeciso
2029 1651 2153 1699 capite
2169 1653 2226 1687 iu·

1211 1709 1356 1757 tegrini·
1368 1709 1440 1744 erit
1456 1708 1581 1754 lectio,
1593 1707 1631 1743 —.‘0
1649 1706 1810 1759 διάφορον
1825 1710 1886 1752 τῆς
1903 1706 2072 1758 χρήσεως·
2089 1722 2226 1757 quem-

1209 1766 1418 1803 admodum
1449 1765 1664 1814 Etymolog.
1680 1765 1720 1801 in
1742 1763 1910 1817 ''Hpmtz6
1941 1765 2100 1818 διάφορος
2130 1766 2224 1809 τόνος

1209 1823 1370 1875 διάφορον
1392 1828 1484 1859 ποιεῖ
1504 1821 1562 1859 καὶ
1582 1821 1644 1867 τὴν
1668 1823 1845 1870 σημασίαν
1862 1837 1870 1844 ·
1892 1830 1929 1858 et
1949 1823 1987 1859 in
2006 1821 2100 1864 Πούς
2120 1838 2128 1860 t
2150 1824 2224 1861 ὀνό-

1209 1898 1304 1930 ματα
1323 1881 1407 1934 πρὸς
1440 1881 1601 1933 ’διάφορον
1628 1878 1884 1930 σημαινόμενον
1915 1880 2074 1933 διάφορον
2099 1881 2222 1932 ἔχοντα

1206 1940 1265 1978 καὶ
1281 1940 1339 1977 τὸν
1359 1939 1467 1977 τόνον.
1485 1942 1570 1976 Non
1593 1940 1682 1976 satis
1702 1947 1790 1988 apte
1814 1939 2075 1989 conglutinata
2101 1950 2195 1990 puto
2210 1971 2221 1988 ‚

1207 2012 1289 2048 quae
1302 1998 1506 2048 separatim
1526 1996 1822 2034 inveniebantur
1834 1996 1933 2033 binis
1946 1998 1982 2034 in
1998 1998 2110 2035 codd.
2129 2013 2217 2048 quo—

1206 2070 1291 2094 rum
1312 2057 1348 2092 in
1370 2069 1464 2101 unc),
1487 2058 1504 2092 6
1519 2054 1585 2106 γὰρ
1603 2054 1698 2097 τόνος
1719 2053 1918 2091 διαστέλλει
1934 2054 1972 2091 τὸ
1999 2056 2219 2105 σημαινόμε-

1204 2130 1281 2162 νον,
1299 2115 1338 2152 in
1360 2115 1480 2151 altero
1499 2114 1633 2160 fuerit,
1651 2115 1668 2150 6
1683 2129 1718 2163 γ.
1738 2128 1771 2151 τ.
1793 2113 1824 2149 δ.
1844 2111 1907 2158 τὴν
1926 2115 1987 2158 τῆς
2001 2113 2127 2164 τέχνης
2142 2115 2221 2152 στέ-

1205 2189 1302 2225 ρησιν
1319 2202 1328 2218 ,
1350 2172 1408 2209 καὶ
1440 2172 1479 2209 τὸ
1502 2170 1660 2222 διάφορον
1688 2172 1749 2216 τ’ῆς
1778 2170 1949 2222 χρήσεως.
1979 2175 2126 2208 ΗΕΜ5Τ.
2158 2176 2220 2218 τῆς

1202 2231 1328 2281 τέχνης
1344 2239 1382 2266 et
1399 2228 1490 2267 κατὰ
1507 2231 1672 2280 περισσοῦ
1690 2232 1731 2263 V.
1756 2231 1922 2278 περισσοῦ
1943 2227 2038 2270 ὄντος
2052 2232 2095 2265 R.
2111 2255 2151 2260 —-
2173 2232 2217 2265 18

1203 2299 1291 2340 post
1308 2305 1334 2340 χ
1347 2290 1472 2339 pergit
1483 2292 1527 2325 R.
1545 2286 1652 2338 τέχνη
1667 2286 1732 2338 γὰρ
1748 2288 1765 2323 6
1781 2285 1876 2328 δόλος
1890 2287 1971 2339 παρ’
1990 2287 2163 2330 Ἀττικοῖς.
2178 2289 2217 2325 τὸ

1201 2348 1236 2387 δὲ
1255 2348 1333 2386 ἄνευ
1352 2347 1451 2385 δόλου
1468 2344 1604 2390 ἀληθές,
1620 2370 1660 2376 -
1678 2358 1722 2380 21
1749 2359 1782 2380 τι
1799 2342 1820 2388 ἢ
1840 2342 1911 2393 μὴ,
1930 2345 1992 2381 οὐκ
2007 2343 2082 2381 ἔστι
2102 2346 2185 2381 Ald.

1257 2422 1323 2444 111
1344 2408 1434 2455 ,39
1458 2404 1535 2441 ἀλλ’
1571 2402 1663 2447 απαξ
1694 2402 1769 2439 ἀλλ’
1791 2403 2006 2451 ὃμουπάντες
2038 2407 2085 2440 R.
2109 2432 2146 2436 -
2167 2411 2216 2448 40

1198 2464 1291 2508 ἅπαξ
1308 2463 1507 2501 Dobraeus.
1527 2460 1772 2504 ἁπαξάπαντες
1788 2460 1871 2497 Ald.
1890 2460 1981 2504 ἅπαξ
1996 2459 2143 2501 άπαντες
2164 2463 2210 2497 R.

1196 2549 1237 2556 -.
1256 2529 1301 2566 41
1322 2521 1487 2559 τάττεται
1511 2520 1644 2556 melius
1666 2518 1855 2567 congruit.
1876 2516 1947 2556 Δύο
1967 2516 2055 2570 με’ρη
2076 2533 2136 2555 του
2151 2517 2214 2555 λό-

1194 2596 1256 2630 γου
1277 2589 1314 2617 et
1335 2578 1399 2631 ὑφ’
1427 2577 1461 2615 ἓν
1491 2576 1675 2614 τάττεσθαι
1704 2576 1930 2625 plerumque
1958 2578 2212 2626 grammaticis

1195 2639 1303 2689 quasi
1325 2644 1598 2688 opponuntur;
1615 2635 1721 2671 velut
1738 2633 1840 2684 apud
1860 2635 2024 2683 Etymol.
2054 2636 2091 2671 in
2124 2634 2212 2684 Ἀμ-

1194 2696 1357 2746 Εωμοῐσι.
1392 2698 1601 2743 Propterea
1629 2692 1774 2742 duplex
1802 2691 2022 2729 observatio
2048 2706 2056 2728 ε
2089 2693 2211 2742 prima

1191 2755 1330 2792 veteris
1349 2752 1582 2803 grammatici
1599 2781 1608 2799 ,
1629 2752 1695 2801 qui
1715 2752 1898 2800 separatis
1917 2750 2100 2787 orationis
2120 2764 2210 2800 par—
2263 2764 2269 2768 ⁴

1192 2813 1292 2850 tibus
1324 2811 1440 2849 scribi
1470 2810 1645 2859 volebat,
1681 2807 1774 2850 ἅπαξ
1808 2808 1983 2852 ἅπαντες·
2017 2821 2128 2857 quam
2169 2810 2207 2844 in

1189 2870 1399 2920 exemplari
1431 2882 1499 2906 suo
1530 2869 1648 2905 solam
1673 2866 1861 2904 invenisse
1886 2867 2043 2903 Suidam
2074 2873 2205 2915 patet:

1188 2931 1306 2967 altera
1323 2928 1476 2966 serioris
1489 2956 1498 2973 ‚
1516 2926 1571 2978 ὑφ’
1591 2925 1626 2962 ἓν
1644 2928 1753 2962 ταῦτα
1771 2923 1944 2960 τάττεται.
1962 2927 2106 2961 HmtsT.

1246 3002 1259 3023 1
1273 2988 1332 3031 15,
1353 2987 1399 3029 43
1420 2982 1626 3036 τυφλώσεως
1646 2987 1707 3029 V.‚
1726 2996 1772 3019 ex
1790 2995 1866 3030 quo
1887 2988 1934 3025 44
1950 2981 2119 3017 additum
2135 2982 2202 3017 τῶν

1186 3047 1228 3098 ὅιρ
1215 3046 1384 3094 θαλμων.
1408 3042 1464 3078 lb.
1489 3056 1573 3092 φασι
1593 3040 1678 3078 Ald.
1705 3053 1782 3076 om
1808 3042 1855 3076 V.
1872 3069 1912 3075 ...
1930 3039 1977 3081 46
2003 3037 2132 3083 ταύτης
2164 3053 2202 3087 (ε

1185 3108 1229 3140 V.
1246 3101 1375 3139 παύσει
1394 3100 1477 3137 Ald.
1499 3098 1522 3143 ἥ
1543 3098 1572 3134 σ’
1597 3096 1670 3148 ἔγει
1693 3101 1725 3133 V
1729 3097 1966 3133 alckenarius
1990 3095 2093 3146 apud
2115 3099 2200 3132 Do—

1183 3162 1345 3198 biaeum.

1240 3233 1325 3267 119,
1346 3218 1392 3254 52
1412 3214 1580 3252 lemmati
1600 3212 1642 3249 τὰ
1658 3212 1785 3250 τούτων
1801 3212 1948 3250 addidit
1965 3214 2110 3249 Hemst.
2142 3209 2197 3249 Τὰ

1181 3275 1310 3314 τούτων
1329 3277 1396 3312 τῶν
1413 3275 1488 3310 ἀνθ.
1511 3271 1597 3308 libri
1616 3279 1753 3319 praeter
1766 3273 1811 3310 R.
1829 3294 1870 3302 --
1888 3271 1934 3306 53
1955 3268 2118 3307 λανθάνει
2133 3269 2197 3304 αὔ·-

1180 3334 1236 3371 τὸν
1270 3337 1312 3369 V.
1335 3356 1376 3364 -
1409 3346 1423 3367 1
1465 3337 1552 3380 post
1584 3326 1732 3379 δευτέρῳ
1764 3327 1867 3365 addit
1893 3331 1940 3364 V.
1985 3325 2109 3367 ἄλλως.
2150 3323 2193 3360 τὰ

2059 3395 2110 3423 35.
