2533 3808
181 805 211 829 10

182 1100 213 1124 15

180 1389 213 1414 20

182 1686 214 1710 25

182 1975 216 1999 30

181 2265 214 2289 :35

183 2560 217 2584 40

183 2845 217 2869 45

231 202 304 236 372

227 298 323 330 μενοι
343 281 405 326 τὴν
422 283 455 319 ἐν
472 281 539 322 τοῖς
561 278 706 323 πλήθεσι
727 277 903 330 διατριὸὴν
932 276 1202 327 ἀπαναινόμενοι
1227 278 1259 314 ἐν

229 339 442 392 ἐρημίαιςφε
436 339 584 390 ’,ρονται
605 335 661 373 διὰ
691 339 790 373 τοῦτο
818 335 878 373 καὶ
909 335 971 380 τὴν
1001 337 1067 372 τῶν
1101 337 1261 386 γεωργῶν

231 399 306 434 διατ
310 396 406 448 ριὸὴν
426 396 513 444 μελα
516 393 660 445 γχολίαν
686 393 884 443 ὠνόμασεν,
908 395 953 435 ὡς
971 395 1004 430 ἐν
1029 395 1142 444 ἀγροῖς
1167 408 1263 442 γενο-

231 454 335 503 μένην
319 453 369 503 m]
388 478 431 482 —
447 468 594 502 γεωργος
611 455 669 490 εἰς
689 452 857 523 Γιευργεῗν
880 450 1117 501 ἐπιστάμενος.
1137 458 1178 488 Ρ.
1198 465 1263 499 με-

230 511 433 561 λαγχολαντ
451 508 760 558 “Υπολαυ.6άνεις’
746 510 806 558 εμὲ
823 507 1040 558 μαινόμενον.
1066 516 1126 546 Dv.
1146 507 1263 556 μαίνε-

231 571 309 605 σθαι
321 598 330 614 ,
347 567 436 604 ὥστε
452 567 655 619 ἀποτρέχειν
673 568 718 609 εἷς
736 565 796 609 τὰς
811 565 975 619 ἐρήμους,
991 568 1036 608 ὡς
1057 567 1088 603 οἱ
1106 564 1265 616 γεωργοί.

230 628 273 665 Θ.
295 634 333 663 P.

282 697 344 722 904.
376 683 577 734 σκήπτομαί
595 684 644 734 γ’,
662 682 751 720 όταν
748 682 879 733 τύχω;
897 681 996 724 Τινὲς
1012 684 1079 719 τῶν
1099 683 1267 727 πολιτῶν,

231 741 332 787 ηνίκα
355 741 548 794 χρημάτων
562 745 602 786 ἠν
620 739 763 792 εἰσφορὰ
779 739 863 791 πρὸς
880 739 941 785 τὴν
959 739 1069 786 πόλιν,
1081 738 1143 785 τὴν
1160 740 1268 788 ἐμπο-

233 800 306 851 ρίαν
327 799 614 872 ἐπροφασίζον,το
639 815 700 843 την
715 797 906 870 Ιυεῖσφορόιν
916 796 1115 849 βουλόμενοι
1140 799 1268 849 φυγεῖν,

232 857 370 907 ἀζήμιοι
389 856 455 910 γὰρ
476 861 568 894 οὗτοι
583 856 722 908 διεφυλ’
703 871 865 905 αττοντο,
883 872 927 898 ως
946 871 1048 907 φησιν
1068 854 1268 907 Εὐφρόνιος,

230 917 276 957 ὡς
298 930 360 960 την
383 914 520 952 πόλιν
502 929 572 964 ωφε
560 918 712 956 λουντες
734 916 881 951 πλεῖστα
902 913 958 950 διὰ
988 916 1047 959 τῆς
1075 914 1185 950 αὐτῶν
1205 914 1270 949 ἐμ-

231 971 364 1024 πορίας.
382 972 432 1009 διὸ
459 972 518 1009 καὶ
542 974 559 1008 6
582 972 796 1024 συκοφάντης
820 971 914 1022 λέγει
937 970 1010 1018 ὅτι,
1027 970 1107 1008 ὅταν
1130 969 1271 1020 γένηταί

233 1031 306 1079 (τις)
326 1029 442 1081 καιρὸς
456 1029 609 1078 πολέμου
627 1029 704 1080 [καὶ
728 1028 965 1082 εἷσφορᾶς],”
947 1044 1095 1081 εμπορον
1122 1028 1271 1078 ἐμαυτον

233 1088 412 1124 ἀποκαλω.
471 1083 629 1136 [Ἄλλως.
674 1085 767 1132 ὅταν,
805 1101 920 1137 φασιν,
954 1085 1018 1122 ἀνά
1022 1100 1087 1134 γ·κη
1130 1084 1272 1134 γένηται

232 1143 459 1196 πράγματος,
480 1160 522 1181 σκ
522 1144 682 1217 ήπτομαι
698 1143 775 1181 τότε
801 1143 949 1195 ἔμπορος
976 1147 1073 1181 εἰναι.
1097 1142 1272 1195 προφασί-

233 1205 354 1250 ζομαι,
379 1202 496 1254 φησὶν,
517 1201 569 1239 ὅτι
585 1201 770 1252 πέμπομαι
788 1204 833 1244 εἷς
858 1202 915 1239 τὸν
939 1200 1101 1251 πόλεμον.
1104 1201 1118 1250 ]
1134 1224 1185 1229 —-
1207 1200 1269 1250 ἔμ-

234 1273 360 1312 πορος;
386 1259 679 1312 Πραγματευτής.
699 1268 762 1297 Do.
787 1260 877 1297 κατὰ
907 1259 1079 1297 θάλατταν
1106 1235 1272 1310 ἐμπορίαν

233 1316 449 1367 ποιούμενος.
476 1327 516 1356 Ρ.
535 1318 735 1367 σκήπτομαι
758 1331 766 1356 z
789 1317 878 1355 Ἀντὶ
905 1321 963 1355 τοῦ
997 1316 1270 1369 προφασίζομαι.

233 1380 279 1418 Θ,
301 1384 365 1416 Βι.
387 1376 644 1429 προφασίζομαι
661 1392 760 1413 τουτο
779 1375 884 1425 ἤγουν
900 1374 962 1420 τὴν
980 1374 1161 1426 ἐμπορίαν.
1188 1381 1271 1410 Vict-

286 1451 348 1475 905.
377 1434 410 1472 τί
425 1434 507 1494 δαίηε
525 1433 785 1486 Αποφαντικόν.
805 1432 954 1484 τέχνην;
975 1432 1212 1481 Επιστήμην.
1232 1441 1273 1470 Ρ.

285 1508 348 1532 906.
371 1495 444 1535 πῶς
461 1496 517 1529 οὐν
533 1491 689 1539 διέζης5.
710 1494 868 1544 Μερικῶς
885 1490 960 1528 τίνα
982 1495 1071 1542 εἶχες
1097 1490 1201 1536 ζωήν.
1221 1492 1269 1530 Θ.

234 1561 299 1591 Dt
318 1552 339 1597 ἢ
360 1550 487 1588 πόθεν;
510 1550 592 1588 Ἀπὸ
609 1550 705 1587 ποίου
725 1549 865 1620 τρόπου.
883 1558 925 1589 Ρ.

286 1623 346 1647 907.
376 1611 444 1646 τῶν
464 1625 524 1654 της
541 1607 673 1651 πόλεώς
691 1608 758 1657 εἰμ
776 1609 927 1647 εΤῶν
910 1607 1084 1657 οημοσίων
1109 1606 1273 1660 πραγμά-

234 1684 301 1706 των
319 1666 539 1720 φροντιστὴς,
560 1670 627 1704 οιον
643 1666 830 1739 χορηγίας,
857 1666 1105 1718 τριηραρχίας,
1125 1681 1184 1703 και
1208 1668 1275 1703 τῶν

234 1727 406 1764 τοιούτων
432 1725 524 1762 ἰδίων
541 1724 595 1771 δὲ,
619 1728 686 1761 τῶν
710 1726 785 1762 καθ’
809 1724 965 1770 ε’καστον,
982 1728 1050 1762 οἷον
1077 1726 1105 1761 εἷ
1126 1723 1276 1761 ἀδικοιτό

233 1801 282 1827 τις
296 1801 355 1821 και
374 1783 544 1827 δικάζοιτο
560 1782 642 1835 πρός
655 1798 749 1828 τινα,
765 1782 863 1824 αὐτὸς
878 1783 1082 1835 ἐφρόντιζεν.
1101 1782 1193 1820 ιδίων
1208 1784 1275 1819 τῶν

234 1844 427 1880 ἷδιιι)τικῶν.
449 1841 508 1878 καὶ
535 1841 722 1892 Εὐριπίδης
743 1842 776 1877 ἐν
796 1840 951 1892 Βάκχαις

359 1900 384 1929 εἰ
397 1899 502 1938 μηγαρ
515 1898 592 1928 ’ίδιον
607 1898 714 1929 ἐ’λαὸον
726 1899 767 1933 εἰς
784 1901 885 1938 χεῖρας
904 1899 1010 1937 μύσος.

287 1947 354 1982 τῶν
369 1948 429 1990 τ’ἧς
443 1944 574 1986 πόλεώς
588 1946 656 1993 εἰμ’
669 1944 879 1991 ἐπιμελητὴς
894 1958 902 1983 2
920 1943 1196 1995 Διοικητὴςείμί.
1213 1948 1273 1984 DU:

234 2006 302 2042 τῶν
327 2002 502 2053 δημοσίων
522 2002 582 2039 καὶ
601 2003 787 2040 πολιτικῶν
805 2002 1017 2054 φροντιστής.
1033 2004 1080 2042 Θ.
1102 2011 1141 2042 Ρ.

287 2076 349 2099 908.
372 2063 438 2098 τῶν
456 2060 549 2098 ἰδίων
574 2074 582 2098 t
606 2062 685 2098 Τῶν
711 2063 882 2112 χωρικῶν,
907 2062 1099 2099 ἰδιωτικῶν.
1126 2069 1188 2098 Dv.
1208 2064 1276 2103 τῶν

234 2121 415 2158 ἰδιωτικῶν
452 2119 528 2164 ἤτοι
544 2121 611 2155 τῶν
639 2120 715 2156 καθ’
742 2118 900 2156 ἕκαστον.
929 2120 973 2157 Θ.
995 2126 1035 2155 Ρ.
1066 2119 1235 2171 βούλομαι
1264 2138 1272 2162 :

235 2176 427 2222 Βουλευτὴς
442 2176 501 2214 καὶ
522 2176 715 2226 σύμὸουλός
732 2178 802 2226 εἶμι
819 2179 886 2214 τῶν
903 2175 1098 2215 ἐθελόντων.
1118 2180 1164 2218 Θ,
1185 2183 1274 2231 βου-

234 2239 356 2285 λευτὴς
373 2239 455 2290 εἶμί.
477 2249 539 2278 Βυ.
561 2243 694 2290 μαθεῖν.
712 2249 754 2279 Ρ.

286 2312 349 2337 909.
381 2297 473 2350 [πῶς
489 2292 546 2336 οὖν
564 2298 605 2335 ἂν
626 2313 634 2337 :
656 2299 699 2337 ‘O
716 2302 803 2342 νοῦς·
824 2301 897 2341 πῶς
914 2298 954 2336 ἂν
975 2293 1032 2336 οὖν
1046 2302 1197 2352 χρηστὸς
1214 2304 1274 2352 σὺ,

236 2360 252 2394 ὃ
267 2356 476 2406 λυπούμενος
493 2356 552 2393 καὶ
568 2358 770 2406 ἀγανακτῶν
787 2359 833 2400 εἷς
850 2356 957 2406 μηδέν
978 2373 1030 2395 σοι
1042 2359 1233 2413 διαφέροι]

287 2428 349 2452 910.
380 2413 411 2450 εἴ
427 2429 480 2452 σοι
496 2418 669 2465 προσηκον
695 2413 801 2464 μηδὲν
819 2429 828 2453 t
849 2417 893 2453 Εἰ
916 2414 999 2465 (διὰ)
1024 2418 1090 2453 τῶν
1108 2420 1274 2470 πραγμά-

235 2487 301 2508 των
319 2473 385 2508 τῶν
404 2471 457 2508 σοὶ
475 2470 582 2519 μηδὲν
600 2472 830 2524 διαφερόντων
852 2473 1039 2523 ἀπεχθάνει
1057 2480 1126 2517 τοῖς
1143 2476 1276 2527 ἀνθρώ-

235 2544 329 2574 ποις,
352 2527 421 2577 (διδι
437 2528 475 2565 τὸ
505 2530 689 2579 ἐπιχειρεῖν
717 2529 905 2580 ἀλλοτρίοις
927 2530 1141 2582 πράγμασιν.
1166 2535 1183 2569 6
1207 2533 1273 2585 γὰρ

238 2585 426 2637 ἀλλοτρίων
455 2585 705 2637 προϊστάμενος
735 2588 913 2637 μισεῖται).
938 2611 991 2616 —
1017 2589 1070 2625 σοὶ
1099 2594 1273 2641 προσῆκον

237 2643 344 2693 μηδὲν
364 2657 372 2682 z
399 2641 544 2693 ”Ηγουν,
568 2643 700 2685 οὐδενὸς
724 2644 940 2695 διαφέροντος
959 2645 1018 2681 καὶ
1044 2647 1275 2697 προσήκοντός

237 2717 302 2740 σοι.
324 2710 389 2740 Dv.
410 2703 439 2738 εἰ
440 2700 672 2772 πρέποντος,
690 2701 895 2752 ἁρμόζοντός
915 2717 967 2739 σοι
989 2715 1056 2751 μηο
1044 2703 1148 2750 ενὸς,
1170 2720 1273 2753 μιση-

238 2776 292 2803 τος
310 2759 386 2810 γίνῃ
403 2774 471 2801 τοις
495 2760 672 2802 πολλοῖς
654 2758 709 2796 διὰ
729 2759 766 2797 τὸ
792 2761 977 2811 ἐπιχειρεῖν
1005 2761 1205 2831 ἀλλοτρίοις,
1232 2771 1272 2800 Ρ.

237 2819 276 2856 τὸ
293 2823 366 2856 εἶτα
383 2819 528 2869 τρισσῶς
544 2817 782 2867 λαμδάνεται,
798 2822 871 2855 εἶτα
887 2818 962 2855 ἀντὶ
975 2823 1032 2856 τοῦ
1046 2819 1133 2868 μετὰ
1151 2824 1273 2867 ταῦτα,

237 2875 296 2913 καὶ
313 2878 387 2912 εἶτα
405 2890 480 2911 αντι
491 2890 550 2911 του
566 2879 652 2927 ἀρα,
666 2891 725 2912 και
742 2880 815 2912 εἶτα
837 2875 952 2946 ἀργον,
971 2878 1015 2918 ὡς
1034 2878 1191 2915 ἐνταῦθα.
1210 2885 1246 2915 P.

290 2946 351 2971 911.
393 2932 561 2984 προσήκει
583 2932 771 2985 ’έΔιαφερει
788 2932 809 2979 ἢ
830 2932 954 2986 πρέπει
970 2949 1040 2983 μοι.
1057 2942 1098 2974 Ρ.
1116 2935 1175 2972 καὶ
1192 2935 1273 2981 ἀνη-

238 3003 292 3026 κει
306 3004 365 3025 και
383 2988 535 3047 ἁρμόζει.
551 2991 595 3029 Θ.

290 3058 351 3083 912.
380 3049 408 3083 ὠ
424 3046 531 3099 κέπφε
553 3061 561 3086 :
578 3044 685 3119 ’Όρνε
689 3063 724 3085 ον
744 3047 828 3100 ὅπερ
851 3050 941 3100 φιλεῖ
961 3048 1067 3101 ἀφρὸν
1094 3049 1274 3087 θαλάττιον

239 3103 373 3140 ἐσθίειν·
405 3120 464 3141 και
495 3107 525 3142 οἱ
553 3109 672 3149 παῖοες
700 3108 768 3143 τῶν
794 3105 918 3144 ἁλιέων
948 3107 1193 3157 (λαμὲάνοντες
1217 3109 1274 3145 τὸν

239 3161 358 3221 ἀφρὸν)
383 3161 538 3213 ρίπτουσι
561 3163 600 3200 τὸ
625 3166 760 3215 πρῶτον
780 3163 969 3217 πόρρωθεν,
990 3169 1063 3202 εἶτα
1084 3165 1274 3215 ἐγγύτατα,

239 3223 311 3256 εἶτα
347 3221 392 3262 εἷς
422 3218 484 3265 τὴν
514 3221 615 3272 χεῖρα
643 3221 699 3259 τὸν
731 3222 852 3274 ἀφρὸν,
882 3239 940 3260 και
981 3222 1087 3265 οὕτως
1124 3225 1276 3276 εὐχεριι)ς

240 3275 434 3329 ἀγρεύουσι.
446 3277 506 3315 καὶ
520 3278 575 3316 επὶ
591 3295 658 3316 των
676 3280 867 3331 ἀλογίστων
881 3283 1040 3340 ἀνδρῶν
1027 3285 1127 3318 τοῦτο
1142 3283 1188 3324 εἷς
1203 3297 1275 3319 πα-

242 3334 390 3387 ροιμίαν.
410 3343 447 3373 R.
463 3344 503 3373 V.
560 3335 701 3381 Ἄλλως.
721 3338 864 3401 ἀνόητε,
876 3343 1000 3392 κοῦφε,
1015 3339 1112 3377 ὠτὸν
1129 3343 1205 3377 νοῦν
1218 3356 1275 3390 με-

972 191 1226 229 SCHOLIA
1254 191 1316 229 IN
1354 192 1602 233 PLUTUM.

1319 277 1436 329 τέωρε.
1451 279 1539 331 ὅρνις
1548 279 1800 332 γὰρθαλάττιος
1813 283 1851 319 τὸ
1860 282 1998 336 κέπφος,
2007 284 2214 337 κουφότατον
2228 287 2361 339 σφόδρα

1319 338 1369 372 τιΝ)
1403 339 1500 389 ἀφριι)
1526 338 1790 391 διατρεφόμενον
1819 341 1874 378 διὰ
1900 358 1961 388 της
1987 343 2075 380 θαλ’
2056 359 2160 390 αττ-νς
2190 344 2249 381 καὶ
2273 345 2366 382 πάνυ

1322 393 1434 443 ὀλίγον
1467 411 1482 431 ε
1485 410 1545 446 χον
1578 399 1761 448 σαρκωδες.
1815 397 1958 442 ’.Αλλως
1987 403 2015 438 ὠ
2048 401 2163 438 εὐτελέ
2148 417 2268 439 -στατε
2300 416 2360 439 και

1321 451 1419 491 λάλε.
1436 452 1598 505 φασιγὰρ
1617 454 1673 490 τὸν
1690 454 1821 507 κέπφον
1839 457 1958 494 εὖτελ
1928 474 1957 503 η
1972 458 2032 495 καὶ
2047 458 2113 495 λάλ
2117 474 2165 498 ον.
2183 472 2222 500 v.
2242 453 2290 511 [ὠ
2305 460 2360 496 εὖ·

1323 509 1507 548 τελέστατε
1523 527 1581 548 και
1597 511 1692 548 λάλε·
1713 512 1797 563 φασὶ
1816 513 1882 564 γὰρ
1898 530 1955 551 τον
1970 515 2098 568 κέπφον
2116 516 2357 554 εὐτελέστατον
2381 532 2396 556 5

1325 567 1384 605 καὶ
1402 567 1519 606 λάλον·
1537 568 1651 620 ὄρνεον
1668 568 1734 621 γὰρ
1746 569 1865 622 ἄφρον,
1883 570 1965 624 ὅπερ
1986 577 2075 625 φιλεῖ
2093 573 2198 626 ἀφρὸν
2229 573 2318 611 θαλ’
2298 590 2363 611 ατ-

1324 641 1395 663 τιον
1427 626 1559 664 ἐσθίειν·
1594 630 1693 665 τοῦτο
1722 626 1923 697 βουλόμενοι
1943 633 1972 667 οἳ
2002 633 2069 668 τῶν
2092 632 2137 668 α)
2141 647 2216 668 ι-ων
2244 633 2365 675 παῖδες

1325 684 1585 744 γειρωσασθαι,
1614 685 1771 745 ρίπτουσι
1801 686 1840 723 τὸ
1868 690 2002 739 πρῶτον
2031 689 2205 740 πόρρωθεν
2241 690 2363 743 ἄφρον,

1327 746 1402 778 εἶτα
1423 740 1614 792 ἐγγύτατα,
1637 747 1710 780 εἶτα
1728 742 1866 795 φέρουσι
1885 749 1986 782 τοῦτο
2002 747 2035 782 ἐν
2055 749 2130 789 ταῖς
2148 762 2278 797 χερσιν,
2303 747 2365 784 καὶ

1329 799 1418 837 ούτω
1435 799 1526 838 κατὰ
1554 801 1674 853 μικρὸν
1696 802 1896 846 ἀπατῶντες
1910 805 2057 855 εὐχερῶς
2069 804 2250 855 ἀγρεύουσι
2265 809 2366 844 τοῦτο
2387 824 2420 850 10

1328 858 1478 908 ἐμπεσον
1503 861 1549 902 εἷς
1565 859 1626 902 τὰς
1642 865 1763 912 χεῖρας
1783 863 1908 900 αὐτῶν.
1930 861 2091 908 ειληπται
2106 866 2163 900 οὖν
2183 865 2228 906 εἷς
2244 879 2366 913 παροι-

1331 916 1413 966 μίαν
1448 916 1504 954 ἐπι
1529 919 1597 954 τῶν
1627 917 1819 968 ἀλογίστων
1848 920 1979 970 ἀνδρῶν
2008 919 2068 956 καὶ
2106 920 2271 966 ἀνοήτων.
2304 937 2369 958 κα-

1327 977 1441 1013 λειται
1458 974 1492 1012 δὲ
1508 975 1628 1018 κοινῶς
1640 975 1778 1028 λάρος]
1794 1000 1843 1005 -
1859 980 1876 1014 6
1891 977 2020 1030 κέπφος
2033 977 2146 1030 ὅρνεόν
2161 980 2232 1016 ἐστι
2243 979 2369 1017 θαλάτ-

1328 1048 1413 1079 τιον,
1443 1033 1558 1076 ἀτελὲς
1584 1033 1643 1071 καὶ
1673 1033 1777 1086 λάρον
1808 1034 1867 1072 καὶ
1893 1034 2031 1085 ἀφελὲς,
2051 1035 2068 1073 ὃ
2090 1037 2235 1074 καλοῦσι
2250 1039 2370 1079 κοινῶς

1330 1091 1447 1142 λάρον·
1474 1091 1557 1143 ὅπερ
1579 1092 1670 1143 φιλεῖ
1696 1091 1801 1144 ἀφρὸν
1820 1092 2001 1130 θαλάττιον
2019 1093 2153 1133 ἐσθίειν.
2182 1097 2283 1131 τοῦτο
2309 1124 2317 1131 .
2333 1123 2342 1130 .
2359 1123 2368 1131 .
2392 1111 2423 1137 15

1331 1148 1471 1200 φέρουσι
1482 1153 1600 1186 τοῦτον
1613 1152 1646 1187 ἐν
1657 1155 1731 1191 ταῖς
1745 1149 1866 1202 χερσὶ.
1882 1180 1889 1188 .

1331 1206 1541 1259 Εὐεργεσίαν
1569 1206 1743 1259 παρέχειν.
1760 1215 1821 1245 De).

1332 1264 1441 1302 σθένω
1458 1279 1466 1303 :
1483 1265 1657 1315 Δύναμαι.
1677 1267 1725 1304 Θ.
1745 1273 1786 1302 Ρ.

1386 1337 1448 1361 913.
1478 1323 1780 1375 πολυπραγμονεῖν
1796 1337 1804 1361 :
1818 1323 1870 1361 Τὸ
1883 1324 2067 1376 πράγμασι
2081 1324 2140 1363 καὶ
2151 1323 2372 1377 κακουργίαις

1334 1381 1453 1419 ἑαυτὸν
1475 1379 1639 1418 ἐνδιδόναι
1655 1380 1714 1418 καὶ
1735 1381 1961 1433 δικορραφεῖν.
1980 1384 2026 1420 Θ.
2051 1383 2126 1425 ταῖς
2148 1381 2370 1435 πανουργίαις
2390 1403 2424 1430 20

1332 1439 1452 1478 ἑαυτὸν
1471 1438 1709 1477 ἐκδεδωκέναι.
1727 1446 1792 1477 Dv.
1818 1438 1857 1476 τὸ
1870 1439 1959 1492 πέρα
1974 1443 2031 1477 τοῦ
2045 1440 2176 1484 δέοντος
2189 1440 2369 1484 ἐξετάζειν.

1338 1505 1453 1535 Paris.

1386 1568 1451 1593 914.
1483 1553 1521 1592 τὸ
1539 1553 1600 1604 μὲν
1618 1548 1675 1592 06v
1699 1555 1833 1614 βοηθεῖν
1855 1569 1864 1593 :
1884 1554 2031 1593 Τουτό’
2016 1570 2089 1592 εστι
2114 1554 2154 1593 τὸ
2173 1556 2372 1607 εὐεργετεῖν.

1333 1615 1379 1652 Θ.
1399 1621 1461 1650 Dv.
1485 1614 1616 1662 μᾶλλον
1635 1611 1695 1662 μὲν
1716 1616 1772 1650 οὖν
1790 1611 1937 1663 ὑπάρχει
1961 1613 2160 1665 εὖεργετειν.
2175 1611 2371 1663 κειμένοιςζ

1333 1669 1578 1720 Τεταγμένοις.
1601 1682 1641 1712 Ρ
1662 1668 1913 1720 ἐνεργουμένοις
1940 1671 1999 1707 καὶ
2017 1669 2303 1720 πολιτευομένοις.
2323 1673 2370 1709 Θ.
2390 1700 2424 1722 2³

1386 1743 1449 1767 915.
1481 1727 1674 1780 ἐπιτρέπειν
1698 1742 1706 1766 :
1723 1730 1956 1780 Παραχιι)ρεῒν
1974 1728 2033 1765 καὶ
2044 1728 2222 1767 ἐνδιδόναι.
2240 1732 2286 1769 Θ.
2303 1744 2372 1766 πα-

1335 1789 1504 1838 ραχωρεῖν
1523 1786 1583 1823 καὶ
1600 1785 1822 1837 ἁμαρτάνειν·
1843 1785 1971 1823 διδόναι
1988 1786 2105 1823 ἄδειαν
2122 1786 2218 1838 παρὰ
2237 1786 2274 1824 τὸ
2291 1786 2373 1838 πρέ-

1332 1859 1408 1881 πον.
1432 1853 1492 1881 Dv.
1515 1849 1716 1896 συγχωρεῖν.
1736 1852 1776 1880 Ρ.
1797 1842 2016 1895 ἐξαμαρτάνῃ
2047 1857 2055 1882 :
2076 1840 2180 1883 Ἤτοι
2209 1843 2372 1895 ἁμαρτά-

1333 1917 1398 1938 νων
1419 1901 1484 1945 ἔξω
1504 1905 1562 1938 τοῦ
1583 1903 1690 1938 καλοῦ
1710 1900 1835 1951 πίπτῃ.
1858 1905 1905 1941 Θ.
1926 1904 1966 1932 P·

1747 1958 1822 2008 (Ἐξ
1855 1957 2005 2009 ἀνάγκης
2035 1956 2075 2008 ἢ)
2111 1957 2237 2008 μάτην·
2265 1957 2371 2001 οὕτως
2391 1982 2424 2009 30

1334 2016 1492 2055 Ἀττικοί.
1528 2018 1652 2068 (ἀργῶς
1683 2015 1742 2054 καὶ
1767 2016 1894 2066 μάτην.
1925 2015 2115 2068 κοινότερον
2145 2016 2198 2063 δὲ,
2226 2016 2285 2054 καὶ
2311 2015 2372 2059 τὰς

1333 2073 1492 2117 τοιαύτας
1507 2074 1609 2127 ψιλὰς
1627 2073 1830 2117 ἐπιστασίας
1850 2074 1909 2111 καὶ
1933 2073 2144 2126 λειτουργίας
2166 2074 2274 2125 ἀρχὰς
2294 2074 2371 2111 ἔλε-

1332 2148 1403 2183 γον·
1436 2132 1496 2169 καὶ
1523 2132 1562 2169 τὸ
1599 2134 1783 2183 βουλεῦσαι
1804 2131 1931 2184 ἄρξαι.)
1963 2131 2151 2184 [γράφεται
2184 2131 2219 2169 δὲ
2247 2131 2307 2169 καὶ
2335 2132 2370 2169 ἐν

1333 2190 1490 2242 σχήματι
1515 2192 1742 2243 ἀποφατικῷ,
1760 2189 1894 2227 οὔκουν.
1913 2189 2002 2226 τὸδὲ
2027 2192 2044 2226 6
2068 2188 2272 2240 βουλόμενος
2295 2189 2370 2226 ἀντὶ

1905 1182 1912 1189 .
1926 1150 2091 1196 ἀνοήτων.
2106 1159 2143 1189 Ρ.
2157 1153 2366 1203 εὖεργετεῖνε

1889 1208 1996 1261 κέπφε
2022 1222 2030 1248 :
2049 1209 2156 1262 Λάρε.
2181 1211 2227 1248 Θ.
2244 1217 2307 1247 Dv.
2330 1217 2370 1248 P.

1386 1972 1449 1997 916.
1481 1958 1673 2004 ἐξεπίτηδες
1705 1972 1713 1996 :

1331 2253 1391 2286 τοῦ
1405 2279 1416 2299 ,
1434 2250 1451 2285 6
1469 2247 1699 2298 ἐπιμελητὴς,
1722 2251 1739 2285 6
1758 2247 1967 2299 κατήγορος,
1985 2249 2002 2284 ὃ
2019 2246 2301 2299 προϊστάμενος]
2319 2271 2368 2278 —
2389 2269 2423 2295 35

1332 2306 1496 2350 δικαστὰς
1529 2320 1537 2345 :
1557 2305 1698 2358 Κριτάς.
1719 2308 1757 2337 P·
1775 2305 1967 2351 ἐξεπίτηδες
1987 2319 1996 2344 :
2019 2305 2100 2344 Ἐπ’
2128 2307 2221 2358 αὐτῷ
2245 2304 2367 2356 τούτῳ.

1331 2367 1378 2404 Θ.
1397 2364 1450 2401 ἐπ’
1467 2365 1548 2401 αὐτὸ
1560 2368 1671 2402 τοῦτο.
1688 2363 1906 2413 ἐσκεμμένως
1919 2364 1994 2409 ἤτοι
2012 2362 2066 2400 ἐπ’
2078 2364 2172 2414 αὐτῷ
2187 2361 2310 2415 τούτῳ.
2330 2370 2369 2400 Ρ.

1384 2434 1448 2460 917.
1479 2421 1595 2474 ἄρχειν
1615 2421 1816 2466 καθίστησιν
1840 2434 1849 2458 z
1866 2418 1943 2459 Ἵνα
1961 2420 2043 2472 παρ’
2065 2422 2176 2457 αὐτῶν
2195 2421 2370 2471 βοηθοῗντο

1331 2480 1361 2516 οἱ
1382 2478 1481 2528 νόμοι
1506 2479 1652 2524 δηλαδή.
1671 2480 1718 2517 Θ.
1744 2479 1913 2530 ἄρχοντας
1930 2472 2017 2515 εἶναι
2034 2483 2152 2515 ποιεῖν.
2207 2477 2263 2514 ἵνα
2285 2480 2367 2528 παρ’

1332 2538 1425 2588 αὐτῷ
1444 2539 1657 2587 βοηθοῦνται.
1679 2545 1738 2573 Dv.
1755 2535 1958 2580 καθίστησιν
1975 2548 1983 2573 :
2002 2535 2142 2573 Τάττει.
2159 2537 2367 2587 κατηγορεῗε
2387 2562 2421 2588 ⁴0

1332 2595 1533 2644 Συνηγορεῗ.
1552 2595 1599 2632 Θ.
1619 2606 1660 2635 Ρ,
1679 2595 1862 2644 κατηγορῶ
1883 2592 1972 2630 κατά
1992 2608 2080 2635 τινος
2100 2592 2256 2643 λέγεται,
2274 2592 2291 2630 ὃ
2308 2594 2367 2631 καὶ

1331 2650 1400 2687 ἀπὸ
1417 2653 1553 2700 γενικῆς
1576 2649 1660 2702 πρὸς
1685 2649 1878 2694 αἰτιατικὴν
1901 2648 1973 2700 ἔχει
1995 2648 2056 2695 τὴν
2077 2648 2245 2695 σύνταξιν,
2265 2652 2310 2692 ὡς
2328 2650 2368 2688 τὸ

1331 2710 1514 2759 κατηγορῶ
1545 2723 1604 2744 σου
1637 2706 1801 2757 ἀμαθίαν.
1867 2710 2050 2758 κατηγορῶ
2082 2707 2120 2745 τὸ
2151 2708 2368 2760 καταφάσκω

1330 2764 1426 2816 παρὰ
1455 2765 1650 2817 φιλοσόφοις
1685 2767 1800 2815 γενικῇ
1833 2765 2122 2815 συντασσόμενον.
2184 2769 2367 2818 κατηγορῶ

1330 2822 1368 2860 τὸ
1386 2822 1556 2874 ἐφυὸρίζιι)
1575 2822 1634 2859 καὶ
1652 2822 1734 2859 αὐτὸ
1747 2825 1879 2873 γενικῇ.
1900 2838 2083 2874 κατηγορω
2103 2823 2138 2860 δε
2154 2822 2193 2860 τὸ
2208 2827 2366 2876 παριστῶ
2385 2850 2419 2876 45

1332 2882 1506 2931 αἰτιατικῇ
1519 2883 1563 2923 ὡς
1574 2880 1641 2917 τὸ(
1656 2879 1873 2931 κατηγόρησε
1892 2883 1912 2925 ἡ
1929 2880 2039 2932 θλίψις
2055 2880 2282 2934 μακρόψιλον.
2294 2883 2365 2921 ιιΘ.

1383 2951 1447 2977 918.
1478 2941 1494 2974 6
1517 2937 1719 2988 βουλόμενος
1747 2951 1754 2975 :
1779 2937 1821 2975 ‘O
1845 2941 1880 2974 θε
1872 2937 1964 2976 ί.λιι)ν
1987 2947 2051 2977 Dv.
2074 2947 2114 2976 P.
2321 2940 2366 2979 ‘O

1331 2999 1546 3048 κατηγορῶν.
1566 3004 1607 3033 Ρ.

1383 3068 1447 3092 919.
1478 3053 1556 3099 ἥκει
1576 3067 1584 3092 :
1604 3052 1756 3100 Ἀνήκει,
1777 3053 1972 3106 ἀνατρέχει.
1990 3062 2031 3092 Ρ.

1383 3125 1445 3149 920.
1476 3110 1516 3156 νὴ
1541 3124 1550 3149 :
1570 3111 1645 3150 Μά.
1670 3110 1820 3162 πονηρὸν
1843 3124 1850 3149 :
1876 3112 2116 3165 Κακότροπον.
2136 3112 2334 3166 προστάτην
2355 3126 2364 3153 :

1331 3167 1563 3220 Φροντιστήν.
1591 3177 1656 3207 Dv.
1686 3170 1899 3218 ἐπιμελητὴν
1915 3173 1982 3207 τῶν
2008 3170 2222 3224 πραγμάτων
2249 3174 2364 3219 αὐτῆς.

1331 3228 1377 3265 Θ.
1399 3225 1623 3275 ἐπιμελητήν.
1645 3234 1685 3263 Ρ.
1705 3226 1800 3278 ἔχειῖ
1823 3227 1867 3266 Ἥ
1882 3228 1980 3271 πόλις
2000 3228 2144 3275 δηλαδή.
2165 3237 2224 3267 Dv.

1388 3297 1449 3321 921.
1480 3283 1627 3335 ἡσυχίαν
1645 3283 1738 3335 ἄγων
1759 3298 1768 3323 t
1789 3285 2009 3337 Ἡσυχάζων.
2029 3293 2069 3323 Ρ.

1385 3356 1450 3381 922.
1481 3342 1671 3394 προὸατίου
1694 3343 1766 3394 βίον
1788 3357 1796 3381 :
1822 3346 1949 3396 Μωροῧ
1969 3344 2028 3382 καὶ
2053 3343 2214 3390 ἀνοήτου·
2239 3343 2309 3391 [διὰ
2328 3345 2367 3382 τὸ

2143 2941 2297 2983 ἐκεῖνος.

2385 3147 2419 3173 50
