<?xml version="1.0" encoding="UTF-8"?>
<!DOCTYPE html PUBLIC "-//W3C//DTD XHTML 1.0 Transitional//EN"
    "http://www.w3.org/TR/xhtml1/DTD/xhtml1-transitional.dtd">
<html xmlns="http://www.w3.org/1999/xhtml" xml:lang="en" lang="en">
 <head>
  <title>
</title>
<meta http-equiv="Content-Type" content="text/html;charset=utf-8" />
  <meta name='ocr-system' content='tesseract 3.04.00' />
  <meta name='ocr-capabilities' content='ocr_page ocr_carea ocr_par ocr_line ocrx_word'/>
</head>
<body>
  <div class='ocr_page' id='page_1' title='image "./scholiagraecaina00dbuoft_0317.png"; bbox 0 0 2485 3808; ppageno 0'>
   <div class='ocr_carea' id='block_1_1' title="bbox 922 190 1508 231">
    <p class='ocr_par' dir='ltr' id='par_1_1' title="bbox 922 190 1508 231">
     <span class='ocr_line' id='line_1_1' title="bbox 922 190 1508 231; baseline 0.005 -3"><span class='ocrx_word' id='word_1_1' title='bbox 922 190 1173 229; x_wconf 85' lang='lat' dir='ltr'><strong>SCHOLIA</strong></span> <span class='ocrx_word' id='word_1_2' title='bbox 1210 192 1265 230; x_wconf 74' lang='lat' dir='ltr'>IN</span> <span class='ocrx_word' id='word_1_3' title='bbox 1303 193 1508 231; x_wconf 59' lang='lat' dir='ltr'><strong>RANAS</strong></span> 
     </span>
    </p>
   </div>
   <div class='ocr_carea' id='block_1_2' title="bbox 92 274 1182 1425">
    <p class='ocr_par' dir='ltr' id='par_1_2' title="bbox 109 274 1182 612">
     <span class='ocr_line' id='line_1_2' title="bbox 147 274 1181 328; baseline -0.005 -11"><span class='ocrx_word' id='word_1_4' title='bbox 147 295 222 326; x_wconf 85' lang='grc' dir='ltr'>την.</span> <span class='ocrx_word' id='word_1_5' title='bbox 241 279 390 328; x_wconf 69' lang='grc' dir='ltr'>συνεχῶς</span> <span class='ocrx_word' id='word_1_6' title='bbox 409 274 476 328; x_wconf 82' lang='grc' dir='ltr'>γὰρ</span> <span class='ocrx_word' id='word_1_7' title='bbox 495 276 633 325; x_wconf 79' lang='grc' dir='ltr'>εἷσῆγον</span> <span class='ocrx_word' id='word_1_8' title='bbox 659 274 736 317; x_wconf 77' lang='grc' dir='ltr'>τοὺς</span> <span class='ocrx_word' id='word_1_9' title='bbox 762 274 806 311; x_wconf 75' lang='grc' dir='ltr'>τὰ</span> <span class='ocrx_word' id='word_1_10' title='bbox 831 277 966 311; x_wconf 87' lang='grc' dir='ltr'>τοιοῦτα</span> <span class='ocrx_word' id='word_1_11' title='bbox 990 274 1181 325; x_wconf 85' lang='grc' dir='ltr'>λέγοντας.)</span> 
     </span>
     <span class='ocr_line' id='line_1_3' title="bbox 146 332 523 387; baseline -0.008 -14"><span class='ocrx_word' id='word_1_12' title='bbox 146 359 197 365; x_wconf 89' lang='lat'>-</span> <span class='ocrx_word' id='word_1_13' title='bbox 215 334 303 387; x_wconf 76' lang='grc' dir='ltr'>χολή</span> <span class='ocrx_word' id='word_1_14' title='bbox 321 347 329 372; x_wconf 89' lang='lat'><strong>:</strong></span> <span class='ocrx_word' id='word_1_15' title='bbox 346 332 463 379; x_wconf 82' lang='grc' dir='ltr'>Λόπη.</span> <span class='ocrx_word' id='word_1_16' title='bbox 483 334 523 363; x_wconf 90' lang='lat' dir='ltr'>D-</span> 
     </span>
     <span class='ocr_line' id='line_1_4' title="bbox 198 389 1182 442; baseline -0.003 -11"><span class='ocrx_word' id='word_1_17' title='bbox 198 407 224 431; x_wconf 83' lang='lat'>5.</span> <span class='ocrx_word' id='word_1_18' title='bbox 256 392 330 430; x_wconf 81' lang='grc' dir='ltr'>ἀντὶ</span> <span class='ocrx_word' id='word_1_19' title='bbox 347 394 406 428; x_wconf 90' lang='grc' dir='ltr'>τοῦ</span> <span class='ocrx_word' id='word_1_20' title='bbox 429 390 535 442; x_wconf 73' lang='grc' dir='ltr'>χωρὶς</span> <span class='ocrx_word' id='word_1_21' title='bbox 565 393 623 427; x_wconf 88' lang='grc' dir='ltr'>τοῦ</span> <span class='ocrx_word' id='word_1_22' title='bbox 649 391 756 427; x_wconf 88' lang='grc' dir='ltr'>εἰπεῖν</span> <span class='ocrx_word' id='word_1_23' title='bbox 777 389 952 439; x_wconf 68' lang='grc' dir='ltr'>Ολίὲομαι.</span> <span class='ocrx_word' id='word_1_24' title='bbox 976 391 1012 421; x_wconf 76' lang='lat' dir='ltr'>R·</span> <span class='ocrx_word' id='word_1_25' title='bbox 1034 390 1108 426; x_wconf 67' lang='grc' dir='ltr'>ἀντὶ</span> <span class='ocrx_word' id='word_1_26' title='bbox 1125 394 1182 428; x_wconf 86' lang='grc' dir='ltr'>τοῦ</span> 
     </span>
     <span class='ocr_line' id='line_1_5' title="bbox 146 447 608 498; baseline -0.006 -10"><span class='ocrx_word' id='word_1_27' title='bbox 146 451 226 489; x_wconf 85' lang='grc' dir='ltr'>ἄνευ</span> <span class='ocrx_word' id='word_1_28' title='bbox 243 451 350 488; x_wconf 83' lang='grc' dir='ltr'>εἰπεῖν</span> <span class='ocrx_word' id='word_1_29' title='bbox 373 447 547 498; x_wconf 79' lang='grc' dir='ltr'>πιέζομαι.</span> <span class='ocrx_word' id='word_1_30' title='bbox 568 449 608 478; x_wconf 85' lang='lat' dir='ltr'>V-</span> 
     </span>
     <span class='ocr_line' id='line_1_6' title="bbox 109 503 1180 558; baseline -0.006 -11"><span class='ocrx_word' id='word_1_31' title='bbox 109 531 127 555; x_wconf 74' lang='lat'>5</span> <span class='ocrx_word' id='word_1_32' title='bbox 197 522 226 547; x_wconf 78' lang='grc'>6.</span> <span class='ocrx_word' id='word_1_33' title='bbox 256 507 386 558; x_wconf 81' lang='grc' dir='ltr'>γέλοιον</span> <span class='ocrx_word' id='word_1_34' title='bbox 404 506 592 552; x_wconf 81' lang='grc' dir='ltr'>Ἀττικῶς,</span> <span class='ocrx_word' id='word_1_35' title='bbox 608 506 740 555; x_wconf 77' lang='grc' dir='ltr'>γελοῖον</span> <span class='ocrx_word' id='word_1_36' title='bbox 765 503 799 542; x_wconf 86' lang='lat'>65</span> <span class='ocrx_word' id='word_1_37' title='bbox 816 504 941 542; x_wconf 86' lang='grc' dir='ltr'>κοινόν.</span> <span class='ocrx_word' id='word_1_38' title='bbox 963 507 984 550; x_wconf 76' lang='grc' dir='ltr'>ἦ</span> <span class='ocrx_word' id='word_1_39' title='bbox 1005 504 1041 541; x_wconf 83' lang='lat'>65</span> <span class='ocrx_word' id='word_1_40' title='bbox 1062 520 1180 554; x_wconf 75' lang='grc' dir='ltr'>σημα-</span> 
     </span>
     <span class='ocr_line' id='line_1_7' title="bbox 144 565 361 612; baseline -0.01 -8"><span class='ocrx_word' id='word_1_41' title='bbox 144 565 203 604; x_wconf 84' lang='grc' dir='ltr'>σία</span> <span class='ocrx_word' id='word_1_42' title='bbox 218 569 240 612; x_wconf 91' lang='grc' dir='ltr'>ἡ</span> <span class='ocrx_word' id='word_1_43' title='bbox 259 565 361 611; x_wconf 66' lang='grc' dir='ltr'>αὕτη.</span> 
     </span>
    </p>

    <p class='ocr_par' dir='ltr' id='par_1_3' title="bbox 95 621 1180 846">
     <span class='ocr_line' id='line_1_8' title="bbox 195 621 1180 692; baseline -0.006 -30"><span class='ocrx_word' id='word_1_44' title='bbox 195 638 225 662; x_wconf 86' lang='grc'>8.</span> <span class='ocrx_word' id='word_1_45' title='bbox 256 622 537 674; x_wconf 64' lang='grc' dir='ltr'>μεταδαλὶόμεν</span> <span class='ocrx_word' id='word_1_46' title='bbox 530 638 559 664; x_wconf 90' lang='grc' dir='ltr'>ς</span> <span class='ocrx_word' id='word_1_47' title='bbox 588 653 595 659; x_wconf 93' lang='grc'>.</span> <span class='ocrx_word' id='word_1_48' title='bbox 624 621 709 659; x_wconf 67' lang='lat' dir='ltr'>’sz</span> <span class='ocrx_word' id='word_1_49' title='bbox 705 637 714 658; x_wconf 88' lang='grc' dir='ltr'>ι</span> <span class='ocrx_word' id='word_1_50' title='bbox 739 624 797 658; x_wconf 87' lang='grc' dir='ltr'>τοῦ</span> <span class='ocrx_word' id='word_1_51' title='bbox 820 636 1040 692; x_wconf 68' lang='grc' dir='ltr'>μεταρερων,</span> <span class='ocrx_word' id='word_1_52' title='bbox 1070 635 1180 669; x_wconf 84' lang='grc' dir='ltr'>μετα-</span> 
     </span>
     <span class='ocr_line' id='line_1_9' title="bbox 142 679 1178 731; baseline -0.006 -11"><span class='ocrx_word' id='word_1_53' title='bbox 142 682 245 725; x_wconf 84' lang='grc' dir='ltr'>τιθεις</span> <span class='ocrx_word' id='word_1_54' title='bbox 271 682 340 719; x_wconf 79' lang='grc' dir='ltr'>ἀπὸ</span> <span class='ocrx_word' id='word_1_55' title='bbox 357 682 452 730; x_wconf 78' lang='grc' dir='ltr'>ὤμου</span> <span class='ocrx_word' id='word_1_56' title='bbox 482 683 528 724; x_wconf 83' lang='grc' dir='ltr'>εἰς</span> <span class='ocrx_word' id='word_1_57' title='bbox 548 685 653 730; x_wconf 41' lang='lat' dir='ltr'>(Quum</span> <span class='ocrx_word' id='word_1_58' title='bbox 680 680 870 731; x_wconf 63' lang='grc' dir='ltr'>τανάοορον</span> <span class='ocrx_word' id='word_1_59' title='bbox 891 694 926 715; x_wconf 72' lang='lat' dir='ltr'>r5</span> <span class='ocrx_word' id='word_1_60' title='bbox 951 677 1048 722; x_wconf 77' lang='grc' dir='ltr'>ξό7ον</span> <span class='ocrx_word' id='word_1_61' title='bbox 1069 679 1178 729; x_wconf 62' lang='grc' dir='ltr'>ἀμφί-</span> 
     </span>
     <span class='ocr_line' id='line_1_10' title="bbox 142 737 1180 808; baseline -0.007 -29"><span class='ocrx_word' id='word_1_62' title='bbox 142 742 276 787; x_wconf 91' lang='grc' dir='ltr'>κοιλον,</span> <span class='ocrx_word' id='word_1_63' title='bbox 297 742 331 777; x_wconf 86' lang='grc' dir='ltr'>ἐν</span> <span class='ocrx_word' id='word_1_64' title='bbox 348 744 376 792; x_wconf 79' lang='grc' dir='ltr'><strong>ᾧ</strong></span> <span class='ocrx_word' id='word_1_65' title='bbox 395 739 438 776; x_wconf 79' lang='grc' dir='ltr'>τὰ</span> <span class='ocrx_word' id='word_1_66' title='bbox 460 739 580 791; x_wconf 72' lang='grc' dir='ltr'>ςιορτία</span> <span class='ocrx_word' id='word_1_67' title='bbox 605 738 852 808; x_wconf 75' lang='grc' dir='ltr'>εξαρτήσαντες</span> <span class='ocrx_word' id='word_1_68' title='bbox 881 739 911 775; x_wconf 80' lang='grc' dir='ltr'>οἱ</span> <span class='ocrx_word' id='word_1_69' title='bbox 938 737 1083 788; x_wconf 81' lang='grc' dir='ltr'>ἐργάται</span> <span class='ocrx_word' id='word_1_70' title='bbox 1115 740 1180 773; x_wconf 68' lang='grc' dir='ltr'>βα-</span> 
     </span>
     <span class='ocr_line' id='line_1_11' title="bbox 95 794 1177 847; baseline -0.006 -10"><span class='ocrx_word' id='word_1_71' title='bbox 95 805 126 830; x_wconf 86' lang='lat'>10</span> <span class='ocrx_word' id='word_1_72' title='bbox 144 799 317 843; x_wconf 85' lang='grc' dir='ltr'>στάζουσι.</span> <span class='ocrx_word' id='word_1_73' title='bbox 356 821 401 826; x_wconf 91' lang='grc'>-</span> <span class='ocrx_word' id='word_1_74' title='bbox 429 797 656 847; x_wconf 73' lang='grc' dir='ltr'>μεταθέμενος</span> <span class='ocrx_word' id='word_1_75' title='bbox 675 795 713 832; x_wconf 72' lang='grc' dir='ltr'>τὸ</span> <span class='ocrx_word' id='word_1_76' title='bbox 733 795 789 832; x_wconf 81' lang='grc' dir='ltr'>ἐπὶ</span> <span class='ocrx_word' id='word_1_77' title='bbox 819 795 915 832; x_wconf 66' lang='grc' dir='ltr'>ὤμου</span> <span class='ocrx_word' id='word_1_78' title='bbox 945 794 1095 846; x_wconf 60' lang='grc' dir='ltr'>φορτίον.</span> <span class='ocrx_word' id='word_1_79' title='bbox 1131 796 1177 831; x_wconf 90' lang='grc' dir='ltr'>Θ.</span> 
     </span>
    </p>

    <p class='ocr_par' dir='ltr' id='par_1_4' title="bbox 141 835 827 909">
     <span class='ocr_line' id='line_1_12' title="bbox 141 835 827 909; baseline -0.007 -15"><span class='ocrx_word' id='word_1_80' title='bbox 141 858 328 909; x_wconf 74' lang='grc' dir='ltr'>χεζητιᾷςξ</span> <span class='ocrx_word' id='word_1_81' title='bbox 349 835 497 897; x_wconf 83' lang='grc' dir='ltr'>Μέλλεις</span> <span class='ocrx_word' id='word_1_82' title='bbox 517 856 721 891; x_wconf 76' lang='grc' dir='ltr'>ἀποπατεῖν.</span> <span class='ocrx_word' id='word_1_83' title='bbox 746 860 827 890; x_wconf 68' lang='grc' dir='ltr'>Ποῖ.</span> 
     </span>
    </p>

    <p class='ocr_par' dir='ltr' id='par_1_5' title="bbox 195 908 1179 964">
     <span class='ocr_line' id='line_1_13' title="bbox 195 908 1179 964; baseline -0.009 -11"><span class='ocrx_word' id='word_1_84' title='bbox 195 928 224 953; x_wconf 84' lang='grc'>9.</span> <span class='ocrx_word' id='word_1_85' title='bbox 258 915 359 964; x_wconf 82' lang='grc' dir='ltr'>(μηδ’</span> <span class='ocrx_word' id='word_1_86' title='bbox 379 913 430 950; x_wconf 80' lang='grc' dir='ltr'>ὅτι</span> <span class='ocrx_word' id='word_1_87' title='bbox 448 916 608 950; x_wconf 88' lang='grc' dir='ltr'>τοσοῦτον</span> <span class='ocrx_word' id='word_1_88' title='bbox 637 911 728 957; x_wconf 74' lang='grc' dir='ltr'>εΜὴ</span> <span class='ocrx_word' id='word_1_89' title='bbox 749 910 838 948; x_wconf 70' lang='grc' dir='ltr'>οὑτω</span> <span class='ocrx_word' id='word_1_90' title='bbox 861 925 1047 959; x_wconf 85' lang='grc' dir='ltr'>ποιησαιμι</span> <span class='ocrx_word' id='word_1_91' title='bbox 1066 908 1179 946; x_wconf 85' lang='grc' dir='ltr'>καίτοι</span> 
     </span>
    </p>

    <p class='ocr_par' dir='ltr' id='par_1_6' title="bbox 143 970 580 1023">
     <span class='ocr_line' id='line_1_14' title="bbox 143 970 580 1023; baseline -0.009 -13"><span class='ocrx_word' id='word_1_92' title='bbox 143 972 248 1023; x_wconf 76' lang='grc' dir='ltr'>ἄχθος</span> <span class='ocrx_word' id='word_1_93' title='bbox 260 976 419 1010; x_wconf 82' lang='grc' dir='ltr'>τοσοῦτον</span> <span class='ocrx_word' id='word_1_94' title='bbox 439 970 580 1023; x_wconf 68' lang='grc' dir='ltr'>φέρων.)</span> 
     </span>
    </p>

    <p class='ocr_par' dir='ltr' id='par_1_7' title="bbox 92 1029 720 1136">
     <span class='ocr_line' id='line_1_15' title="bbox 197 1029 604 1081; baseline -0.007 -12"><span class='ocrx_word' id='word_1_95' title='bbox 197 1045 239 1069; x_wconf 91' lang='lat'>10.</span> <span class='ocrx_word' id='word_1_96' title='bbox 269 1029 566 1081; x_wconf 77' lang='grc' dir='ltr'>ἀποπαρδήσομαι</span> <span class='ocrx_word' id='word_1_97' title='bbox 596 1040 604 1066; x_wconf 91' lang='lat'>:</span> 
     </span>
     <span class='ocr_line' id='line_1_16' title="bbox 92 1085 720 1136; baseline -0.006 -9"><span class='ocrx_word' id='word_1_98' title='bbox 92 1100 124 1126; x_wconf 78' lang='lat'>15</span> <span class='ocrx_word' id='word_1_99' title='bbox 142 1089 240 1136; x_wconf 75' lang='grc' dir='ltr'>δῆθεν</span> <span class='ocrx_word' id='word_1_100' title='bbox 269 1088 373 1125; x_wconf 84' lang='grc' dir='ltr'>ἄκων.</span> <span class='ocrx_word' id='word_1_101' title='bbox 403 1109 454 1115; x_wconf 90' lang='lat'>—-</span> <span class='ocrx_word' id='word_1_102' title='bbox 479 1085 682 1136; x_wconf 71' lang='grc' dir='ltr'>καθαιρήσει</span> <span class='ocrx_word' id='word_1_103' title='bbox 712 1099 720 1123; x_wconf 86' lang='lat'>:</span> 
     </span>
    </p>

    <p class='ocr_par' dir='ltr' id='par_1_8' title="bbox 139 1141 1176 1257">
     <span class='ocr_line' id='line_1_17' title="bbox 140 1141 1176 1198; baseline -0.008 -13"><span class='ocrx_word' id='word_1_104' title='bbox 140 1146 251 1198; x_wconf 85' lang='grc' dir='ltr'>ὤμου.</span> <span class='ocrx_word' id='word_1_105' title='bbox 275 1149 321 1186; x_wconf 83' lang='grc' dir='ltr'>Θ.</span> <span class='ocrx_word' id='word_1_106' title='bbox 349 1148 430 1178; x_wconf 69' lang='lat' dir='ltr'>Uel</span> <span class='ocrx_word' id='word_1_107' title='bbox 452 1143 607 1195; x_wconf 84' lang='grc' dir='ltr'>καθαίρω</span> <span class='ocrx_word' id='word_1_108' title='bbox 636 1141 875 1195; x_wconf 81' lang='grc' dir='ltr'>παροξυτόνως</span> <span class='ocrx_word' id='word_1_109' title='bbox 902 1141 940 1179; x_wconf 82' lang='grc' dir='ltr'>τὸ</span> <span class='ocrx_word' id='word_1_110' title='bbox 967 1141 1176 1187; x_wconf 77' lang='grc' dir='ltr'>ἀποπλύνω,</span> 
     </span>
     <span class='ocr_line' id='line_1_18' title="bbox 139 1199 1095 1257; baseline -0.006 -14"><span class='ocrx_word' id='word_1_111' title='bbox 139 1202 343 1257; x_wconf 83' lang='grc' dir='ltr'>καθαιρῶδΞ</span> <span class='ocrx_word' id='word_1_112' title='bbox 357 1201 628 1254; x_wconf 80' lang='grc' dir='ltr'>περισπωμένως</span> <span class='ocrx_word' id='word_1_113' title='bbox 645 1200 684 1238; x_wconf 84' lang='grc' dir='ltr'>τὸ</span> <span class='ocrx_word' id='word_1_114' title='bbox 698 1216 765 1237; x_wconf 87' lang='grc' dir='ltr'>κατ</span> <span class='ocrx_word' id='word_1_115' title='bbox 746 1199 925 1238; x_wconf 67' lang='grc' dir='ltr'>αὸάλ7ω.</span> <span class='ocrx_word' id='word_1_116' title='bbox 946 1202 992 1238; x_wconf 94' lang='grc' dir='ltr'>Θ.</span> <span class='ocrx_word' id='word_1_117' title='bbox 1011 1211 1095 1242; x_wconf 38' lang='lat' dir='ltr'>inct</span> 
     </span>
    </p>

    <p class='ocr_par' dir='ltr' id='par_1_9' title="bbox 194 1256 1177 1311">
     <span class='ocr_line' id='line_1_19' title="bbox 194 1256 1177 1311; baseline -0.006 -11"><span class='ocrx_word' id='word_1_118' title='bbox 194 1275 236 1300; x_wconf 78' lang='grc' dir='ltr'>ΙΙ.</span> <span class='ocrx_word' id='word_1_119' title='bbox 265 1260 357 1306; x_wconf 77' lang='grc' dir='ltr'>πλήν</span> <span class='ocrx_word' id='word_1_120' title='bbox 375 1260 407 1311; x_wconf 82' lang='grc' dir='ltr'>γ’</span> <span class='ocrx_word' id='word_1_121' title='bbox 425 1259 506 1296; x_wconf 76' lang='grc' dir='ltr'>ὅταν</span> <span class='ocrx_word' id='word_1_122' title='bbox 533 1257 693 1308; x_wconf 75' lang='grc' dir='ltr'>μέλλω”’</span> <span class='ocrx_word' id='word_1_123' title='bbox 679 1273 771 1308; x_wconf 83' lang='grc' dir='ltr'>ςεμει</span> <span class='ocrx_word' id='word_1_124' title='bbox 774 1274 791 1294; x_wconf 95' lang='grc' dir='ltr'><strong>ν</strong></span> <span class='ocrx_word' id='word_1_125' title='bbox 818 1261 944 1304; x_wconf 71' lang='grc' dir='ltr'>εΟἱον,</span> <span class='ocrx_word' id='word_1_126' title='bbox 959 1260 987 1295; x_wconf 87' lang='grc' dir='ltr'>εἰ</span> <span class='ocrx_word' id='word_1_127' title='bbox 1010 1257 1098 1300; x_wconf 67' lang='grc' dir='ltr'>ὅλως</span> <span class='ocrx_word' id='word_1_128' title='bbox 1119 1256 1177 1294; x_wconf 88' lang='grc' dir='ltr'>λέ-</span> 
     </span>
    </p>

    <p class='ocr_par' dir='ltr' id='par_1_10' title="bbox 138 1314 1176 1425">
     <span class='ocr_line' id='line_1_20' title="bbox 138 1314 1176 1370; baseline -0.006 -13"><span class='ocrx_word' id='word_1_129' title='bbox 138 1335 226 1370; x_wconf 88' lang='grc' dir='ltr'>γεις,</span> <span class='ocrx_word' id='word_1_130' title='bbox 254 1317 332 1356; x_wconf 88' lang='grc' dir='ltr'>τότε</span> <span class='ocrx_word' id='word_1_131' title='bbox 357 1316 450 1362; x_wconf 83' lang='grc' dir='ltr'>εἰπὲ,</span> <span class='ocrx_word' id='word_1_132' title='bbox 471 1315 527 1353; x_wconf 80' lang='grc' dir='ltr'>ὅτε</span> <span class='ocrx_word' id='word_1_133' title='bbox 547 1315 663 1365; x_wconf 81' lang='grc' dir='ltr'>μέλλω</span> <span class='ocrx_word' id='word_1_134' title='bbox 689 1314 818 1364; x_wconf 82' lang='grc' dir='ltr'>ἐξεμεῖν</span> <span class='ocrx_word' id='word_1_135' title='bbox 833 1345 843 1364; x_wconf 93' lang='grc'>,</span> <span class='ocrx_word' id='word_1_136' title='bbox 864 1314 920 1352; x_wconf 81' lang='grc' dir='ltr'>ἵνα</span> <span class='ocrx_word' id='word_1_137' title='bbox 951 1315 1041 1358; x_wconf 82' lang='grc' dir='ltr'>ἅπαξ</span> <span class='ocrx_word' id='word_1_138' title='bbox 1063 1314 1176 1365; x_wconf 82' lang='grc' dir='ltr'>ἐμέσω</span> 
     </span>
     <span class='ocr_line' id='line_1_21' title="bbox 693 1371 1175 1425; baseline -0.004 -14"><span class='ocrx_word' id='word_1_139' title='bbox 693 1373 838 1413; x_wconf 81' lang='grc' dir='ltr'>Ἄλλως.</span> <span class='ocrx_word' id='word_1_140' title='bbox 853 1372 929 1410; x_wconf 89' lang='grc' dir='ltr'>τότε</span> <span class='ocrx_word' id='word_1_141' title='bbox 939 1402 948 1418; x_wconf 83' lang='grc'>,</span> <span class='ocrx_word' id='word_1_142' title='bbox 958 1373 1041 1425; x_wconf 66' lang='grc' dir='ltr'>φησὶ</span> <span class='ocrx_word' id='word_1_143' title='bbox 1053 1402 1063 1422; x_wconf 92' lang='grc'>,</span> <span class='ocrx_word' id='word_1_144' title='bbox 1080 1371 1156 1423; x_wconf 85' lang='grc' dir='ltr'>λέγε</span> <span class='ocrx_word' id='word_1_145' title='bbox 1167 1402 1175 1418; x_wconf 91' lang='grc'>,</span> 
     </span>
    </p>
   </div>
   <div class='ocr_carea' id='block_1_3' title="bbox 626 1024 1178 1122">
    <p class='ocr_par' dir='ltr' id='par_1_11' title="bbox 626 1024 1178 1121">
     <span class='ocr_line' id='line_1_22' title="bbox 626 1024 1178 1071; baseline -0.007 -6"><span class='ocrx_word' id='word_1_146' title='bbox 626 1029 688 1070; x_wconf 80' lang='grc' dir='ltr'>Εἰς</span> <span class='ocrx_word' id='word_1_147' title='bbox 718 1026 756 1064; x_wconf 77' lang='grc' dir='ltr'>τὸ</span> <span class='ocrx_word' id='word_1_148' title='bbox 781 1025 864 1063; x_wconf 81' lang='grc' dir='ltr'>αὐτὸ</span> <span class='ocrx_word' id='word_1_149' title='bbox 892 1024 1106 1071; x_wconf 77' lang='grc' dir='ltr'>κατήντησεν</span> <span class='ocrx_word' id='word_1_150' title='bbox 1132 1027 1178 1067; x_wconf 81' lang='grc' dir='ltr'>ὡς</span> 
     </span>
     <span class='ocr_line' id='line_1_23' title="bbox 750 1083 1177 1122; baseline 0 -1"><span class='ocrx_word' id='word_1_151' title='bbox 750 1083 995 1122; x_wconf 66' lang='grc' dir='ltr'>Καταὸιοάσει</span> <span class='ocrx_word' id='word_1_152' title='bbox 1024 1083 1093 1120; x_wconf 77' lang='grc' dir='ltr'>ἀπὸ</span> <span class='ocrx_word' id='word_1_153' title='bbox 1119 1087 1177 1121; x_wconf 83' lang='grc' dir='ltr'>τοῦ</span> 
     </span>
    </p>
   </div>
   <div class='ocr_carea' id='block_1_4' title="bbox 78 1374 1175 3153">
    <p class='ocr_par' dir='ltr' id='par_1_12' title="bbox 87 1374 1175 1542">
     <span class='ocr_line' id='line_1_24' title="bbox 87 1374 637 1427; baseline -0.007 -10"><span class='ocrx_word' id='word_1_154' title='bbox 87 1392 123 1418; x_wconf 76' lang='lat'>20</span> <span class='ocrx_word' id='word_1_155' title='bbox 139 1377 201 1416; x_wconf 73' lang='grc' dir='ltr'>καὶ</span> <span class='ocrx_word' id='word_1_156' title='bbox 219 1375 268 1427; x_wconf 81' lang='grc' dir='ltr'>μὴ</span> <span class='ocrx_word' id='word_1_157' title='bbox 285 1376 343 1413; x_wconf 88' lang='grc' dir='ltr'>καὶ</span> <span class='ocrx_word' id='word_1_158' title='bbox 357 1375 433 1412; x_wconf 85' lang='grc' dir='ltr'>τότε</span> <span class='ocrx_word' id='word_1_159' title='bbox 444 1374 500 1412; x_wconf 79' lang='grc' dir='ltr'>ὅτε</span> <span class='ocrx_word' id='word_1_160' title='bbox 514 1376 637 1425; x_wconf 86' lang='grc' dir='ltr'>λέγεις.</span> 
     </span>
     <span class='ocr_line' id='line_1_25' title="bbox 139 1430 1175 1485; baseline -0.006 -12"><span class='ocrx_word' id='word_1_161' title='bbox 139 1435 198 1474; x_wconf 81' lang='grc' dir='ltr'>ἐὰν</span> <span class='ocrx_word' id='word_1_162' title='bbox 218 1434 338 1485; x_wconf 82' lang='grc' dir='ltr'>Θέλῃς,</span> <span class='ocrx_word' id='word_1_163' title='bbox 355 1433 586 1484; x_wconf 78' lang='grc' dir='ltr'>ἐπιτηρήσας,</span> <span class='ocrx_word' id='word_1_164' title='bbox 601 1432 658 1469; x_wconf 78' lang='grc' dir='ltr'>ὅτε</span> <span class='ocrx_word' id='word_1_165' title='bbox 679 1431 796 1482; x_wconf 84' lang='grc' dir='ltr'>μέλλω</span> <span class='ocrx_word' id='word_1_166' title='bbox 814 1430 954 1480; x_wconf 77' lang='grc' dir='ltr'>ἐξεμεῖν.</span> <span class='ocrx_word' id='word_1_167' title='bbox 976 1433 1085 1483; x_wconf 75' lang='grc' dir='ltr'>ῥᾷστα</span> <span class='ocrx_word' id='word_1_168' title='bbox 1110 1430 1175 1482; x_wconf 84' lang='grc' dir='ltr'>γὰρ</span> 
     </span>
     <span class='ocr_line' id='line_1_26' title="bbox 140 1490 627 1542; baseline -0.004 -11"><span class='ocrx_word' id='word_1_169' title='bbox 140 1492 182 1531; x_wconf 76' lang='grc' dir='ltr'>ἂν</span> <span class='ocrx_word' id='word_1_170' title='bbox 201 1491 422 1542; x_wconf 82' lang='grc' dir='ltr'>ἐξεμέσαιμι,</span> <span class='ocrx_word' id='word_1_171' title='bbox 442 1490 500 1528; x_wconf 80' lang='grc' dir='ltr'>ἐὰν</span> <span class='ocrx_word' id='word_1_172' title='bbox 518 1490 627 1541; x_wconf 79' lang='grc' dir='ltr'>εἴπῃς.</span> 
     </span>
    </p>

    <p class='ocr_par' dir='ltr' id='par_1_13' title="bbox 138 1546 1174 1659">
     <span class='ocr_line' id='line_1_27' title="bbox 193 1546 1173 1602; baseline -0.004 -14"><span class='ocrx_word' id='word_1_173' title='bbox 193 1565 237 1589; x_wconf 72' lang='lat'>13.</span> <span class='ocrx_word' id='word_1_174' title='bbox 267 1549 442 1602; x_wconf 77' lang='grc' dir='ltr'>Φρύνιχος</span> <span class='ocrx_word' id='word_1_175' title='bbox 461 1563 470 1588; x_wconf 91' lang='lat'>:</span> <span class='ocrx_word' id='word_1_176' title='bbox 490 1548 638 1600; x_wconf 83' lang='grc' dir='ltr'>Δίδυμός</span> <span class='ocrx_word' id='word_1_177' title='bbox 660 1563 762 1600; x_wconf 74' lang='grc' dir='ltr'>φησιν</span> <span class='ocrx_word' id='word_1_178' title='bbox 776 1546 827 1584; x_wconf 79' lang='grc' dir='ltr'>ὅτι</span> <span class='ocrx_word' id='word_1_179' title='bbox 841 1551 901 1585; x_wconf 89' lang='grc' dir='ltr'>νῦν</span> <span class='ocrx_word' id='word_1_180' title='bbox 920 1546 1099 1599; x_wconf 75' lang='grc' dir='ltr'>Φρυνίχου</span> <span class='ocrx_word' id='word_1_181' title='bbox 1115 1551 1173 1584; x_wconf 84' lang='grc' dir='ltr'>τοῦ</span> 
     </span>
     <span class='ocr_line' id='line_1_28' title="bbox 138 1605 1174 1659; baseline -0.004 -13"><span class='ocrx_word' id='word_1_182' title='bbox 138 1612 294 1657; x_wconf 75' lang='grc' dir='ltr'>κωμικοῦ</span> <span class='ocrx_word' id='word_1_183' title='bbox 315 1607 508 1657; x_wconf 82' lang='grc' dir='ltr'>μέμνηται,</span> <span class='ocrx_word' id='word_1_184' title='bbox 524 1609 570 1649; x_wconf 85' lang='grc' dir='ltr'>ὡς</span> <span class='ocrx_word' id='word_1_185' title='bbox 583 1608 664 1659; x_wconf 90' lang='grc' dir='ltr'>παρ’</span> <span class='ocrx_word' id='word_1_186' title='bbox 686 1606 818 1644; x_wconf 79' lang='grc' dir='ltr'>ἕκαστα</span> <span class='ocrx_word' id='word_1_187' title='bbox 835 1608 869 1644; x_wconf 84' lang='grc' dir='ltr'>ἐν</span> <span class='ocrx_word' id='word_1_188' title='bbox 890 1606 964 1648; x_wconf 79' lang='grc' dir='ltr'>ταῖς</span> <span class='ocrx_word' id='word_1_189' title='bbox 978 1605 1174 1658; x_wconf 72' lang='grc' dir='ltr'>κωμῳδίαις</span> 
     </span>
    </p>

    <p class='ocr_par' dir='ltr' id='par_1_14' title="bbox 86 1664 1174 1947">
     <span class='ocr_line' id='line_1_29' title="bbox 86 1664 1173 1719; baseline -0.003 -15"><span class='ocrx_word' id='word_1_190' title='bbox 86 1686 120 1710; x_wconf 84' lang='lat'>25</span> <span class='ocrx_word' id='word_1_191' title='bbox 139 1665 436 1719; x_wconf 69' lang='grc' dir='ltr'>φορτικευομένου.</span> <span class='ocrx_word' id='word_1_192' title='bbox 448 1665 521 1703; x_wconf 83' lang='grc' dir='ltr'>ἔστι</span> <span class='ocrx_word' id='word_1_193' title='bbox 535 1664 570 1703; x_wconf 85' lang='lat'>65</span> <span class='ocrx_word' id='word_1_194' title='bbox 583 1664 711 1716; x_wconf 83' lang='grc' dir='ltr'>πατρὸς</span> <span class='ocrx_word' id='word_1_195' title='bbox 729 1664 934 1714; x_wconf 77' lang='grc' dir='ltr'>Εὐνομίόου.</span> <span class='ocrx_word' id='word_1_196' title='bbox 953 1665 1173 1716; x_wconf 73' lang='grc' dir='ltr'>κωμῳδεῖται</span> 
     </span>
     <span class='ocr_line' id='line_1_30' title="bbox 138 1721 1174 1775; baseline -0.003 -13"><span class='ocrx_word' id='word_1_197' title='bbox 138 1724 174 1762; x_wconf 82' lang='grc' dir='ltr'>δὲ</span> <span class='ocrx_word' id='word_1_198' title='bbox 195 1724 254 1762; x_wconf 84' lang='grc' dir='ltr'>καὶ</span> <span class='ocrx_word' id='word_1_199' title='bbox 269 1726 315 1766; x_wconf 83' lang='grc' dir='ltr'>ὡς</span> <span class='ocrx_word' id='word_1_200' title='bbox 332 1723 438 1770; x_wconf 64' lang='grc' dir='ltr'>ξένος,</span> <span class='ocrx_word' id='word_1_201' title='bbox 454 1723 512 1761; x_wconf 78' lang='grc' dir='ltr'>καὶ</span> <span class='ocrx_word' id='word_1_202' title='bbox 529 1723 586 1760; x_wconf 77' lang='grc' dir='ltr'>ἐπὶ</span> <span class='ocrx_word' id='word_1_203' title='bbox 606 1724 795 1775; x_wconf 71' lang='grc' dir='ltr'>φαυλότητι</span> <span class='ocrx_word' id='word_1_204' title='bbox 814 1721 1031 1771; x_wconf 74' lang='grc' dir='ltr'>ποιημάτιον,</span> <span class='ocrx_word' id='word_1_205' title='bbox 1049 1722 1109 1759; x_wconf 82' lang='grc' dir='ltr'>καὶ</span> <span class='ocrx_word' id='word_1_206' title='bbox 1128 1725 1174 1765; x_wconf 86' lang='grc' dir='ltr'>ὡς</span> 
     </span>
     <span class='ocr_line' id='line_1_31' title="bbox 139 1779 1171 1835; baseline -0.002 -16"><span class='ocrx_word' id='word_1_207' title='bbox 139 1782 302 1835; x_wconf 78' lang='grc' dir='ltr'>ἀλλότρια</span> <span class='ocrx_word' id='word_1_208' title='bbox 328 1781 437 1833; x_wconf 88' lang='grc' dir='ltr'>λέγων</span> <span class='ocrx_word' id='word_1_209' title='bbox 461 1782 520 1819; x_wconf 83' lang='grc' dir='ltr'>καὶ</span> <span class='ocrx_word' id='word_1_210' title='bbox 538 1783 585 1824; x_wconf 86' lang='grc' dir='ltr'>ὡς</span> <span class='ocrx_word' id='word_1_211' title='bbox 611 1780 824 1833; x_wconf 85' lang='grc' dir='ltr'>κακόμετρα.</span> <span class='ocrx_word' id='word_1_212' title='bbox 850 1780 914 1818; x_wconf 85' lang='grc' dir='ltr'>εἶσὶ</span> <span class='ocrx_word' id='word_1_213' title='bbox 935 1779 970 1817; x_wconf 79' lang='lat'>65</span> <span class='ocrx_word' id='word_1_214' title='bbox 990 1780 1050 1817; x_wconf 72' lang='grc' dir='ltr'>καὶ</span> <span class='ocrx_word' id='word_1_215' title='bbox 1073 1780 1171 1818; x_wconf 81' lang='grc' dir='ltr'>ἄλλοι</span> 
     </span>
     <span class='ocr_line' id='line_1_32' title="bbox 134 1838 1170 1893; baseline -0.001 -16"><span class='ocrx_word' id='word_1_216' title='bbox 134 1841 224 1892; x_wconf 84' lang='grc' dir='ltr'>τρεῖς</span> <span class='ocrx_word' id='word_1_217' title='bbox 239 1839 422 1893; x_wconf 80' lang='grc' dir='ltr'>Φρύνιχοι.</span> <span class='ocrx_word' id='word_1_218' title='bbox 453 1839 649 1892; x_wconf 74' lang='grc' dir='ltr'>(Φρύνιχος</span> <span class='ocrx_word' id='word_1_219' title='bbox 668 1838 704 1876; x_wconf 88' lang='lat'>65</span> <span class='ocrx_word' id='word_1_220' title='bbox 725 1841 742 1875; x_wconf 86' lang='lat'>6</span> <span class='ocrx_word' id='word_1_221' title='bbox 760 1838 913 1888; x_wconf 79' lang='grc' dir='ltr'>κωμικὸς</span> <span class='ocrx_word' id='word_1_222' title='bbox 927 1838 1022 1876; x_wconf 75' lang='grc' dir='ltr'>οὐδὲν</span> <span class='ocrx_word' id='word_1_223' title='bbox 1042 1838 1170 1876; x_wconf 77' lang='grc' dir='ltr'>τούτων</span> 
     </span>
     <span class='ocr_line' id='line_1_33' title="bbox 135 1897 1172 1947; baseline -0.001 -11"><span class='ocrx_word' id='word_1_224' title='bbox 135 1898 296 1945; x_wconf 83' lang='grc' dir='ltr'>ἐποίησεν</span> <span class='ocrx_word' id='word_1_225' title='bbox 327 1900 362 1936; x_wconf 81' lang='grc' dir='ltr'>ἐν</span> <span class='ocrx_word' id='word_1_226' title='bbox 386 1903 456 1941; x_wconf 86' lang='grc' dir='ltr'>τοῖς</span> <span class='ocrx_word' id='word_1_227' title='bbox 482 1897 684 1947; x_wconf 83' lang='grc' dir='ltr'>σωζομένοις</span> <span class='ocrx_word' id='word_1_228' title='bbox 709 1898 826 1934; x_wconf 80' lang='grc' dir='ltr'>αὐτοῦ·</span> <span class='ocrx_word' id='word_1_229' title='bbox 855 1897 944 1940; x_wconf 82' lang='grc' dir='ltr'>εἰκὸς</span> <span class='ocrx_word' id='word_1_230' title='bbox 972 1897 1007 1934; x_wconf 84' lang='lat'>65</span> <span class='ocrx_word' id='word_1_231' title='bbox 1037 1899 1072 1934; x_wconf 81' lang='grc' dir='ltr'>ἓν</span> <span class='ocrx_word' id='word_1_232' title='bbox 1102 1904 1172 1940; x_wconf 87' lang='grc' dir='ltr'>τοῖς</span> 
     </span>
    </p>

    <p class='ocr_par' dir='ltr' id='par_1_15' title="bbox 83 1950 823 2005">
     <span class='ocr_line' id='line_1_34' title="bbox 83 1950 823 2005; baseline -0.005 -10"><span class='ocrx_word' id='word_1_233' title='bbox 83 1967 118 1996; x_wconf 76' lang='lat'>80</span> <span class='ocrx_word' id='word_1_234' title='bbox 137 1956 350 1994; x_wconf 83' lang='grc' dir='ltr'>ἀπολωλόσιν</span> <span class='ocrx_word' id='word_1_235' title='bbox 365 1950 450 1994; x_wconf 67' lang='grc' dir='ltr'>εἶναι</span> <span class='ocrx_word' id='word_1_236' title='bbox 471 1957 574 1993; x_wconf 81' lang='grc' dir='ltr'>αὐτοῦ</span> <span class='ocrx_word' id='word_1_237' title='bbox 590 1955 742 1993; x_wconf 87' lang='grc' dir='ltr'>τοιοῦτόν</span> <span class='ocrx_word' id='word_1_238' title='bbox 760 1958 823 2005; x_wconf 87' lang='grc' dir='ltr'>τι.)</span> 
     </span>
    </p>

    <p class='ocr_par' dir='ltr' id='par_1_16' title="bbox 133 2012 1169 2239">
     <span class='ocr_line' id='line_1_35' title="bbox 188 2012 1169 2084; baseline -0.002 -32"><span class='ocrx_word' id='word_1_239' title='bbox 188 2027 233 2052; x_wconf 76' lang='lat'>14.</span> <span class='ocrx_word' id='word_1_240' title='bbox 258 2012 393 2056; x_wconf 83' lang='grc' dir='ltr'>Λύκις·</span> <span class='ocrx_word' id='word_1_241' title='bbox 414 2012 612 2066; x_wconf 78' lang='grc' dir='ltr'>Κωμῳδίας</span> <span class='ocrx_word' id='word_1_242' title='bbox 635 2013 796 2059; x_wconf 79' lang='grc' dir='ltr'>ποιητής.</span> <span class='ocrx_word' id='word_1_243' title='bbox 821 2015 867 2056; x_wconf 79' lang='grc' dir='ltr'>ὣς</span> <span class='ocrx_word' id='word_1_244' title='bbox 859 2013 1014 2084; x_wconf 75' lang='grc' dir='ltr'>ψυχρὸς</span> <span class='ocrx_word' id='word_1_245' title='bbox 1038 2029 1169 2064; x_wconf 84' lang='grc' dir='ltr'>κωμῳ-</span> 
     </span>
     <span class='ocr_line' id='line_1_36' title="bbox 135 2066 1169 2131; baseline 0.001 -23"><span class='ocrx_word' id='word_1_246' title='bbox 135 2071 257 2108; x_wconf 82' lang='grc' dir='ltr'>δεῖται·</span> <span class='ocrx_word' id='word_1_247' title='bbox 293 2070 386 2121; x_wconf 82' lang='grc' dir='ltr'>λέγει</span> <span class='ocrx_word' id='word_1_248' title='bbox 409 2070 444 2108; x_wconf 83' lang='lat'>65</span> <span class='ocrx_word' id='word_1_249' title='bbox 473 2071 575 2108; x_wconf 70' lang='grc' dir='ltr'>αὐτὸν</span> <span class='ocrx_word' id='word_1_250' title='bbox 603 2071 662 2108; x_wconf 83' lang='grc' dir='ltr'>καὶ</span> <span class='ocrx_word' id='word_1_251' title='bbox 686 2070 813 2109; x_wconf 79' lang='grc' dir='ltr'>Λύκον·</span> <span class='ocrx_word' id='word_1_252' title='bbox 841 2066 879 2108; x_wconf 69' lang='grc' dir='ltr'>οὗ</span> <span class='ocrx_word' id='word_1_253' title='bbox 899 2071 994 2108; x_wconf 78' lang='grc' dir='ltr'>οὖδεν</span> <span class='ocrx_word' id='word_1_254' title='bbox 992 2087 1058 2131; x_wconf 66' lang='grc' dir='ltr'>ωιρε</span> <span class='ocrx_word' id='word_1_255' title='bbox 1050 2071 1169 2123; x_wconf 87' lang='grc' dir='ltr'>’ρεται.</span> 
     </span>
     <span class='ocr_line' id='line_1_37' title="bbox 135 2123 1167 2181; baseline -0.001 -14"><span class='ocrx_word' id='word_1_256' title='bbox 135 2130 146 2176; x_wconf 86' lang='grc'>(</span> <span class='ocrx_word' id='word_1_257' title='bbox 151 2127 297 2172; x_wconf 71' lang='grc' dir='ltr'>’.Αλλως</span> <span class='ocrx_word' id='word_1_258' title='bbox 315 2131 333 2165; x_wconf 92' lang='lat'>6</span> <span class='ocrx_word' id='word_1_259' title='bbox 350 2127 386 2166; x_wconf 86' lang='lat'>65</span> <span class='ocrx_word' id='word_1_260' title='bbox 402 2133 494 2175; x_wconf 90' lang='grc' dir='ltr'>νοῦς,</span> <span class='ocrx_word' id='word_1_261' title='bbox 508 2129 604 2181; x_wconf 86' lang='grc' dir='ltr'>εἴπερ</span> <span class='ocrx_word' id='word_1_262' title='bbox 623 2129 759 2174; x_wconf 80' lang='grc' dir='ltr'>ποιῆσω</span> <span class='ocrx_word' id='word_1_263' title='bbox 783 2129 890 2179; x_wconf 76' lang='grc' dir='ltr'>μηδΞν</span> <span class='ocrx_word' id='word_1_264' title='bbox 910 2123 957 2166; x_wconf 69' lang='grc' dir='ltr'>ὧν</span> <span class='ocrx_word' id='word_1_265' title='bbox 975 2133 1066 2166; x_wconf 76' lang='grc' dir='ltr'>οὗτοι</span> <span class='ocrx_word' id='word_1_266' title='bbox 1089 2129 1167 2167; x_wconf 85' lang='grc' dir='ltr'>εἰώ-</span> 
     </span>
     <span class='ocr_line' id='line_1_38' title="bbox 133 2186 1167 2239; baseline -0.001 -15"><span class='ocrx_word' id='word_1_267' title='bbox 133 2189 212 2224; x_wconf 82' lang='grc' dir='ltr'>θασι</span> <span class='ocrx_word' id='word_1_268' title='bbox 228 2192 336 2224; x_wconf 86' lang='grc' dir='ltr'>ποιεῖν</span> <span class='ocrx_word' id='word_1_269' title='bbox 355 2191 424 2229; x_wconf 90' lang='grc' dir='ltr'>τοῖς</span> <span class='ocrx_word' id='word_1_270' title='bbox 440 2191 715 2238; x_wconf 70' lang='grc' dir='ltr'>σκευοφοροῧσιν·</span> <span class='ocrx_word' id='word_1_271' title='bbox 732 2186 788 2224; x_wconf 78' lang='grc' dir='ltr'>ἵνα</span> <span class='ocrx_word' id='word_1_272' title='bbox 802 2187 841 2224; x_wconf 79' lang='grc' dir='ltr'>τὸ</span> <span class='ocrx_word' id='word_1_273' title='bbox 859 2187 998 2239; x_wconf 70' lang='grc' dir='ltr'>φέρουσι</span> <span class='ocrx_word' id='word_1_274' title='bbox 1013 2188 1167 2239; x_wconf 65' lang='grc' dir='ltr'>σημαίνῃ</span> 
     </span>
    </p>

    <p class='ocr_par' dir='ltr' id='par_1_17' title="bbox 81 2241 1168 2536">
     <span class='ocr_line' id='line_1_39' title="bbox 81 2241 1168 2298; baseline 0.001 -17"><span class='ocrx_word' id='word_1_275' title='bbox 81 2261 116 2287; x_wconf 84' lang='lat'>35</span> <span class='ocrx_word' id='word_1_276' title='bbox 134 2247 265 2282; x_wconf 87' lang='grc' dir='ltr'>πτῶσιν</span> <span class='ocrx_word' id='word_1_277' title='bbox 296 2243 446 2290; x_wconf 83' lang='grc' dir='ltr'>δοτικήν.</span> <span class='ocrx_word' id='word_1_278' title='bbox 501 2241 670 2294; x_wconf 77' lang='grc' dir='ltr'>Ἄλλως.)</span> <span class='ocrx_word' id='word_1_279' title='bbox 703 2247 828 2297; x_wconf 80' lang='grc' dir='ltr'>τριχῶς</span> <span class='ocrx_word' id='word_1_280' title='bbox 860 2244 1010 2296; x_wconf 88' lang='grc' dir='ltr'>λέγεται.</span> <span class='ocrx_word' id='word_1_281' title='bbox 1044 2244 1066 2291; x_wconf 84' lang='grc' dir='ltr'>ἢ</span> <span class='ocrx_word' id='word_1_282' title='bbox 1102 2245 1168 2298; x_wconf 85' lang='grc' dir='ltr'>γὰρ</span> 
     </span>
     <span class='ocr_line' id='line_1_40' title="bbox 135 2301 1168 2355; baseline 0.001 -15"><span class='ocrx_word' id='word_1_283' title='bbox 135 2305 422 2354; x_wconf 64' lang='grc' dir='ltr'>σκευηφοροῦσιν,</span> <span class='ocrx_word' id='word_1_284' title='bbox 444 2301 466 2347; x_wconf 83' lang='grc' dir='ltr'>ἢ</span> <span class='ocrx_word' id='word_1_285' title='bbox 493 2301 599 2348; x_wconf 86' lang='grc' dir='ltr'>σκεύη</span> <span class='ocrx_word' id='word_1_286' title='bbox 619 2302 790 2355; x_wconf 70' lang='grc' dir='ltr'>φέρουσιν,</span> <span class='ocrx_word' id='word_1_287' title='bbox 818 2301 840 2348; x_wconf 85' lang='grc' dir='ltr'>ἢ</span> <span class='ocrx_word' id='word_1_288' title='bbox 868 2303 1168 2355; x_wconf 67' lang='grc' dir='ltr'>[σκευοφοροῦσιν.</span> 
     </span>
     <span class='ocr_line' id='line_1_41' title="bbox 135 2358 1168 2412; baseline 0.002 -16"><span class='ocrx_word' id='word_1_289' title='bbox 135 2359 209 2397; x_wconf 78' lang='grc' dir='ltr'>ἀντὶ</span> <span class='ocrx_word' id='word_1_290' title='bbox 234 2359 322 2411; x_wconf 62' lang='grc' dir='ltr'>τοῦ]</span> <span class='ocrx_word' id='word_1_291' title='bbox 342 2358 567 2411; x_wconf 72' lang='grc' dir='ltr'>σκευοφόρους</span> <span class='ocrx_word' id='word_1_292' title='bbox 595 2359 721 2412; x_wconf 79' lang='grc' dir='ltr'>ἄνδρας</span> <span class='ocrx_word' id='word_1_293' title='bbox 744 2365 914 2399; x_wconf 89' lang='grc' dir='ltr'>ποιοῦσιν.</span> <span class='ocrx_word' id='word_1_294' title='bbox 942 2360 1014 2398; x_wconf 88' lang='grc' dir='ltr'>ἔστι</span> <span class='ocrx_word' id='word_1_295' title='bbox 1046 2361 1080 2399; x_wconf 90' lang='lat'>65</span> <span class='ocrx_word' id='word_1_296' title='bbox 1111 2364 1168 2412; x_wconf 90' lang='grc' dir='ltr'>βε-</span> 
     </span>
     <span class='ocr_line' id='line_1_42' title="bbox 135 2413 1168 2471; baseline 0.003 -17"><span class='ocrx_word' id='word_1_297' title='bbox 135 2417 317 2467; x_wconf 75' lang='grc' dir='ltr'>ὅιασμένος</span> <span class='ocrx_word' id='word_1_298' title='bbox 347 2419 365 2454; x_wconf 86' lang='lat'>6</span> <span class='ocrx_word' id='word_1_299' title='bbox 398 2417 508 2468; x_wconf 82' lang='grc' dir='ltr'>λόγος,</span> <span class='ocrx_word' id='word_1_300' title='bbox 543 2417 638 2471; x_wconf 82' lang='grc' dir='ltr'>εἴπερ</span> <span class='ocrx_word' id='word_1_301' title='bbox 677 2434 814 2465; x_wconf 89' lang='grc' dir='ltr'>ποιησω</span> <span class='ocrx_word' id='word_1_302' title='bbox 847 2419 953 2468; x_wconf 81' lang='grc' dir='ltr'>μηδὲν</span> <span class='ocrx_word' id='word_1_303' title='bbox 993 2413 1040 2456; x_wconf 67' lang='grc' dir='ltr'>ῶν</span> <span class='ocrx_word' id='word_1_304' title='bbox 1077 2414 1168 2457; x_wconf 64' lang='grc' dir='ltr'>οὗτοι</span> 
     </span>
     <span class='ocr_line' id='line_1_43' title="bbox 132 2476 1165 2547; baseline 0.003 -35"><span class='ocrx_word' id='word_1_305' title='bbox 132 2479 286 2521; x_wconf 88' lang='grc' dir='ltr'>ποιοῦσι,</span> <span class='ocrx_word' id='word_1_306' title='bbox 321 2479 613 2547; x_wconf 39' lang='grc' dir='ltr'>σκευηίροροῦντας</span> <span class='ocrx_word' id='word_1_307' title='bbox 653 2476 845 2526; x_wconf 79' lang='grc' dir='ltr'>εἰσάγοντες</span> <span class='ocrx_word' id='word_1_308' title='bbox 883 2476 972 2527; x_wconf 83' lang='grc' dir='ltr'>μετὰ</span> <span class='ocrx_word' id='word_1_309' title='bbox 1015 2479 1165 2518; x_wconf 88' lang='grc' dir='ltr'>πολλῶν.</span> 
     </span>
    </p>

    <p class='ocr_par' dir='ltr' id='par_1_18' title="bbox 79 2533 1167 2758">
     <span class='ocr_line' id='line_1_44' title="bbox 79 2533 1167 2585; baseline 0.004 -15"><span class='ocrx_word' id='word_1_310' title='bbox 79 2545 114 2570; x_wconf 73' lang='grc'>40</span> <span class='ocrx_word' id='word_1_311' title='bbox 132 2533 366 2585; x_wconf 83' lang='grc' dir='ltr'>περιλείπεται</span> <span class='ocrx_word' id='word_1_312' title='bbox 401 2537 458 2570; x_wconf 87' lang='grc' dir='ltr'>οὖν</span> <span class='ocrx_word' id='word_1_313' title='bbox 493 2533 629 2571; x_wconf 79' lang='grc' dir='ltr'>ἀκούειν</span> <span class='ocrx_word' id='word_1_314' title='bbox 661 2535 782 2578; x_wconf 82' lang='grc' dir='ltr'>ἁπλῶς</span> <span class='ocrx_word' id='word_1_315' title='bbox 815 2538 861 2572; x_wconf 77' lang='grc' dir='ltr'>ὧν</span> <span class='ocrx_word' id='word_1_316' title='bbox 897 2539 990 2572; x_wconf 82' lang='grc' dir='ltr'>οὑτοι</span> <span class='ocrx_word' id='word_1_317' title='bbox 1027 2534 1167 2574; x_wconf 85' lang='grc' dir='ltr'>εἰωθασι</span> 
     </span>
     <span class='ocr_line' id='line_1_45' title="bbox 129 2591 1165 2645; baseline 0.003 -17"><span class='ocrx_word' id='word_1_318' title='bbox 129 2596 238 2628; x_wconf 89' lang='grc' dir='ltr'>ποιεῖν</span> <span class='ocrx_word' id='word_1_319' title='bbox 269 2592 338 2634; x_wconf 84' lang='grc' dir='ltr'>τοῖς</span> <span class='ocrx_word' id='word_1_320' title='bbox 365 2596 646 2643; x_wconf 70' lang='grc' dir='ltr'>σκευηφοροῦσιν,</span> <span class='ocrx_word' id='word_1_321' title='bbox 669 2591 725 2629; x_wconf 88' lang='grc' dir='ltr'>ι’να</span> <span class='ocrx_word' id='word_1_322' title='bbox 753 2592 792 2630; x_wconf 86' lang='grc' dir='ltr'>τὸ</span> <span class='ocrx_word' id='word_1_323' title='bbox 825 2597 1077 2645; x_wconf 68' lang='grc' dir='ltr'>σκευηφοροῦσι</span> <span class='ocrx_word' id='word_1_324' title='bbox 1098 2610 1165 2641; x_wconf 87' lang='grc' dir='ltr'>ση-</span> 
     </span>
     <span class='ocr_line' id='line_1_46' title="bbox 132 2647 1166 2700; baseline 0.005 -15"><span class='ocrx_word' id='word_1_325' title='bbox 132 2647 238 2700; x_wconf 86' lang='grc' dir='ltr'>μαίνῃ</span> <span class='ocrx_word' id='word_1_326' title='bbox 257 2651 388 2686; x_wconf 85' lang='grc' dir='ltr'>πτῶσιν</span> <span class='ocrx_word' id='word_1_327' title='bbox 408 2649 556 2695; x_wconf 80' lang='grc' dir='ltr'>δοτικήν.</span> <span class='ocrx_word' id='word_1_328' title='bbox 572 2670 617 2675; x_wconf 86' lang='grc'>-</span> <span class='ocrx_word' id='word_1_329' title='bbox 637 2650 697 2687; x_wconf 83' lang='grc' dir='ltr'>καὶ</span> <span class='ocrx_word' id='word_1_330' title='bbox 712 2649 814 2693; x_wconf 78' lang='grc' dir='ltr'>αὐτὸς</span> <span class='ocrx_word' id='word_1_331' title='bbox 826 2653 872 2694; x_wconf 86' lang='grc' dir='ltr'>ὡς</span> <span class='ocrx_word' id='word_1_332' title='bbox 895 2651 999 2695; x_wconf 80' lang='grc' dir='ltr'>κακὸς</span> <span class='ocrx_word' id='word_1_333' title='bbox 1020 2652 1166 2699; x_wconf 78' lang='grc' dir='ltr'>ποιητὴς</span> 
     </span>
     <span class='ocr_line' id='line_1_47' title="bbox 130 2707 422 2758; baseline 0.003 -16"><span class='ocrx_word' id='word_1_334' title='bbox 130 2707 362 2758; x_wconf 83' lang='grc' dir='ltr'>κωμῳδεῖται.</span> <span class='ocrx_word' id='word_1_335' title='bbox 380 2714 422 2744; x_wconf 89' lang='lat' dir='ltr'>V.</span> 
     </span>
    </p>

    <p class='ocr_par' dir='ltr' id='par_1_19' title="bbox 184 2765 1165 2820">
     <span class='ocr_line' id='line_1_48' title="bbox 184 2765 1165 2820; baseline 0.006 -20"><span class='ocrx_word' id='word_1_336' title='bbox 184 2776 229 2801; x_wconf 85' lang='lat'>15.</span> <span class='ocrx_word' id='word_1_337' title='bbox 259 2765 525 2816; x_wconf 47' lang='grc' dir='ltr'>σκευοφοροῦσᾍ</span> <span class='ocrx_word' id='word_1_338' title='bbox 543 2767 687 2808; x_wconf 87' lang='grc' dir='ltr'>Τοῖς.Ε</span> <span class='ocrx_word' id='word_1_339' title='bbox 690 2765 775 2803; x_wconf 84' lang='grc' dir='ltr'>καὶ</span> <span class='ocrx_word' id='word_1_340' title='bbox 792 2770 884 2804; x_wconf 80' lang='grc' dir='ltr'>οὗτοι</span> <span class='ocrx_word' id='word_1_341' title='bbox 900 2768 930 2804; x_wconf 85' lang='grc' dir='ltr'>οἱ</span> <span class='ocrx_word' id='word_1_342' title='bbox 945 2773 1036 2820; x_wconf 84' lang='grc' dir='ltr'>τρεῖς</span> <span class='ocrx_word' id='word_1_343' title='bbox 1053 2784 1165 2819; x_wconf 86' lang='grc' dir='ltr'>κωμι-</span> 
     </span>
    </p>

    <p class='ocr_par' dir='ltr' id='par_1_20' title="bbox 79 2819 1164 2933">
     <span class='ocr_line' id='line_1_49' title="bbox 79 2819 1164 2876; baseline 0.009 -22"><span class='ocrx_word' id='word_1_344' title='bbox 79 2828 114 2853; x_wconf 75' lang='lat'>45</span> <span class='ocrx_word' id='word_1_345' title='bbox 132 2819 186 2857; x_wconf 83' lang='grc' dir='ltr'>κοὶ</span> <span class='ocrx_word' id='word_1_346' title='bbox 213 2819 280 2857; x_wconf 84' lang='grc' dir='ltr'>εἰσὶ</span> <span class='ocrx_word' id='word_1_347' title='bbox 306 2822 465 2869; x_wconf 89' lang='grc' dir='ltr'>ποιηται,</span> <span class='ocrx_word' id='word_1_348' title='bbox 492 2827 780 2876; x_wconf 78' lang='grc' dir='ltr'>σκευοφοροῦντας</span> <span class='ocrx_word' id='word_1_349' title='bbox 808 2824 1002 2875; x_wconf 81' lang='grc' dir='ltr'>εἰσάγοντες</span> <span class='ocrx_word' id='word_1_350' title='bbox 1032 2828 1066 2864; x_wconf 83' lang='grc' dir='ltr'>ἐν</span> <span class='ocrx_word' id='word_1_351' title='bbox 1089 2833 1164 2870; x_wconf 85' lang='grc' dir='ltr'>ταῖς</span> 
     </span>
     <span class='ocr_line' id='line_1_50' title="bbox 131 2877 812 2933; baseline 0.01 -20"><span class='ocrx_word' id='word_1_352' title='bbox 131 2877 327 2929; x_wconf 80' lang='grc' dir='ltr'>κωμῳδίαις</span> <span class='ocrx_word' id='word_1_353' title='bbox 345 2879 405 2916; x_wconf 82' lang='grc' dir='ltr'>καὶ</span> <span class='ocrx_word' id='word_1_354' title='bbox 423 2880 552 2933; x_wconf 82' lang='grc' dir='ltr'>αἰσχρὰ</span> <span class='ocrx_word' id='word_1_355' title='bbox 566 2885 758 2925; x_wconf 89' lang='grc' dir='ltr'>ποιοῦντας.</span> <span class='ocrx_word' id='word_1_356' title='bbox 776 2886 812 2916; x_wconf 85' lang='grc' dir='ltr'>Ε·</span> 
     </span>
    </p>

    <p class='ocr_par' dir='ltr' id='par_1_21' title="bbox 131 2937 1159 3109">
     <span class='ocr_line' id='line_1_51' title="bbox 200 2937 952 2988; baseline 0.012 -17"><span class='ocrx_word' id='word_1_357' title='bbox 200 2947 244 2973; x_wconf 85' lang='lat'>17.</span> <span class='ocrx_word' id='word_1_358' title='bbox 287 2937 355 2972; x_wconf 86' lang='grc' dir='ltr'>τῶν</span> <span class='ocrx_word' id='word_1_359' title='bbox 384 2937 539 2988; x_wconf 84' lang='grc' dir='ltr'>πράξεων</span> <span class='ocrx_word' id='word_1_360' title='bbox 572 2942 640 2976; x_wconf 90' lang='grc' dir='ltr'>τῶν</span> <span class='ocrx_word' id='word_1_361' title='bbox 671 2942 874 2986; x_wconf 75' lang='grc' dir='ltr'>ἀπατηλῶν.</span> <span class='ocrx_word' id='word_1_362' title='bbox 905 2943 952 2980; x_wconf 89' lang='grc' dir='ltr'><strong>Θ.</strong></span> 
     </span>
     <span class='ocr_line' id='line_1_52' title="bbox 131 2993 957 3048; baseline 0.011 -19"><span class='ocrx_word' id='word_1_363' title='bbox 131 2993 455 3045; x_wconf 86' lang='grc' dir='ltr'>πανουργευμάτων,</span> <span class='ocrx_word' id='word_1_364' title='bbox 474 2997 662 3042; x_wconf 82' lang='grc' dir='ltr'>ἀπατηλῶν</span> <span class='ocrx_word' id='word_1_365' title='bbox 678 2999 894 3048; x_wconf 85' lang='grc' dir='ltr'>ποιημάτων.</span> <span class='ocrx_word' id='word_1_366' title='bbox 913 3012 957 3042; x_wconf 85' lang='grc' dir='ltr'>Μ,</span> 
     </span>
     <span class='ocr_line' id='line_1_53' title="bbox 185 3049 1159 3109; baseline 0.011 -22"><span class='ocrx_word' id='word_1_367' title='bbox 185 3063 228 3088; x_wconf 83' lang='lat'>18.</span> <span class='ocrx_word' id='word_1_368' title='bbox 255 3050 353 3087; x_wconf 80' lang='grc' dir='ltr'>πλεῖν</span> <span class='ocrx_word' id='word_1_369' title='bbox 368 3049 391 3096; x_wconf 87' lang='grc' dir='ltr'>ἢ</span> <span class='ocrx_word' id='word_1_370' title='bbox 412 3050 548 3104; x_wconf 80' lang='grc' dir='ltr'>’νιαυτῷ</span> <span class='ocrx_word' id='word_1_371' title='bbox 569 3066 578 3092; x_wconf 92' lang='lat'><strong>:</strong></span> <span class='ocrx_word' id='word_1_372' title='bbox 600 3054 707 3107; x_wconf 86' lang='grc' dir='ltr'>Παρὰ</span> <span class='ocrx_word' id='word_1_373' title='bbox 737 3056 776 3093; x_wconf 82' lang='grc' dir='ltr'>τὸ</span> <span class='ocrx_word' id='word_1_374' title='bbox 799 3056 991 3109; x_wconf 75' lang='grc' dir='ltr'>Ὁμηρικὸν</span> <span class='ocrx_word' id='word_1_375' title='bbox 1014 3064 1097 3104; x_wconf 90' lang='lat' dir='ltr'>[Od.</span> <span class='ocrx_word' id='word_1_376' title='bbox 1122 3069 1159 3107; x_wconf 91' lang='lat' dir='ltr'>T,</span> 
     </span>
    </p>

    <p class='ocr_par' dir='ltr' id='par_1_22' title="bbox 78 3111 195 3153">
     <span class='ocr_line' id='line_1_54' title="bbox 78 3111 195 3153; baseline -0.009 -7"><span class='ocrx_word' id='word_1_377' title='bbox 78 3121 113 3146; x_wconf 82' lang='lat'>50</span> <span class='ocrx_word' id='word_1_378' title='bbox 131 3111 195 3153; x_wconf 79' lang='lat'><em>360]</em></span> 
     </span>
    </p>
   </div>
   <div class='ocr_carea' id='block_1_5' title="bbox 992 2944 1159 2994">
    <p class='ocr_par' dir='ltr' id='par_1_23' title="bbox 992 2944 1159 2994">
     <span class='ocr_line' id='line_1_55' title="bbox 992 2944 1159 2994; baseline 0.024 -15"><span class='ocrx_word' id='word_1_379' title='bbox 992 2944 1159 2994; x_wconf 84' lang='grc' dir='ltr'>εἰρωνεία.</span> 
     </span>
    </p>
   </div>
   <div class='ocr_carea' id='block_1_6' title="bbox 250 3194 1034 3241">
    <p class='ocr_par' dir='ltr' id='par_1_24' title="bbox 250 3194 1034 3241">
     <span class='ocr_line' id='line_1_56' title="bbox 250 3194 1034 3241; baseline 0.013 -17"><span class='ocrx_word' id='word_1_380' title='bbox 250 3194 329 3234; x_wconf 82' lang='grc' dir='ltr'>αἶψα</span> <span class='ocrx_word' id='word_1_381' title='bbox 340 3194 399 3236; x_wconf 78' lang='grc' dir='ltr'>γὰρ</span> <span class='ocrx_word' id='word_1_382' title='bbox 411 3195 442 3226; x_wconf 86' lang='grc' dir='ltr'>ἐν</span> <span class='ocrx_word' id='word_1_383' title='bbox 454 3196 601 3233; x_wconf 76' lang='grc' dir='ltr'>κακότητι</span> <span class='ocrx_word' id='word_1_384' title='bbox 619 3198 721 3238; x_wconf 79' lang='grc' dir='ltr'>βροτοὶ</span> <span class='ocrx_word' id='word_1_385' title='bbox 732 3201 951 3241; x_wconf 79' lang='grc' dir='ltr'>καταγηράσκο</span> <span class='ocrx_word' id='word_1_386' title='bbox 953 3214 1034 3234; x_wconf 83' lang='grc' dir='ltr'>υ.σιν</span> 
     </span>
    </p>
   </div>
   <div class='ocr_carea' id='block_1_7' title="bbox 128 3277 1155 3386">
    <p class='ocr_par' dir='ltr' id='par_1_25' title="bbox 128 3277 1155 3386">
     <span class='ocr_line' id='line_1_57' title="bbox 128 3277 1155 3331; baseline 0.014 -22"><span class='ocrx_word' id='word_1_387' title='bbox 128 3271 242 3310; x_wconf 84' lang='grc' dir='ltr'>καὶτὸ</span> <span class='ocrx_word' id='word_1_388' title='bbox 262 3278 343 3319; x_wconf 84' lang='lat' dir='ltr'>[od.</span> <span class='ocrx_word' id='word_1_389' title='bbox 366 3282 404 3320; x_wconf 91' lang='grc' dir='ltr'>Ο,</span> <span class='ocrx_word' id='word_1_390' title='bbox 435 3279 500 3321; x_wconf 84' lang='lat'>357]</span> <span class='ocrx_word' id='word_1_391' title='bbox 518 3293 533 3308; x_wconf 74' lang='grc' dir='ltr'>«ι</span> <span class='ocrx_word' id='word_1_392' title='bbox 560 3277 593 3312; x_wconf 78' lang='grc' dir='ltr'>ἐν</span> <span class='ocrx_word' id='word_1_393' title='bbox 613 3277 698 3315; x_wconf 60' lang='lat' dir='ltr'>dms,</span> <span class='ocrx_word' id='word_1_394' title='bbox 717 3278 822 3331; x_wconf 80' lang='grc' dir='ltr'>γήραϊ</span> <span class='ocrx_word' id='word_1_395' title='bbox 852 3285 946 3327; x_wconf 83' lang='grc' dir='ltr'>θηκε.</span> <span class='ocrx_word' id='word_1_396' title='bbox 978 3302 992 3316; x_wconf 70' lang='grc' dir='ltr'>»ι</span> <span class='ocrx_word' id='word_1_397' title='bbox 1018 3283 1074 3321; x_wconf 79' lang='grc' dir='ltr'>διὰ</span> <span class='ocrx_word' id='word_1_398' title='bbox 1095 3301 1155 3331; x_wconf 88' lang='grc' dir='ltr'>την</span> 
     </span>
     <span class='ocr_line' id='line_1_58' title="bbox 129 3329 668 3386; baseline 0.008 -19"><span class='ocrx_word' id='word_1_399' title='bbox 129 3329 251 3376; x_wconf 83' lang='grc' dir='ltr'>ἀηδίαν</span> <span class='ocrx_word' id='word_1_400' title='bbox 275 3335 331 3369; x_wconf 81' lang='grc' dir='ltr'>οὖν</span> <span class='ocrx_word' id='word_1_401' title='bbox 349 3332 536 3384; x_wconf 67' lang='grc' dir='ltr'>γηράσκω,</span> <span class='ocrx_word' id='word_1_402' title='bbox 552 3334 668 3386; x_wconf 69' lang='grc' dir='ltr'>φησίν.</span> 
     </span>
    </p>
   </div>
   <div class='ocr_carea' id='block_1_8' title="bbox 2205 209 2278 241">
    <p class='ocr_par' dir='ltr' id='par_1_26' title="bbox 2205 209 2278 241">
     <span class='ocr_line' id='line_1_59' title="bbox 2205 209 2278 241; baseline 0 -1"><span class='ocrx_word' id='word_1_403' title='bbox 2205 209 2278 241; x_wconf 86' lang='grc'>275</span> 
     </span>
    </p>
   </div>
   <div class='ocr_carea' id='block_1_9' title="bbox 1233 277 2326 900">
    <p class='ocr_par' dir='ltr' id='par_1_27' title="bbox 1233 277 2326 900">
     <span class='ocr_line' id='line_1_60' title="bbox 1295 277 1840 356; baseline 0.007 -42"><span class='ocrx_word' id='word_1_404' title='bbox 1295 290 1337 314; x_wconf 72' lang='lat'>10.</span> <span class='ocrx_word' id='word_1_405' title='bbox 1368 277 1422 329; x_wconf 80' lang='grc' dir='ltr'>ἄρ’</span> <span class='ocrx_word' id='word_1_406' title='bbox 1449 280 1466 315; x_wconf 89' lang='lat'>6</span> <span class='ocrx_word' id='word_1_407' title='bbox 1476 278 1660 356; x_wconf 52' lang='lat' dir='ltr'>y·1·p02·7·1r,J=6‹;</span> <span class='ocrx_word' id='word_1_408' title='bbox 1685 280 1802 317; x_wconf 78' lang='grc' dir='ltr'>οὑτοσὶ</span> <span class='ocrx_word' id='word_1_409' title='bbox 1833 294 1840 319; x_wconf 90' lang='lat'>:</span> 
     </span>
     <span class='ocr_line' id='line_1_61' title="bbox 1240 333 1786 388; baseline 0.008 -18"><span class='ocrx_word' id='word_1_410' title='bbox 1240 333 1326 385; x_wconf 64' lang='grc' dir='ltr'>ἐφ’</span> <span class='ocrx_word' id='word_1_411' title='bbox 1310 337 1378 371; x_wconf 60' lang='grc' dir='ltr'>ὡβ</span> <span class='ocrx_word' id='word_1_412' title='bbox 1361 335 1523 385; x_wconf 71' lang='grc' dir='ltr'>Γιαστοίζει</span> <span class='ocrx_word' id='word_1_413' title='bbox 1544 336 1657 388; x_wconf 62' lang='grc' dir='ltr'>φόρτω</span> <span class='ocrx_word' id='word_1_414' title='bbox 1681 336 1786 387; x_wconf 79' lang='grc' dir='ltr'>λέγει.</span> 
     </span>
     <span class='ocr_line' id='line_1_62' title="bbox 1291 394 1836 446; baseline 0.008 -16"><span class='ocrx_word' id='word_1_415' title='bbox 1291 405 1337 431; x_wconf 85' lang='grc' dir='ltr'>2υ.</span> <span class='ocrx_word' id='word_1_416' title='bbox 1368 394 1436 431; x_wconf 80' lang='grc' dir='ltr'>ὑπὸ</span> <span class='ocrx_word' id='word_1_417' title='bbox 1456 399 1514 432; x_wconf 80' lang='grc' dir='ltr'>τοῦ</span> <span class='ocrx_word' id='word_1_418' title='bbox 1533 395 1671 446; x_wconf 68' lang='grc' dir='ltr'>φορτίου</span> <span class='ocrx_word' id='word_1_419' title='bbox 1688 395 1768 445; x_wconf 82' lang='grc' dir='ltr'>ἐρεῖ.</span> <span class='ocrx_word' id='word_1_420' title='bbox 1789 398 1836 435; x_wconf 94' lang='grc' dir='ltr'>Θ.</span> 
     </span>
     <span class='ocr_line' id='line_1_63' title="bbox 1291 453 2278 507; baseline 0.011 -20"><span class='ocrx_word' id='word_1_421' title='bbox 1291 464 1335 487; x_wconf 82' lang='grc' dir='ltr'>2ι.</span> <span class='ocrx_word' id='word_1_422' title='bbox 1366 453 1560 495; x_wconf 78' lang='grc' dir='ltr'>οἱ7αζονεία.</span> <span class='ocrx_word' id='word_1_423' title='bbox 1581 462 1614 489; x_wconf 77' lang='lat' dir='ltr'>R</span> <span class='ocrx_word' id='word_1_424' title='bbox 1642 463 1680 492; x_wconf 74' lang='lat' dir='ltr'>V.</span> <span class='ocrx_word' id='word_1_425' title='bbox 1700 455 1853 507; x_wconf 66' lang='grc' dir='ltr'>ἡμετέρα</span> <span class='ocrx_word' id='word_1_426' title='bbox 1874 456 1996 506; x_wconf 82' lang='grc' dir='ltr'>ἀτιμία</span> <span class='ocrx_word' id='word_1_427' title='bbox 2018 458 2123 496; x_wconf 84' lang='grc' dir='ltr'>αὐτοῦ</span> <span class='ocrx_word' id='word_1_428' title='bbox 2150 461 2278 506; x_wconf 84' lang='grc' dir='ltr'>ἀλαζο-</span> 
     </span>
     <span class='ocr_line' id='line_1_64' title="bbox 1237 506 2310 563; baseline 0.016 -21"><span class='ocrx_word' id='word_1_429' title='bbox 1237 506 1309 544; x_wconf 85' lang='grc' dir='ltr'>νεία</span> <span class='ocrx_word' id='word_1_430' title='bbox 1327 508 1384 545; x_wconf 81' lang='grc' dir='ltr'>καὶ</span> <span class='ocrx_word' id='word_1_431' title='bbox 1399 509 1549 561; x_wconf 83' lang='grc' dir='ltr'>ἔπαρσις.</span> <span class='ocrx_word' id='word_1_432' title='bbox 1568 513 1614 552; x_wconf 88' lang='grc' dir='ltr'>Θ.</span> <span class='ocrx_word' id='word_1_433' title='bbox 2295 540 2310 563; x_wconf 81' lang='lat'>6</span> 
     </span>
     <span class='ocr_line' id='line_1_65' title="bbox 1291 567 2273 623; baseline 0.013 -21"><span class='ocrx_word' id='word_1_434' title='bbox 1291 579 1336 604; x_wconf 79' lang='lat'>22.</span> <span class='ocrx_word' id='word_1_435' title='bbox 1367 567 1439 610; x_wconf 80' lang='grc' dir='ltr'>υιὸς</span> <span class='ocrx_word' id='word_1_436' title='bbox 1461 570 1664 619; x_wconf 82' lang='grc' dir='ltr'>Σταμνίου;</span> <span class='ocrx_word' id='word_1_437' title='bbox 1688 571 1804 623; x_wconf 57' lang='grc' dir='ltr'>[Δεον</span> <span class='ocrx_word' id='word_1_438' title='bbox 1837 573 1944 609; x_wconf 86' lang='grc' dir='ltr'>εἰπεῖν</span> <span class='ocrx_word' id='word_1_439' title='bbox 1973 573 2044 617; x_wconf 78' lang='grc' dir='ltr'>υιὸς</span> <span class='ocrx_word' id='word_1_440' title='bbox 2069 574 2148 618; x_wconf 79' lang='grc' dir='ltr'>Διὸς</span> <span class='ocrx_word' id='word_1_441' title='bbox 2175 578 2273 615; x_wconf 84' lang='grc' dir='ltr'>Στα-</span> 
     </span>
     <span class='ocr_line' id='line_1_66' title="bbox 1237 622 2274 699; baseline 0.013 -40.013"><span class='ocrx_word' id='word_1_442' title='bbox 1237 622 1335 672; x_wconf 85' lang='grc' dir='ltr'>μνίου</span> <span class='ocrx_word' id='word_1_443' title='bbox 1361 628 1434 661; x_wconf 82' lang='grc' dir='ltr'>εἰπε</span> <span class='ocrx_word' id='word_1_444' title='bbox 1463 627 1546 678; x_wconf 87' lang='grc' dir='ltr'>παρ’</span> <span class='ocrx_word' id='word_1_445' title='bbox 1571 628 1732 666; x_wconf 82' lang='grc' dir='ltr'>υπόνοιαν</span> <span class='ocrx_word' id='word_1_446' title='bbox 1743 630 1903 699; x_wconf 50' lang='lat' dir='ltr'>‘gmffi&#39;rk</span> <span class='ocrx_word' id='word_1_447' title='bbox 1913 633 1930 667; x_wconf 98' lang='lat'>6</span> <span class='ocrx_word' id='word_1_448' title='bbox 1950 635 2035 674; x_wconf 84' lang='grc' dir='ltr'>οἰνος</span> <span class='ocrx_word' id='word_1_449' title='bbox 2065 634 2098 670; x_wconf 82' lang='grc' dir='ltr'>ἐν</span> <span class='ocrx_word' id='word_1_450' title='bbox 2117 635 2274 687; x_wconf 87' lang='grc' dir='ltr'>σταμνίῳ</span> 
     </span>
     <span class='ocr_line' id='line_1_67' title="bbox 1237 661 2272 745; baseline 0.014 -29.027"><span class='ocrx_word' id='word_1_451' title='bbox 1237 661 1416 730; x_wconf 75' lang='grc' dir='ltr'>βάλλεται.</span> <span class='ocrx_word' id='word_1_452' title='bbox 1438 685 1455 719; x_wconf 89' lang='lat'>6</span> <span class='ocrx_word' id='word_1_453' title='bbox 1482 683 1516 720; x_wconf 93' lang='lat'>65</span> <span class='ocrx_word' id='word_1_454' title='bbox 1538 685 1698 728; x_wconf 82' lang='grc' dir='ltr'>Διόνυσος</span> <span class='ocrx_word' id='word_1_455' title='bbox 1726 689 1772 730; x_wconf 89' lang='grc' dir='ltr'>εἷς</span> <span class='ocrx_word' id='word_1_456' title='bbox 1791 687 1848 724; x_wconf 81' lang='grc' dir='ltr'>τὸν</span> <span class='ocrx_word' id='word_1_457' title='bbox 1869 691 1958 725; x_wconf 88' lang='grc' dir='ltr'>οἰνον</span> <span class='ocrx_word' id='word_1_458' title='bbox 1978 690 2233 742; x_wconf 79' lang='grc' dir='ltr'>ἅλληγορεῖται.</span> <span class='ocrx_word' id='word_1_459' title='bbox 2255 694 2272 745; x_wconf 79' lang='lat'>]]</span> 
     </span>
     <span class='ocr_line' id='line_1_68' title="bbox 1237 738 2271 801; baseline 0.013 -28"><span class='ocrx_word' id='word_1_460' title='bbox 1237 738 1409 787; x_wconf 82' lang='grc' dir='ltr'>(σταμνία</span> <span class='ocrx_word' id='word_1_461' title='bbox 1430 755 1488 776; x_wconf 93' lang='grc' dir='ltr'>και</span> <span class='ocrx_word' id='word_1_462' title='bbox 1506 742 1677 791; x_wconf 74' lang='grc' dir='ltr'>στάμνους</span> <span class='ocrx_word' id='word_1_463' title='bbox 1696 760 1772 787; x_wconf 89' lang='grc' dir='ltr'>τους</span> <span class='ocrx_word' id='word_1_464' title='bbox 1789 746 1939 796; x_wconf 62' lang='grc' dir='ltr'>ἀμφορεῖ</span> <span class='ocrx_word' id='word_1_465' title='bbox 1940 762 1954 788; x_wconf 91' lang='grc' dir='ltr'>ς</span> <span class='ocrx_word' id='word_1_466' title='bbox 1973 750 2032 782; x_wconf 85' lang='grc' dir='ltr'>τοῦ</span> <span class='ocrx_word' id='word_1_467' title='bbox 2049 747 2138 784; x_wconf 85' lang='grc' dir='ltr'>οἴνου</span> <span class='ocrx_word' id='word_1_468' title='bbox 2155 750 2271 801; x_wconf 64' lang='grc' dir='ltr'>φασίν.</span> 
     </span>
     <span class='ocr_line' id='line_1_69' title="bbox 1233 794 2326 855; baseline 0.014 -25"><span class='ocrx_word' id='word_1_469' title='bbox 1233 794 1347 839; x_wconf 81' lang='grc' dir='ltr'>παίζει</span> <span class='ocrx_word' id='word_1_470' title='bbox 1369 795 1403 833; x_wconf 78' lang='lat'>65</span> <span class='ocrx_word' id='word_1_471' title='bbox 1428 797 1500 844; x_wconf 82' lang='grc' dir='ltr'>ἅμα</span> <span class='ocrx_word' id='word_1_472' title='bbox 1517 815 1576 836; x_wconf 86' lang='grc' dir='ltr'>και</span> <span class='ocrx_word' id='word_1_473' title='bbox 1593 801 1677 851; x_wconf 77' lang='grc' dir='ltr'>πρὸς</span> <span class='ocrx_word' id='word_1_474' title='bbox 1695 801 1734 839; x_wconf 73' lang='grc' dir='ltr'>τὸ</span> <span class='ocrx_word' id='word_1_475' title='bbox 1765 817 1888 852; x_wconf 72' lang='grc' dir='ltr'>σχημα</span> <span class='ocrx_word' id='word_1_476' title='bbox 1918 802 1970 840; x_wconf 80' lang='grc' dir='ltr'>ὅτι</span> <span class='ocrx_word' id='word_1_477' title='bbox 1998 803 2066 847; x_wconf 83' lang='grc' dir='ltr'>υἱός</span> <span class='ocrx_word' id='word_1_478' title='bbox 2089 807 2159 855; x_wconf 86' lang='grc' dir='ltr'>εἰμι</span> <span class='ocrx_word' id='word_1_479' title='bbox 2182 823 2269 845; x_wconf 84' lang='grc' dir='ltr'>στα·</span> <span class='ocrx_word' id='word_1_480' title='bbox 2296 828 2326 850; x_wconf 78' lang='lat'>10</span> 
     </span>
     <span class='ocr_line' id='line_1_70' title="bbox 1235 853 1349 900; baseline 0.02 -12"><span class='ocrx_word' id='word_1_481' title='bbox 1235 853 1349 900; x_wconf 88' lang='grc' dir='ltr'>μνίου.</span> 
     </span>
    </p>
   </div>
   <div class='ocr_carea' id='block_1_10' title="bbox 1864 281 2278 336">
    <p class='ocr_par' dir='ltr' id='par_1_28' title="bbox 1864 281 2278 336">
     <span class='ocr_line' id='line_1_71' title="bbox 1864 281 2278 336; baseline 0.014 -17"><span class='ocrx_word' id='word_1_482' title='bbox 1864 281 1907 320; x_wconf 91' lang='grc' dir='ltr'>Ὁ</span> <span class='ocrx_word' id='word_1_483' title='bbox 1922 283 2074 326; x_wconf 74' lang='grc' dir='ltr'>Ξανθίας</span> <span class='ocrx_word' id='word_1_484' title='bbox 2088 285 2278 336; x_wconf 74' lang='grc' dir='ltr'>ἀχθόμενος</span> 
     </span>
    </p>
   </div>
   <div class='ocr_carea' id='block_1_11' title="bbox 1232 853 2273 1201">
    <p class='ocr_par' dir='ltr' id='par_1_29' title="bbox 1236 853 2272 971">
     <span class='ocr_line' id='line_1_72' title="bbox 1432 853 2272 912; baseline 0.013 -20.119"><span class='ocrx_word' id='word_1_485' title='bbox 1432 853 1574 899; x_wconf 75' lang='grc' dir='ltr'>Ἀλ7ως.</span> <span class='ocrx_word' id='word_1_486' title='bbox 1586 858 1634 907; x_wconf 81' lang='lat'>)’‘</span> <span class='ocrx_word' id='word_1_487' title='bbox 1616 858 1764 906; x_wconf 82' lang='grc' dir='ltr'>επαιξεν,</span> <span class='ocrx_word' id='word_1_488' title='bbox 1792 861 1835 896; x_wconf 81' lang='grc' dir='ltr'>ἐπ</span> <span class='ocrx_word' id='word_1_489' title='bbox 1839 860 1866 896; x_wconf 84' lang='grc' dir='ltr'>εὶ</span> <span class='ocrx_word' id='word_1_490' title='bbox 1885 863 1902 897; x_wconf 76' lang='grc' dir='ltr'><strong><em>ὃ</em></strong></span> <span class='ocrx_word' id='word_1_491' title='bbox 1923 860 2073 912; x_wconf 72' lang='grc' dir='ltr'>κέραμος</span> <span class='ocrx_word' id='word_1_492' title='bbox 2092 864 2127 899; x_wconf 83' lang='grc' dir='ltr'>ἐν</span> <span class='ocrx_word' id='word_1_493' title='bbox 2160 866 2272 903; x_wconf 82' lang='grc' dir='ltr'>ἑαυτῶ</span> 
     </span>
     <span class='ocr_line' id='line_1_73' title="bbox 1236 911 2060 971; baseline 0.012 -25"><span class='ocrx_word' id='word_1_494' title='bbox 1236 911 1399 961; x_wconf 85' lang='grc' dir='ltr'>βαστάζει</span> <span class='ocrx_word' id='word_1_495' title='bbox 1413 912 1470 949; x_wconf 81' lang='grc' dir='ltr'>τὸν</span> <span class='ocrx_word' id='word_1_496' title='bbox 1487 917 1575 951; x_wconf 74' lang='grc' dir='ltr'>οἶνον</span> <span class='ocrx_word' id='word_1_497' title='bbox 1598 914 1714 968; x_wconf 81' lang='grc' dir='ltr'>ὥσπερ</span> <span class='ocrx_word' id='word_1_498' title='bbox 1732 918 1840 954; x_wconf 74' lang='grc' dir='ltr'>παῖδα</span> <span class='ocrx_word' id='word_1_499' title='bbox 1857 933 1915 954; x_wconf 85' lang='grc' dir='ltr'>και</span> <span class='ocrx_word' id='word_1_500' title='bbox 1935 934 2060 971; x_wconf 74' lang='grc' dir='ltr'>τρερει.</span> 
     </span>
    </p>

    <p class='ocr_par' dir='ltr' id='par_1_30' title="bbox 1232 972 2273 1200">
     <span class='ocr_line' id='line_1_74' title="bbox 1286 972 2271 1026; baseline 0.012 -20"><span class='ocrx_word' id='word_1_501' title='bbox 1286 982 1332 1007; x_wconf 81' lang='grc'>23.</span> <span class='ocrx_word' id='word_1_502' title='bbox 1363 974 1480 1008; x_wconf 88' lang='grc' dir='ltr'>τοῦτον</span> <span class='ocrx_word' id='word_1_503' title='bbox 1510 972 1538 1009; x_wconf 84' lang='grc' dir='ltr'>δ’</span> <span class='ocrx_word' id='word_1_504' title='bbox 1560 974 1632 1024; x_wconf 74' lang='grc' dir='ltr'>ὀχῶ</span> <span class='ocrx_word' id='word_1_505' title='bbox 1656 987 1663 1011; x_wconf 76' lang='lat' dir='ltr'><strong><em>z</em></strong></span> <span class='ocrx_word' id='word_1_506' title='bbox 1687 975 1869 1026; x_wconf 76' lang='grc' dir='ltr'>ὈχεισΟαι</span> <span class='ocrx_word' id='word_1_507' title='bbox 1895 979 1994 1014; x_wconf 88' lang='grc' dir='ltr'>ποιῶ·</span> <span class='ocrx_word' id='word_1_508' title='bbox 2021 977 2078 1015; x_wconf 80' lang='grc' dir='ltr'>ἒπὶ</span> <span class='ocrx_word' id='word_1_509' title='bbox 2106 982 2166 1016; x_wconf 89' lang='grc' dir='ltr'>τοῦ</span> <span class='ocrx_word' id='word_1_510' title='bbox 2194 981 2271 1018; x_wconf 85' lang='grc' dir='ltr'>ὄνου</span> 
     </span>
     <span class='ocr_line' id='line_1_75' title="bbox 1233 1026 2272 1086; baseline 0.013 -24"><span class='ocrx_word' id='word_1_511' title='bbox 1233 1026 1299 1079; x_wconf 84' lang='grc' dir='ltr'>γὰρ</span> <span class='ocrx_word' id='word_1_512' title='bbox 1327 1031 1368 1073; x_wconf 81' lang='grc' dir='ltr'>ἠν</span> <span class='ocrx_word' id='word_1_513' title='bbox 1392 1029 1584 1079; x_wconf 85' lang='grc' dir='ltr'>καθημενος</span> <span class='ocrx_word' id='word_1_514' title='bbox 1613 1034 1630 1068; x_wconf 90' lang='lat'>6</span> <span class='ocrx_word' id='word_1_515' title='bbox 1650 1033 1812 1076; x_wconf 77' lang='grc' dir='ltr'>Ξανθίας·</span> <span class='ocrx_word' id='word_1_516' title='bbox 1834 1033 1989 1086; x_wconf 68' lang='grc' dir='ltr'>[νοεῖται</span> <span class='ocrx_word' id='word_1_517' title='bbox 2014 1035 2051 1074; x_wconf 85' lang='lat'>65&#39;</span> <span class='ocrx_word' id='word_1_518' title='bbox 2072 1052 2104 1074; x_wconf 91' lang='grc' dir='ltr'>τι</span> <span class='ocrx_word' id='word_1_519' title='bbox 2124 1052 2183 1074; x_wconf 88' lang='grc' dir='ltr'>και</span> <span class='ocrx_word' id='word_1_520' title='bbox 2214 1041 2272 1077; x_wconf 92' lang='grc' dir='ltr'>αἰ-</span> 
     </span>
     <span class='ocr_line' id='line_1_76' title="bbox 1234 1085 2271 1148; baseline 0.013 -27"><span class='ocrx_word' id='word_1_521' title='bbox 1234 1085 1352 1137; x_wconf 74' lang='grc' dir='ltr'>σχρόν·</span> <span class='ocrx_word' id='word_1_522' title='bbox 1374 1086 1449 1124; x_wconf 82' lang='grc' dir='ltr'>ἀντὶ</span> <span class='ocrx_word' id='word_1_523' title='bbox 1466 1091 1581 1138; x_wconf 71' lang='grc' dir='ltr'>τοῦ,ε</span> <span class='ocrx_word' id='word_1_524' title='bbox 1568 1090 1734 1128; x_wconf 62' lang='grc' dir='ltr'>ἔπιέαίνιι)</span> <span class='ocrx_word' id='word_1_525' title='bbox 1754 1091 1868 1129; x_wconf 82' lang='grc' dir='ltr'>αὐτόν.</span> <span class='ocrx_word' id='word_1_526' title='bbox 1887 1117 1938 1121; x_wconf 87' lang='lat'><strong>—</strong></span> <span class='ocrx_word' id='word_1_527' title='bbox 1954 1095 2052 1144; x_wconf 73' lang='grc' dir='ltr'>ὀχῶ</span> <span class='ocrx_word' id='word_1_528' title='bbox 2048 1097 2089 1132; x_wconf 72' lang='grc' dir='ltr'>με</span> <span class='ocrx_word' id='word_1_529' title='bbox 2094 1111 2109 1131; x_wconf 94' lang='grc' dir='ltr'>ν</span> <span class='ocrx_word' id='word_1_530' title='bbox 2127 1111 2271 1148; x_wconf 84' lang='grc' dir='ltr'>ενεργη-</span> 
     </span>
     <span class='ocr_line' id='line_1_77' title="bbox 1232 1144 2273 1201; baseline 0.012 -22"><span class='ocrx_word' id='word_1_531' title='bbox 1232 1146 1333 1186; x_wconf 90' lang='grc' dir='ltr'>τικῶς</span> <span class='ocrx_word' id='word_1_532' title='bbox 1363 1144 1402 1181; x_wconf 83' lang='grc' dir='ltr'>τὸ</span> <span class='ocrx_word' id='word_1_533' title='bbox 1431 1146 1664 1198; x_wconf 64' lang='grc' dir='ltr'>ἀφροδισιάζω</span> <span class='ocrx_word' id='word_1_534' title='bbox 1697 1165 1756 1186; x_wconf 86' lang='grc' dir='ltr'>και</span> <span class='ocrx_word' id='word_1_535' title='bbox 1785 1149 1897 1201; x_wconf 78' lang='lat'>675¹›0›</span> <span class='ocrx_word' id='word_1_536' title='bbox 1931 1150 1970 1188; x_wconf 83' lang='grc' dir='ltr'>τὸ</span> <span class='ocrx_word' id='word_1_537' title='bbox 2005 1152 2108 1198; x_wconf 81' lang='grc' dir='ltr'>αὐτὸ,</span> <span class='ocrx_word' id='word_1_538' title='bbox 2145 1169 2204 1191; x_wconf 91' lang='grc' dir='ltr'>και</span> <span class='ocrx_word' id='word_1_539' title='bbox 2235 1155 2273 1192; x_wconf 82' lang='grc' dir='ltr'>τὸ</span> 
     </span>
    </p>
   </div>
   <div class='ocr_carea' id='block_1_12' title="bbox 2296 1120 2324 1144">
    <p class='ocr_par' dir='ltr' id='par_1_31' title="bbox 2296 1120 2324 1144">
     <span class='ocr_line' id='line_1_78' title="bbox 2296 1120 2324 1144; baseline -0.036 0"><span class='ocrx_word' id='word_1_540' title='bbox 2296 1120 2324 1144; x_wconf 83' lang='grc'>15</span> 
     </span>
    </p>
   </div>
   <div class='ocr_carea' id='block_1_13' title="bbox 1227 1204 2273 1786">
    <p class='ocr_par' dir='ltr' id='par_1_32' title="bbox 1230 1204 2273 1550">
     <span class='ocr_line' id='line_1_79' title="bbox 1231 1204 2273 1259; baseline 0.012 -21"><span class='ocrx_word' id='word_1_541' title='bbox 1231 1217 1378 1253; x_wconf 87' lang='grc' dir='ltr'>πραγμα</span> <span class='ocrx_word' id='word_1_542' title='bbox 1404 1204 1514 1254; x_wconf 53' lang='grc' dir='ltr'>ὀχεία</span> <span class='ocrx_word' id='word_1_543' title='bbox 1541 1206 1693 1256; x_wconf 72' lang='grc' dir='ltr'>ὀχοῦμαι</span> <span class='ocrx_word' id='word_1_544' title='bbox 1721 1206 1756 1244; x_wconf 85' lang='lat'>65</span> <span class='ocrx_word' id='word_1_545' title='bbox 1782 1209 2026 1253; x_wconf 71' lang='grc' dir='ltr'>παθητικῶς”</span> <span class='ocrx_word' id='word_1_546' title='bbox 2003 1226 2079 1256; x_wconf 86' lang='grc' dir='ltr'>ητοι</span> <span class='ocrx_word' id='word_1_547' title='bbox 2106 1212 2273 1259; x_wconf 65' lang='grc' dir='ltr'>επιέατης</span> 
     </span>
     <span class='ocr_line' id='line_1_80' title="bbox 1232 1260 2273 1318; baseline 0.012 -22"><span class='ocrx_word' id='word_1_548' title='bbox 1232 1260 1302 1309; x_wconf 81' lang='grc' dir='ltr'>εἰμὶ</span> <span class='ocrx_word' id='word_1_549' title='bbox 1333 1261 1392 1298; x_wconf 86' lang='grc' dir='ltr'>καὶ</span> <span class='ocrx_word' id='word_1_550' title='bbox 1421 1262 1471 1313; x_wconf 66' lang='grc' dir='ltr'>ἐφ’</span> <span class='ocrx_word' id='word_1_551' title='bbox 1492 1262 1599 1301; x_wconf 79' lang='grc' dir='ltr'>ἵππου</span> <span class='ocrx_word' id='word_1_552' title='bbox 1623 1264 1821 1315; x_wconf 80' lang='grc' dir='ltr'>κάθημαι</span> <span class='ocrx_word' id='word_1_553' title='bbox 1802 1283 1824 1312; x_wconf 85' lang='grc' dir='ltr'>-Γ,</span> <span class='ocrx_word' id='word_1_554' title='bbox 1852 1265 1966 1318; x_wconf 80' lang='grc' dir='ltr'>ἑτέρου</span> <span class='ocrx_word' id='word_1_555' title='bbox 1992 1268 2090 1311; x_wconf 90' lang='grc' dir='ltr'>τινός.</span> <span class='ocrx_word' id='word_1_556' title='bbox 2120 1270 2178 1307; x_wconf 85' lang='grc' dir='ltr'>καὶ</span> <span class='ocrx_word' id='word_1_557' title='bbox 2204 1272 2273 1309; x_wconf 83' lang='grc' dir='ltr'>ἀπὸ</span> 
     </span>
     <span class='ocr_line' id='line_1_81' title="bbox 1231 1318 2273 1391; baseline 0.011 -37"><span class='ocrx_word' id='word_1_558' title='bbox 1231 1318 1351 1355; x_wconf 82' lang='grc' dir='ltr'>τούτου</span> <span class='ocrx_word' id='word_1_559' title='bbox 1370 1319 1491 1370; x_wconf 79' lang='grc' dir='ltr'>ὄχημα</span> <span class='ocrx_word' id='word_1_560' title='bbox 1505 1322 1544 1358; x_wconf 86' lang='grc' dir='ltr'>τὸ</span> <span class='ocrx_word' id='word_1_561' title='bbox 1548 1321 1671 1391; x_wconf 53' lang='grc' dir='ltr'>Νᾶρμα.</span> <span class='ocrx_word' id='word_1_562' title='bbox 1690 1324 1772 1361; x_wconf 83' lang='grc' dir='ltr'>Οἱ</span> <span class='ocrx_word' id='word_1_563' title='bbox 1754 1339 1790 1360; x_wconf 88' lang='grc' dir='ltr'>οε</span> <span class='ocrx_word' id='word_1_564' title='bbox 1807 1323 1953 1362; x_wconf 79' lang='grc' dir='ltr'>Ἀττικοι</span> <span class='ocrx_word' id='word_1_565' title='bbox 1971 1325 2008 1362; x_wconf 85' lang='grc' dir='ltr'>τὸ</span> <span class='ocrx_word' id='word_1_566' title='bbox 2022 1328 2080 1377; x_wconf 86' lang='lat'>675</span> <span class='ocrx_word' id='word_1_567' title='bbox 2086 1343 2114 1363; x_wconf 92' lang='grc' dir='ltr'>ιν</span> <span class='ocrx_word' id='word_1_568' title='bbox 2133 1329 2205 1381; x_wconf 81' lang='grc' dir='ltr'>ἐνερ</span> <span class='ocrx_word' id='word_1_569' title='bbox 2208 1345 2273 1379; x_wconf 91' lang='grc' dir='ltr'>γη-</span> 
     </span>
     <span class='ocr_line' id='line_1_82' title="bbox 1230 1376 2267 1433; baseline 0.012 -21"><span class='ocrx_word' id='word_1_570' title='bbox 1230 1376 1323 1414; x_wconf 83' lang='grc' dir='ltr'>τικὸν</span> <span class='ocrx_word' id='word_1_571' title='bbox 1344 1378 1404 1414; x_wconf 84' lang='grc' dir='ltr'>καὶ</span> <span class='ocrx_word' id='word_1_572' title='bbox 1424 1380 1451 1415; x_wconf 81' lang='grc' dir='ltr'>ε’</span> <span class='ocrx_word' id='word_1_573' title='bbox 1442 1379 1481 1416; x_wconf 73' lang='grc' dir='ltr'>πὶ</span> <span class='ocrx_word' id='word_1_574' title='bbox 1511 1383 1569 1417; x_wconf 89' lang='grc' dir='ltr'>τοῦ</span> <span class='ocrx_word' id='word_1_575' title='bbox 1588 1382 1745 1431; x_wconf 75' lang='grc' dir='ltr'>ὀχεῖσθαι</span> <span class='ocrx_word' id='word_1_576' title='bbox 1774 1397 1884 1419; x_wconf 86' lang='grc' dir='ltr'>ποιειν</span> <span class='ocrx_word' id='word_1_577' title='bbox 1913 1384 2172 1433; x_wconf 64' lang='grc' dir='ltr'>ε’κ7αμὲάνουσι</span> <span class='ocrx_word' id='word_1_578' title='bbox 2208 1388 2267 1424; x_wconf 82' lang='grc' dir='ltr'>καὶ</span> 
     </span>
     <span class='ocr_line' id='line_1_83' title="bbox 1231 1435 2269 1496; baseline 0.011 -25"><span class='ocrx_word' id='word_1_579' title='bbox 1231 1435 1400 1482; x_wconf 64' lang='grc' dir='ltr'>επιὲάτην</span> <span class='ocrx_word' id='word_1_580' title='bbox 1432 1438 1637 1475; x_wconf 77' lang='grc' dir='ltr'>καθιστάναι</span> <span class='ocrx_word' id='word_1_581' title='bbox 1665 1438 1791 1492; x_wconf 81' lang='grc' dir='ltr'>ἕτερον.</span> <span class='ocrx_word' id='word_1_582' title='bbox 1819 1457 1865 1484; x_wconf 88' lang='grc' dir='ltr'>ως</span> <span class='ocrx_word' id='word_1_583' title='bbox 1891 1441 1949 1478; x_wconf 83' lang='grc' dir='ltr'>καὶ</span> <span class='ocrx_word' id='word_1_584' title='bbox 1970 1444 1987 1479; x_wconf 85' lang='lat'>6</span> <span class='ocrx_word' id='word_1_585' title='bbox 2021 1442 2269 1496; x_wconf 61' lang='grc' dir='ltr'>Ἀριστοφάνης</span> 
     </span>
     <span class='ocr_line' id='line_1_84' title="bbox 1230 1494 2266 1555; baseline 0.014 -27"><span class='ocrx_word' id='word_1_586' title='bbox 1230 1494 1376 1530; x_wconf 80' lang='grc' dir='ltr'>ενταῦθα</span> <span class='ocrx_word' id='word_1_587' title='bbox 1397 1512 1411 1526; x_wconf 82' lang='lat'><em>«</em></span> <span class='ocrx_word' id='word_1_588' title='bbox 1430 1498 1548 1532; x_wconf 89' lang='grc' dir='ltr'>τοῦτον</span> <span class='ocrx_word' id='word_1_589' title='bbox 1568 1496 1596 1533; x_wconf 84' lang='grc' dir='ltr'>δ’</span> <span class='ocrx_word' id='word_1_590' title='bbox 1612 1498 1684 1547; x_wconf 74' lang='grc' dir='ltr'>ὀχῶ</span> <span class='ocrx_word' id='word_1_591' title='bbox 1701 1515 1716 1530; x_wconf 83' lang='grc'><em>»</em></span> <span class='ocrx_word' id='word_1_592' title='bbox 1738 1497 1813 1535; x_wconf 82' lang='grc' dir='ltr'>ἀντὶ</span> <span class='ocrx_word' id='word_1_593' title='bbox 1834 1502 1892 1536; x_wconf 91' lang='grc' dir='ltr'>τοῦ</span> <span class='ocrx_word' id='word_1_594' title='bbox 1908 1501 2064 1550; x_wconf 75' lang='grc' dir='ltr'>ὀχεῖσθαι</span> <span class='ocrx_word' id='word_1_595' title='bbox 2084 1504 2182 1540; x_wconf 90' lang='grc' dir='ltr'>ποιῶ.</span> <span class='ocrx_word' id='word_1_596' title='bbox 2200 1503 2266 1555; x_wconf 45' lang='lat' dir='ltr'>Off}</span> 
     </span>
    </p>

    <p class='ocr_par' dir='ltr' id='par_1_33' title="bbox 1229 1553 2269 1660">
     <span class='ocr_line' id='line_1_85' title="bbox 1282 1553 2269 1610; baseline 0.012 -24.012"><span class='ocrx_word' id='word_1_597' title='bbox 1282 1564 1326 1588; x_wconf 81' lang='lat'>25.</span> <span class='ocrx_word' id='word_1_598' title='bbox 1357 1553 1439 1602; x_wconf 74' lang='grc' dir='ltr'>ὀχεῖ</span> <span class='ocrx_word' id='word_1_599' title='bbox 1463 1564 1471 1589; x_wconf 90' lang='lat'>:</span> <span class='ocrx_word' id='word_1_600' title='bbox 1501 1553 1576 1590; x_wconf 79' lang='grc' dir='ltr'>ἀντι</span> <span class='ocrx_word' id='word_1_601' title='bbox 1596 1558 1655 1591; x_wconf 88' lang='grc' dir='ltr'>τοῦ</span> <span class='ocrx_word' id='word_1_602' title='bbox 1683 1555 1859 1605; x_wconf 85' lang='grc' dir='ltr'>βαστάζει.</span> <span class='ocrx_word' id='word_1_603' title='bbox 1891 1564 1929 1594; x_wconf 83' lang='grc' dir='ltr'>Β.</span> <span class='ocrx_word' id='word_1_604' title='bbox 1946 1565 1985 1595; x_wconf 88' lang='lat' dir='ltr'>V.</span> <span class='ocrx_word' id='word_1_605' title='bbox 2012 1559 2066 1595; x_wconf 82' lang='grc' dir='ltr'>ἐπ’</span> <span class='ocrx_word' id='word_1_606' title='bbox 2092 1559 2269 1610; x_wconf 78' lang='grc' dir='ltr'>ὀχήματος</span> 
     </span>
     <span class='ocr_line' id='line_1_86' title="bbox 1229 1607 1435 1660; baseline 0.015 -16"><span class='ocrx_word' id='word_1_607' title='bbox 1229 1623 1268 1660; x_wconf 69' lang='lat' dir='ltr'>&lt;ps</span> <span class='ocrx_word' id='word_1_608' title='bbox 1261 1607 1327 1660; x_wconf 65' lang='grc' dir='ltr'>’ρ-η.</span> <span class='ocrx_word' id='word_1_609' title='bbox 1352 1617 1435 1647; x_wconf 71' lang='lat' dir='ltr'><em>Iict.</em></span> 
     </span>
    </p>

    <p class='ocr_par' dir='ltr' id='par_1_34' title="bbox 1227 1668 2267 1786">
     <span class='ocr_line' id='line_1_87' title="bbox 1282 1668 2267 1729; baseline 0.009 -25"><span class='ocrx_word' id='word_1_610' title='bbox 1282 1680 1326 1705; x_wconf 79' lang='grc'><strong>28.</strong></span> <span class='ocrx_word' id='word_1_611' title='bbox 1357 1669 1394 1705; x_wconf 87' lang='lat'>66</span> <span class='ocrx_word' id='word_1_612' title='bbox 1416 1668 1488 1713; x_wconf 58' lang='grc' dir='ltr'>ἄηθ’</span> <span class='ocrx_word' id='word_1_613' title='bbox 1517 1668 1537 1705; x_wconf 80' lang='lat'>6¹</span> <span class='ocrx_word' id='word_1_614' title='bbox 1565 1670 1596 1719; x_wconf 90' lang='grc' dir='ltr'>γ’</span> <span class='ocrx_word' id='word_1_615' title='bbox 1626 1669 1696 1721; x_wconf 78' lang='grc' dir='ltr'>ἔχιι)</span> <span class='ocrx_word' id='word_1_616' title='bbox 1717 1670 1778 1720; x_wconf 81' lang='grc' dir='ltr'>’γω</span> <span class='ocrx_word' id='word_1_617' title='bbox 1801 1687 1860 1709; x_wconf 90' lang='grc' dir='ltr'>και</span> <span class='ocrx_word' id='word_1_618' title='bbox 1881 1688 1921 1724; x_wconf 75' lang='grc' dir='ltr'>φε</span> <span class='ocrx_word' id='word_1_619' title='bbox 1907 1689 1972 1725; x_wconf 85' lang='grc' dir='ltr'>..ρω</span> <span class='ocrx_word' id='word_1_620' title='bbox 1996 1687 2004 1711; x_wconf 86' lang='lat'>:</span> <span class='ocrx_word' id='word_1_621' title='bbox 2028 1674 2174 1713; x_wconf 79' lang='grc' dir='ltr'>Ἐπάνω</span> <span class='ocrx_word' id='word_1_622' title='bbox 2200 1675 2267 1729; x_wconf 90' lang='grc' dir='ltr'>γαρ</span> 
     </span>
     <span class='ocr_line' id='line_1_88' title="bbox 1227 1713 2265 1786; baseline 0.009 -25"><span class='ocrx_word' id='word_1_623' title='bbox 1227 1728 1285 1761; x_wconf 86' lang='grc' dir='ltr'>τοῦ</span> <span class='ocrx_word' id='word_1_624' title='bbox 1301 1725 1378 1763; x_wconf 83' lang='grc' dir='ltr'>ὄνου</span> <span class='ocrx_word' id='word_1_625' title='bbox 1399 1726 1624 1776; x_wconf 81' lang='grc' dir='ltr'>καθεζόμενος</span> <span class='ocrx_word' id='word_1_626' title='bbox 1644 1731 1660 1764; x_wconf 81' lang='lat'>6</span> <span class='ocrx_word' id='word_1_627' title='bbox 1677 1729 1830 1777; x_wconf 79' lang='grc' dir='ltr'>οἰκέτης,</span> <span class='ocrx_word' id='word_1_628' title='bbox 1848 1713 2018 1776; x_wconf 62' lang='grc' dir='ltr'>εέάσταζε</span> <span class='ocrx_word' id='word_1_629' title='bbox 2031 1734 2070 1769; x_wconf 81' lang='grc' dir='ltr'>το</span> <span class='ocrx_word' id='word_1_630' title='bbox 2085 1733 2265 1786; x_wconf 67' lang='grc' dir='ltr'>ἀνάτιορον.</span> 
     </span>
    </p>
   </div>
   <div class='ocr_carea' id='block_1_14' title="bbox 2288 1407 2322 1432">
    <p class='ocr_par' dir='ltr' id='par_1_35' title="bbox 2288 1407 2322 1432">
     <span class='ocr_line' id='line_1_89' title="bbox 2288 1407 2322 1432; baseline 0 -6"><span class='ocrx_word' id='word_1_631' title='bbox 2288 1407 2322 1432; x_wconf 74' lang='lat'>2⁰</span> 
     </span>
    </p>
   </div>
   <div class='ocr_carea' id='block_1_15' title="bbox 1226 1782 2267 1918">
    <p class='ocr_par' dir='ltr' id='par_1_36' title="bbox 1226 1782 2267 1896">
     <span class='ocr_line' id='line_1_90' title="bbox 1227 1782 2267 1844; baseline 0.011 -25"><span class='ocrx_word' id='word_1_632' title='bbox 1227 1782 1314 1826; x_wconf 83' lang='grc' dir='ltr'>τινὲς</span> <span class='ocrx_word' id='word_1_633' title='bbox 1343 1785 1388 1826; x_wconf 90' lang='grc' dir='ltr'>εἰς</span> <span class='ocrx_word' id='word_1_634' title='bbox 1415 1784 1454 1821; x_wconf 78' lang='grc' dir='ltr'>τὸ</span> <span class='ocrx_word' id='word_1_635' title='bbox 1474 1800 1566 1836; x_wconf 71' lang='grc' dir='ltr'>’.οερω</span> <span class='ocrx_word' id='word_1_636' title='bbox 1589 1784 1648 1823; x_wconf 89' lang='lat'>666</span> <span class='ocrx_word' id='word_1_637' title='bbox 1671 1787 1819 1837; x_wconf 79' lang='grc' dir='ltr'>στιγμὰς</span> <span class='ocrx_word' id='word_1_638' title='bbox 1835 1793 2011 1840; x_wconf 81' lang='grc' dir='ltr'>ποιοῦσιν,</span> <span class='ocrx_word' id='word_1_639' title='bbox 2046 1792 2267 1844; x_wconf 65' lang='grc' dir='ltr'>ἀφαιροῦντες</span> 
     </span>
     <span class='ocr_line' id='line_1_91' title="bbox 1226 1840 1926 1918; baseline 0.01 -41"><span class='ocrx_word' id='word_1_640' title='bbox 1226 1844 1284 1877; x_wconf 78' lang='grc' dir='ltr'>τοῦ</span> <span class='ocrx_word' id='word_1_641' title='bbox 1306 1840 1355 1891; x_wconf 67' lang='grc' dir='ltr'>’.ιὰ</span> <span class='ocrx_word' id='word_1_642' title='bbox 1374 1841 1431 1878; x_wconf 82' lang='grc' dir='ltr'>τὸν</span> <span class='ocrx_word' id='word_1_643' title='bbox 1452 1842 1504 1880; x_wconf 86' lang='grc' dir='ltr'>Δί’</span> <span class='ocrx_word' id='word_1_644' title='bbox 1524 1842 1562 1879; x_wconf 82' lang='grc' dir='ltr'>οὔ</span> <span class='ocrx_word' id='word_1_645' title='bbox 1581 1859 1643 1888; x_wconf 87' lang='grc' dir='ltr'>την</span> <span class='ocrx_word' id='word_1_646' title='bbox 1662 1844 1743 1893; x_wconf 85' lang='grc' dir='ltr'>μίαν</span> <span class='ocrx_word' id='word_1_647' title='bbox 1765 1860 1926 1918; x_wconf 64' lang='grc' dir='ltr'>στιγιιην.</span> 
     </span>
    </p>
   </div>
   <div class='ocr_carea' id='block_1_16' title="bbox 1278 1899 1541 1944">
    <p class='ocr_par' dir='ltr' id='par_1_37' title="bbox 1278 1899 1541 1944">
     <span class='ocr_line' id='line_1_92' title="bbox 1278 1899 1541 1944; baseline 0.011 -8"><span class='ocrx_word' id='word_1_648' title='bbox 1278 1912 1326 1938; x_wconf 89' lang='lat'>30.</span> <span class='ocrx_word' id='word_1_649' title='bbox 1356 1899 1509 1944; x_wconf 89' lang='grc' dir='ltr'>πιέζεται</span> <span class='ocrx_word' id='word_1_650' title='bbox 1532 1915 1541 1939; x_wconf 87' lang='lat'>:</span> 
     </span>
    </p>
   </div>
   <div class='ocr_carea' id='block_1_17' title="bbox 1574 1902 2262 1954">
    <p class='ocr_par' dir='ltr' id='par_1_38' title="bbox 1574 1902 2262 1954">
     <span class='ocr_line' id='line_1_93' title="bbox 1574 1902 2262 1954; baseline 0.015 -17"><span class='ocrx_word' id='word_1_651' title='bbox 1574 1904 1696 1948; x_wconf 89' lang='grc' dir='ltr'>Κατην</span> <span class='ocrx_word' id='word_1_652' title='bbox 1685 1902 1783 1954; x_wconf 71' lang='grc' dir='ltr'>εχθη</span> <span class='ocrx_word' id='word_1_653' title='bbox 1813 1904 1908 1954; x_wconf 82' lang='grc' dir='ltr'>ὅμως</span> <span class='ocrx_word' id='word_1_654' title='bbox 1936 1905 1995 1943; x_wconf 82' lang='grc' dir='ltr'>καὶ</span> <span class='ocrx_word' id='word_1_655' title='bbox 2016 1907 2118 1950; x_wconf 73' lang='grc' dir='ltr'>αὐτὸς</span> <span class='ocrx_word' id='word_1_656' title='bbox 2145 1909 2202 1946; x_wconf 80' lang='grc' dir='ltr'>ἐπὶ</span> <span class='ocrx_word' id='word_1_657' title='bbox 2224 1910 2262 1947; x_wconf 87' lang='grc' dir='ltr'>τὸ</span> 
     </span>
    </p>
   </div>
   <div class='ocr_carea' id='block_1_18' title="bbox 1214 1956 2317 3286">
    <p class='ocr_par' dir='ltr' id='par_1_39' title="bbox 1224 1956 2317 2021">
     <span class='ocr_line' id='line_1_94' title="bbox 1224 1956 2317 2021; baseline 0.01 -28"><span class='ocrx_word' id='word_1_658' title='bbox 1224 1956 1401 2007; x_wconf 86' lang='grc' dir='ltr'>πιέζομαι.</span> <span class='ocrx_word' id='word_1_659' title='bbox 2283 1995 2317 2021; x_wconf 90' lang='lat'>30</span> 
     </span>
    </p>

    <p class='ocr_par' dir='ltr' id='par_1_40' title="bbox 1224 2016 2262 2167">
     <span class='ocr_line' id='line_1_95' title="bbox 1278 2016 2262 2076; baseline 0.01 -23"><span class='ocrx_word' id='word_1_660' title='bbox 1278 2029 1324 2053; x_wconf 84' lang='lat'>32.</span> <span class='ocrx_word' id='word_1_661' title='bbox 1355 2017 1389 2053; x_wconf 81' lang='grc' dir='ltr'>ἐν</span> <span class='ocrx_word' id='word_1_662' title='bbox 1409 2017 1457 2052; x_wconf 88' lang='grc' dir='ltr'>τῶ</span> <span class='ocrx_word' id='word_1_663' title='bbox 1475 2032 1571 2069; x_wconf 90' lang='grc' dir='ltr'>μερει</span> <span class='ocrx_word' id='word_1_664' title='bbox 1586 2016 1626 2055; x_wconf 81' lang='grc' dir='ltr'>σὺ</span> <span class='ocrx_word' id='word_1_665' title='bbox 1642 2017 1699 2055; x_wconf 83' lang='grc' dir='ltr'>τὸν</span> <span class='ocrx_word' id='word_1_666' title='bbox 1715 2019 1814 2058; x_wconf 86' lang='grc' dir='ltr'>ὄνον;</span> <span class='ocrx_word' id='word_1_667' title='bbox 1834 2019 1924 2057; x_wconf 87' lang='grc' dir='ltr'>Αντὶ</span> <span class='ocrx_word' id='word_1_668' title='bbox 1938 2025 2016 2068; x_wconf 85' lang='grc' dir='ltr'>τοῦ,</span> <span class='ocrx_word' id='word_1_669' title='bbox 2037 2023 2128 2060; x_wconf 90' lang='grc' dir='ltr'>κατά</span> <span class='ocrx_word' id='word_1_670' title='bbox 2143 2040 2177 2062; x_wconf 93' lang='grc' dir='ltr'>τι</span> <span class='ocrx_word' id='word_1_671' title='bbox 2197 2041 2262 2076; x_wconf 90' lang='grc' dir='ltr'>με-</span> 
     </span>
     <span class='ocr_line' id='line_1_96' title="bbox 1226 2052 2262 2132; baseline 0.012 -23"><span class='ocrx_word' id='word_1_672' title='bbox 1226 2087 1353 2125; x_wconf 78' lang='grc' dir='ltr'>ρος,η</span> <span class='ocrx_word' id='word_1_673' title='bbox 1319 2072 1390 2122; x_wconf 79' lang='grc' dir='ltr'>(ἢ’</span> <span class='ocrx_word' id='word_1_674' title='bbox 1375 2089 1409 2110; x_wconf 90' lang='grc' dir='ltr'>εν</span> <span class='ocrx_word' id='word_1_675' title='bbox 1434 2076 1485 2110; x_wconf 85' lang='grc' dir='ltr'>τῶ</span> <span class='ocrx_word' id='word_1_676' title='bbox 1504 2074 1570 2127; x_wconf 88' lang='grc' dir='ltr'>ἴσῳ</span> <span class='ocrx_word' id='word_1_677' title='bbox 1591 2075 1698 2128; x_wconf 80' lang='grc' dir='ltr'>μέρει)</span> <span class='ocrx_word' id='word_1_678' title='bbox 1720 2077 1811 2114; x_wconf 87' lang='grc' dir='ltr'>κατὰ</span> <span class='ocrx_word' id='word_1_679' title='bbox 1830 2093 1892 2123; x_wconf 73' lang='grc' dir='ltr'>ἰ-Γ,ν</span> <span class='ocrx_word' id='word_1_680' title='bbox 1914 2052 2064 2129; x_wconf 66' lang='grc' dir='ltr'>ἀμοιέην</span> <span class='ocrx_word' id='word_1_681' title='bbox 2087 2081 2262 2132; x_wconf 86' lang='grc' dir='ltr'>βάστασον</span> 
     </span>
     <span class='ocr_line' id='line_1_97' title="bbox 1224 2130 1388 2168; baseline 0 -1"><span class='ocrx_word' id='word_1_682' title='bbox 1224 2130 1282 2167; x_wconf 87' lang='grc' dir='ltr'>τὸν</span> <span class='ocrx_word' id='word_1_683' title='bbox 1301 2130 1388 2168; x_wconf 82' lang='grc' dir='ltr'>ὄνον.</span> 
     </span>
    </p>

    <p class='ocr_par' dir='ltr' id='par_1_41' title="bbox 1221 2187 2311 2703">
     <span class='ocr_line' id='line_1_98' title="bbox 1278 2187 2260 2248; baseline 0.009 -22"><span class='ocrx_word' id='word_1_684' title='bbox 1278 2201 1323 2226; x_wconf 89' lang='grc'>33.</span> <span class='ocrx_word' id='word_1_685' title='bbox 1355 2188 1400 2238; x_wconf 91' lang='grc' dir='ltr'>(τί</span> <span class='ocrx_word' id='word_1_686' title='bbox 1415 2187 1482 2240; x_wconf 88' lang='grc' dir='ltr'>γὰρ</span> <span class='ocrx_word' id='word_1_687' title='bbox 1494 2191 1508 2226; x_wconf 83' lang='grc' dir='ltr'>ἐ</span> <span class='ocrx_word' id='word_1_688' title='bbox 1510 2205 1560 2240; x_wconf 76' lang='grc' dir='ltr'>-Γω</span> <span class='ocrx_word' id='word_1_689' title='bbox 1575 2191 1636 2227; x_wconf 77' lang='grc' dir='ltr'>οὐκ</span> <span class='ocrx_word' id='word_1_690' title='bbox 1648 2191 1892 2242; x_wconf 72' lang='grc' dir='ltr'>ἐναυμάχουνῐ</span> <span class='ocrx_word' id='word_1_691' title='bbox 1907 2193 2001 2246; x_wconf 83' lang='grc' dir='ltr'>Πρὸς</span> <span class='ocrx_word' id='word_1_692' title='bbox 2013 2194 2260 2248; x_wconf 72' lang='grc' dir='ltr'>τουςχρόνους,</span> 
     </span>
     <span class='ocr_line' id='line_1_99' title="bbox 1224 2246 2260 2305; baseline 0.011 -23"><span class='ocrx_word' id='word_1_693' title='bbox 1224 2261 1276 2282; x_wconf 90' lang='grc' dir='ltr'>οτι</span> <span class='ocrx_word' id='word_1_694' title='bbox 1295 2249 1343 2283; x_wconf 93' lang='grc' dir='ltr'>τῶ</span> <span class='ocrx_word' id='word_1_695' title='bbox 1363 2246 1519 2299; x_wconf 87' lang='grc' dir='ltr'>προτέρω</span> <span class='ocrx_word' id='word_1_696' title='bbox 1540 2247 1608 2285; x_wconf 88' lang='grc' dir='ltr'>ἔτει</span> <span class='ocrx_word' id='word_1_697' title='bbox 1627 2249 1684 2286; x_wconf 84' lang='grc' dir='ltr'>ἐπὶ</span> <span class='ocrx_word' id='word_1_698' title='bbox 1710 2249 1916 2300; x_wconf 84' lang='grc' dir='ltr'>Ἀντιγένους</span> <span class='ocrx_word' id='word_1_699' title='bbox 1940 2252 2020 2303; x_wconf 83' lang='grc' dir='ltr'>περὶ</span> <span class='ocrx_word' id='word_1_700' title='bbox 2038 2252 2260 2305; x_wconf 78' lang='grc' dir='ltr'>Ἀργίνουσαν</span> 
     </span>
     <span class='ocr_line' id='line_1_100' title="bbox 1224 2303 2260 2360; baseline 0.01 -20"><span class='ocrx_word' id='word_1_701' title='bbox 1224 2303 1346 2341; x_wconf 82' lang='grc' dir='ltr'>ἐνίκων</span> <span class='ocrx_word' id='word_1_702' title='bbox 1368 2304 1548 2357; x_wconf 79' lang='grc' dir='ltr'>ναυμαχία</span> <span class='ocrx_word' id='word_1_703' title='bbox 1569 2308 1599 2343; x_wconf 86' lang='grc' dir='ltr'>οἱ</span> <span class='ocrx_word' id='word_1_704' title='bbox 1623 2306 1793 2353; x_wconf 80' lang='grc' dir='ltr'>Ἀθηναῖοι</span> <span class='ocrx_word' id='word_1_705' title='bbox 1815 2309 2096 2360; x_wconf 80' lang='grc' dir='ltr'>συμμαχούντων</span> <span class='ocrx_word' id='word_1_706' title='bbox 2117 2311 2260 2359; x_wconf 84' lang='grc' dir='ltr'>δούλων,</span> 
     </span>
     <span class='ocr_line' id='line_1_101' title="bbox 1223 2362 2260 2416; baseline 0.009 -18"><span class='ocrx_word' id='word_1_707' title='bbox 1223 2362 1503 2414; x_wconf 80' lang='grc' dir='ltr'>προκακωθέντες</span> <span class='ocrx_word' id='word_1_708' title='bbox 1531 2363 1653 2407; x_wconf 82' lang='grc' dir='ltr'>ἄλλαις</span> <span class='ocrx_word' id='word_1_709' title='bbox 1676 2365 1905 2416; x_wconf 75' lang='grc' dir='ltr'>ναυμαχίαις,</span> <span class='ocrx_word' id='word_1_710' title='bbox 1932 2366 2090 2412; x_wconf 79' lang='grc' dir='ltr'>οὕστινας</span> <span class='ocrx_word' id='word_1_711' title='bbox 2115 2371 2260 2415; x_wconf 81' lang='grc' dir='ltr'>ηλευθέ-</span> 
     </span>
     <span class='ocr_line' id='line_1_102' title="bbox 1225 2416 2259 2481; baseline 0.01 -25"><span class='ocrx_word' id='word_1_712' title='bbox 1225 2434 1350 2470; x_wconf 86' lang='grc' dir='ltr'>ρωσαν·</span> <span class='ocrx_word' id='word_1_713' title='bbox 1369 2420 1452 2472; x_wconf 84' lang='grc' dir='ltr'>πρὸς</span> <span class='ocrx_word' id='word_1_714' title='bbox 1467 2425 1567 2459; x_wconf 87' lang='grc' dir='ltr'>τοῦτο</span> <span class='ocrx_word' id='word_1_715' title='bbox 1581 2416 1639 2459; x_wconf 72' lang='grc' dir='ltr'>οῦν</span> <span class='ocrx_word' id='word_1_716' title='bbox 1653 2424 1950 2475; x_wconf 80' lang='grc' dir='ltr'>χαριεντιζόμενος</span> <span class='ocrx_word' id='word_1_717' title='bbox 1965 2425 2077 2477; x_wconf 83' lang='grc' dir='ltr'>λέγει,</span> <span class='ocrx_word' id='word_1_718' title='bbox 2095 2426 2147 2464; x_wconf 78' lang='grc' dir='ltr'>ὅτι</span> <span class='ocrx_word' id='word_1_719' title='bbox 2163 2427 2259 2481; x_wconf 84' lang='grc' dir='ltr'>εἴπερ</span> 
     </span>
     <span class='ocr_line' id='line_1_103' title="bbox 1223 2477 2259 2535; baseline 0.01 -22"><span class='ocrx_word' id='word_1_720' title='bbox 1223 2477 1528 2529; x_wconf 73' lang='grc' dir='ltr'>ἐνεναυμαχηκειν,</span> <span class='ocrx_word' id='word_1_721' title='bbox 1544 2477 1609 2516; x_wconf 85' lang='grc' dir='ltr'>κᾶν</span> <span class='ocrx_word' id='word_1_722' title='bbox 1624 2480 1774 2532; x_wconf 67' lang='grc' dir='ltr'>αφείμην</span> <span class='ocrx_word' id='word_1_723' title='bbox 1789 2482 1974 2535; x_wconf 83' lang='grc' dir='ltr'>ελεύθερος.</span> <span class='ocrx_word' id='word_1_724' title='bbox 1995 2483 2084 2522; x_wconf 79' lang='grc' dir='ltr'>ὥστε</span> <span class='ocrx_word' id='word_1_725' title='bbox 2101 2485 2259 2535; x_wconf 86' lang='grc' dir='ltr'>οἰμώζειν</span> 
     </span>
     <span class='ocr_line' id='line_1_104' title="bbox 1223 2533 2311 2607; baseline 0.009 -36"><span class='ocrx_word' id='word_1_726' title='bbox 1223 2533 1264 2571; x_wconf 82' lang='grc' dir='ltr'>ἂν</span> <span class='ocrx_word' id='word_1_727' title='bbox 1284 2534 1408 2607; x_wconf 85' lang='grc' dir='ltr'>ἔλεγόν</span> <span class='ocrx_word' id='word_1_728' title='bbox 1422 2551 1486 2573; x_wconf 92' lang='grc' dir='ltr'>σοι.</span> <span class='ocrx_word' id='word_1_729' title='bbox 1513 2540 1534 2582; x_wconf 89' lang='grc' dir='ltr'>ἠ</span> <span class='ocrx_word' id='word_1_730' title='bbox 1567 2535 1602 2574; x_wconf 86' lang='lat'>65</span> <span class='ocrx_word' id='word_1_731' title='bbox 1628 2537 1847 2590; x_wconf 79' lang='grc' dir='ltr'>Ἀργίνουσα,</span> <span class='ocrx_word' id='word_1_732' title='bbox 1874 2539 1974 2584; x_wconf 90' lang='grc' dir='ltr'>πόλις</span> <span class='ocrx_word' id='word_1_733' title='bbox 1997 2557 2058 2587; x_wconf 86' lang='grc' dir='ltr'>της</span> <span class='ocrx_word' id='word_1_734' title='bbox 2083 2542 2257 2591; x_wconf 83' lang='grc' dir='ltr'>Αἰολίδος,</span> <span class='ocrx_word' id='word_1_735' title='bbox 2277 2571 2311 2596; x_wconf 77' lang='lat'>4⁰</span> 
     </span>
     <span class='ocr_line' id='line_1_105' title="bbox 1222 2592 2259 2651; baseline 0.011 -22"><span class='ocrx_word' id='word_1_736' title='bbox 1222 2592 1362 2646; x_wconf 76' lang='grc' dir='ltr'>ἀντικρὺ</span> <span class='ocrx_word' id='word_1_737' title='bbox 1389 2593 1425 2631; x_wconf 89' lang='lat'>65</span> <span class='ocrx_word' id='word_1_738' title='bbox 1454 2594 1590 2633; x_wconf 65' lang='grc' dir='ltr'>Δέσόου</span> <span class='ocrx_word' id='word_1_739' title='bbox 1618 2596 1759 2646; x_wconf 86' lang='grc' dir='ltr'>κειμένη</span> <span class='ocrx_word' id='word_1_740' title='bbox 1789 2597 1848 2635; x_wconf 86' lang='grc' dir='ltr'>καὶ</span> <span class='ocrx_word' id='word_1_741' title='bbox 1875 2599 2016 2642; x_wconf 85' lang='grc' dir='ltr'>Μαλίας</span> <span class='ocrx_word' id='word_1_742' title='bbox 2043 2601 2259 2651; x_wconf 86' lang='grc' dir='ltr'>καλουμένης</span> 
     </span>
     <span class='ocr_line' id='line_1_106' title="bbox 1221 2650 1356 2703; baseline 0.015 -17"><span class='ocrx_word' id='word_1_743' title='bbox 1221 2650 1356 2703; x_wconf 82' lang='grc' dir='ltr'>ἄκρας.)</span> 
     </span>
    </p>

    <p class='ocr_par' dir='ltr' id='par_1_42' title="bbox 1217 2709 2256 2936">
     <span class='ocr_line' id='line_1_107' title="bbox 1271 2709 2255 2783; baseline 0.009 -37"><span class='ocrx_word' id='word_1_744' title='bbox 1271 2722 1318 2748; x_wconf 83' lang='lat'>35.</span> <span class='ocrx_word' id='word_1_745' title='bbox 1351 2709 1502 2759; x_wconf 71' lang='grc' dir='ltr'>(κατάὸα</span> <span class='ocrx_word' id='word_1_746' title='bbox 1531 2716 1702 2783; x_wconf 85' lang='grc' dir='ltr'>πανοῦργε</span> <span class='ocrx_word' id='word_1_747' title='bbox 1734 2727 1742 2751; x_wconf 86' lang='lat'>:</span> <span class='ocrx_word' id='word_1_748' title='bbox 1774 2713 1825 2752; x_wconf 88' lang='lat' dir='ltr'>T6</span> <span class='ocrx_word' id='word_1_749' title='bbox 1853 2729 1889 2765; x_wconf 90' lang='lat'>7,</span> <span class='ocrx_word' id='word_1_750' title='bbox 1918 2731 1970 2752; x_wconf 92' lang='grc' dir='ltr'>οτι</span> <span class='ocrx_word' id='word_1_751' title='bbox 1998 2715 2135 2754; x_wconf 69' lang='grc' dir='ltr'>κατάὸα</span> <span class='ocrx_word' id='word_1_752' title='bbox 2162 2718 2255 2770; x_wconf 71' lang='grc' dir='ltr'>φησί.</span> 
     </span>
     <span class='ocr_line' id='line_1_108' title="bbox 1219 2767 2256 2823; baseline 0.009 -20"><span class='ocrx_word' id='word_1_753' title='bbox 1219 2767 1303 2819; x_wconf 81' lang='grc' dir='ltr'>πρὸς</span> <span class='ocrx_word' id='word_1_754' title='bbox 1324 2767 1400 2810; x_wconf 82' lang='grc' dir='ltr'>τοὺς</span> <span class='ocrx_word' id='word_1_755' title='bbox 1425 2768 1618 2816; x_wconf 75' lang='grc' dir='ltr'>αξιοῧντας,</span> <span class='ocrx_word' id='word_1_756' title='bbox 1640 2770 1692 2807; x_wconf 84' lang='grc' dir='ltr'>ὅτι</span> <span class='ocrx_word' id='word_1_757' title='bbox 1713 2771 1886 2818; x_wconf 74' lang='grc' dir='ltr'>κατάὸηθι</span> <span class='ocrx_word' id='word_1_758' title='bbox 1910 2773 2048 2823; x_wconf 79' lang='grc' dir='ltr'>λέγεται</span> <span class='ocrx_word' id='word_1_759' title='bbox 2073 2774 2195 2822; x_wconf 84' lang='grc' dir='ltr'>μόνως</span> <span class='ocrx_word' id='word_1_760' title='bbox 2217 2775 2256 2812; x_wconf 88' lang='grc' dir='ltr'>τὸ</span> 
     </span>
     <span class='ocr_line' id='line_1_109' title="bbox 1219 2825 2254 2882; baseline 0.007 -20"><span class='ocrx_word' id='word_1_761' title='bbox 1219 2825 1254 2862; x_wconf 87' lang='lat'>65</span> <span class='ocrx_word' id='word_1_762' title='bbox 1280 2830 1472 2878; x_wconf 81' lang='grc' dir='ltr'>πανοῦργε,</span> <span class='ocrx_word' id='word_1_763' title='bbox 1497 2828 1598 2876; x_wconf 83' lang='grc' dir='ltr'>ημεῖς</span> <span class='ocrx_word' id='word_1_764' title='bbox 1622 2844 1684 2877; x_wconf 83' lang='grc' dir='ltr'>μεν</span> <span class='ocrx_word' id='word_1_765' title='bbox 1704 2829 1933 2882; x_wconf 84' lang='grc' dir='ltr'>μετριώτερον</span> <span class='ocrx_word' id='word_1_766' title='bbox 1961 2830 2086 2882; x_wconf 72' lang='grc' dir='ltr'>φαμὲν,</span> <span class='ocrx_word' id='word_1_767' title='bbox 2109 2832 2254 2870; x_wconf 81' lang='grc' dir='ltr'>Ἀττικοὶ</span> 
     </span>
     <span class='ocr_line' id='line_1_110' title="bbox 1217 2882 1770 2936; baseline 0.004 -16"><span class='ocrx_word' id='word_1_768' title='bbox 1217 2882 1253 2920; x_wconf 86' lang='lat'>65</span> <span class='ocrx_word' id='word_1_769' title='bbox 1273 2883 1329 2920; x_wconf 78' lang='grc' dir='ltr'>ἐπὶ</span> <span class='ocrx_word' id='word_1_770' title='bbox 1351 2885 1501 2936; x_wconf 71' lang='grc' dir='ltr'>σφοδρᾶς</span> <span class='ocrx_word' id='word_1_771' title='bbox 1522 2885 1770 2936; x_wconf 64' lang='grc' dir='ltr'>βλασφημίας.)</span> 
     </span>
    </p>

    <p class='ocr_par' dir='ltr' id='par_1_43' title="bbox 1214 2943 2297 3286">
     <span class='ocr_line' id='line_1_111' title="bbox 1269 2943 2253 2994; baseline 0.009 -18"><span class='ocrx_word' id='word_1_772' title='bbox 1269 2955 1313 2979; x_wconf 77' lang='grc'>33.</span> <span class='ocrx_word' id='word_1_773' title='bbox 1343 2943 1388 2983; x_wconf 82' lang='grc' dir='ltr'>ὡς</span> <span class='ocrx_word' id='word_1_774' title='bbox 1404 2944 1671 2992; x_wconf 74' lang='grc' dir='ltr'>Κενταυρικῶςε</span> <span class='ocrx_word' id='word_1_775' title='bbox 1692 2944 1873 2994; x_wconf 85' lang='grc' dir='ltr'>(Πρῶτον</span> <span class='ocrx_word' id='word_1_776' title='bbox 1869 2943 1929 2981; x_wconf 74' lang='grc' dir='ltr'>μὲν</span> <span class='ocrx_word' id='word_1_777' title='bbox 1947 2943 2008 2988; x_wconf 87' lang='grc' dir='ltr'>ε’ως</span> <span class='ocrx_word' id='word_1_778' title='bbox 2021 2944 2142 2984; x_wconf 84' lang='grc' dir='ltr'>τούτου</span> <span class='ocrx_word' id='word_1_779' title='bbox 2159 2949 2253 2984; x_wconf 80' lang='grc' dir='ltr'>ὑπα-</span> 
     </span>
     <span class='ocr_line' id='line_1_112' title="bbox 1216 2997 2250 3052; baseline 0.006 -16"><span class='ocrx_word' id='word_1_780' title='bbox 1216 2997 1326 3036; x_wconf 83' lang='grc' dir='ltr'>κούων</span> <span class='ocrx_word' id='word_1_781' title='bbox 1353 3002 1403 3035; x_wconf 89' lang='grc' dir='ltr'>τῶ</span> <span class='ocrx_word' id='word_1_782' title='bbox 1422 2999 1577 3036; x_wconf 81' lang='grc' dir='ltr'>Διονύσω</span> <span class='ocrx_word' id='word_1_783' title='bbox 1605 2998 1697 3049; x_wconf 84' lang='grc' dir='ltr'>λέγει</span> <span class='ocrx_word' id='word_1_784' title='bbox 1728 3003 1745 3037; x_wconf 87' lang='grc' dir='ltr'>ὃ</span> <span class='ocrx_word' id='word_1_785' title='bbox 1766 2999 1962 3052; x_wconf 87' lang='grc' dir='ltr'>Ηρακλης,</span> <span class='ocrx_word' id='word_1_786' title='bbox 1991 3003 2126 3049; x_wconf 82' lang='grc' dir='ltr'>ἐνήλαθ’</span> <span class='ocrx_word' id='word_1_787' title='bbox 2148 3020 2250 3048; x_wconf 87' lang='grc' dir='ltr'>οστις·</span> 
     </span>
     <span class='ocr_line' id='line_1_113' title="bbox 1215 3056 2251 3108; baseline 0.008 -16"><span class='ocrx_word' id='word_1_788' title='bbox 1215 3060 1289 3092; x_wconf 84' lang='grc' dir='ltr'>εἶτα</span> <span class='ocrx_word' id='word_1_789' title='bbox 1309 3072 1371 3101; x_wconf 89' lang='grc' dir='ltr'>την</span> <span class='ocrx_word' id='word_1_790' title='bbox 1391 3056 1468 3108; x_wconf 75' lang='grc' dir='ltr'>ὄψιν</span> <span class='ocrx_word' id='word_1_791' title='bbox 1489 3057 1728 3107; x_wconf 87' lang='grc' dir='ltr'>καταπλαγεὶς</span> <span class='ocrx_word' id='word_1_792' title='bbox 1745 3057 1784 3095; x_wconf 88' lang='grc' dir='ltr'>τὸ</span> <span class='ocrx_word' id='word_1_793' title='bbox 1803 3058 1864 3107; x_wconf 81' lang='grc' dir='ltr'>μὲν</span> <span class='ocrx_word' id='word_1_794' title='bbox 1883 3059 2068 3098; x_wconf 87' lang='grc' dir='ltr'>ἀκόλουθον</span> <span class='ocrx_word' id='word_1_795' title='bbox 2088 3063 2150 3099; x_wconf 82' lang='grc' dir='ltr'>οὐκ</span> <span class='ocrx_word' id='word_1_796' title='bbox 2170 3064 2251 3100; x_wconf 84' lang='grc' dir='ltr'>ἀνε-</span> 
     </span>
     <span class='ocr_line' id='line_1_114' title="bbox 1215 3112 2297 3182; baseline 0.008 -32"><span class='ocrx_word' id='word_1_797' title='bbox 1215 3113 1411 3165; x_wconf 88' lang='grc' dir='ltr'>πληρωσεν,</span> <span class='ocrx_word' id='word_1_798' title='bbox 1432 3112 1536 3150; x_wconf 86' lang='grc' dir='ltr'>εἰπων</span> <span class='ocrx_word' id='word_1_799' title='bbox 1562 3112 1654 3157; x_wconf 76' lang='grc' dir='ltr'>ὅστις</span> <span class='ocrx_word' id='word_1_800' title='bbox 1674 3114 1776 3161; x_wconf 82' lang='grc' dir='ltr'>ἐστίν,</span> <span class='ocrx_word' id='word_1_801' title='bbox 1799 3116 1888 3154; x_wconf 84' lang='grc' dir='ltr'>ἀλλὰ</span> <span class='ocrx_word' id='word_1_802' title='bbox 1908 3118 2121 3167; x_wconf 72' lang='grc' dir='ltr'>Θαυμάσας’</span> <span class='ocrx_word' id='word_1_803' title='bbox 2106 3121 2247 3173; x_wconf 82' lang='grc' dir='ltr'>επηρώ-</span> <span class='ocrx_word' id='word_1_804' title='bbox 2269 3159 2297 3182; x_wconf 59' lang='lat' dir='ltr'>b(</span> 
     </span>
     <span class='ocr_line' id='line_1_115' title="bbox 1214 3171 2248 3247; baseline 0.008 -39"><span class='ocrx_word' id='word_1_805' title='bbox 1214 3187 1298 3218; x_wconf 89' lang='grc' dir='ltr'>τησε</span> <span class='ocrx_word' id='word_1_806' title='bbox 1323 3171 1372 3215; x_wconf 87' lang='grc' dir='ltr'>τίς</span> <span class='ocrx_word' id='word_1_807' title='bbox 1393 3172 1471 3221; x_wconf 82' lang='grc' dir='ltr'>εἴη.)</span> <span class='ocrx_word' id='word_1_808' title='bbox 1494 3172 1569 3208; x_wconf 79' lang='grc' dir='ltr'>ἀντι</span> <span class='ocrx_word' id='word_1_809' title='bbox 1595 3176 1654 3209; x_wconf 86' lang='grc' dir='ltr'>τοῦ</span> <span class='ocrx_word' id='word_1_810' title='bbox 1680 3172 1842 3222; x_wconf 83' lang='grc' dir='ltr'>ἀκόσμως</span> <span class='ocrx_word' id='word_1_811' title='bbox 1866 3175 1925 3213; x_wconf 86' lang='grc' dir='ltr'>καὶ</span> <span class='ocrx_word' id='word_1_812' title='bbox 1952 3176 2218 3247; x_wconf 62' lang='grc' dir='ltr'>ὑξριστικῶς,</span> <span class='ocrx_word' id='word_1_813' title='bbox 2197 3195 2248 3216; x_wconf 88' lang='grc' dir='ltr'>οτι</span> 
     </span>
     <span class='ocr_line' id='line_1_116' title="bbox 1215 3229 2248 3286; baseline 0.008 -21"><span class='ocrx_word' id='word_1_814' title='bbox 1215 3244 1273 3266; x_wconf 90' lang='grc' dir='ltr'>και</span> <span class='ocrx_word' id='word_1_815' title='bbox 1291 3231 1321 3265; x_wconf 85' lang='grc' dir='ltr'>οι</span> <span class='ocrx_word' id='word_1_816' title='bbox 1344 3229 1534 3281; x_wconf 78' lang='grc' dir='ltr'>Κένταυροι</span> <span class='ocrx_word' id='word_1_817' title='bbox 1555 3229 1728 3281; x_wconf 64' lang='grc' dir='ltr'>ὓὸρισταί.</span> <span class='ocrx_word' id='word_1_818' title='bbox 1750 3231 1809 3268; x_wconf 87' lang='grc' dir='ltr'>καὶ</span> <span class='ocrx_word' id='word_1_819' title='bbox 1834 3236 1934 3270; x_wconf 81' lang='grc' dir='ltr'>τοῦτο</span> <span class='ocrx_word' id='word_1_820' title='bbox 1960 3235 2048 3271; x_wconf 79' lang='grc' dir='ltr'>οἶδεν</span> <span class='ocrx_word' id='word_1_821' title='bbox 2068 3234 2248 3286; x_wconf 53' lang='lat' dir='ltr'>‘Hpaxkrffi</span> 
     </span>
    </p>
   </div>
   <div class='ocr_carea' id='block_1_19' title="bbox 1214 3286 2246 3445">
    <p class='ocr_par' dir='ltr' id='par_1_44' title="bbox 1214 3286 2246 3445">
     <span class='ocr_line' id='line_1_117' title="bbox 1214 3286 2242 3341; baseline 0.007 -18"><span class='ocrx_word' id='word_1_822' title='bbox 1214 3289 1252 3324; x_wconf 83' lang='grc' dir='ltr'>ἐκ</span> <span class='ocrx_word' id='word_1_823' title='bbox 1271 3290 1331 3332; x_wconf 62' lang='grc' dir='ltr'>τῆς</span> <span class='ocrx_word' id='word_1_824' title='bbox 1349 3286 1431 3338; x_wconf 62' lang='grc' dir='ltr'>πρὸς</span> <span class='ocrx_word' id='word_1_825' title='bbox 1449 3287 1570 3329; x_wconf 75' lang='grc' dir='ltr'>αὐτους</span> <span class='ocrx_word' id='word_1_826' title='bbox 1587 3287 1714 3338; x_wconf 72' lang='grc' dir='ltr'>μάχης.</span> <span class='ocrx_word' id='word_1_827' title='bbox 1737 3288 1823 3332; x_wconf 78' lang='grc' dir='ltr'>τινὲς</span> <span class='ocrx_word' id='word_1_828' title='bbox 1840 3289 1875 3327; x_wconf 90' lang='lat'>65</span> <span class='ocrx_word' id='word_1_829' title='bbox 1893 3291 1968 3327; x_wconf 74' lang='grc' dir='ltr'>ἀντι</span> <span class='ocrx_word' id='word_1_830' title='bbox 1988 3295 2044 3329; x_wconf 80' lang='grc' dir='ltr'>τοῦ</span> <span class='ocrx_word' id='word_1_831' title='bbox 2065 3295 2242 3341; x_wconf 86' lang='grc' dir='ltr'>μαλακῶς.</span> 
     </span>
     <span class='ocr_line' id='line_1_118' title="bbox 1214 3344 2246 3401; baseline 0.006 -20"><span class='ocrx_word' id='word_1_832' title='bbox 1214 3344 1429 3396; x_wconf 81' lang='grc' dir='ltr'>εἰρωνεύεται</span> <span class='ocrx_word' id='word_1_833' title='bbox 1446 3344 1512 3396; x_wconf 83' lang='grc' dir='ltr'>γὰρ</span> <span class='ocrx_word' id='word_1_834' title='bbox 1531 3347 1548 3381; x_wconf 84' lang='grc' dir='ltr'>ὁ</span> <span class='ocrx_word' id='word_1_835' title='bbox 1573 3345 1762 3396; x_wconf 60' lang='grc' dir='ltr'>(Ηρακλῆς.</span> <span class='ocrx_word' id='word_1_836' title='bbox 1788 3350 1805 3384; x_wconf 83' lang='grc' dir='ltr'>ὁ</span> <span class='ocrx_word' id='word_1_837' title='bbox 1825 3347 1890 3401; x_wconf 87' lang='grc' dir='ltr'>γὰρ</span> <span class='ocrx_word' id='word_1_838' title='bbox 1909 3348 2072 3392; x_wconf 82' lang='grc' dir='ltr'>Διόνυσος</span> <span class='ocrx_word' id='word_1_839' title='bbox 2092 3351 2246 3399; x_wconf 80' lang='grc' dir='ltr'>μαλακὸς</span> 
     </span>
     <span class='ocr_line' id='line_1_119' title="bbox 2064 3421 2104 3445; baseline 0 0"><span class='ocrx_word' id='word_1_840' title='bbox 2064 3421 2104 3445; x_wconf 83' lang='grc'>18.</span> 
     </span>
    </p>
   </div>
  </div>
 </body>
</html>
