2533 3808
134 246 180 278 70
869 225 1119 265 SCHOLIA

1154 225 1213 262 IN
1247 225 1513 274 EQUlTES.

132 331 262 384 [κερδὼ
282 329 316 368 δὲ
343 331 364 374 ἡ
386 323 528 371 ἀλωπηξ
551 320 648 374 παρὰ
668 319 729 366 τὴν
755 317 975 371 κερδοσύνην,
1004 316 1163 355 τουτέστι
1194 322 1202 376 ἶ
1225 310 1309 353 (ἶν’
1294 333 1327 354 εν
1349 316 1410 367 μὲν
1430 320 1474 369 τῇ
1494 317 1592 370 ἑτέρα
1611 321 1775 370 ἐχείμαζε
1796 321 1989 372 βασιλευς’
1977 335 1994 358 ο
2015 323 2138 373 μέγας,
2168 323 2202 360 ἐν
2224 323 2259 360 δὲ

135 391 197 437 τὴν
211 385 438 438 πανουργίαν
451 386 495 425 ὡς
509 379 653 420 Εἷδοθέα
667 377 760 417 Εἰδὼ
774 377 833 414 καὶ
847 375 1005 429 Υψιπύ)
998 392 1027 422 η
1040 373 1153 427 Υψώ.
1157 375 1170 425 ]
1197 385 1201 393 “
1225 390 1268 425 τῃ
1284 374 1382 427 ἑτέρα
1401 374 1509 427 ἐθέριζ
1511 391 1558 414 εν.
1577 375 1687 427 ἄρξεις
1702 381 1773 425 οὖν,
1791 378 1907 430 φησὶν,
1921 381 1986 430 οὐχ
2003 380 2112 418 Ἑλ)
2082 396 2181 426 ηνων
2203 380 2264 431 μό-

190 461 269 486 1009.
301 442 540 493 Φιλόστρατος
565 435 800 482 κυναλώπηξ’
792 467 800 474 .
829 434 951 477 Οὕτως
974 435 1130 472 ἐκαλεῖτο
1153 434 1170 469 ὃ

135 505 384 556 Φιλόστρατος.
399 499 528 550 λέγει
510 513 545 534 οε
563 495 665 534 αὐτὸν
685 495 744 533 καὶ
761 493 992 546 πορνοὸοσκὸν
1010 492 1070 530 καὶ
1084 493 1169 529 καλ-

100 583 115 606 5
135 561 325 607 λωπιστήν.

188 634 266 660 1070.
298 619 351 670 [οὐ
371 615 472 654 τοῦτο’
489 627 622 668 φησινε
642 614 721 651 Οιε
708 611 782 664 εξῆς
802 615 894 649 οὗτοι
914 610 1026 662 στίχοι
1046 608 1171 659 ἷαμὸι-
1200 615 1203 620 ’

134 679 188 718 κοί
205 680 270 716 εἰσι
289 675 466 729 τρίμετροι
491 653 732 718 ἀκαταληκτοι
759 669 862 708 ὀκτώ.
892 669 969 715 εξῆς
997 666 1033 706 δε
1062 669 1172 705 κῶλον

134 736 296 788 ἷαμὸικὸν
318 732 530 786 μονόμετρον
553 728 914 802 βραχυκατάληκτονῂ
933 726 1090 764 λείπεται
1105 725 1172 795 γὰρ

134 798 214 835 ὅλου
243 794 346 837 ποδὸς
376 792 460 845 πρὸς
493 806 556 837 την
586 787 760 839 συζυγίαν.
789 786 849 825 καὶ
881 785 957 831 ἑξῆς
989 800 1031 822 αυ
1062 783 1174 834 στίχοι

85 870 115 893 10
136 854 294 905 ἷαμὲικοὶ
330 850 507 905 τρίμετροι
540 846 778 893 ἀκατάληκτοι
813 844 884 884 δύο.
919 844 975 881 ἐπὶ
1005 859 1054 880 τω
1083 841 1175 879 τέλει

133 912 371 966 παράγραερος.
364 911 390 961 .]

188 971 279 1009 ἀλλὰ
307 973 389 1012 ναῦς
409 966 601 1005 ἑκάστοτε;

134 1031 249 1078 νήσων
270 1027 548 1080 ἀναπράττεσθαι
564 1040 641 1067 τους
657 1022 792 1075 φόρους.
816 1023 846 1058 οἳ
863 1019 898 1058 δε
914 1018 1176 1070 ἐκπεμπόμενοι

135 1088 249 1128 πολλὰ
268 1087 464 1139 ἐκέρδαναν.
484 1106 535 1113 -—
556 1084 589 1120 ἓν
612 1080 756 1119 εἷσθέσει
778 1078 813 1117 δε
838 1078 962 1130 ἴαμὸοι
989 1077 1091 1126 δέκα,
1113 1093 1174 1115 συν

623 963 698 1007 Τὰς
724 961 990 1013 ἐκπεαπομενας
1015 960 1084 997 ἀπο
1106 975 1174 996 των

86 1167 116 1192 15
137 1153 184 1192 οἱς
203 1146 446 1199 προαναφωνεῒ
461 1142 534 1192 ἅμα
547 1141 586 1179 τὸ
603 1144 680 1178 εἶεν.
697 1146 737 1176 V.
759 1147 798 1177 Θ.

192 1220 271 1245 1071.
301 1202 444 1254 ταχείας
463 1197 738 1253 ἀργυρολόγους
760 1194 952 1245 Πολεμίας.
973 1193 1035 1237 τὰς
1057 1194 1178 1232 συλλε-

136 1265 264 1316 γούσας
297 1265 351 1314 ἀρ
350 1260 458 1313 (ύριον
491 1258 551 1296 καὶ
581 1256 754 1307 λήμματα
790 1256 882 1306 αὐτῶ
913 1251 1174 1305 περιποιούσας.

138 1322 327 1373 ἐλέγοντο
309 1336 343 1358 οε
361 1318 511 1371 πάραλοι
527 1315 586 1354 καὶ
603 1313 820 1364 σαλαμίνιαι.

193 1395 271 1420 1076.
303 1381 347 1417 ἀλ
349 1376 572 1415 ωπεκίοισιν;
595 1354 791 1423 εΩ.μοίιι)σε,
809 1386 931 1424 φησιν,
947 1367 1069 1411 αὐτους
1083 1367 1179 1405 ἀλώ-

86 1457 120 1481 20
139 1439 252 1485 πηξιν.
273 1441 372 1475 τοῦτο
393 1434 429 1472 δε
449 1448 550 1486 φησι,
570 1431 651 1483 παρ’
673 1430 751 1468 ὅσον
771 1428 1029 1481 παραπλέοντες
1045 1429 1076 1465 οἱ
1095 1429 1178 1464 ναῒ)-

139 1515 196 1548 ται
229 1497 430 1549 ἐξορμῶσιν,
462 1492 581 1529 ἔπειτα
613 1487 752 1526 ἐπειδὰν
780 1486 952 1540 παρίωσιν
985 1484 1178 1536 ἀμπέλους,

139 1559 303 1609 πορθουσι
319 1568 397 1594 τους
413 1550 560 1602 βότρυας
577 1547 833 1601 διαρπάζοντες.

194 1628 273 1653 1078.
303 1626 434 1653 τουτοις
454 1612 471 1647 ὁ
489 1607 636 1659 μισθὸςε
657 1605 855 1644 Αἷνίττεται
872 1602 929 1642 διὰ
948 1617 1079 1641 τουτων
1099 1617 1180 1654 περι

138 1678 205 1713 τῶν
228 1673 399 1724 θεωρικῶν
420 1666 636 1720 χρημάτων,
666 1665 718 1703 οτι
736 1663 806 1717 χρὴ
831 1664 963 1714 μᾶλλον
982 1662 1053 1705 τοῖς
1073 1676 1181 1713 στρα-

87 1751 120 1776 25
139 1712 332 1783 τευομένόις
349 1727 436 1766 αὐτὰ
452 1726 618 1764 δίδοσθαι.

195 1804 275 1829 1079.
308 1787 368 1826 καὶ
394 1789 514 1824 τοῦτον
540 1785 680 1836 ἡμερῶν
699 1783 802 1834 τριῶν
826 1796 835 1819 ·.
863 1778 1037 1819 Εἷώθασιν
1058 1779 1105 1821 εἷς
1122 1776 1180 1815 τὸν

139 1850 291 1899 πόλεμον
309 1845 451 1891 ἐξιόντες
467 1845 498 1880 οἳ
517 1844 726 1893 στρατιῶται
740 1838 933 1888 λαμὸάνειν
950 1836 1078 1890 τροφὴν
1093 1839 1180 1887 ἡμε-

142 1925 209 1962 ρίῐὶν
225 1922 342 1959 TPQOJV.

196 1979 274 2004 1080
303 1963 394 2016 [ἀλλ’
418 1961 498 2000 ἔτιε

89 2039 123 2064 30
141 2028 226 2078 τῷ
206 2024 296 2062 ,ε’λει
312 2021 539 2074 παράγραφος
557 2035 617 2058 και
629 2015 771 2070 κορωνὶς
784 2045 795 2066 ,
813 2017 859 2058 ὡς
873 2013 1021 2066 εἴρηται.
1036 2036 1089 2041 —-
1104 2011 1184 2056 ἐξα-

140 2084 313 2122 λέασθαι;
335 2080 543 2120 Ἐκκλίνειν
569 2077 667 2127 Vict]

196 2155 276 2181 1081.
308 2138 495 2185 Κυλλήνην
523 2136 571 2189 μή
598 2151 636 2173 σε
666 2147 675 2173 z
703 2131 871 2200 Κυλλήνη
898 2129 997 2173 πόλις
1026 2128 1099 2167 ἐστὶ
1122 2144 1184 2174 της

143 2198 335 2253 Αρκαδίας.
364 2197 405 2234 δι’
430 2196 448 2234 ὃ
471 2196 506 2234 δὲ
534 2193 711 2247 ἐχρήσατο
737 2193 786 2241 τῷ
814 2189 958 2239 ὀνόματι
986 2189 1089 2234 δῆλον
1115 2186 1185 2224 ἀπὸ

141 2265 210 2300 τῶν
228 2260 322 2309 ἑξης,
347 2258 404 2296 ἵνα
419 2254 649 2309 παρονομάσῃ
669 2251 731 2298 τὴν
754 2250 884 2296 κυλλὴν
903 2254 1025 2302 χεῖρα,
1047 2250 1093 2291 εἷς
1113 2248 1182 2285 δω-

90 2344 123 2368 35
145 2319 302 2374 ροδοκίαν
322 2333 381 2355 και
402 2330 543 2366 σεισμον
563 2311 762 2351 διαὸάλλων
782 2309 839 2347 τὸν
872 2307 1096 2347 Κλέωνα.οι
1116 2304 1183 2358 γὰρ

144 2377 289 2419 σείοντες
304 2391 399 2418 τινας
409 2373 468 2412 καὶ
481 2372 751 2424 δωροδοκουντες
763 2366 977 2405 κοιλαίνουσι
993 2364 1056 2411 τὴν
1070 2365 1184 2417 χεῖρα,

145 2452 204 2474 και
223 2433 505 2474 ὑποόάλλοντες
494 2430 560 2468 υπὸ
576 2429 615 2466 τὸ
629 2427 767 2478 ἱμάτιον
784 2427 930 2462 αἰτοῦσι.

201 2506 280 2531 1082.
312 2493 375 2537 τὴν
399 2489 520 2527 τούτου
546 2486 634 2539 γάρ’
662 2499 671 2524 2
701 2484 769 2521 Εκ
797 2487 993 2534 μεταφορᾶς
1011 2495 1079 2517 των
1101 2495 1186 2517 παι-

147 2552 226 2589 δίων
250 2552 318 2588 τῶν
339 2546 523 2586 αἰτουντων
547 2561 606 2582 και
625 2540 868 2581 κοιλαινόντων
890 2537 952 2582 τὰς
970 2541 1090 2590 χεῖρας
1107 2537 1185 2589 ᾐνί-

93 2633 127 2654 40
147 2611 240 2654 ξατο·

203 2665 445 2716 1ι133.ἔμ6αλε
461 2663 595 2713 κυλλῃὶ
613 2660 660 2698 Οἱ
676 2656 833 2708 μάγειροι
849 2653 988 2693 ἐπειδὰν
1006 2652 1187 2691 πλάττωσί

146 2744 197 2774 τι,
218 2725 257 2764 λέ
259 2740 388 2776 γουσιν,
409 2721 543 2773 ἔμὸαλε
559 2735 602 2770 τῃ
619 2719 716 2755 λαια.

202 2798 282 2823 1085.
311 2781 374 2828 τὴν
394 2779 621 2820 Διοπείθους·
649 2773 825 2814 Σεσίνωτο
843 2788 905 2814 τας
923 2771 1042 2823 χεῖρας
1062 2772 1080 2807 ὁ
1102 2772 1186 2807 Διο-

148 2843 266 2890 πείθης
282 2841 341 2880 καὶ
355 2844 395 2887 ἠν
413 2838 534 2881 κυλλὸς
546 2866 556 2883 ,
568 2833 750 2909 [fou-:6611
760 2830 1023 2883 πεπηρωμένος.
1043 2827 1188 2870 κυλλους

96 2917 129 2941 45
150 2902 185 2940 δὲ
212 2899 358 2940 Ἀττικοι
383 2899 546 2936 κακοῦσιν
572 2894 628 2933 ἐπι
657 2892 772 2929 ποδῶν
802 2906 862 2927 και
891 2885 1189 2941 χειριι1ν.ὁμοίως

150 2976 209 2998 και
228 2961 309 3018 χωλ
308 2974 363 3000 ους
381 2955 458 2998 τους
481 2971 521 3006 γε
509 2955 582 3006 ’ἶρα
605 2949 888 3003 πεπηρωμένους.
921 2944 1072 2990 Εὔπολις
1101 2963 1116 2977 «
1137 2943 1189 2981 ὅτι

150 3017 263 3068 χωλὸς
280 3020 308 3052 εἰ
325 3031 366 3052 συ
380 3030 442 3059 την
459 3018 559 3064 γεῖρα
574 3009 747 3070 σφόδρα.)
740 3008 772 3058 n]
788 3021 880 3044 κατα
897 3003 1016 3056 καιρὸν
1035 3005 1091 3039 οὐν
1110 3003 1186 3039 δια-

154 3076 275 3113 ὅάλλει
291 3072 392 3111 αὐτον
410 3075 454 3114 ὡς
470 3070 634 3115 κλέπτην.
648 3071 690 3114 ἠν
705 3065 741 3103 δὲ
758 3065 846 3103 καὶ1
834 3063 986 3103 Νικίουτ
974 3067 1117 3114 εταῖρος.

209 3146 287 3172 1036
317 3140 566 3182 πτερυγωτοςῑ
593 3125 688 3178 Προς
715 3140 773 3161 τον
806 3122 904 3160 ἀετον
937 3119 1113 3172 εγρήσατο
1140 3121 1190 3170 τῷ

102 3212 136 3237 50
154 3187 383 3243 πτερυγωτός.
400 3184 559 3238 χρησμὸς
577 3183 644 3235 γὰρ
670 3181 808 3225 ἐξέπεσε
828 3181 897 3222 τοῖς
917 3177 1124 3224 Ἀθηναίοις,
1144 3178 1191 3219 ὣς

155 3250 224 3302 ἄρα
241 3247 310 3286 δέοι
330 3244 453 3286 αὐτους
468 3257 627 3280 τοσουτον
646 3240 827 3290 διενεγκεῖν
847 3240 914 3275 τῶν
931 3236 1045 3273 ἄλλων
1060 3234 1190 3287 ἀνθρώ-

530 1960 592 1998 Ἐν
613 1956 745 1997 ἐκθέσει
774 1954 878 1994 ἐπικὰ
905 1953 1102 1992 ἑκκαίδεκα.
1124 1952 1183 1991 ἐπὶ

155 3323 243 3356 πων,
263 3305 341 3342 ὅσον
361 3301 457 3344 ἀετὸς
476 3302 543 3337 τῶν
563 3300 715 3344 πτηνῶν.

211 3378 288 3403 1089.
317 3364 352 3400 ἐν
384 3357 613 3399 Ἐκὸατάνοις
643 3368 652 3393 ;
687 3354 731 3392 Ἐ
734 3369 750 3390 ν
783 3369 824 3403 τῃ
857 3351 1042 3404 βαρὸάρων
1076 3349 1188 3402 χώρα.

157 3427 272 3463 Σοῦσα
290 3421 356 3473 γὰρ
377 3419 435 3457 καὶ1
453 3415 654 3456 Ἐκίῗάτανα
672 3415 731 3458 τῆς
747 3410 914 3462 Περσίδος
928 3409 1044 3462 χώρας
1061 3409 1188 3450 πόλεις.

1226 448 1295 478 νον,
1317 432 1408 469 ἀλλὰ
1428 433 1487 470 καὶ
1507 434 1705 486 βαρῧάρων.

1279 490 1420 542 [λείχων
1449 491 1625 529 ἐπίπαστα
1646 506 1655 531 :
1684 493 1859 531 Ἐνταῦθα
1880 495 1922 531 δι’
1942 497 2139 539 ἐνεστῶτος.
2167 497 2201 533 ἐν
2227 495 2263 534 δὲ

1227 554 1296 591 τοῖς
1323 548 1545 601 προφθάσασι
1567 549 1679 594 λείξας
1705 545 1781 588 εἶπε
1803 552 1845 589 δι’
1873 552 2045 605 ἀορίστου.
2074 556 2107 591 ἐν
2128 549 2177 598 οἷς
2204 554 2264 592 καὶ

1229 607 1308 660 περὶ
1327 611 1386 645 τοῦ
1406 607 1584 646 ἐπίπαστα
1605 609 1813 655 διείληπται.
1834 611 2006 648 πλακοῧσι
2024 611 2090 664 γὰρ
2110 611 2265 650 ἐπέπασ-

1230 681 1288 703 σον
1305 665 1444 719 ἁλμυρὰ
1457 697 1467 717 ,
1479 666 1539 704 καὶ
1553 668 1591 704 ἐκ
1605 665 1734 704 τούτων
1749 668 1984 719 ἠναγκάζοντο
1997 669 2106 708 πίνειν
2122 670 2267 722 πολλά]

1284 738 1364 763 1091.
1394 740 1452 762 του
1484 724 1595 775 δήμου
1621 727 1788 777 καταχεῖν
1816 740 1825 765 :

2284 573 2300 597 (.’ἱ

1851 724 1938 765 e‘On
1964 727 2005 764 τὸ
2032 734 2198 779 καταχεῖν
2229 744 2267 766 ου
2277 768 2286 775 ι,

1230 781 1368 826 πάντως
1389 782 1445 820 ἐπι
1466 786 1582 855 ὑγρου.
1605 782 1696 821 ἀλλὰ
1716 799 1776 822 και
1795 800 1859 831 την
1880 784 2112 845 ἀμὸροσίαν’
2097 785 2268 839 επιφέρει,

1231 841 1251 877 ὅ
1264 843 1366 878 ἐστι
1353 840 1465 894 ςηρόν.
1483 841 1650 894 ἀρύταινα
1665 842 1719 889 δὲ,
1736 843 1888 894 χαλκοῦν
1904 847 2077 897 σκεῦος,
2060 847 2088 881 ω
2100 843 2140 882 τὸ
2155 843 2267 883 ἔλαιον
2291 860 2323 885 10

1232 899 1410 951 ἐγχέουσιν
1427 902 1472 943 εἰς
1491 916 1569 943 τους
1583 900 1740 952 λύχνους.

1287 959 1543 1009 [πλουθυγίειαν
1567 973 1575 998 ;
1595 958 1699 1003 Ἴσως
1713 959 1899 998 αἰνίττεται
1918 959 1996 1004 τοὺς
2015 959 2171 1004 δοθέντας
2187 963 2268 1000 Μυ-

1234 1018 1369 1070 σκέλλῳ
1386 1018 1445 1055 καὶ
1462 1018 1582 1070 Ἀρχίᾳ
1596 1048 1604 1065 ,
1621 1021 1669 1069 τῷ
1691 1018 1752 1069 μὲν
1772 1018 1962 1070 Κρότωνα,
1976 1021 2025 1071 τῷ
2041 1018 2077 1056 δὲ
2091 1018 2272 1072 Συρακού-

1235 1091 1295 1119 σας
1320 1075 1448 1120 κτίζειν
1470 1076 1635 1127 μέλλουσι
1655 1077 1714 1115 καὶ
1734 1077 1852 1130 φήμην
1871 1076 2004 1128 ἀγαθὴν
2023 1077 2145 1116 λαὸεἷν
2162 1080 2274 1117 αἰτου-

1235 1133 1371 1185 μένοις,
1391 1134 1498 1178 οὕτως
1517 1135 1660 1186 ἔχοντας
1675 1135 1872 1188 χρησμοὺς,
2293 1150 2326 1174 15

1315 1221 1418 1261 χώρας
1431 1222 1484 1252 καὶ
1500 1221 1620 1257 πόλεως
1637 1222 1785 1263 οἰκήτορα
1797 1222 1872 1253 λαὸν
1890 1222 2011 1262 ἔχοντες

1316 1268 1415 1304 ἤλθετ’
1429 1267 1607 1308 ἐρησόμενοι
1622 1269 1750 1306 Φοῖὸον,
1764 1268 1833 1299 τίνα
1846 1271 1937 1308 γαῖαν
1950 1269 2069 1306 ἵκησθε.

1317 1314 1380 1344 ἀλλ’
1396 1314 1452 1354 ἄγε
1468 1315 1504 1351 δὴ
1521 1314 1673 1355 φράζεσθ’,
1688 1315 1811 1354 ἀγαθῶν
1826 1315 1953 1353 πότερόν
1967 1327 2019 1346 κεν
2033 1316 2150 1347 ἕλοισθε

1316 1361 1447 1391 πλοῦτον
1461 1360 1541 1401 ἔχειν
1556 1361 1692 1392 κτεάνων
1705 1362 1724 1399 ἢ
1738 1361 1943 1402 τερπνοτάτην
1956 1362 2086 1401 ὑγίειαν.

1235 1428 1253 1463 ὁ
1270 1426 1331 1476 μὲν
1351 1422 1406 1465 οἶν
1427 1427 1631 1471 Μύσκελλος
1659 1427 1790 1478 ὑγίειαν
1817 1427 1946 1475 εἵλετο,
1965 1427 2104 1481 Ἀρχίου
2125 1429 2274 1467 πλοῦτον
2294 1447 2330 1472 20

1238 1484 1414 1536 ἑλομένου.
1435 1485 1522 1532 ὅθεν,
1543 1485 1647 1538 φασὶ,
1673 1488 1915 1537 Κροτωνιᾶται
1941 1485 2004 1537 μὲν
2034 1486 2276 1540 ὑγιεινότεροι,

1236 1544 1295 1582 καὶ
1310 1547 1332 1590 ἡ
1348 1544 1447 1588 πόλις
1466 1546 1578 1582 αὐτῶν
1594 1545 1751 1591 ἀθλητῶν
1764 1546 1904 1582 πολλῶν
1923 1543 1984 1582 καὶ
2003 1546 2140 1596 ἀγαθῶν
2159 1545 2277 1598 μήτηρ

1237 1601 1382 1654 ἐγένετο.
1408 1602 1468 1640 καὶ
1497 1602 1536 1641 τὸ
1558 1602 1738 1655 Κρότωνος
1758 1601 1794 1640 δὲ
1820 1601 2012 1655 ὑγιέστερος
2038 1605 2055 1640 ὃ
2079 1603 2279 1656 γεωγράφος

1237 1663 1364 1713 [Strabo
1382 1676 1416 1708 6,
1444 1678 1476 1709 p.
1506 1662 1573 1712 269]
1602 1660 1705 1714 φησὶν
1739 1662 1890 1699 εντεῧθεν
1921 1662 2103 1714 εἷληφθαι,
2134 1678 2180 1706 ως
2210 1665 2278 1699 τῶν

1239 1722 1490 1774 Κροτωνιατῶν
1512 1718 1691 1771 ευρώστων
1713 1718 1831 1759 ὄντων.
1851 1723 1873 1766 ἡ
1892 1719 1927 1757 δὲ
1945 1719 2192 1772 Συρακουσίων
2210 1719 2278 1758 πό-
2298 1738 2333 1762 25

1237 1780 1289 1823 λις
1315 1777 1558 1829 παμπλούσιος
1587 1777 1733 1828 ἐγένετο.
1761 1794 1809 1815 ων
1835 1777 1895 1816 καὶ
1920 1781 1943 1824 ἡ
1969 1777 2097 1824 δεκάτη
2124 1794 2170 1821 ως
2187 1778 2279 1816 πάνυ

1238 1837 1351 1883 πολλὴ
1378 1836 1659 1888 παροιμιάζεται.
1680 1839 1727 1873 ὡν
1751 1840 1807 1874 οὖν
1835 1835 1996 1889 ἑκάτερον
2024 1841 2096 1880 τοῖς
2121 1851 2279 1890 συγ-χρη-

1240 1896 1477 1948 στηριασθεισι
1492 1897 1560 1932 τῶν
1583 1896 1742 1932 οἰκιστῶν
1763 1896 1809 1937 εἷς
1829 1894 2051 1945 ευδαιμονίαν
2069 1889 2117 1933 ῶν
2134 1894 2279 1946 ἔμελλον

1239 1955 1376 2000 οἰκίζειν
1395 1952 1530 1991 πόλεων
1550 1954 1708 2005 ἀποχρῆν
1736 1952 1905 2003 ἔδοξεν,”
1883 1968 1989 2005 αμφω
2013 1951 2056 1999 δὴ
2080 1957 2193 1991 ταῦτα
2217 1953 2280 1999 τὴν

1240 2013 1314 2051 θεὸν
1341 2016 1359 2051 ὁ
1389 2009 1659 2057 ἀλλαντοπώλης
1688 2010 1772 2062 ὄναρ
1804 2010 1971 2049 ἐθεάσατο
2000 2012 2049 2062 τῷ
2080 2009 2183 2064 δήμῳ
2212 2013 2281 2049 τῶν
2299 2026 2335 2052 30

1240 2070 1428 2117 Ἀθηναίων
1447 2067 1694 2122 χαριζομένην,
1718 2068 1776 2106 τὸν
1802 2067 1941 2121 Ἀρχίου
1960 2068 2109 2105 πλοῦτον
2134 2067 2194 2106 καὶ
2218 2066 2297 2114 τὴν·

1241 2127 1450 2168 Μυσκέλλου
1465 2126 1597 2178 ὑγίειαν
1614 2128 1661 2170 εἷς
1675 2126 1709 2164 ἓν
1727 2125 1934 2177 συναγαγὼν
1958 2125 2019 2164 καὶ
2040 2125 2282 2177 πλουθυγίειαν

1241 2185 1474 2236 συνθέμενος.]

1297 2258 1375 2283 1093.
1393 2246 1432 2282 ἐκ
1445 2242 1578 2286 πόλεως
1594 2243 1701 2280 ἐλθεῖν
1717 2255 1726 2281 z
1740 2241 1822 2293 [Ἐκ
1834 2244 1896 2289 τῆς
1911 2240 2160 2294 ἀκροπόλεως]
2173 2240 2281 2293 γλαὺξ

1243 2301 1279 2340 δὲ
1294 2302 1384 2355 ἱερὸν
1404 2302 1520 2354 ὄρνεον
1541 2301 1701 2348 Ἀθηνᾶς,
1718 2299 1964 2352 [ἐπιχωριάζον
1982 2302 2017 2338 ἐν
2041 2300 2203 2354 Λαυρείῳ
2219 2303 2283 2346 τῆς
2302 2317 2335 2342 35

1243 2361 1397 2407 Ἀττικῆς
1407 2390 1416 2407 ,
1434 2359 1518 2398 ὅπου
1535 2358 1686 2411 γίνονται
1700 2365 1816 2412 χρυσᾶ
1830 2357 2001 2409 μέταλλα.
2014 2357 2144 2405 ταύτης
2155 2362 2177 2405 ἡ
2191 2361 2285 2405 πτῆ-

1243 2434 1294 2462 σις
1311 2420 1356 2462 εἷς
1375 2418 1471 2465 νίκης
1489 2417 1663 2467 σύμὸολον
1684 2416 1866 2468 ἐλογίζετο.
1888 2416 1964 2455 ὅθεν
1987 2416 2048 2455 καὶ
2071 2416 2282 2470 παροιμίαι,

1241 2479 1397 2525 γλαῦκας
1414 2478 1446 2520 ἐς
1466 2475 1609 2522 Ἀθήνας
1620 2505 1630 2523 ,
1648 2476 1796 2525 γλαῦκες
1812 2475 2052 2528 Ααυριωτικαὶ
2064 2504 2076 2525 ,
2095 2474 2155 2513 καὶ
2172 2473 2282 2525 γλαὺξ

1243 2535 1417 2585 'imm-az]
1437 2533 1649 2571 ἐντετύπωτο
1667 2531 1702 2570 δὲ
1718 2535 1767 2583 τῷ
1782 2532 1926 2584 Ἀττικῷ
1943 2535 2064 2585 χρυσῷ
2079 2532 2282 2582 νομίσματι.

1299 2606 1378 2631 1094.
1408 2591 1597 2644 ἀρυὸάλλῳ
1616 2603 1624 2629 :
1649 2589 1806 2628 Πλεκτόν
1816 2605 1849 2629 τι
1865 2589 2088 2642 βαλλάντιον,
2117 2590 2202 2642 ὅπερ
2222 2591 2281 2627 ἑλ-
2303 2605 2337 2631 ⁴0

1243 2650 1388 2701 κόμενον
1412 2648 1563 2687 κλείεται
1589 2648 1648 2685 καὶ
1671 2647 1866 2698 ἀνοίγεται,
1893 2646 1991 2699 παρὰ
2017 2647 2057 2685 τὸ
2085 2647 2201 2700 ἀρύειν
2225 2647 2285 2685 καὶ

1247 2709 1398 2760 βάλλειν.
1420 2710 1559 2759 χεῖσθαι
1583 2704 1619 2743 δὲ
1647 2705 1784 2757 λέγεται
1806 2707 1843 2742 οὐ
1866 2704 1968 2755 μόνον
1994 2705 2051 2743 ἐπὶ
2070 2708 2138 2744 τῶν
2157 2708 2284 2759 ὑγρῶν,

1245 2766 1336 2805 ἀλλὰ
1356 2766 1415 2804 καὶ
1436 2765 1492 2803 ἐπὶ
1511 2767 1579 2802 τῶν
1604 2766 1768 2816 στερεῶν,
1789 2765 1835 2807 ὡς
1856 2763 1916 2801 καὶ
1935 2766 1994 2800 νῦν
2008 2763 2066 2802 ἐπὶ
2087 2763 2285 2816 ἇμὸροσίας

1245 2824 1375 2869 ἔταξεν.

1300 2896 1379 2922 1096.
1409 2881 1503 2941 [ἷου’
1496 2897 1546 2919 ιου
1571 2893 1579 2918 :
1606 2879 1769 2922 Ἐκθεσις
1793 2882 1854 2925 τῆς
1879 2878 2102 2948 κορωνίδος’
2086 2895 2126 2916 εκ
2155 2871 2284 2932 στίχων
2303 2899 2339 2924 45

1246 2940 1455 2991 ἰαμὸικῶν
1436 2956 1483 2977 ι1ν
1498 2938 1698 2990 προτίθεται
1713 2937 1752 2974 τὸ
1775 2936 1886 2989 παρὸν
1906 2938 2016 2974 κῶλον
2034 2936 2197 2987 ἶαμὸικὸν
2216 2953 2285 2988 μο-

1245 2999 1410 3050 νόμετρον
1428 2996 1683 3042 ἀκατάληκτον.
1702 2997 1732 3032 οἱ
1750 2994 1786 3032 δέ
1806 2997 1872 3032 εἶσι
1892 2994 2069 3047 τρίμετροι
2087 2995 2141 3033 ιδ’.
2158 2995 2216 3033 ἐπι
2234 3011 2285 3032 τω

1246 3056 1336 3095 τέλει
1350 3054 1494 3108 κορωνὶς
1513 3053 1668 3098 ἐξιόντων
1686 3055 1753 3090 τῶν
1771 3053 1993 3105 ὕποκριτῶν.]

1302 3128 1380 3153 1099.
1410 3117 1679 3165 γερονταγωγεῖν
1703 3125 1712 3150 :
1739 3109 1890 3155 Ἐπαιξε
1914 3110 2012 3163 παρὰ
2037 3110 2079 3148 τὸ
2104 3111 2283 3161 παιδαγω-

1246 3180 1329 3225 γεῖν.
1357 3177 1457 3210 τουτο
1485 3170 1520 3208 δὲ
1541 3170 1634 3221 λέγει
1654 3172 1671 3207 ὅ
1696 3171 1823 3219 δημος,
1846 3172 1893 3212 ὡς
1912 3185 1972 3206 του
1994 3168 2156 3212 Κλέωνος
2182 3183 2283 3205 κατε·
2301 3192 2337 3217 50

1247 3230 1459 3283 γνωσμένου.
1487 3228 1606 3266 ὅλον
1588 3227 1621 3266 οὲ
1642 3227 1680 3265 τὸ
1707 3227 1869 3278 ἰαμὸικὸν
1893 3226 2100 3280 παρῴδησεν
2127 3225 2197 3263 ἀπὸ
2223 3229 2283 3264 τοῦ

1249 3289 1396 3337 Πηλέως
1415 3285 1639 3339 Σοφοκλέους.

1304 3361 1381 3386 1103.
1412 3344 1471 3383 καὶ
1487 3345 1689 3396 Θουφάνους
1707 3358 1715 3383 z
1746 3343 1807 3387 Ὡς
1825 3344 1960 3381 κόλακα
1987 3343 2148 3394 κωμῳδεῖ
2164 3343 2284 3380 τοῦτον

1248 3406 1306 3444 καὶ
1327 3405 1530 3449 ἀπατεῶνα,
1549 3401 1607 3438 καὶ
1628 3403 1676 3452 τῷ
1696 3401 1831 3439 Κλέωνι
1848 3399 1991 3438 συνόντα
2008 3399 2064 3437 διὰ
2080 3397 2278 3437 κολακείαν.
