2533 3808
298 230 371 261 400

298 321 372 345 om.
389 307 429 341 V.
445 305 489 342 Θ.
508 328 556 334 -
574 301 596 335 6
618 298 725 347 ἔγωγε
740 294 797 332 τὸν
817 292 1039 331 Brunckius.
1053 291 1204 327 Rectius
1222 290 1304 325 for—

300 373 395 400 tasse
413 369 620 407 anonymus
640 352 806 391 καθιέναι
822 356 940 388 Dim).
956 372 1007 378 -—-
1022 350 1043 384 8
1061 347 1204 399 ἔσφαξεν
1225 347 1270 384 Θ.

356 425 440 462 140,
466 430 504 452 11
527 430 585 451 και
605 410 796 463 βαναύσους
816 422 889 445 om.
904 411 949 443 V.
966 408 1011 444 Θ.

355 473 589 518 141,13-14
620 472 723 517 θαυμ.
747 466 805 503 καὶ
830 468 888 502 υπ.
916 462 1043 515 ἐξαίρει
1062 461 1118 508 δὲ,
1142 468 1179 497 et
1204 460 1306 495 αὐτοῦ

300 540 384 581 post
404 544 464 573 της
491 541 615 578 τεχννς
642 525 733 562 115
755 527 798 560 R.
815 536 896 557 .-1
908 523 947 557 5-
958 522 1001 556 18
1035 520 1086 555 5ῐο
1115 521 1156 553 V.
1185 517 1230 553 Θ.
1251 514 1307 551 τὸν

299 589 369 637 Αγ.
390 586 429 623 λέ
431 601 493 635 γει.
512 583 670 621 ἓκ6αλεῖν
689 579 885 631 (ἐκὸάλλειν
913 577 975 627 Θ.)
1001 575 1135 626 μέλλων
1161 589 1218 610 και
1236 572 1308 616 ἐξο-

298 647 365 682 λων
386 644 532 694 (εξωθεῖν
561 642 621 690 Θ.)
642 656 703 684 της
729 636 902 678 πολιτείας
927 634 983 672 τὸν
1013 632 1172 671 Κλεωνα.
1203 630 1308 670 οὕτως

299 705 392 740 αὖτι)
418 700 617 739 πέπλασται
660 697 767 738 κατὰ
790 693 949 744 κωμικὴν
990 691 1159 729 παιδείαν.
1189 694 1215 725 Σ
1219 703 1259 726 ei
1261 689 1308 724 ba

299 742 484 809 ἐμοάλὶειν
513 757 647 807 μέλλων
673 755 731 792 καὶ
762 735 894 797 ἐξωθεῖν
920 767 980 796 της
1004 766 1041 787 π.
1068 749 1124 785 τὸν
1164 746 1309 785 Κλέωνα

300 827 386 869 post
406 817 579 854 scholion
607 829 641 852 v.
667 827 736 860 170
754 812 869 849 habet
892 814 938 848 R.
959 832 1010 837 —-
1030 822 1075 857 19
1095 806 1152 844 καὶ
1176 806 1308 850 ἐξωθεῖν

300 876 470 913 additum
486 888 532 910 ex
546 877 592 910 R.
609 874 655 911 Θ.

358 939 427 975 142
452 929 925 981 γονυπετιῗ11131101ν.,.0111
944 929 989 963 G.

358 995 426 1034 147
450 990 502 1025 sic
518 993 559 1024 R.
577 1002 654 1028 τους
671 985 828 1035 ἐξαίονης
853 981 1051 1033 γινομένους
1071 977 1310 1040 (φαινομένους

302 1046 434 1084 Suidas
469 1059 498 1082 5.
524 1042 627 1081 Κατὰ
660 1042 940 1092 θεῖον)-(ι1’ρθαι.
975 1039 1048 1076 ἐπεὶ
1078 1041 1134 1075 οὖν
1163 1052 1221 1073 και
1242 1039 1311 1072 6-

301 1102 471 1155 ἐπεφάνη,
492 1100 598 1143 οὕτως
617 1106 722 1138 εἶπεν.
745 1103 792 1136 Et
805 1100 857 1136 sic
882 1099 959 1135 fere
980 1096 1124 1135 Suidas.
1146 1094 1219 1132 ἐπεὶ
1254 1108 1311 1130 και

301 1160 528 1212 ὃ-επειράνη
547 1161 659 1200 αὐτοῖς
678 1157 761 1195 Ald.

360 1225 445 1267 149,
468 1232 513 1265 27
531 1216 684 1254 διαῧαίνε
689 1232 716 1253 ιν
736 1214 827 1252 ἐστιν
844 1231 883 1251 το
899 1214 954 1251 επὶ
968 1212 1005 1250 τὸ
1023 1211 1074 1249 >6
1065 1227 1136 1262 γιον
1157 1227 1186 1248 5.
1176 1209 1312 1255 σιέναι,

305 1293 359 1314 ινα
372 1281 416 1314 R.
421 1277 522 1312 -28
538 1274 776 1312 scribebatur
791 1271 903 1322 λόγιον
921 1272 983 1308 hic
1000 1279 1037 1307 et
1056 1247 1168 1306 ii1f1a.
1181 1270 1312 1318 λογεῖον

303 1336 416 1384 vulgo
437 1333 539 1383 apud
559 1333 715 1370 Suidam
743 1345 750 1366 ε
770 1330 833 1367 sed
862 1329 975 1380 λόγιον
998 1329 1115 1366 Paris.
1136 1333 1182 1365 A.
1199 1348 1249 1354 —-
1265 1328 1308 1363 31

303 1391 441 1441 λέγεται
459 1391 518 1428 καὶ
535 1391 580 1428 Θ.
596 1417 646 1423 --
667 1391 714 1426 32
735 1391 794 1425 τοῦ
815 1401 890 1424 om.
912 1386 1016 1425 Suid.

363 1450 447 1493 150,
470 1450 515 1485 36
532 1447 661 1497 εἰσάγει
685 1451 732 1484 R.

364 1509 448 1552 152,
465 1513 513 1550 4ο
535 1505 574 1542 τὸ
597 1503 796 1555 μαγειρικὸν
823 1501 1006 1554 τραπέζιον
1027 1504 1073 1539 R.
1090 1523 1141 1528 ——
1162 1505 1208 1543 42
1227 1498 1316 1549 βάλ-

305 1566 362 1601 λον
380 1564 407 1599 δ’
426 1565 602 1600 εἷνελεοῖσι
624 1566 669 1599 R.
698 1563 732 1598 ἐν
754 1559 808 1610 (ἢν
831 1560 893 1609 V.)
922 1560 1064 1596 ἐλεοῖσιν
1093 1556 1213 1603 ἔθηκεν
1230 1556 1314 1595 Ald.

306 1624 353 1659 εἶν
375 1623 515 1658 ἐλεοῖσιν
536 1620 654 1672 ἔχευεν
678 1628 734 1656 est
752 1620 794 1655 Il.
814 1622 844 1663 I,
867 1618 952 1654 215.

364 1682 435 1729 159
451 1679 603 1730 ἡγεμών.
621 1679 680 1716 καὶ
704 1692 778 1715 0111.
797 1681 843 1714 R.

363 1741 430 1775 161
445 1742 491 1775 R.
507 1738 622 1775 habet
641 1738 802 1786 glossam
819 1733 1059 1785 χλευάζεις.--
1073 1745 1092 1778 7
1109 1731 1316 1768 πολιτευτῶν

307 1799 508 1835 Piersonus
528 1797 574 1833 ad
598 1796 737 1832 Moerin
758 1808 795 1844 p.
815 1795 901 1839 327.
923 1791 1137 1841 Legebatur
1155 1791 1316 1826 πολιτῶν.

366 1858 435 1900 164
455 1856 571 1893 habet
586 1859 630 1892 R.
647 1855 695 1904 gl.
713 1852 867 1903 ἡγεμὼν,
883 1850 1174 1901 δημαγωγόςρ-Ι
1186 1850 1206 1886 5
1221 1850 1317 1886 ἐλεοῧ

309 1915 500 1953 Bentleius
525 1915 662 1950 collato
679 1927 714 1949 v.
746 1913 829 1948 152.
848 1910 1059 1959 Legebatur
1077 1910 1174 1945 λαοῦ.
1195 1911 1318 1956 Hesy-

310 1974 415 2010 chius
433 1987 440 2008 ε
465 1971 648 2023 Ἀρχέλας·
666 1970 723 2007 τὸν
749 1968 936 2013 ἐπιστάτην
968 1971 1028 2004 τοῦ
1057 1966 1204 2004 Λυκείου
1224 1964 1319 2017 παρὰ

307 2029 370 2076 τὴν
388 2029 498 2082 ἀρχὴν
527 2028 632 2070 οὕτως
659 2026 838 2076 ὠνόμασεν
871 2024 1078 2075 (ὠνόμασαν
1102 2028 1281 2061 Musurus
1294 2026 1318 2073 ).

310 2088 392 2126 ἔνιοι
418 2087 452 2124 ’δὲ
472 2087 528 2124 τὸν
555 2086 707 2138 ἄρχοντα
731 2087 790 2122 τοῦ
823 2083 938 2121 ἐλαίου
965 2084 1082 2130 (ἐλεοῧ
1104 2082 1318 2132 Bentleius)

310 2146 466 2183 θέλουσιν
486 2143 636 2180 ἀκούειν.

366 2203 451 2246 165,
474 2203 518 2238 16
538 2203 606 2238 τῶν
621 2199 800 2251 στοιχείων
821 2199 906 2237 Ald.
922 2221 973 2227 —-
991 2212 1033 2245 17
1058 2201 1102 2235 R.
1127 2198 1219 2235 nihil
1248 2199 1320 2234 nisi

310 2260 377 2298 ἔδει
394 2259 460 2311 γὰρ
480 2258 617 2301 πνυκός.

367 2319 452 2364 166,
483 2331 529 2366 19
553 2317 782 2366 καταπονησῇ
807 2319 851 2353 R.
868 2342 918 2348 -.
936 2327 997 2350 22.
1026 2314 1211 2350 Nimirum
1235 2315 1319 2351 κλᾶν

311 2375 463 2424 ἄμπελον
494 2375 635 2412 Graecis
665 2383 722 2411 est
737 2403 746 2420 ‚
772 2383 907 2422 putare
937 2377 1059 2409 vitem.
1091 2372 1244 2408 Photius
1282 2373 1321 2408 in

315 2434 448 2469 Lexico
464 2447 471 2468 ε
491 2433 588 2469 Κλᾶν
605 2432 773 2481 ἄμπελον,
787 2431 935 2480 τέμνειν.
952 2430 1164 2478 Hesychius
1180 2444 1187 2464 z
1209 2431 1319 2476 Κλᾶν,

311 2489 445 2539 τέμνειν
461 2488 633 2538 ἀμπέλους
651 2504 657 2511 ·
673 2487 756 2541 ὅπερ
770 2492 870 2537 ἡμεῖς
884 2487 1073 2524 κλαδεύειν.
1091 2487 1320 2524 Themistius

312 2548 415 2583 Orat.
441 2547 500 2592 15,
523 2546 594 2582 sub
614 2546 695 2582 init.
716 2561 723 2582 :

311 2605 400 2645 λους.
418 2606 533 2639 Κ115Τ.
557 2604 624 2638 τῶν
650 2600 949 2654 περιτεμνομένων
973 2601 1162 2650 κλημάτων
1190 2602 1224 2637 ἐν
1249 2607 1322 2643 ταῖς

313 2660 645 2711 ἀμπέλοιςβιιίἀεω.

371 2720 456 2764 167,
484 2720 532 2755 28
551 2717 633 2768 παρ’
654 2718 756 2753 αὐτοῦ
776 2717 821 2754 Θ.
839 2743 889 2749 .-
905 2717 952 2752 30
977 2715 1106 2752 ἐδίδουν
1127 2716 1171 2753 Θ.
1197 2715 1319 2752 ἀπεδί-

314 2776 412 2813 δοντο
437 2775 569 2812 suidas
596 2788 623 2811 5.
649 2776 872 2826 Πρυτανεῖον.
893 2794 944 2800 —-
960 2774 1002 2809 31
1032 2772 1114 2824 παρ’
1139 2772 1320 2820 ὑπόνοιαν,

315 2832 387 2870 δέον
408 2836 451 2870 R.

373 2904 456 2938 170,
473 2893 535 2936 34,
554 2890 615 2935 35,
635 2890 687 2926 sic
704 2894 744 2926 R.
771 2892 814 2925 In
833 2889 915 2926 Ald.
937 2887 1005 2925 ἀπὸ
1025 2904 1056 2924 τ.
1083 2903 1114 2925 σ.
1145 2887 1203 2924 καὶ
1224 2888 1322 2930 αὐτὸς

312 2947 494 2999 ὠνόμασε,
515 2948 718 3000 βουλόμενος
746 2948 900 2992 δηλῶσαι
921 2946 981 2989 τὰς
1009 2946 1180 2988 κυκλάδας
1203 2946 1322 2992 νήσους

315 3007 432 3059 κύκλῳ
445 3006 614 3057 κειμένας.
630 3028 678 3035 --
695 3007 742 3043 36
758 3005 963 3057 περίὸλεψαι
978 3009 1022 3041 V.
1038 3004 1223 3058 περί6λεψε
1238 3005 1320 3042 Ald.

316 3064 628 3106 ὁλκάδας-ἕλκειν
647 3078 722 3100 0111.
740 3068 784 3101 V.

375 3128 460 3168 174,
480 3129 526 3165 4ο
547 3120 741 3172 Καλχηδὼν
761 3122 806 3159 Θ.
826 3119 1034 3173 Κᾰρτάγενα
1050 3120 1162 3156 idem.
1184 3121 1324 3171 Καρτα-

318 3177 400 3228 γένα
417 3183 458 3216 V.
476 3182 608 3229 Inepte
632 3180 678 3216 de
695 3180 923 3229 Carthagine
943 3178 1119 3227 cogitavit
1134 3190 1323 3227 gramma-

306 3237 414 3286 ticus
446 3237 581 3273 vitiosa
605 3238 784 3287 deceptus
811 3237 999 3287 scriptura
1027 3234 1221 3288 Καρχηδὼν
1253 3249 1323 3285 pro

318 3292 529 3343 Καλχηδών.

375 3353 443 3397 187
465 3349 627 3401 ὑπάρχεις
650 3363 723 3387 0111.
739 3354 784 3387 R.
802 3355 847 3388 V.
867 3351 913 3389 Θ.
930 3353 1163 3399 Corruptum
1179 3350 1325 3386 videtur

759 2544 908 2590 ὁπηνίκα
931 2545 981 2580 δεῖ
1013 2545 1098 2580 κλᾶν
1124 2543 1186 2586 τὰς
1205 2544 1322 2593 ἀμπέ-

1058 202 1352 244 ADNOTATIO
1382 202 1434 240 IN
1464 200 1639 240 SCHOL.

1366 300 1413 322 ex
1443 285 1592 336 ὑπάρχει
1619 299 1682 322 σοι.
1710 287 1827 320 Dum.
1850 282 1928 320 ὅσον
1955 283 2014 319 πλ.
2038 286 2080 319 V.
2100 305 2151 310 —-
2173 281 2193 318 3
2221 282 2280 318 πλ.
2300 278 2373 318 ἔστι

1367 357 1426 378 σου
1446 342 1504 378 καὶ
1524 341 1613 392 ἔχεις
1626 346 1669 378 R.
1688 369 1731 374 -
1754 343 1774 378 5
1794 356 1878 393 φασι
1897 342 1942 379 Θ.

1424 402 1510 448 189,
1533 412 1577 434 10
1597 399 1817 436 παιδεύονται
1836 403 1881 435 V.
1896 420 1946 426 —
1967 413 2008 435 11
2029 397 2152 450 ἐχώρει
2168 401 2213 434 R.
2240 405 2278 434 et
2291 397 2375 435 Sui-

1368 457 1435 494 das
1467 470 1494 493 5.
1513 455 1668 505 Εγκυκ)
1672 472 1732 494 ιον
1757 461 1864 507 χωρεῖ
1893 457 1976 493 Ald.
2002 462 2166 507 χι1ρεῐται
2189 456 2236 494 Θ.
2258 477 2307 483 --·
2328 455 2373 491 16

1367 529 1472 551 κακον
1493 516 1607 555 κακῶς
1626 515 1671 552 Θ.
1690 514 1834 551 Deinde
1852 528 1953 564 φησιν
1969 518 2014 551 R.
2034 527 2106 563 plo
2127 513 2230 550 ἐστιν.

1425 585 1496 619 190
1514 574 1534 616 ἠ
1555 570 1620 622 γὰρ
1637 569 1675 607 ἂν
1691 570 1839 619 ἀμείνων
1853 565 1943 615 ἦσθα
1958 570 2045 619 μηδὲ
2055 571 2276 623 -πειραθεις
2291 569 2375 608 Ald.

1425 642 1510 677 191,
1532 630 1578 664 28
1600 626 1702 670 ἀξίοις
1722 626 1825 677 λόγου
1846 628 1891 664 Θ.

1425 688 1496 734 193
1517 685 1662 738 παρώσῃ
1684 687 1730 724 Θ.

1426 746 1512 793 196,
1538 746 1584 788 34
1607 743 1766 795 φέρονται
1783 742 1851 780 ἀπὸ
1868 743 1913 780 Θ.

1426 817 1513 852 197,
1536 809 1584 846 40
1604 802 1805 854 βυρσαίετον
1827 802 1884 840 τὸν
1906 803 1971 839 Κλ.
1993 805 2040 838 R.
2059 828 2105 833 -
2123 808 2166 846 41
2189 801 2224 839 δὲ
2245 805 2377 840 0111.Β.

1369 883 1417 889 -
1433 867 1480 904 42
1497 862 1597 898 ἀετοῦ
1616 861 1749 899 Suidas
1765 874 1791 897 5.
1812 859 2028 911 Βυρσαίετος.
2042 860 2166 909 Vulgo
2183 861 2378 898 αἰετοῦ.»-

1372 920 1419 962 46
1455 918 1605 967 ἀγκύλας
1624 941 1674 946 -—-
1697 917 1787 968 ἔχων
1807 931 1880 954 0111.
1896 921 1956 963 V„
1996 917 2138 953 habent
2157 918 2202 955 Θ.
2223 926 2260 954 et
2292 919 2380 956 Sui-

1371 977 1437 1014 das
1457 990 1483 1013 5.
1503 976 1778 1027 Ἀγκυλοχείλης.
1799 1004 1846 1010 —.
1870 982 1916 1021 47
1934 974 2074 1012 αἰετὸν
2064 977 2156 1012 αὐτῶ
2174 976 2235 1011 ἀπ.
2257 979 2300 1012 V.

1429 1035 1523 1082 198,
1543 1035 1589 1070 50
1617 1034 1794 1071 κωλύοντα
1814 1036 1859 1072 Θ.
1892 1034 2000 1071 Conf.
2019 1034 2136 1070 schol.
2162 1048 2196 1072 v.
2225 1047 2313 1071 221.
2331 1057 2383 1064 —-

1375 1093 1418 1129 51
1441 1091 1564 1129 παύειν
1586 1095 1631 1130 Θ.
1649 1115 1699 1120 -
1719 1094 1792 1130 52-
1798 1094 1846 1137 54
1868 1093 1920 1129 sic
1942 1097 1988 1130 R.
2009 1091 2161 1142 ἔγκειται
2190 1092 2276 1143 (scr.
2296 1092 2383 1144 σύγ-

1372 1150 1497 1200 κειται)
1521 1149 1555 1186 δὲ
1575 1154 1596 1196 ἡ
1618 1149 1706 1193 λέξις
1725 1153 1763 1188 ἐκ
1782 1154 1841 1188 τοῦ
1861 1150 2034 1199 ἢλέματος
2054 1150 2112 1188 καὶ
2133 1149 2171 1187 τὸ
2199 1150 2285 1201 (scr.
2308 1153 2383 1201 τοῦ)

1373 1213 1483 1253 κοεῖν,
1505 1207 1525 1244 ὅ
1542 1209 1616 1244 ἐστι
1635 1215 1732 1245 νοεῖν.
1752 1236 1802 1242 -
1821 1210 1867 1245 53
1893 1207 1930 1245 τό
1946 1224 1983 1245 τε
1999 1208 2174 1258 ἠλέματον
2186 1237 2197 1255 ,
2222 1208 2327 1259 ἤγουν
2346 1209 2384 1246 τὸ

1375 1266 1520 1314 μάταιον
1538 1267 1674 1303 Suidas
1697 1280 1726 1305 s.
1747 1266 1940 1316 Κοάλεμος.
1956 1288 2006 1294 ——
2027 1267 2074 1310 54
2095 1265 2212 1316 ἔλεγον
2230 1268 2276 1305 Θ.
2294 1289 2342 1294 -
2362 1281 2382 1303 2

1374 1327 1613 1375 αἱματοπωτεῖ
1631 1329 1690 1371 R„
1713 1327 1779 1374 qui
1807 1335 1894 1375 post
1919 1327 2131 1377 πληροῦσιν,
2152 1327 2176 1363 l.
2208 1332 2250 1374 4,
2271 1327 2386 1363 habet

1374 1384 1438 1420 illa
1459 1382 1611 1434 ἔγκειται
1628 1382 1663 1420 δὲ
1691 1385 1712 1428 ἡ
1738 1382 1825 1426 λέξις
1852 1392 1923 1419 etc.
1941 1411 1991 1416 -
2012 1389 2033 1426 4
2053 1383 2111 1420 καὶ
2146 1384 2297 1436 ἀλφίτων
2319 1399 2386 1437 φυ-

1377 1455 1497 1491 ρωντες
1514 1442 1562 1477 πλ
1555 1444 1703 1492 ηροῦσιν
1726 1441 1860 1478 Snidas
1881 1439 2388 1492 5.Αἱματοπιι’1της.Ι,ος01)ε1-

1378 1506 1439 1534 tut
1457 1497 1478 1543 ἢ
1501 1497 1604 1550 ἀλφίτ
1606 1513 1651 1534 ων
1667 1513 1830 1550 φυρωσιν.
1840 1498 1886 1536 Θ.
1898 1496 2073 1557 ούρουσιν.
2087 1519 2138 1526 -—
2156 1498 2177 1534 5
2193 1497 2256 1543 ἢ“’
2232 1514 2321 1536 ωσπ.
2337 1501 2385 1538 Θ.

1435 1570 1520 1605 199,
1541 1571 1559 1603 7
1579 1571 1640 1601 της
1661 1565 1698 1593 et
1719 1570 1742 1604 9
1764 1554 1881 1600 ἐπειδὴ
1900 1557 1947 1593 Π.
1968 1559 2024 1601 ἦν.
2042 1569 2119 1592 0111.
2135 1559 2206 1593 R.

1431 1616 1554 1661 203,1
1567 1629 1582 1650 1
1601 1614 1871 1652 scribebatur
1857 1613 2048 1659 εξηνεκται.

1431 1685 1521 1721 210,
1544 1686 1586 1719 17
1608 1673 1828 1722 καταθελχθῇ
1846 1675 1893 1710 R.
1913 1672 1978 1721 qui
2004 1673 2124 1708 18-23
2145 1672 2198 1709 sic
2217 1687 2226 1708 τ
2245 1673 2391 1725 λοιδορί-

1380 1746 1443 1773 αις.
1474 1731 1532 1767 ἐὰν
1562 1730 1610 1780 μὴ
1637 1729 1837 1781 ἐξαπατηθῇ
1867 1732 1910 1781 τῇ
1944 1732 2012 1767 τῶν
2038 1729 2149 1781 λόγων
2183 1732 2388 1783 περιδρομῇ.

1380 1788 1558 1836 αἰκάλλει,
1592 1788 1791 1831 κολακεύει,
1831 1793 1937 1835 κινεῖ,
1980 1788 2223 1840 προτρέπεται.
2250 1789 2391 1832 δυνατός

1379 1849 1450 1896 εἰμι
1467 1846 1648 1899 ἐπίτροπος
1670 1848 1808 1884 διοικεῖν
1833 1847 1892 1884 καὶ
1912 1846 2043 1898 ἄρχειν.
2064 1847 2276 1898 φαυλότατον
2292 1877 2302 1894 ,
2324 1846 2387 1900 ῥᾴ-

1379 1906 1468 1951 διον,
1485 1905 1616 1942 ἁπλοῦν
1631 1934 1640 1952 ,
1666 1904 1812 1956 εὐχερές.
1832 1931 1883 1938 -.
1904 1918 1951 1942 22
1966 1904 2388 1957 ἐπιτροπεύειν-φαυλό-

1377 1979 1478 2001 τατον
1504 1963 1538 2001 δὲ
1558 1978 1630 2000 om.
1651 1967 1712 2009 V„
1733 1964 1797 2012 qui
1817 1963 1959 2012 praebet
1998 1962 2130 2015 ῥᾴδιον,
2161 1962 2311 2014 εὐτελὲς,
2333 1967 2389 2016 βρ.

1433 2028 1522 2068 214,
1543 2035 1588 2067 27
1608 2026 1744 2074 χρεῐται
1759 2024 1801 2057 V.
1816 2046 1857 2051 —
1875 2023 1919 2058 31
1938 2016 1994 2058 οὖν
2017 2035 2092 2058 om.
2113 2022 2157 2058 Θ.
2175 2046 2217 2053 -
2233 2023 2278 2058 33
2299 2037 2390 2059 παν-

1379 2078 1433 2121 τὸς
1452 2083 1510 2116 τοῦ
1531 2079 1729 2131 φυράματος
1741 2079 1890 2116 Suidas.
1908 2079 2022 2115 πάντα
2037 2083 2096 2116 τοῦ
2116 2078 2289 2130 φύρματος
2308 2080 2389 2116 Ald.

1379 2139 1508 2187 Pergit
1537 2137 1691 2184 Suidas,
1721 2136 1810 2174 οὕτω
1833 2135 1975 2190 χόρδευε
2001 2136 2060 2174 καὶ
2091 2136 2238 2189 τάραττε
2260 2137 2320 2175 καὶ
2346 2137 2390 2175 τὰ

1379 2195 1541 2233 πολιτικὰ
1562 2195 1620 2232 καὶ
1645 2195 1855 2245 συν-τάραττε
1872 2195 1931 2232 καὶ
1951 2193 2114 2246 συμφύρα
2127 2193 2168 2231 τὰ
2184 2195 2387 2247 πράγματα.

1434 2256 1522 2300 216,
1543 2260 1590 2298 4ο
1607 2254 1690 2291 Ald.
1714 2252 1889 2304 ἀρτύμασι
1901 2281 1910 2299 ,
1933 2252 2046 2303 λόγοις
2064 2253 2320 2297 κολακευτικοῖς
2332 2252 2391 2291 καὶ

1379 2314 1529 2364 γλυκέσι.

1435 2385 1521 2421 219,
1542 2379 1588 2416 42
1609 2372 1719 2408 αὐτῶν
1739 2383 1813 2407 0111.
1835 2371 1880 2409 Θ.
1895 2395 1935 2401 -
1955 2372 2001 2414 43
2020 2370 2078 2408 καὶ
2102 2371 2143 2407 V.
2165 2384 2236 2421 pro
2255 2372 2312 2413 ὡς.

1435 2444 1523 2475 221,
1546 2436 1593 2478 49
1615 2444 1691 2465 τινα
1711 2427 1873 2477 δαιμόνια
1893 2429 1938 2466 Θ.

1435 2489 1523 2533 225,
1545 2488 1564 2523 5
1586 2485 1749 2535 τάγματά
1773 2488 1856 2523 εἰσιν
1873 2490 1917 2523 V.

1435 2547 1592 2590 226,12
1610 2543 1795 2595 κατηγόρει
1812 2548 1856 2581 V.
1876 2544 1988 2580 αὐτων
2010 2543 2178 2580 additum
2196 2555 2243 2580 ex
2265 2544 2311 2582 Θ.

1435 2603 1509 2638 228
1530 2605 1620 2650 ημᾶς
1614 2600 1898 2658 ..ἀποδεχόμενος
1917 2602 1963 2638 Θ.

1435 2660 1524 2704 230,
1546 2673 1591 2706 19
1610 2673 1674 2694 ωσι
1693 2663 1761 2698 τοῖς
1785 2659 1898 2693 αὐτων
1923 2660 1966 2694 V.
1986 2681 2022 2687 —
2042 2657 2089 2693 25
2110 2656 2318 2709 ἀπεκρίνατο
2343 2663 2390 2696 V.

1436 2718 1521 2760 236,
1544 2716 1589 2751 35
1615 2714 1873 2767 ὃμοορονησητε
1893 2718 1938 2751 V.
1961 2714 2006 2752 Θ.

1435 2775 1506 2818 237
1525 2803 1534 2819 ,
1563 2774 1609 2816 43
1633 2772 1746 2823 χωρία
1768 2772 1844 2808 τότε
1873 2776 1918 2809 V.
1941 2775 1983 2817 ἠν
2009 2770 2052 2808 τὰ
2081 2787 2115 2822 χ.
2139 2773 2184 2811 Θ.
2201 2798 2242 2804 -—
2263 2774 2310 2817 48
2332 2774 2390 2811 καὶ

1382 2832 1460 2879 ὑμῖν
1482 2834 1528 2866 V.
1547 2855 1585 2860 —
1604 2831 1664 2866 51
1681 2834 1786 2867 Pecc·
1789 2838 1814 2866 it
1835 2831 1908 2866 hoc
1928 2831 2012 2866 loco
2039 2830 2078 2866 in
2107 2830 2390 2881 chionologiam

1382 2889 1617 2933 scholiastes,
1639 2897 1674 2924 et
1696 2901 1771 2923 non
1801 2889 1990 2924 consuluit
2019 2888 2303 2937 Thucydidem,
2326 2890 2391 2938 qui

1383 2948 1499 2983 facem
1528 2946 1797 2982 lucidissimam
1834 2947 1986 2996 praefcrt
2026 2946 2072 2982 ad
2105 2947 2390 2996 intelligentiam

1381 3004 1501 3041 nostri
1529 3004 1683 3040 Comici.
1705 3006 1799 3039 Nam
1823 3004 1994 3040 Euclides
2016 3013 2096 3040 erat
2115 3004 2256 3040 archon
2291 3018 2391 3041 anno

1383 3063 1515 3111 quinto
1533 3061 1623 3097 bclli
1640 3062 1952 3110 Peloponnesiaci
1971 3070 2007 3097 et
2022 3070 2129 3098 sexto
2152 3062 2305 3098 ineunte
2325 3076 2332 3098 ε
2353 3070 2391 3099 at

1383 3119 1685 3158 Chalcidensium
1706 3119 1861 3155 rebellio
1881 3133 1901 3156 a
1916 3120 2069 3157 Brasida
2089 3119 2287 3156 sollicitata
2307 3132 2392 3158 eve-

1383 3178 1437 3214 nit
1455 3190 1552 3213 auno
1576 3185 1710 3213 octavo
1732 3177 1811 3226 ejus
1831 3177 1938 3223 l³elli;
1956 3186 1997 3214 ut
2019 3179 2070 3215 ait
2086 3177 2254 3226 Thucyd.
2272 3170 2336 3214 lib.
2354 3183 2389 3222 4,

1384 3248 1460 3284 quo
1483 3243 1653 3284 tempore
1676 3236 1847 3276 Isarchus
1875 3245 1954 3273 crat
1971 3236 2131 3279 art-hom
2154 3235 2261 3284 cujus
2292 3248 2391 3285 prae-

1387 3293 1712 3347 tiu-aeilesinm1tis
1739 3302 1906 3344 tempore
1937 3295 2072 3332 Sciona
2103 3293 2315 3338 rebellavit,
2351 3300 2393 3328 ut

1358 3370 1361 3373 ·
1390 3351 1540 3400 scripsit
1560 3351 1829 3398 Philochorus,
1855 3353 2040 3389 referente
2069 3350 2268 3388 scholiaste
2295 3349 2392 3386 infra
