2485 3808
961 263 1212 303 SCHOLIA
1248 265 1304 303 IN
1340 265 1602 313 EQUITES.
2300 281 2346 312 41

217 365 287 389 σια.
308 350 354 393 ὡς
373 348 426 386 ἀεὶ
445 341 502 386 οὖν
525 351 585 386 τοῦ
609 347 764 391 Κλέωνος
787 348 828 385 δι’
849 347 1033 399 ἐλάχιστόν
1053 364 1085 386 τι
1105 364 1254 399 κατηγο-

217 412 365 460 ροῦντος.
389 407 552 460 χωρίζετε
577 401 649 458 οὖν,
676 407 778 459 φησὶ,
799 407 998 450 Χαλκιδέας
1018 407 1087 445 ἀπὸ
1109 410 1170 453 τῆς
1188 410 1255 445 τῶν

216 465 402 513 Ἀθηναίων
421 465 638 516 συμμαχίας.

269 537 333 563 240.
363 526 391 561 ὠ
410 523 584 574 γεννάδα;
601 526 715 562 Τοῦτο
732 525 749 560 ὁ
766 522 923 575 θεράπων
942 522 1026 574 πρὸς
1044 523 1102 560 τὸν
1121 522 1258 575 Ἀγορά-

177 598 194 623 5
212 597 342 634 κριτον.
364 582 398 620 ἔν
413 598 481 620 τισι
498 581 533 620 δὲ
552 584 582 620 οἱ
607 581 665 620 δύο
682 582 795 633 στίχοι
814 583 875 619 οὐκ
896 581 987 631 ἔγκει
990 597 1077 618 νται.

267 654 331 679 242.
362 641 481 693 ἄνδρες
512 643 628 685 ἱππεῖς
660 654 668 679 :
697 641 757 684 Ώς
788 640 1103 692 συκοφαντούμενοι
1133 641 1257 676 ἐπικα-

214 700 356 738 λοῦνται
378 702 425 743 εἰς
449 699 608 751 βοήθειαν
636 699 713 743 τοὺς
738 699 879 743 ἱππέας.
904 697 1078 751 ἵππαρχοι
1097 697 1132 735 δὲ
1155 700 1173 735 ὁ
1190 696 1256 736 Σί-

215 774 291 809 μων
310 758 370 796 καὶ
390 761 408 796 ὁ
429 758 629 802 Παναίτιος.

267 830 331 855 243.
360 816 444 869 πρὸς
459 817 498 854 τὸ
516 816 621 860 δεξιὸν
642 816 744 869 κέρας
767 831 775 855 :
799 815 860 858 Ὡς
878 814 934 852 ἐπὶ
950 814 1078 858 τάξεως
1098 813 1216 865 φησὶν.
1239 815 1257 850 ὃ

165 888 199 913 10
216 874 252 913 δὲ
275 875 465 918 Παναίτιος
481 878 526 918 ὡς
546 876 654 925 μέγας
673 876 740 912 τῶν
760 873 892 911 ἱππέων
913 873 1148 924 κωμῳδεῖται.
1169 869 1257 914 τινὲς

216 932 254 972 δέ
278 949 362 986 φασι
380 933 419 971 τὸ
435 933 497 983 μὲν
513 952 528 967 ιι
547 933 665 1005 ἄνδρες
681 934 797 974 ἱππεῖς
815 951 829 963 υ
845 929 1121 976 ἀλλαντοπώλην
1130 928 1255 979 λέγειν,

216 992 349 1030 ἄλλοι
331 991 366 1029 οὲ
381 991 421 1029 τὸ
440 1010 455 1025 «
476 991 593 1043 ἄνδρες
608 990 728 1041 ἐγγύς,
747 1008 761 1023 »
780 989 837 1026 τὸν
856 987 1061 1040 θεράποντα.

268 1062 331 1088 244.
360 1048 675 1110 κάπαναστρέφου;
666 1047 749 1090 ,Ὡς
762 1050 822 1084 τοῦ
840 1045 1109 1085 ἀλὶαντοπώλου
1125 1061 1257 1098 πεφευ-

215 1107 330 1160 γότος,
351 1111 446 1145 εἶπεν
467 1106 698 1159 ἀναστρέφου.

268 1177 330 1202 245.
360 1167 405 1208 ὡς
439 1167 525 1215 ὁμοῦ
559 1163 819 1216 προσκειμένων
855 1176 864 1201 t

164 1229 197 1255 15
214 1222 361 1261 Ἀττικοὶ
380 1222 457 1260 ἀντὶ
478 1227 536 1261 τοῦ
557 1221 668 1274 ἐγγύς.
695 1225 741 1266 ὡς
766 1222 826 1260 καὶ
847 1223 881 1259 ἐν
907 1220 1041 1274 Εἰρήνῃ
1064 1221 1147 1272 [513]
1166 1239 1180 1254 «
1197 1220 1257 1258 καὶ

215 1281 284 1332 μὴν
301 1275 464 1332 ὃμοῧστιν
483 1281 565 1327 ἤδη.
589 1300 603 1314 υ

267 1353 330 1378 247.
359 1345 442 1377 παῖε
464 1345 546 1377 παῖε
578 1351 586 1377 :
611 1339 789 1377 Ἐντεῦθεν
812 1340 834 1384 ἡ
860 1337 1009 1389 πάροδος
1034 1336 1165 1387 γίνεται
1196 1339 1256 1374 τοῦ

215 1402 320 1450 χοροῦ
346 1398 416 1435 ἀπὸ
440 1400 508 1436 τῶν
530 1397 664 1435 ἱππέων
689 1394 1016 1448 συμπληρουμένου.
1038 1394 1157 1438 οἵτινες
1177 1397 1256 1433 ἐπι-

215 1455 430 1506 καλουμένου
459 1455 669 1497 ἀκούσαντες
694 1458 753 1492 τοῦ
779 1454 1003 1506 θεράποντος,
1030 1452 1152 1496 εὐθέως
1178 1454 1259 1505 ἀφι-

163 1530 198 1555 20
214 1517 374 1552 κνοῦνται
394 1514 619 1565 βοηθήσοντες
639 1514 744 1564 αὐτῷ.
765 1511 1112 1563 ταραξιππόστρατον
1139 1511 1175 1548 δὲ
1194 1526 1257 1549 κα-

215 1574 314 1609 Λοῦσι
334 1571 391 1608 τὸν
416 1570 580 1618 Κλέωνα,
600 1569 756 1608 τουτέστι
771 1570 828 1607 τὸν
849 1569 1047 1622 ταράξαντα
1070 1569 1109 1607 τὸ
1130 1571 1258 1615 πλῆθος

213 1629 254 1667 τὸ
277 1628 557 1668 ἱππικόν.”τοῦτο
577 1628 612 1666 δὲ
633 1623 739 1675 εἶπεν,
757 1626 813 1665 ἵνα
834 1627 974 1672 δόξωσιν
999 1628 1138 1670 εἰκότως
1163 1629 1257 1680 αὐτῷ

214 1687 437 1739 χαλεπαίνειν
456 1687 516 1725 καὶ
531 1686 628 1725 αὐτοὶ
643 1686 703 1724 καὶ
722 1687 897 1736 πολεμεῖν.
919 1685 940 1731 ἢ
956 1685 1013 1723 ἵνα
1032 1686 1089 1724 τὸν
1110 1688 1256 1724 Κλέωνα

214 1744 306 1797 δείξῃ
327 1744 384 1783 διὰ
399 1745 539 1783 πάντων
556 1743 807 1794 λυμαινόμενον
824 1743 887 1790 τὴν
907 1743 1027 1790 πόλιν,
1046 1745 1258 1796 διαφθείρον-

161 1825 195 1852 25
215 1818 259 1840 τα
293 1801 355 1853 μὲν
381 1802 421 1841 τὸ
445 1802 603 1849 ἱππικὸν,
639 1801 921 1854 σφετεριζόμενον
951 1800 986 1839 δὲ
1016 1801 1094 1845 τοὺς
1123 1802 1255 1855 φόρους.

267 1861 427 1913 [εἴσθεσις
449 1860 484 1899 δὲ
505 1877 566 1908 της
584 1862 707 1907 διπλῆς
727 1859 949 1910 ἀμοιὸαίας(
936 1859 1060 1931 ετέρων
1083 1860 1255 1899 εἰσιόντων

215 1920 418 1971 ὑποκριτῶν.
443 1921 474 1955 οἱ
500 1917 536 1955 δὲ
565 1918 679 1970 στίχοι
699 1918 880 1971 τρογαϊκοὶ
898 1918 1124 1972 τετράμετροι
1141 1934 1256 1958 κατα-

437 1960 451 1974 *
480 1970 501 1978 ω

213 1975 370 2024 ληκτικοι
384 1976 454 2021 λζ’.
475 1980 522 2013 ὡν
542 1977 736 2020 τελευταῖος

897 1162 950 1201 Τὸ
981 1164 1068 1212 ὁμοῦ
1098 1162 1256 1213 λέγουσιν

40 2035 114 2072 ἐπὶ
137 2049 169 2071 ἰ-
182 2041 220 2078 ’,θ’
229 2030 339 2063 410'73

337 2071 389 2101 καὶ
405 2071 541 2111 τέμαχος
555 2070 590 2101 οὗ
604 2071 754 2111 Περικὶῆς
768 2081 826 2101 ουκ
840 2070 953 2108 ἠξιώθη
969 2069 1109 2101 πώποτε.

162 2157 198 2183 30
214 2151 271 2190 ἐπὶ
288 2152 363 2195 ταῖς
388 2152 572 2189 ἀποθέσεσι
594 2153 834 2205 παράγραφος.
856 2152 913 2190 ἐπὶ
940 2150 976 2189 δὲ
996 2154 1046 2203 τῷ
1071 2150 1163 2189 τέλει
1187 2153 1255 2188 τῶν

213 2208 343 2261 στίχων
369 2211 473 2255 διπλῆ
495 2209 558 2253 ἔξω
574 2210 782 2260 νενευκυῖα.]
804 2209 964 2260 κορωνὶς,
983 2208 1034 2246 ὅτι
1061 2208 1256 2260 εἰσέρχεται

215 2270 233 2304 ὃ
245 2267 344 2319 χορὸς
357 2270 423 2304 τῶν
437 2267 583 2314 ἱππέων,
598 2267 657 2304 καὶ
670 2268 775 2304 πάλιν
791 2267 903 2318 στίχοι
917 2266 1098 2318 τροχαϊκοι
1119 2268 1140 2304 λ
1144 2266 1188 2303 3'.
1216 2274 1255 2303 V.

268 2338 331 2363 248.
362 2324 421 2362 καὶ
457 2325 608 2371 τελώνην
645 2338 653 2362 :
688 2328 746 2362 Διε
751 2324 845 2362 530J·
838 2340 902 2370 ητο
935 2324 974 2361 τὸ
1011 2328 1070 2362 τοῦ
1107 2324 1255 2362 τελώνου

214 2382 345 2434 ὄνομα,
366 2385 411 2425 ὡς
429 2382 489 2420 καὶ
516 2386 574 2419 τοῦ
597 2381 796 2425 Κλέωνος”
776 2398 871 2426 οντος
898 2382 1066 2429 τελώνου,
1088 2382 1147 2420 καὶ
1171 2381 1255 2434 ὑπὲρ

162 2455 197 2502 35
215 2441 254 2479 τὸ
279 2442 374 2484 τέλος
399 2442 632 2484 τελωνοῦντος.
654 2440 788 2493 φάραγξ
810 2440 867 2490 δὲ,
897 2441 936 2478 τὸ
962 2440 1169 2492 ἀπόσχισμα
1195 2444 1256 2487 τῆς

214 2502 292 2550 γῆς,
312 2499 330 2536 ὃ
346 2498 385 2536 τὸ
402 2501 648 2551 παρεμπῖπτον
666 2498 757 2550 ὕδωρ
777 2499 852 2536 πίνε
858 2515 879 2537 ι.
900 2502 999 2536 τοῦτο
1019 2498 1055 2536 δὲ
1079 2499 1138 2536 καὶ
1155 2500 1201 2542 εἷς
1217 2498 1255 2536 τὸ

214 2557 412 2609 κακόφωνον
431 2558 548 2596 αὐτοῦ.
563 2557 732 2610 χάρυῧδιν
748 2555 784 2594 δὲ
801 2558 980 2610 ἁρπαγης,
997 2559 1043 2600 ὡς
1059 2563 1128 2594 πᾶν
1143 2559 1254 2594 ὁτιοῦν

215 2615 428 2668 ἁρπάζοντα.

267 2672 429 2725 φάραγγα
451 2686 462 2712 :
483 2671 536 2711 Τὸ
559 2676 621 2720 τῆς
650 2676 713 2722 γῆς
741 2673 924 2725 βάραθρον.
952 2672 987 2720 ὃ,
1017 2672 1076 2710 ἐὰν
1093 2675 1140 2716 εἰς
1169 2673 1254 2711 αὐτὸ

162 2747 198 2774 40
214 2729 306 2782 ὕδωρ
325 2730 481 2782 ἐμπέσῃ,
509 2730 635 2782 ἀφανὲς
664 2738 767 2770 ποιεῖ.
798 2734 845 2774 εἷς
864 2731 991 2778 ἄδηλον
1015 2730 1082 2783 γὰρ
1102 2731 1141 2769 τὸ
1163 2731 1254 2783 ὕδωρ

215 2788 517 2826 καταναλίσκεται.
535 2793 635 2827 τοῦτο
655 2789 690 2827 δὲ
710 2788 767 2827 διὰ
782 2789 821 2826 τὸ
841 2789 1041 2841 κακόφωνον
1057 2793 1116 2826 τοῦ
1135 2788 1254 2827 Κλέω-

194 2851 200 2856 ”
216 2859 272 2887 νος
289 2845 348 2882 καὶ
365 2844 404 2883 τὸ
418 2846 554 2899 κράζειν
577 2848 656 2890 ὡς
640 2847 698 2884 επὶ
713 2849 781 2884 τῶν
797 2862 931 2898 πετρων
951 2845 995 2882 τὰ
1017 2846 1173 2895 κύματα.

269 2915 333 2940 252.
361 2904 629 2954 κάπικείμενος;
652 2904 743 2943 Ἀντὶ
761 2908 820 2942 τοῦ
844 2903 982 2941 τύπτων
1008 2903 1124 2942 αὐτόν.
1147 2901 1203 2940 δια
1218 2902 1254 2940 δὲ

165 2982 198 3007 45
219 2958 366 2998 Κλέωνα
382 2965 482 2999 τοῦτο
496 2962 600 3000 πάλιν
619 2961 729 3011 λέγει,
751 2961 868 3007 ἐπειδὴ
884 2960 1077 3013 κεκράκτης
1093 2964 1147 3007 ἠν.

270 3029 334 3054 253.
364 3011 434 3055 οἶδε
457 3018 519 3062 τὰς
534 3020 660 3063 ὁδουςε
680 3020 722 3058 F
726 3035 911 3065 πισταται
937 3018 1039 3071 φησὶ,
1062 3018 1123 3061 τὰς
1143 3033 1254 3055 κατα-

219 3073 330 3117 δύσεις
350 3075 548 3127 Εὐκράτους
563 3076 624 3120 τὰς
645 3078 703 3116 ἐπι
718 3076 762 3115 τὰ
777 3077 940 3129 κυρῆὅια.
959 3075 1109 3128 κυρηοια
1132 3075 1168 3113 δέ
1188 3077 1254 3112 εἶσι

217 3130 262 3168 τὰ
290 3131 416 3183 πίτυρα
442 3132 501 3170 καὶ
531 3133 643 3186 ἄγυρα
667 3137 734 3172 τῶν
754 3138 871 3186 πυρῶν
891 3133 913 3180 ἢ
934 3137 1070 3186 κριθων.
1070 3135 1254 3210 ρ»μυὶῶνας

219 3188 294 3226 δὲ’
275 3204 365 3240 εχων
386 3192 404 3227 ὁ
423 3190 604 3248 Γύκράτης
632 3192 770 3236 εἰκότως
794 3197 867 3244 εἶχε
890 3192 949 3230 καὶ
976 3192 1139 3244 κυρηοια.

167 3267 202 3293 50
220 3245 379 3298 μῴδησεν
406 3250 462 3283 οὖν
489 3247 655 3300 ευκαίρως
676 3250 778 3286 αὐτὸν
800 3252 846 3292 ὡς
869 3250 1042 3302 μυλωναρ
1035 3266 1059 3301 7
1059 3265 1101 3295 ην
1126 3249 1185 3287 καὶ
1209 3252 1254 3291 ὡς

206 3303 311 3375 9⁷1:pr
315 3305 420 3341 αὐτοῦ
443 3304 735 3355 πολιτευσάμενον
760 3307 819 3344 καὶ
848 3308 1056 3358 πεφευγότα.
1085 3306 1172 3350 τινὲς
1198 3308 1252 3354 δὲ,

205 3359 270 3410 ὅτι
288 3364 330 3407 ἠν
351 3361 590 3413 μυλωνάργης.

271 3431 335 3458 254.
365 3418 491 3471 >nup-134⁰
481 3435 538 3456 ιων
558 3433 578 3471 ’ζ

1167 3194 1181 3229 ἔ
1184 3207 1253 3228 κω-

609 3418 720 3458 Ἔνθα
751 3422 788 3458 αἱ
811 3421 940 3474 κάχρυς
965 3422 1162 3474 φρύγονται.
1188 3423 1253 3461 κά-

1312 365 1396 401 χρυς
1424 350 1460 388 δέ
1486 352 1569 389 εἰσιν
1586 353 1634 388 ιαὶ
1660 351 1905 402 λελεπισμέναι
1930 353 2062 406 κριθαι,
2083 354 2141 408 ἀφ’
2160 359 2206 393 ων
2230 359 2250 402 ἡ
2277 373 2352 396 πτι-

1312 408 1412 454 σάνη.
1429 408 1580 447 σκώπτει
1595 410 1629 447 δὲ
1644 410 1703 447 καὶ
1718 410 1774 448 τὸν
1792 411 2005 463 Εὐκράτην“
1988 429 2034 455 ως
2047 412 2208 460 τοιαύτην
2226 415 2350 467 τέχνην

1313 465 1449 517 ἔχοντα.
1466 483 1500 504 εν
1517 467 1633 511 ἄλλοις
1651 472 1730 519 γοῦν
1751 474 1803 515 [fr.
1825 475 1888 515 5²10]
1906 470 2140 524 φανερώτερόν
2158 488 2242 525 φησι
2259 492 2274 507 «
2292 490 2352 512 και

1312 539 1353 561 συ
1374 525 1620 576 κυρηῗιοπιι)λα
1633 526 1809 578 Εὔκρατες
1826 528 1971 572 στύπαξ.
1992 548 2006 563 »
2027 546 2155 568 -των
2170 531 2349 581 μυλώνων.

1312 581 1462 633 κυρήὸια
1464 582 1581 641 γὰρ
1565 582 1608 619 τὰ
1625 584 1786 635 πίτυρα
1771 601 1838 622 των
1855 589 1992 638 κριθων.
2018 596 2058 625 V.
2367 614 2382 638 5

1365 652 1430 677 255.
1459 642 1488 677 ὠ
1510 639 1663 691 γέροντες
1683 640 1871 679 Ηλιασται
1893 656 1901 681 ;
1920 646 2034 682 Ἰοῦτο
2053 648 2070 683 ὁ
2091 646 2212 685 Κλέων
2238 647 2348 699 λέγει,

1312 712 1372 733 και
1392 697 1494 740 αυτὸς
1515 698 1785 748 ἐπικαλούμενος
1808 700 1883 743 τους
1910 703 2073 746 δικαστὰς
2098 707 2143 748 εἰς
2173 706 2347 756 βοήθειαν.

1313 753 1455 792 Ηλιαία
1483 755 1550 808 γὰρ
1585 755 1746 806 μέγιστον
1778 758 1998 811 δικαστήριον
2031 761 2220 809 Ἀθηνησιν.
2254 767 2284 802 οἱ
2313 764 2349 803 δὲ

1313 811 1473 849 δικασταὶ
1502 813 1567 850 ὑπὸ
1592 816 1659 851 τῶν
1688 816 1782 865 δημα
1786 831 1906 866 γωγων

1936 817 2134 870 ἐτρέφοντο,
2162 821 2348 872 τριώῧολον

1311 870 1548 919 λαμὸάνοντες
1579 872 1699 921 μισθὸν
1736 874 1933 912 δικαστικὸν
1965 875 2054 926 μετὰ
2084 877 2123 914 τὸ
2151 885 2275 930 κρῖναι.
2305 884 2350 926 ὡς
2373 895 2403 919 10

1313 928 1520 980 δημαγωγὸς
1534 934 1591 968 ουν
1608 932 1825 969 ἐπικαλεῖται
1841 932 1896 976 οὒς
1912 933 2030 994 ἔτρεφε
2046 936 2266 989 [φράτορας”
2245 955 2350 989 ηγουν

1313 1000 1484 1037 συγγενεῖς
1522 989 1634 1040 Υὶοῐη]
1665 996 1839 1041 συγγενεῖς
1859 989 1894 1028 δὲ
1928 996 2002 1029 εἰπε
2036 994 2185 1045 τριωοόλ
2179 1010 2244 1043 ου,
2281 1001 2350 1036 οῖον

1312 1047 1613 1118 προσωκειωμένοι
1632 1063 1692 1085 και
1715 1072 1734 1085 ,ι
1711 1050 1990 1102 προσπεφυκότες
2009 1067 2058 1089 τω
2077 1053 2269 1106 τριωὲόλιχ.)
2291 1056 2351 1093 καὶ

1312 1102 1378 1155 γὰρ
1398 1103 1474 1147 τους
1502 1111 1674 1155 συγγενεῖς
1698 1106 1870 1159 φράτορας
1895 1110 2072 1147 καλοῦσιν
2095 1111 2161 1148 εἰσι
2181 1111 2216 1149 δὲ
2241 1115 2272 1151 οἱ
2291 1130 2352 1160 της

1313 1163 1418 1208 αὐτ-ης
1438 1162 1583 1215 φατρίας
1609 1179 1827 1216 μετέχοντες,
1854 1170 1922 1203 οἷον
1947 1168 2096 1220 πατρίας
2114 1169 2213 1213 τινός.
2231 1173 2248 1208 ὁ
2267 1175 2349 1221 γοῦν
2373 1183 2404 1208 15

1312 1219 1471 1273 Ομηρος
1489 1227 1539 1268 [ΙΙ.
1556 1229 1599 1269 Ν,
1619 1228 1683 1269 354]
1699 1223 1762 1269 τὴν
1784 1223 1890 1271 αὐτὴν
1910 1225 2047 1279 πάτραν
2064 1227 2114 1264 λέ
2104 1243 2174 1279 γει,

1436 1312 1455 1351 ἦ
1470 1313 1529 1352 μὰν
1544 1313 1757 1355 ἀμγῦτὶροῑσῑΙ
1771 1326 1846 1355 ΟμΟΙ
1862 1327 1904 1354 ΥΞ
1905 1327 1947 1352 ΙΟζ
1963 1317 2010 1354 ἠῢ,
2025 1317 2059 1348 ἷα
2075 1318 2187 1360 πάτρη-

1313 1393 1372 1430 καὶ
1392 1392 1483 1431 κατὰ
1503 1393 1679 1446 ἀναφορὰν
1705 1394 1820 1466 πάτρη
1841 1397 2013 1436 καλεῖται.
2042 1397 2296 1448 μεταπέπτωκε
2316 1400 2352 1439 δὲ

1313 1450 1356 1488 τὰ
1376 1457 1544 1503 στοιχεῖα.
1565 1451 1796 1504 καθάπερέπι
1817 1455 1936 1503 τουδε,
1958 1457 1975 1492 ὅ
1995 1455 2136 1508 φάτριος
2153 1456 2238 1500 Ζευς
2257 1458 2316 1496 καὶ
2334 1462 2352 1496 ὁ

1314 1508 1467 1560 πάτριος.
1493 1525 1532 1547 το
1559 1510 1594 1547 δὲ
1617 1510 1804 1562 τριώοολον
1831 1511 2057 1584 ἧμίδραχμόν
2078 1529 2183 1552 εστιν.
2208 1514 2350 1553 Ἥλιαία
2370 1531 2404 1556 2ο

1314 1565 1349 1604 δὲ
1374 1568 1552 1615 καλεῖται,
1578 1567 1634 1605 διὰ
1656 1568 1696 1606 τὸ
1715 1569 1893 1621 ὑπαίθριον
1921 1570 2004 1607 αυτὸ
2024 1574 2111 1608 εἰναι
2130 1572 2189 1609 καὶ
2217 1572 2284 1611 ὑπὸ
2302 1577 2352 1612 τῶ

1313 1624 1402 1677 ἡλίῳ
1421 1625 1622 1670 καθέζεσθαι
1641 1642 1719 1670 τους
1739 1626 1960 1671 συνελθόντας
1977 1628 2153 1673 δικαστάς.

1366 1697 1428 1721 256.
1457 1688 1513 1727 ους
1534 1683 1602 1735 ἐγὼ
1625 1684 1774 1736 βόσκωτ
1795 1686 1971 1737 Πικρῶς
1954 1702 2000 1729 ως
2019 1685 2214 1738 θρεμμασιν
2238 1689 2353 1733 αὐτοῖς

1313 1740 1481 1793 κέχρηται
1504 1742 1651 1793 ἀλόγοις.
1679 1742 1816 1794 βόσκειν
1834 1742 1913 1803 γὰρ
1923 1743 1980 1780 ἐπι
2005 1760 2072 1781 των
2095 1744 2229 1796 ἀλόγων
2255 1746 2350 1799 ζώων

1311 1799 1451 1838 τίθεται.
1471 1800 1510 1838 τὸ
1526 1800 1560 1838 δε
1578 1800 1695 1838 δίκαια
1714 1800 1861 1852 κᾶδικα,
1879 1805 1948 1839 οἱον
1970 1803 2009 1839 ἐκ
2027 1802 2158 1841 δικαίου
2178 1804 2253 1855 [καὶ
2274 1806 2351 1843 ἀδι-
2367 1819 2402 1844 25

1312 1859 1401 1909 κου].

1365 1930 1430 1955 257.
1463 1915 1666 1967 ξυνωμοτῶν
1693 1931 1703 1956 t
1729 1917 1960 1968 Ξυνωμοσίαν
1986 1919 2242 1970 πεποιημένων,
2268 1935 2351 1958 του-

1312 1975 1406 2013 τέστι
1425 1975 1557 2019 πίστεις
1578 1977 1619 2014 δι’
1637 1976 1747 2029 ὅρκων
1768 1976 1929 2014 διδόντων
1960 1980 2075 2021 αὑτοῖς
2102 1978 2161 2016 καὶ
2181 1979 2352 2026 συνθήκας

1312 2035 1387 2071 κατ’
1408 2036 1491 2084 ἐμοῦ
1502 2034 1752 2081 πεποιηκότων.
1807 2033 1951 2078 Ἄλλως.
1961 2036 2136 2087 προδοτῶν
2149 2041 2208 2074 τοῦ
2226 2037 2349 2088 δήμου.

1311 2095 1378 2130 τῶν
1396 2092 1633 2139 συνομνύντων
1655 2092 1711 2130 ἐπὶ
1730 2095 1773 2144 τῇ
1790 2092 1988 2145 καθαιρέσει
2006 2098 2066 2131 τοῦ
2087 2094 2209 2144 δήμου.
2370 2107 2404 2132 30

1364 2165 1426 2189 258.
1455 2151 1535 2203 πρὶν
1557 2153 1678 2202 λαχεῖν
1701 2163 1709 2189 :
1733 2151 1821 2203 Πρὶν
1841 2155 2142 2203 χειροτονηθῆναι,
2160 2165 2240 2206 πριν
2260 2155 2348 2200 κλη-

1314 2212 1473 2260 ρωθῆναι.
1501 2208 1569 2261 πρὸ
1591 2210 1772 2258 διανομῆς,
1792 2209 1908 2260 φησὶν,
1930 2209 2104 2261 ἇρπάζεις.
2127 2213 2147 2255 ἡ
2167 2212 2346 2264 μεταφορὰ

1313 2267 1381 2304 ἀπὸ
1404 2270 1472 2304 τῶν
1494 2269 1528 2305 ἐν
1546 2268 1614 2310 τοῖς
1632 2266 1779 2309 δείπνοις
1772 2265 2020 2346 Ῡὰρπαζόντων
2036 2267 2104 2319 πρὸ
2120 2268 2151 2304 δι
2155 2284 2296 2318 ανομης.

1364 2339 1428 2364 259.
1459 2324 1745 2396 κᾶπορυκάζειςῖ
1770 2326 2015 2376 Συκοφάντεῒς.
2042 2325 2216 2376 ἐχρησατο
2241 2325 2276 2364 δὲ
2301 2329 2351 2364 τῶ

1312 2383 1476 2433 ὀνόματι,
1501 2383 1557 2435 ἀφ’
1575 2387 1613 2420 οὑ
1633 2383 1691 2420 καὶ
1709 2382 1924 2434 συκοφάντης
1941 2382 2117 2429 ἐκέκλητο.
2135 2383 2174 2420 τὸ
2190 2382 2288 2435 γὰρ
2277 2399 2349 2421 πα-
2369 2404 2404 2429 35

1310 2440 1407 2478 λαιὸν
1433 2439 1532 2490 τίμια
1557 2438 1652 2492 παρὰ
1677 2445 1746 2482 τοῖς
1764 2439 1950 2485 Ἀθηναίοις
1982 2438 2026 2477 τὰ
2047 2443 2136 2477 σῦκα
2165 2444 2216 2486 ἦν,
2238 2456 2297 2477 και
2322 2440 2353 2478 εἴ

1313 2515 1363 2542 τις
1382 2478 1584 2544 διαὲΓηθείη
1611 2497 1781 2544 κλέπτων,
1802 2497 1996 2542 ἐκολάζετο.
2017 2497 2149 2550 φαίνειν
2177 2497 2213 2535 δὲ
2233 2498 2350 2549 ἔλεγον

1311 2557 1349 2594 τὸ
1380 2557 1596 2608 κατηγορεῖν.
1684 2554 1830 2598 Ἄλλως.
1858 2555 2016 2599 συκάζειν
2032 2555 2072 2593 τὸ
2088 2555 2287 2593 ἀποθλίέειν
2308 2555 2351 2593 τὰ

1311 2619 1418 2660 σῦκα,
1439 2616 1468 2651 εἷ
1489 2614 1570 2663 ὠμὰ
1588 2631 1608 2659 Γ,
1627 2613 1787 2666 πέπειρα.
1809 2616 1923 2657 καλως
1940 2608 2034 2651 οῦν
2019 2613 2123 2657 επήνε
2125 2629 2186 2664 γκε
2205 2630 2244 2651 το
2261 2616 2350 2652 ἀπο-
2372 2618 2376 2620 ’

1311 2673 1451 2722 πιέζων,
1471 2671 1545 2710 ἐπει
1563 2671 1744 2710 ἀποθλίοει
1757 2687 1834 2715 τους
1848 2671 2185 2725 συκοφαντουμένους
2200 2672 2260 2709 καὶ
2273 2672 2350 2709 πιέ-
2368 2689 2401 2714 40

1311 2732 1395 2776 ζει
1377 2732 1589 2783 οωροδοκῶν.

1362 2788 1441 2832 τοὺς
1476 2787 1683 2830 ὑπευθύνους
1725 2789 1867 2825 σκοπῶν
1900 2800 1908 2825 1
1948 2786 2250 2838 Διαλογιζόμενος,
2289 2787 2349 2824 καὶ

1310 2849 1410 2899 ὁρῶν,
1427 2845 1487 2883 καὶ
1507 2847 1819 2898 πολυπραγμονῶν.
1838 2845 1945 2896 [ὠμός
1963 2845 2016 2892 δὲ,
2033 2844 2199 2896 σκληρὸς,
2215 2845 2347 2882 δυσκα-

1309 2904 1524 2955 ταμάχητος.
1544 2903 1620 2940 ἀντὶ
1637 2903 1672 2940 δὲ
1691 2907 1751 2940 τοῦ
1768 2905 1876 2940 εἰπεῖν
1889 2903 2015 2949 πένης,
2031 2902 2053 2947 ἢ
2069 2902 2244 2949 πλούσιος,
2262 2901 2346 2939 ἐπέ-

1311 2977 1405 3011 μεινε
1427 2965 1469 3012 τῇ
1493 2967 1671 3013 μεταφορᾷ
1693 2963 1737 3002 ὡς
1754 2960 1810 2998 ἐπὶ
1828 2959 1972 3010 σύκων.]
1995 2959 2032 2997 τὸ
2053 2958 2089 2997 δὲ
2112 2958 2269 3005 πέπωνῆ
2297 2959 2345 3009 μὴ
2362 2976 2397 3000 45

1310 3018 1429 3056 πέπων
1447 3019 1523 3055 ἀντὶ
1543 3022 1600 3056 τοῦ
1621 3018 1773 3063 ἁπαλὸς,
1792 3017 1917 3070 ῥᾳδίως
1934 3019 2172 3061 διασεισθῆναι
2192 3016 2346 3066 δυνάμεῆ

1309 3093 1375 3119 νος.
1392 3078 1630 3128 μεταφορικῶς
1647 3074 1683 3112 δὲ
1703 3074 1772 3112 ἀπὸ
1789 3079 1847 3112 τοῦ
1864 3075 2022 3118 συκάζειν
2041 3073 2172 3116 τούτοις
2186 3076 2255 3115 τοῖς
2271 3073 2345 3110 ὀνό-

1311 3150 1396 3184 μασι
1407 3149 1587 3185 κεχοηται
1602 3133 1682 3182 dm&
1693 3131 1759 3184 γὰρ
1776 3131 1820 3169 τὰ
1836 3130 2210 3184 μηδέπωὼριμακότα.
2225 3130 2343 3180 ὥσπερ

1310 3196 1366 3229 οὐν
1393 3191 1450 3228 ἐπὶ
1478 3207 1546 3228 των
1575 3192 1719 3242 καρπῶν
1749 3191 1788 3226 ἐκ
1817 3188 1878 3239 μὲν
1907 3205 1974 3227 των
2002 3187 2243 3226 πεπανθέντων
2271 3186 2342 3223 ἔστι

1311 3248 1499 3302 δρεφασθαι
1526 3248 1586 3286 καὶ
1615 3250 1749 3301 φαγεῖν,
1779 3249 1819 3284 ἐκ
1845 3246 1881 3285 δὲ
1909 3250 1978 3285 τῶν
2007 3246 2128 3298 ἀώρων
2155 3245 2214 3282 καὶ
2241 3259 2344 3292 ωμων
2361 3258 2394 3283 5ο

1310 3306 1444 3352 οὐκέτι,
1461 3305 1585 3352 οὕτως,
1606 3305 1708 3357 φησὶ,
1729 3321 1788 3342 και
1808 3304 1865 3342 ἐπὶ
1884 3321 1952 3342 των
1976 3303 2196 3355 ἀνθρώπωνε
2183 3319 2200 3339 ο
2221 3300 2341 3339 Κλεων

1310 3364 1533 3415 διελογίζετο,
1558 3363 1619 3401 καὶ
1647 3362 1791 3414 διέκρινε
1816 3362 1866 3405 τίς
1893 3361 2084 3407 ἐπιτηδειος
2109 3360 2342 3402 διασεισθηναι

1326 3423 1385 3460 καὶ
1401 3422 1452 3466 τίς
1472 3421 1620 3473 σκληρὸς
1638 3436 1698 3459 και
1718 3419 2040 3470 δυσκαταμάχητος.
2062 3415 2265 3458 ὑπευθύνους
2287 3413 2339 3460 δὲ,
