2533 3808
319 244 391 278 504

366 318 439 364 746
462 316 507 357 ὥς
529 327 575 351 ex
595 317 643 350 R.
665 310 849 348 additum.
867 307 1066 358 Sequentis
1082 306 1216 343 scholii
1231 306 1322 342 lem-

316 389 372 413 ma
389 383 444 412 est
462 373 496 410 τί
517 373 608 409 τοῦτ’
624 369 726 420 ἔχεις.

365 432 456 478 755,
483 430 526 466 15
542 428 720 465 ’τίκτουσιν
740 429 842 462 αὗται
859 428 944 462 Put.

366 489 454 537 757,
478 488 521 523 16
537 500 593 536 sq.
611 482 832 523 Δέον-κύειν
852 495 925 519 om.
944 484 1027 518 Put.
1043 505 1083 517 -.
1103 493 1146 525 17
1165 478 1231 530 γὰρ
1247 475 1322 515 εἰπε

298 546 361 585 ΔΚ.
378 571 420 578 -
448 558 492 593 19
519 542 689 593 κειμένοις
711 556 788 579 om.
818 545 902 578 Put.
933 537 1110 589 κειμένους
1134 541 1180 575 R.
1173 566 1197 585 .‚
1219 537 1322 587 quod

316 617 468 653 verum3
489 601 632 652 κείμενα
648 615 724 638 11011
750 599 899 650 scripsit
925 598 974 635 ob
1001 596 1214 647 praecedens
1242 594 1321 633 ὀνό-

315 678 419 712 ματα.

370 722 456 767 762,
474 724 521 763 24
542 718 599 756 καὶ
614 722 661 755 R.
675 719 744 755 τῶν
763 721 814 757 K.

371 793 445 826 770
464 779 564 824 δῆλον
583 782 666 815 Put.
689 781 751 824 K„
771 789 846 814 om.
866 779 913 814 R.
945 773 1102 826 χρησμὸς
1126 772 1253 811 addidi
1278 784 1323 808 ex

316 841 399 875 Put.

372 908 446 943 772
465 899 548 932 Put.
566 908 574 930 :
598 891 639 929 τὰ
658 891 928 943 ἐπικρατέστερα
941 920 950 938 ,
967 890 1070 940 ἤγουν
1089 887 1324 934 καταπονήσει

316 952 393 995 τοὺς
410 952 544 1003 ἄνδρας.
559 975 600 983 -
616 952 659 987 31
682 948 818 995 ποιήσει
835 952 880 986 R.
898 948 1005 994 θήσει.
1024 947 1117 998 λέγει
1134 946 1169 984 δέ
1187 951 1236 984 K.

372 1011 445 1058 773
468 1010 608 1061 Ἔρωτᾷ
624 1008 795 1045 additum
813 1021 860 1044 ex
877 1012 918 1044 R.

373 1070 446 1115 776
476 1065 823 1116 καταπυγωνίστερον
852 1067 986 1102 lemma
1010 1065 1047 1101 in
1071 1068 1114 1101 L.
1130 1089 1169 1095 —
1184 1064 1231 1100 36
1257 1064 1325 1100 τῶν

319 1125 504 1178 χελιδόνων
526 1125 637 1175 posui
655 1137 701 1160 ex
721 1125 819 1171 Put.‚
841 1132 877 1160 et
898 1132 953 1159 est
971 1122 1072 1158 haud
1095 1121 1210 1158 dubie
1227 1121 1265 1157 in
1282 1125 1326 1158 R.

320 1186 384 1234 qui
402 1183 516 1221 habet
532 1185 599 1220 τῶν
619 1183 803 1232 γυναικῶν.
824 1185 872 1218 K.
889 1183 950 1226 τῆς
963 1179 1239 1229 χελιδόνος-τῆς
1262 1194 1327 1229 γυ-

317 1241 445 1284 ναικός.

373 1300 445 1345 780
463 1303 547 1336 Put.
566 1297 835 1349 καταλείψομεν.

372 1357 445 1402 785
464 1360 508 1394 R.
525 1356 638 1393 habet
660 1357 818 1405 glossam
839 1359 1051 1405 παριστορεῖ.

373 1414 447 1463 795
465 1417 524 1451 τοῦ
541 1429 613 1463 μισ.
637 1417 685 1450 K.
704 1412 914 1462 μισουμένας
932 1412 992 1455 τὰς
1010 1413 1050 1449 R.
1071 1415 1155 1448 Put.
1172 1411 1232 1447 hic
1259 1411 1328 1447 ha—

319 1472 382 1509 bet
403 1470 673 1522 βδελυττόμεθα,
695 1472 798 1521 quod
819 1471 944 1520 inepte
966 1471 1120 1520 ponitur
1136 1469 1182 1506 ad
1203 1483 1234 1506 v.

320 1538 405 1579 post
434 1529 551 1579 ἐσμέν.

375 1590 448 1636 796
469 1586 534 1625 Διὰ
552 1587 589 1625 τὸ
608 1588 700 1637 βδελ.
718 1591 766 1624 K.

374 1646 463 1694 798,
484 1646 530 1688 46
550 1648 634 1683 Οἷον
659 1658 790 1681 omnes
810 1647 1028 1694 1)1“30101·Κ.,
1052 1642 1330 1692 (11110111.κλαύ-

321 1704 671 1741 σειΡι.Ρ111.(Σεῐθιί
691 1701 836 1753 κλαύσῃ.
852 1728 892 1734 -
909 1703 985 1745 4“8
981 1699 1033 1738 ι’να
1055 1701 1141 1751 μήτε
1158 1700 1281 1752 φάγῃς.

321 1761 468 1812 σκόροδα
483 1765 568 1798 Put.
590 1775 675 1797 cum
691 1762 835 1798 lacuna.
855 1760 961 1796 Idem
984 1773 1057 1795 om.
1091 1731 1325 1808 μεγάλους.
1290 1783 1330 1790 -

323 1827 370 1866 47
393 1818 574 1871 δακρύσεις
590 1828 693 1856 recte
711 1823 809 1865 Put.‚
830 1819 896 1867 qui
917 1831 991 1854 om.
1020 1816 1042 1862 ἢ
1063 1816 1101 1853 οὐ
1124 1818 1218 1862 πολ.,
1247 1830 1329 1866 quae

322 1886 559 1915 accesserunt
587 1892 634 1914 ex
659 1881 704 1914 R.
737 1881 776 1914 L.
806 1880 906 1922 Bar„
927 1889 1090 1925 quorum
1116 1884 1329 1925 postremus

322 1935 544 1985 πολεμήσειν.

377 1995 466 2041 801,
489 1994 534 2038 54
554 1992 760 2045 Οἷνοερύταις
778 1996 863 2032 Put.

377 2053 467 2097 804,
494 2058 513 2095 4
532 2052 727 2101 legebatur
740 2051 910 2089 Ἀσώπου.
930 2052 1026 2103 (Put.
1042 2049 1224 2100 Ἀσωποῦ).
1241 2052 1329 2087 Cor-

326 2110 406 2147 rexi
422 2124 468 2146 ex
485 2110 601 2146 schol.
622 2113 706 2146 Pac.
731 2110 775 2153 3'4
785 2124 816 2156 7.
837 2113 953 2146 Dmn.
974 2108 1033 2145 καὶ
1053 2122 1126 2145 0111.
1145 2112 1188 2146 R.
1208 2112 1291 2145 Put.

376 2169 452 2204 808
469 2169 521 2204 sic
542 2169 578 2204 in
599 2171 695 2214 Put.‚
715 2167 838 2217 Τίμων
855 2183 904 2209 τις
925 2166 1080 2218 <ii-&powg
1099 2169 1116 2204 6
1136 2166 1330 2217 μισάνθρω-

323 2240 385 2268 πος
400 2225 620 2275 καλούμενος.
641 2219 682 2271 ἦν
704 2224 738 2262 δὲ
764 2225 910 2277 καθάρος
933 2226 1004 2274 (Sic
1020 2240 1027 2262 :
1043 2225 1176 2262 Suidas
1197 2238 1231 2261 v.
1260 2223 1330 2261 Τί-

323 2298 416 2332 μων,
437 2283 502 2320 ubi
520 2283 671 2329 eadem,
692 2282 853 2335 καθαρός.
873 2301 887 2315 «
905 2282 1151 2320 Scribendum
1170 2281 1329 2352 κατάρα-

322 2356 377 2383 τος
406 2359 435 2377 ».
468 2344 576 2378 Kust.
589 2340 602 2391 )
637 2340 775 2383 ἀοάτοις
822 2340 870 2377 ε’νι
907 2339 1071 2378 σκώ)οισι
1092 2356 1171 2393 περι
1174 2339 1329 2390 ειγμένος

324 2397 513 2456 Ἐριννύων
532 2398 714 2451 ἀπορρώξ·
730 2397 765 2435 ὅν
779 2413 880 2450 φασιν
897 2398 965 2436 ἀπὸ
980 2398 1181 2450 ἀχράδος-
1179 2397 1329 2448 γενέσθαι

323 2458 391 2492 οἷον
424 2455 589 2498 ἀκάνθαις
616 2472 652 2492 τε
639 2472 827 2507 ετριγγωμε
814 2456 885 2493 ’νον
918 2472 975 2493 και
996 2457 1157 2507 σκληροῖς
1183 2456 1328 2508 σκόλοψι

325 2528 383 2549 και
402 2513 620 2554 ammom
615 2514 885 2563 (’51(“,)τ,ρανισμε
889 2528 958 2551 νον.
981 2513 1055 2550 ἀντι
1081 2529 1140 2550 του
1171 2516 1329 2565 σκυθρω-

325 2568 396 2611 πός.
411 2594 452 2604 -.-
467 2572 488 2607 8
512 2569 579 2606 ἀπὸ
605 2571 752 2621 ἀχράδος
774 2575 818 2607 R.
842 2575 918 2607 Put.
944 2580 981 2607 et
1001 2571 1136 2608 Suidas
1153 2585 1180 2607 5.
1201 2571 1329 2622 Ἀπορ-

326 2629 436 2678 ρῶγας
453 2635 489 2663 et
506 2626 644 2663 Τίμων.
667 2625 733 2663 ἀπὸ
752 2627 929 2679 χαράδρας
955 2632 1002 2664 K.
1019 2656 1058 2661 .-
1076 2642 1099 2676 9
1126 2628 1261 2679 χλωρὸν
1283 2631 1328 2664 R.

325 2684 440 2736 ἰατρὸν
464 2687 548 2721 Put.
570 2692 607 2720 et
639 2685 770 2721 Suidas
798 2698 825 2721 s.
849 2684 933 2732 Τι’μ.
950 2709 990 2716 -
1015 2698 1059 2720 10
1086 2685 1142 2722 τὸν
1161 2684 1267 2735 τάφον
1291 2692 1329 2720 et

329 2755 369 2776 11
403 2742 467 2778 ὑπὸ
495 2742 571 2777 θαλ.
599 2755 683 2778 cum
717 2741 962 2791 sequentibus
987 2755 1060 2778 om.
1086 2745 1167 2779 Put.
1202 2740 1328 2778 ἅὸατον

324 2814 394 2848 γεν.
416 2803 456 2836 R.
488 2803 573 2836 Pnt.
601 2808 637 2835 et
668 2799 811 2836 Suidas.
842 2801 943 2836 αὐτοῦ
963 2815 1032 2848 γεν.
1065 2798 1120 2835 ἅὸ.
1154 2803 1258 2835 K.—
1284 2813 1325 2834 12

325 2858 494 2908 Πειραιῶς
520 2861 563 2893 L.
586 2865 621 2893 et
651 2857 796 2894 Suidas.
826 2863 976 2908 πειραῖος
1007 2861 1052 2894 R.
1078 2860 1252 2908 πειραιοῧς
1275 2861 1322 2894 K.

325 2914 470 2965 φερούσῃ
487 2919 686 2951 Kusterus.
709 2915 924 2964 Legelmtur
947 2914 1096 2966 φυγούσῃ
1110 2945 1120 2962 ,
1141 2924 1181 2951 ut
1199 2917 1235 2952 in
1259 2929 1325 2951 co—

326 2972 470 3009 dicibus
487 2972 611 3009 Suidae
628 2985 657 3008 5.
678 2971 907 3023 Ἀπορρῶγος,
927 2987 1089 3022 quornm
1111 2975 1149 3010 in
1166 2974 1326 3010 Bruxel-

323 3030 415 3066 lensi
448 3030 743 3080 superscriptum
779 3030 942 3082 φερούσῃ.
978 3031 1171 3068 Editiones
1204 3031 1327 3068 Suidae

321 3085 463 3137 ἀγοῦσῃ.

378 3144 465 3190 809,
492 3150 533 3187 14
555 3146 816 3196 Τετριχωμένος
840 3150 883 3184 R.
909 3157 945 3184 et
974 3148 1107 3185 Snidas
1127 3163 1156 3185 s.
1190 3148 1325 3200 Ἄπορρ.

328 3202 432 3236 Idem
465 3214 493 3237 s.
518 3202 660 3250 Τίμων,
685 3204 966 3255 τεθριγγωμένος.
997 3209 1081 3241 Put.
1113 3220 1322 3257 τετριγγωμ.

315 3261 445 3294 ‚Recte
467 3262 648 3296 Kustorus
675 3262 952 3312 τεΟριγκωμένος.
976 3263 1189 3312 Legebatur
1207 3278 1325 3314 τετρυ-

325 3315 495 3366 χωμένος.
512 3317 657 3354 Deinde
674 3317 732 3354 καὶ
749 3321 907 3372 σκληροῖς
921 3319 1063 3372 σκολοψι
1083 3324 1166 3357 Put.
1187 3329 1224 3358 et
1240 3321 1327 3358 Sui-

326 3374 393 3410 das
413 3387 444 3410 s.
471 3373 606 3423 Τίμων.
623 3397 669 3402 -
698 3377 740 3413 15
763 3376 891 3420 Ἄλλως
912 3383 953 3417 R.
973 3377 994 3423 ἢ
1021 3394 1076 3415 σκ.
1099 3382 1147 3416 Κ.
1176 3388 1213 3416 et
1235 3380 1322 3417 Sui-

1049 219 1345 261 ADNOTATIO
1373 219 1427 256 IN
1455 218 1628 258 SCHOL.

1378 303 1443 341 das
1464 318 1491 341 5.
1510 304 1648 358 ’An-opp.
1669 305 1926 356 ἧσφαλισμένος
1950 310 2149 345 Kusterus.
2174 308 2389 358 Legebatur

1377 361 1606 414 ἠφανισμένος
1621 365 1877 401 consentiente
1896 365 2024 402 Suida.

1430 419 1520 462 815,
1542 433 1590 455 20
1606 418 1708 472 ἔφυγε
1727 424 1774 458 K.
1795 422 1946 459 Scholia
1967 437 2051 472 quae
2073 432 2285 474 sequuntur
2301 438 2390 462 ver-

1376 490 1484 513 suum
1504 478 1683 527 817-889
1704 493 1750 516 ex
1767 483 1814 516 R.
1832 481 1993 529 primum
2014 483 2133 520 edidit
2151 483 2384 522 Dindorfius.

1430 535 1505 571 822
1524 543 1625 572 recte
1641 539 1724 572 Put.
1743 535 1766 581 ἢ
1786 538 1819 573 ἐν
1841 538 2008 591 εἰρωνεία.

1430 593 1504 628 826
1523 593 1761 642 (0011.827),
1782 607 1853 643 pro
1877 595 1934 631 his
1960 598 2043 632 Put.
2068 597 2224 635 τουτέστι
2243 597 2387 651 γηραιὸν

1377 666 1436 688 και
1452 649 1555 700 γονὴν
1577 649 1626 701 μὴ
1643 650 1780 702 ἔγοιτα,
1798 665 1844 688 ex
1865 653 1964 689 mala
1981 656 2200 704 acceptione
2221 657 2308 694 loci.

1431 710 1506 746 832
1530 710 1640 758 (σοι-1.
1662 709 1762 759 831)
1778 710 1836 746 Ad
1857 723 2011 747 versum
2026 713 2101 748 832
2117 717 2202 751 Put.
2217 715 2390 764 κεκαλυμ-

1379 765 1507 816 μένον,
1532 767 1578 803 ad
1610 768 1684 804 833
1716 766 1900 818 Ἀφροδίτη
1924 768 2026 813 δῆλον
2057 770 2267 821 (δηλονότι),
2288 781 2326 808 et
2346 771 2390 809 τὰ

1379 825 1526 879 Κυθηρα
1542 829 1655 872 νῆσος.

1433 886 1505 929 834
1533 889 1618 924 Put.
1637 882 2006 947 τουτέστι-διανοίας
2039 885 2098 938 ἔχε
2124 885 2220 938 (ἔχου
2231 887 2262 938 i')
2287 889 2334 931 εἷς
2352 888 2393 926 τὸ

1379 943 1453 981 καθ’
1470 945 1573 994 ἡμᾶς.

1433 1003 1507 1053 839
1525 999 1598 1040 om.
1616 1005 1702 1041 Put.
1720 1002 1825 1041 Idem
1846 1002 1893 1041 ad
1911 1011 2131 1054 sequentem
2147 1017 2301 1042 versum
2320 1003 2393 1042 ha·

1380 1060 1445 1097 bet
1460 1061 1682 1114 ὐπεροπεύειν
1713 1062 1794 1112 (sic)
1816 1077 1823 1098 :
1846 1064 2005 1110 ἀπατᾶν,
2035 1071 2074 1099 et
2104 1063 2278 1113 Superius
2301 1062 2395 1100 scri-

1381 1127 1489 1168 ptum
1510 1120 1802 1172 παραλογίζεσθαι
1823 1120 1881 1157 καὶ
1898 1119 1941 1157 τὰ
1962 1120 2089 1157 τούτων
2111 1122 2180 1171 (sic
2202 1131 2305 1159 recte
2323 1135 2393 1172 pro

1380 1177 1522 1226 ταύτην)
1545 1179 1883 1228 παρακολουθοῦντα,
1903 1187 1944 1215 ut
1963 1178 2010 1215 ad
2031 1179 2139 1216 ὀπτᾶν
2157 1179 2215 1216 καὶ
2236 1179 2393 1232 στρέφειν

1381 1236 1522 1272 referre
1536 1236 1702 1272 voluisse
1722 1236 1909 1272 videatur.

1435 1293 1522 1340 840,
1544 1294 1591 1329 36
1609 1294 1660 1330 ita
1680 1297 1765 1330 Put.
1786 1294 1832 1330 ad
1855 1295 1926 1338 841
1947 1324 1956 1342 ,
1974 1293 2077 1345 ἤγουν
2095 1296 2208 1333 ἐκεῖνα
2228 1294 2250 1333 ἃ
2269 1297 2311 1346 τῇ
2336 1294 2395 1332 κύ-

1380 1350 1451 1386 λικι
1475 1350 2052 1400 συνωμοσάμεθα-συνουσιάζειν.

1435 1411 1526 1454 844,
1545 1418 1593 1448 40
1611 1411 1717 1447 addit
1737 1414 1820 1447 Put.
1845 1411 2001 1449 σταθεύο)
2020 1410 2059 1448 τὸ
2079 1411 2199 1449 ὂπτάω
2219 1414 2259 1449 ῶ.
2283 1413 2332 1450 Et
2347 1413 2395 1450 ad

1254 1469 1327 1518 796
1353 1478 1358 1525 1
1382 1467 1456 1511 845
1468 1497 1477 1513 ,
1501 1471 1518 1505 6
1537 1468 1695 1517 σπασμὸς
1715 1468 1774 1505 καὶ
1795 1471 1812 1505 6
1828 1468 1991 1516 τέτανος,
2005 1468 2110 1520 ἤγουν
2130 1473 2148 1507 6
2160 1470 2397 1522 γαργαλισμὸς

1382 1525 1438 1562 καὶ
1463 1525 1569 1576 ὄρεξις
1586 1530 1645 1563 τοῦ
1663 1526 1801 1578 ἔρωτος.

1435 1585 1523 1632 847,
1547 1591 1589 1629 41
1614 1599 1691 1623 0111.
1714 1589 1816 1633 Put.‚
1834 1586 1899 1635 qui
1915 1586 1991 1635 849
2009 1594 2112 1623 recte
2131 1589 2154 1633 ἡ
2174 1587 2209 1624 ἐν
2228 1589 2292 1637 ἠμ.
2311 1602 2368 1624 σκ.

1436 1643 1524 1690 852,
1550 1650 1596 1687 44
1616 1643 1704 1685 τινός
1727 1656 1802 1680 0111.
1822 1646 1907 1680 Put.

1436 1700 1511 1736 862
1533 1710 1571 1738 et
1592 1703 1666 1739 863
1688 1701 1946 1738 continuanda
1963 1709 2006 1737 ut
2023 1701 2062 1738 in
2078 1706 2162 1739 Put.
2183 1710 2220 1739 et
2239 1702 2287 1739 ad
2307 1703 2401 1749 863,

1381 1758 1487 1805 ww,
1505 1760 1718 1797 referenda.

1435 1817 1523 1861 864,
1546 1818 1592 1853 52
1613 1816 1704 1854 ἔνθεν
1724 1821 1808 1854 Put.
1833 1830 1904 1866 pro
1922 1815 2021 1854 ὅπου.
2040 1818 2142 1855 Idem
2168 1818 2215 1855 ad
2235 1819 2310 1855 866
2326 1849 2336 1867 ,
2357 1820 2396 1856 in

1382 1889 1458 1925 quo
1506 1876 1653 1913 codices
1688 1874 1871 1921 ξυνῆλθενε
1890 1875 1994 1926 ἤγουν
2024 1874 2083 1913 σὺν
2107 1879 2190 1926 ἡμῖν
2219 1883 2293 1920 ταῖς
2334 1892 2396 1927 γυ-

1441 1932 1470 1946 η

1382 1948 1483 1976 ναιςι.

1436 1992 1511 2040 869
1531 1995 1614 2028 Put.
1635 2006 1643 2027 :
1665 1990 1740 2028 ἀντὶ
1759 1995 1818 2029 τοῦ
1833 1991 1969 2035 ἔστυξα·
1987 1990 2222 2042 ἓὸδελυξάμην
2237 1991 2281 2030 τὰ
2302 1992 2397 2045 βρώ-

1383 2065 1488 2099 ματα.
1508 2049 1620 2093 στύζω
1638 2048 1704 2102 γὰρ
1725 2050 1783 2087 καὶ
1806 2050 1921 2101 στύγω
1949 2050 1988 2088 τὸ
2009 2053 2113 2100 μισῶ.
2136 2051 2158 2098 ἢ
2179 2052 2396 2102 ἀνατεταμέ-

1381 2122 1436 2143 νον
1455 2106 1525 2158 ἔχο)
1548 2107 1586 2144 τὸ
1605 2108 1744 2145 αἰδοῖον.

1436 2166 1505 2211 871
1535 2165 1602 2214 (ad
1627 2164 1675 2214 μὴ
1703 2164 1829 2215 κάλει)
1856 2169 1940 2202 Put.
1961 2164 2068 2217 ιπρὸς
2095 2166 2339 2219 Λυσιστράτην
2372 2170 2394 2213 ἡ

1382 2222 1540 2275 Μυρρίνη
1573 2226 1683 2259 ταῦτα
1714 2222 1820 2273 λέγει.
1842 2221 1979 2274 τούτῳ,
2004 2222 2109 2273 ἤγουν
2143 2223 2242 2260 ἕνεκα
2273 2224 2396 2262 τούτου

1381 2284 1440 2317 τοῦ
1457 2282 1541 2330 ἐμοῦ
1565 2280 1684 2332 ἀνδρὸς
1705 2280 1884 2326 Κινησίου.
1908 2284 1955 2317 Et
1977 2281 2026 2318 ad
2054 2282 2149 2329 872,
2167 2281 2275 2332 ἤγουν
2295 2282 2330 2320 τί
2353 2298 2396 2333 με

1381 2338 1584 2389 ἀποφεύγεις
1604 2338 1661 2375 καὶ
1683 2340 1744 2375 οὐκ
1766 2337 1851 2391 ἔρχῃ
1877 2339 2025 2375 ἐνταῦτα
2047 2339 2141 2390 (sic).

1435 2397 1508 2442 873
1531 2397 1582 2433 sic
1602 2400 1705 2443 Put.‚
1724 2396 1763 2433 τὸ
1778 2398 1906 2448 πλῆρες
1927 2395 2070 2441 αὐτόσε,
2090 2397 2165 2434 ἀντὶ
2194 2400 2254 2434 τοῦ
2273 2398 2394 2436 αὐτόσε

1380 2453 1460 2490 ἔνθα
1478 2453 1518 2492 σὺ
1537 2448 1580 2491 εἶ.
1603 2455 1638 2490 οὗ
1659 2453 1908 2504 καταδήσομαι
1924 2455 1963 2491 ἐκ
1986 2456 2047 2499 τ’ἦς
2067 2453 2302 2506 ἀκροπόλεως,
2319 2457 2394 2493 ἀλλ’

1381 2511 1476 2548 ἄπιθι
1497 2512 1644 2562 χαίρων.

1435 2570 1480 2614 87
1489 2569 1508 2604 5
1529 2572 1612 2605 Put.
1633 2582 1701 2604 του
1721 2568 1980 2616 καταθήσομαι.
1999 2567 2058 2604 και
2078 2567 2144 2619 γὰρ
2162 2569 2190 2604 εἷ
2208 2568 2273 2627 μὴΝ
2274 2569 2394 2621 χρείαν

1382 2627 1447 2673 μου
1465 2620 1537 2675 εἶχε
1524 2641 1576 2671 ς,
1606 2626 1666 2661 οὐκ
1680 2623 1719 2660 ἂν
1744 2625 1870 2669 ἐκάλης
1895 2623 2094 2675 (510)εμέ.
2114 2623 2220 2667 οὕτως
2239 2629 2349 2675 οἶμαι.
2370 2626 2392 2672 ἢ

1381 2681 1508 2724 οὕτως·
1528 2682 1648 2733 χρείαν
1677 2683 1759 2729 ἐμοῦ
1790 2697 1850 2718 ουκ
1870 2680 1980 2732 ἔχων,
2002 2683 2047 2723 εἷς
2067 2681 2174 2731 μηδὲν
2193 2684 2259 2719 καλ
2262 2689 2319 2726 εἷς.
2338 2684 2393 2721 διὰ

1379 2753 1479 2775 τουτο
1493 2753 1554 2776 00)(
1577 2739 1738 2790 ἔρχομαι.

1434 2798 1506 2843 877
1526 2801 1609 2834 Put.
1631 2796 1744 2834 habet
1764 2796 1838 2834 ἀντὶ
1857 2800 1917 2834 τοῦ
1935 2796 2036 2834 ἕνεκα
2048 2801 2109 2836 τοῦ
2124 2798 2256 2842 παιδός.
2275 2801 2399 2839 Omit-.

1381 2855 1425 2891 tit
1446 2856 1490 2899 87
1498 2856 1534 2891 8.

1434 2915 1505 2950 881
1533 2914 1720 2959 ἁθήλατον,
1749 2915 2086 2967 ἄτροφον-μαστοῦ
2112 2920 2194 2954 Put.
2219 2918 2292 2965 Qui
2310 2931 2395 2963 om.

1380 2970 1428 3020 μὴ
1448 2973 1524 3017 θηλ

1433 3030 1505 3075 887
1531 3032 1615 3066 Pur.
1641 3029 1720 3066 haec
1743 3029 1870 3078 habet,
1884 3031 2112 3082 χαλεπαίνει,
2131 3041 2168 3070 et
2182 3039 2389 3085 μεγαφρονεῖ

1382 3088 1481 3137 (sic),
1502 3086 1788 3137 ἀποσεμνύνεται.

1432 3147 1506 3195 894
1527 3150 1608 3183 Put.
1628 3145 1667 3182 τὸ
1689 3145 1726 3183 δέ
1746 3145 1822 3184 ἀντὶ
1839 3149 1898 3184 τοῦ
1917 3146 2000 3199 γάρ,
2021 3149 2122 3189 etad
2150 3149 2223 3197 895
2243 3149 2385 3200 (χεῖρον)

1380 3218 1454 3240 αντι
1473 3218 1530 3240 του
1550 3218 1711 3241 κακιστα.

1433 3264 1521 3312 896,
1547 3277 1587 3309 17
1608 3277 1664 3313 sq.
1687 3262 1783 3313 μέλει
1800 3278 1852 3300 σοι
1868 3277 1942 3302 0111.
1965 3267 2012 3302 R.
2034 3287 2084 3292 --
2106 3278 2151 3313 19
2166 3278 2219 3313 sq.
2241 3277 2311 3314 pro
2327 3265 2385 3302 his

1379 3324 1460 3359 Put.
1477 3320 1584 3373 κρόκη
1595 3320 1633 3358 τὸ
1646 3321 1814 3358 ἰδιωτικὸν
1824 3322 1858 3371 (l.
1868 3321 2161 3374 -κῶς)ὖφᾶδιον.
2175 3322 2279 3359 Idem
2289 3321 2336 3360 ad
2349 3335 2383 3359 v.

1381 3381 1454 3427 897
1478 3393 1484 3415 :
1505 3379 1579 3428 ἐμοὶ
1604 3379 1644 3425 νὴ
1664 3380 1730 3417 Δία
1758 3381 1796 3417 οὐ
1831 3379 1908 3431 περὶ
1937 3379 2063 3430 κρόκης
2091 3379 2210 3429 μέλει·
2231 3380 2319 3417 ἀλλὰ
2340 3378 2388 3417 τὰ.
