2517 3792
189 195 2262 289 QQQQQQ&QirffissiffiaiffffssssrssffiffiffissQsse‘ffssiffitssiffiffi

961 373 1485 484 INDEX

587 578 1150 661 NOMINUM
1222 580 1362 658 ET
1435 581 1858 666 RERUM.

1107 747 1349 761 ψ

174 940 295 971 ‘ibai-is
313 939 549 980 Hyperboreas
567 938 703 969 theorus
718 938 810 969 venit
831 938 864 967 in
884 938 1053 969 Groeciam
1066 960 1074 975 ,
1096 937 1194 976 Apol-

215 988 277 1018 lini
291 989 432 1018 servivit
445 988 477 1017 el
493 987 631 1025 scripsit
647 984 795 1015 oracula
810 1007 819 1021 ,
834 985 897 1023 Eq.
913 986 983 1016 729.

173 1033 307 1065 Ablutio
325 1034 599 1073 propinquorum
623 1031 749 1061 mortui
770 1030 850 1070 post
872 1031 1071 1069 eoesequias,
1103 1030 1189 1062 Nub.

215 1082 284 1111 838.

173 1138 187 1151 (ι
204 1122 347 1156 Abscede
364 1137 378 1150 »
396 1122 577 1154 clamabant
605 1121 661 1161 qui
680 1130 817 1162 vespera
836 1131 953 1162 aquam
967 1131 1022 1163 per
1037 1122 1190 1154 fenestras

210 1169 440 1208 effundebant,
464 1168 545 1201 Ach.
562 1172 632 1200 616.

168 1215 432 1255 Abydenocomes
447 1214 497 1246 vel
514 1213 735 1254 Abydocomes
755 1214 874 1253 (dictus
887 1215 1096 1256 sycophanta,
1114 1215 1190 1256 quia

208 1262 354 1302 Abydeni
374 1261 558 1302 peregrinos
574 1261 822 1301 calumniantur>
835 1285 843 1301 ‚
853 1260 908 1300 sr.
928 1265 1000 1293 568.

167 1307 297 1348 Abydus
311 1309 382 1348 ,sr.
401 1311 472 1347 460,
487 1307 559 1340 sch.
576 1310 638 1348 Eq.
655 1310 706 1339 84.

169 1355 340 1387 Academia
359 1354 562 1394 gymnasium
579 1378 587 1392 ,
611 1353 654 1384 ab
668 1353 861 1385 Hecademo
874 1354 1005 1385 dictum
1019 1378 1027 1393 ‚
1042 1356 1100 1395 qui
1118 1363 1190 1386 rem

208 1410 308 1434 suam
324 1401 373 1433 ad
393 1401 430 1432 id
456 1400 699 1432 instruendum
726 1400 885 1441 reliquit,
912 1401 1188 1441 amenissimum,

209 1449 264 1479 ubi
279 1448 393 1480 smilax
404 1472 413 1488 ,
430 1447 568 1488 populus
581 1446 651 1478 alba
665 1470 673 1486 ,
691 1446 790 1486 ulmi,
812 1447 931 1487 platani
945 1471 953 1486 ‚
972 1456 1070 1478 sacrae
1087 1448 1166 1480 oleae
1179 1472 1188 1488 ‚

208 1495 295 1526 Nub.
312 1497 525 1526 1005—1008.

166 1541 348 1573 Acalaniliis
377 1541 477 1572 Diana
494 1539 581 1579 ficta
604 1538 646 1569 ab
669 1546 731 1569 ave
751 1539 824 1577 eJ'us
839 1540 1005 1578 nominis,
1027 1542 1084 1571 Ac.
1104 1540 1162 1571 873
1177 1564 1186 1579 ,

207 1590 278 1620 874.
301 1589 404 1619 Canis
418 1595 482 1617 cur
495 1585 636 1617 dicatur
649 1584 866 1623 acalanthis,
888 1587 959 1616 874.

163 1635 362 1667 Acamantis
378 1632 499 1670 tribus,
516 1631 595 1663 Ach.
612 1634 685 1669 855,
706 1630 796 1663 Nub.
818 1633 887 1670 134,
909 1635 978 1670 156,
993 1633 1074 1663 Pac.
1096 1634 1186 1669 1183,

205 1683 261 1713 Av.
279 1683 350 1711 476.

161 1729 360 1759 Acarnanes
377 1725 421 1757 ab
435 1724 629 1757 Atheniensi
645 1723 731 1755 duce
748 1725 842 1762 victi,
860 1726 921 1765 Eq.
939 1725 1010 1756 409.
1028 1725 1075 1756 Ab
1088 1725 1185 1756 Athe-

203 1773 374 1805 niensibus
382 1772 548 1813 petebant
560 1770 800 1803 Phormionem
819 1770 937 1802 duceni
952 1772 1059 1811 ἄτιμον
1073 1796 1081 1811 ,
1099 1774 1180 1803 Pac.

204 1821 276 1851 347.

160 1868 302 1898 Acastus
317 1875 328 1897 .·
348 1864 397 1897 ad
415 1872 492 1896 eum
514 1862 648 1895 Iolcum
666 1862 821 1902 confuqit
840 1863 964 1894 Peleus
976 1888 986 1902 ,
996 1866 1184 1904 postquam

199 1913 330 1944 invitus
344 1911 521 1950 Eurytum
538 1908 723 1940 occiderat.
747 1910 849 1945 Quem
863 1911 982 1949 expiat
994 1912 1138 1941 Acastus
1150 1913 1183 1942 et

198 1967 260 1999 per
266 1959 461 1990 calumnias
471 1957 592 1988 uxoris
598 1957 667 1987 sive
674 1955 870 1995 Hippolytes
878 1958 946 1987 sice
955 1957 1182 1997 Astyclamece,

200 2014 279 2046 quae
289 2005 435 2045 frustra
455 2010 533 2035 eum
553 2004 760 2039 tentaverat,
779 2004 878 2042 quasi
900 2004 1059 2034 renatum
1073 2005 1108 2034 in
1124 2006 1184 2035 Pe-

201 2053 289 2084 lium
320 2051 436 2083 educit
476 2052 510 2081 et
545 2051 709 2080 inermem
738 2048 1029 2090 dormientemque
1062 2050 1182 2082 belluis

197 2098 330 2140 praedae
346 2098 529 2137 relinquit,
562 2095 680 2136 qladio
699 2095 773 2134 ejus
798 2096 861 2127 sub
877 2096 964 2136 fimo
985 2097 1083 2128 boum
1107 2106 1180 2128 con-

197 2145 290 2184 dito,
309 2144 398 2177 Nub.
425 2146 514 2175 1063.

159 2193 337 2233 [Accentus
358 2190 645 2222 diminutivorum
670 2189 705 2218 in
734 2198 797 2226 ιον,
825 2188 880 2219 Pl.
904 2191 992 2220 1097.
1015 2192 1179 2221 Accentus

201 2237 387 2270 translatio
399 2235 442 2267 ab
457 2234 584 2266 ultima
597 2233 735 2273 syllaba
751 2235 783 2264 in
795 2234 1027 2272 penultimam
1036 2238 1180 2275 propter

198 2282 463 2324 apostrophum,
478 2289 508 2312 v.
526 2284 763 2312 Arosmorncs.
787 2281 883 2310 Voces
900 2280 1061 2320 qucedam
1077 2282 1180 2312 encli-

199 2332 278 2362 ticce
291 2329 429 2371 quando
445 2329 478 2359 et
493 2326 660 2368 quomodo
679 2327 857 2357 accentum
875 2327 1104 2366 transferant,
1120 2329 1174 2360 Pl.

202 2377 271 2408 143,
299 2377 457 2415 Oxytona
480 2376 516 2405 in
535 2385 587 2411 ος,
614 2374 651 2403 in
676 2373 916 2412 compositione
931 2375 1109 2404 accentum
1128 2383 1177 2405 re-

198 2422 347 2454 trahunt
358 2445 367 2461 ,
387 2422 428 2453 ut
453 2420 547 2456 καλός
567 2419 737 2459 πάγκαλος,
752 2419 886 2459 γεωργός
903 2419 1103 2461 ξυγγέωργος,
1119 2421 1173 2452 Pl.

197 2472 267 2501 223.
282 2471 327 2500 In
343 2479 375 2504 ος
382 2469 686 2508 properispomena
699 2467 733 2496 in
746 2467 984 2504 compositione
998 2469 1174 2498 accentum

195 2513 382 2546 retrahunt
398 2515 435 2544 in
453 2510 782 2552 antepenultimam,
803 2510 882 2541 Ach.
910 2514 977 2542 142.
1002 2513 1111 2553 Kcsr]

155 2559 333 2600 Accipiter,
343 2558 500 2598 fatidica
516 2559 609 2595 aris,
628 2556 659 2587 in
680 2556 783 2595 capite
800 2557 967 2598 Apollinis,
985 2560 1042 2589 Av.
1059 2562 1129 2590 516.

153 2607 362 2638 Acclamatio
376 2604 495 2636 bellica
505 2626 514 2643 ,
531 2603 666 2634 ἐλελελεῦ
676 2626 685 2641 ,
707 2605 765 2633 Αυ.
782 2606 854 2635 364.

154 2651 371 2684 Accumbendi
387 2650 501 2682 decore
517 2650 634 2681 modus
646 2672 655 2687 ,
677 2652 772 2690 resp.
795 2654 872 2682 1210
885 2660 958 2691 sqq.

153 2700 325 2730 Accusator
341 2697 396 2738 qui
412 2697 560 2737 quintam
584 2697 710 2733 partem
732 2697 960 2737 suffragiorum
986 2706 1049 2728 non
1074 2699 1170 2737 tulit,

193 2748 262 2777 erat
284 2745 413 2785 ἄτιμος,
430 2742 484 2783 fr.
513 2745 561 2774 17.
585 2742 766 2774 Accusandi
789 2743 925 2775 formula
944 2767 953 2782 ,
991 2746 1084 2784 Vesp.
1112 2746 1171 2776 894

193 2799 209 2822 s
258 2815 264 2821 .

153 2799 284 2868 Acggor
308 2835 462 2874 conviva3
482 2835 520 2867 ad
543 2836 642 2875 caput
663 2836 731 2875 ejus
756 2836 941 2876 peregrinus
965 2835 1045 2866 alius
1063 2845 1070 2866 :
1091 2844 1171 2867 nam

192 2883 329 2914 Acestor
342 2883 493 2921 traqicus
506 2884 700 2922 coqnomine
713 2884 815 2913 Sacas
829 2884 868 2913 ut
875 2884 1079 2922 pei-cyrinus
1088 2890 1170 2922 per-

190 2929 402 2968 strinqitur‚
429 2929 568 2967 Mysus,
591 2930 633 2959 ut
650 2936 693 2959 ea:
715 2928 921 2969 Theopompo
937 2930 969 2960 et
995 2930 1171 2968 Metaqene

191 2975 357 3014 apparet,
385 2974 476 3013 Vesp.
494 2977 582 3004 1221,
604 2973 684 3005 Vide
697 2977 800 3005 Sacas.

150 3023 285 3054 Acetum
301 3020 479 3060 Sphettium
494 3043 503 3059 ‚
524 3020 579 3051 Pl.
597 3022 668 3051 720.

150 3067 278 3105 Achaea,
298 3067 396 3098 Ceres
402 3065 520 3105 filiam
532 3074 709 3107 quaerens,
727 3076 790 3098 cur
803 3070 855 3100 ita
870 3068 985 3106 dicta,
1006 3068 1086 3100 Ach.
1108 3071 1168 3099 709

191 3120 270 3144 cum
286 3113 379 3143 nota.

150 3159 292 3193 Achaeus
300 3158 474 3198 leqebatur
482 3160 517 3189 in
524 3159 776 3199 exemplaribus
786 3159 1023 3199 Aristophanis
1034 3159 1166 3191 Thesm.

193 3210 263 3245 162,
275 3205 318 3236 ab
327 3204 555 3245 Aristophane
565 3208 789 3245 qrammatico
802 3207 1017 3236 mutatumin
1030 3205 1166 3244 Alcaeus,

189 3253 272 3293 quia
285 3253 428 3282 recentis
446 3251 559 3283 Achoei
574 3253 662 3282 inter
681 3254 804 3283 veteres
817 3253 936 3292 poetas
953 3251 1073 3282 nullus
1090 3253 1168 3282 erat

190 3299 304 3337 locus,
323 3301 391 3330 162.
417 3297 529 3330 Achaei
551 3296 675 3330 drama
695 3299 884 3338 satyricum
911 3297 1060 3335 AEthon,
1079 3299 1164 3329 Ran.

195 3347 263 3376 184.

1193 2079 1214 3337 RQ—

1253 869 1418 909 Achoeus‚
1449 880 1565 902 rerum
1593 881 1714 904 nomen
1743 875 1933 907 Cillicontis
1949 879 2097 919 Milesii,
2123 883 2271 924 Meropis

1285 914 1375 954 filii,
1393 919 1475 948 Pac.
1491 921 1561 949 363.
2038 941 2042 949 .

1250 961 1388 1001 Achane,
1405 972 1565 995 mensura
1578 967 1728 1004 Persica,
1744 968 1783 998 45
1795 968 2067 1012 medimnorum,
2082 975 2271 1007 secundum

1293 1010 1520 1048 Aristotelem,
1537 1011 1615 1042 Ach.
1639 1016 1705 1044 108.

1250 1054 1421 1087 Acharnoe
1444 1067 1454 1087 .·
1473 1057 1517 1088 ibi
1544 1058 1675 1089 dicitur
1700 1060 1866 1100 templum
1888 1069 1959 1094 esse
1976 1064 2193 1107 AEsculapii‚
2211 1068 2266 1099 Pl.

1293 1105 1364 1132 621.

1250 1147 1469 1181 Acharnenses
1480 1174 1488 1190 ,
1497 1159 1612 1191 paqus
1626 1153 1718 1184 inter
1734 1153 1933 1194 nobiliores,
1952 1157 2050 1196 cujus
2066 1159 2188 1191 incolce
2204 1160 2270 1192 bel-

1293 1194 1386 1226 licosi
1398 1219 1407 1233 ,
1424 1198 1500 1236 Lys.
1518 1202 1566 1229 62.
1582 1200 1626 1230 In
1642 1207 1733 1239 paqo
1760 1201 1946 1233 carbonum
1966 1202 2086 1242 divite,
2108 1207 2187 1244 Ach.
2205 1210 2244 1239 34
2259 1231 2268 1246 ,

1289 1244 1372 1273 sunt
1388 1242 1603 1283 carbonarii,
1629 1245 1673 1276 ib.
1696 1249 1752 1277 321
1768 1269 1777 1285 ‚
1793 1249 1872 1286 326,
1891 1251 1962 1279 612.
1981 1250 2072 1281 Hinc
2093 1251 2268 1284 carbonum

1291 1288 1449 1327 cophinus
1462 1298 1573 1321 eorum
1593 1291 1754 1331 popularis
1765 1315 1774 1331 ,
1788 1293 1906 1324 sodalis
1927 1293 2043 1325 dicitur
2056 1319 2065 1334 ‚
2089 1296 2169 1328 ibid.
2194 1302 2267 1338 333,

1291 1335 1361 1364 336.

1248 1379 1486 1421 Acharnenses,
1499 1381 1630 1421 fabula
1643 1385 1794 1423 eqreyia,
1809 1392 1929 1424 pacem
1945 1387 2115 1427 suadens,
2137 1392 2268 1424 Lenoeis

1290 1426 1392 1458 docta
1400 1436 1467 1467 per
1491 1429 1752 1469 Callistratum,
1771 1431 1985 1471 Euthydemo
2010 1435 2191 1475 archonte,
2214 1438 2265 1470 ol.

1290 1475 1341 1511 88,
1357 1476 1388 1504 3.
1419 1475 1501 1506 Vicit
1516 1476 1759 1515 Aristophanes
1771 1501 1779 1516 ,
1801 1480 1879 1517 Arq.
1904 1480 1924 1509 Ι
1939 1479 2018 1510 Ach.
2045 1482 2268 1516 Acharnenses

1289 1527 1381 1551 senes
1398 1521 1487 1560 duri,
1506 1523 1782 1563 μαραθωνομάχοι,
1801 1523 1920 1556 bellum
1947 1526 2081 1566 cupiunt
2096 1552 2105 1566 ,
2126 1530 2163 1560 ut
2191 1530 2268 1561 ulci-

1288 1568 1418 1597 scantur
1434 1567 1540 1599 vineta
1556 1577 1574 1598 a
1590 1569 1840 1600 Lacedaemoniis
1855 1578 1949 1610 cissa,
1971 1574 2002 1603 et
2024 1574 2266 1616 Amphitheum,

1289 1612 1435 1644 inducias
1453 1615 1494 1645 ab
1514 1615 1578 1646 illis
1598 1615 1798 1654 afferentem,
1824 1621 2071 1659 persequuntur,
2107 1624 2164 1652 179
2191 1631 2263 1663 sqq.

1286 1659 1543 1691 sacrificaturum
1560 1661 1752 1701 Dicaeopolin
1769 1662 1864 1694 domo
1877 1665 1962 1696 exire
1977 1665 2099 1706 vident,
2116 1671 2174 1700 238
2191 1678 2263 1710 sqq.

1288 1705 1359 1735 lrati
1375 1705 1416 1736 ob
1429 1706 1573 1738 inducias
1585 1731 1593 1746 ‚
1609 1716 1687 1747 quas
1707 1708 1759 1739 ille
1775 1717 1849 1740 cum
1866 1710 2119 1745 Lacedaemoniis
2142 1716 2266 1756 pepige-

1289 1754 1350 1790 rat,
1367 1752 1546 1792 corripiunt
1566 1763 1640 1785 eum
1657 1754 1815 1794 occisuri3
1837 1756 1967 1787 tandem
1989 1754 2114 1799 decepti
2136 1762 2265 1800 permit·

1286 1800 1360 1830 tunt
1379 1800 1413 1830 ut
1435 1807 1528 1829 suam
1546 1800 1925 1841 Lacedaemoniorumque
1944 1811 2076 1836 causam
2093 1805 2180 1838 dicat
2201 1817 2265 1839 cer-

1286 1845 1355 1876 viee
1389 1847 1505 1876 trunco
1521 1846 1664 1877 lanionio
1692 1846 1844 1886 imposita
1861 1871 1869 1887 ‚
1905 1852 2080 1883 280—365.
2119 1853 2264 1886 Audiunt

1285 1891 1498 1932 Dicaeopolin‚
1525 1895 1583 1924 495
1603 1901 1674 1933 sqq.
1699 1896 1774 1924 Pars
1791 1894 1819 1925 ei
1842 1895 1946 1933 favet,
1968 1905 2040 1936 pars
2067 1900 2262 1932 Lamachum

1284 1941 1396 1970 contra
1412 1947 1486 1970 eum
1506 1939 1662 1978 advocat,
1678 1942 1735 1972 557
1762 1949 1834 1981 sqq.
1853 1941 1974 1973 vicisse
1999 1951 2073 1974 eum
2092 1945 2238 1984 JudIcant
2250 1970 2261 1986 ,

1287 1986 1356 2014 626.
1373 1985 1493 2016 Acerbe
1514 1988 1693 2025 queruntur
1715 1994 1808 2017 senes
1825 1995 1859 2017 se
1879 1988 2200 2023 Marathonomachos
2213 1993 2262 2032 ju·

1283 2039 1403 2062 venum
1420 2032 1594 2063 subtilibus
1608 2032 1777 2063 calumniis
1791 2033 1824 2063 in
1839 2033 1964 2072 judicio
1987 2035 2213 2070 circumveniri
2229 2043 2261 2071 et

1282 2077 1413 2108 multari
1429 2088 1436 2108 :
1455 2078 1487 2109 id
1507 2080 1592 2110 certe
1606 2078 1781 2110 instituant
1804 2079 2013 2112 Athenienses
2026 2105 2034 2120 ‚
2059 2085 2094 2112 ut
2113 2092 2206 2116 senes
2221 2086 2261 2117 de

1282 2124 1414 2155 senibus
1426 2149 1434 2163 ‚
1452 2124 1492 2156 de
1505 2125 1678 2164 juvenibus
1694 2126 1832 2165 juvenes
1852 2129 2067 2167 cognoscant,
2083 2131 2258 2163 676-718.

1282 2171 1415 2202 Felicem
1429 2172 1605 2211 praedicant
1620 2172 1816 2212 Dicaeopolin
1832 2172 1864 2202 111
1884 2181 1963 2212 pace
1977 2182 2053 2213 sua,
2082 2178 2256 2210 836-859,

1281 2218 1424 2249 Eundem
1441 2217 1579 2257 probant
1601 2217 1687 2257 quod
1714 2218 1944 2257 sycophantam
1970 2218 2004 2249 in
2020 2224 2146 2253 Boeotos
2168 2223 2257 2255 aufe-

1281 2264 1415 2295 rendum
1433 2265 1586 2304 tradidit,
1604 2268 1779 2296 929-951.
1805 2266 1901 2295 Beant
1917 2273 1991 2296 eum
2002 2277 2012 2305 ς
2038 2266 2120 2298 bello
2141 2269 2259 2302 valedi-

1278 2312 1355 2341 cunt
1379 2312 1410 2341 et
1435 2310 1593 2341 mirantur
1621 2319 1656 2341 se
1682 2310 1845 2349 ignorasse
1868 2313 1983 2343 Pacem
2002 2321 2097 2351 quam
2122 2315 2257 2353 pulchra

1278 2356 1358 2388 facie
1376 2358 1436 2395 sit,
1451 2356 1544 2395 eique
1563 2366 1620 2397 per
1637 2361 1786 2388 Amorem
1803 2356 1891 2397 jungi
1916 2358 2074 2398 cupiunt,
2096 2360 2146 2391 vel
2164 2370 2256 2393 senes

1277 2403 1306 2434 ei
1328 2403 1421 2434 utiles
1442 2403 1561 2442 futuri,
1588 2406 1763 2435 971—999.
1780 2406 1877 2435 Beant
1900 2405 1930 2435 et
1950 2404 2124 2444 sapientem
2142 2407 2256 2440 dicunt

1278 2450 1485 2490 Dicaeopolin‚
1513 2453 1590 2482 1008
1609 2459 1696 2491 sqq„
1720 2454 1795 2482 1037
1813 2460 1899 2491 ,ςᾳᾳἸ
1928 2454 2140 2488 1143-1149.
2168 2455 2253 2486 Anti·

1276 2497 1402 2536 macho,
1421 2497 1570 2528 Psacadis
1592 2497 1673 2537 filio,
1691 2500 1795 2537 poetae
1810 2497 1910 2537 lyrico
1927 2500 1959 2528 et
1975 2497 2110 2536 chorago
2125 2501 2255 2534 sordide

1275 2552 1387 2583 parco,
1403 2543 1486 2575 mala
1500 2544 1736 2584 imprecantur,
1758 2546 1971 2576 1150—1173.
1990 2544 2185 2586 Dicaeopolin
2209 2549 2253 2579 vi-

1274 2593 1395 2622 ctorem
1408 2590 1440 2621 in
1456 2591 1537 2622 festo
1551 2590 1675 2622 choum
1691 2593 1841 2622 canentes
1855 2591 2064 2630 comitantur,
2090 2595 2167 2624 1228
2180 2603 2251 2635 sqq.

1234 2637 1411 2669 Achamica
1427 2641 1520 2668 Musa
1534 2660 1543 2676 ,
1561 2637 1640 2668 Ach.
1661 2641 1719 2669 665
1737 2646 1810 2678 sqq.
1825 2636 2004 2669 Acharnica
2017 2638 2134 2671 mulier
2148 2640 2252 2672 vimm

1271 2683 1394 2715 defodit
1407 2683 1468 2715 sub
1481 2683 1561 2714 solio
1572 2683 1781 2723 balneatorio‚
1801 2684 1931 2716 Thesm.
1948 2686 2007 2714 562
2024 2691 2089 2725 sq.‚
2104 2687 2252 2727 resficta
2313 2684 2316 2687 ’

1271 2730 1460 2762 secundum
1475 2731 1746 2770 Clytaemiiestrae
1755 2729 1912 2769 facinus.

1231 2777 1388 2808 Achelous
1400 2776 1599 2817 (simpliciter
1613 2776 1652 2807 (10
1665 2777 1774 2816 aqua),
1790 2779 1866 2816 Lys.
1881 2779 1953 2817 381,
1959 2778 2015 2816 fr.
2036 2782 2104 2810 130.

1230 2823 1403 2855 Acherdus
1415 2848 1424 2862 ‚
1434 2831 1548 2863 paqus
1563 2823 1673 2854 tribus
1689 2824 2005 2863 Hippothoontidis,
2024 2825 2116 2856 Eccl.
2134 2828 2204 2857 362.

1230 2869 1441 2900 Acherontius
1457 2869 1608 2909 scopulus
1624 2870 1779 2908 sauguine
1791 2878 1938 2908 manans,
1956 2873 2044 2902 Ran.
2062 2873 2132 2902 471.

1229 2916 1415 2947 Acherusia
1424 2916 1532 2955 palus
1543 2939 1553 2953 ,
1570 2918 1655 2946 Ran.
1679 2918 1747 2946 181.

1229 2963 1367 2994 Achillea
1383 2985 1391 3000 ‚
1412 2961 1541 2992 hordea
1551 2969 1646 3000 pura
1658 2963 1691 2992 et
1704 2963 1845 3001 optima,
1862 2963 1924 3000 Eq.
1943 2964 2013 2992 819.

1228 3008 1366 3040 Achilles
1393 3007 1552 3047 φαίδιμος,
1583 3014 1626 3037 ex
1660 3006 1823 3045 AEschylo
1837 3030 1846 3043 ,
1878 3008 1964 3037 Ran.
2001 3009 2072 3037 992.
2104 3007 2245 3039 Achilles

1270 3053 1436 3092 Phthiota,
1463 3052 1623 3092 AEschylus
1650 3054 1684 3083 in
1710 3052 2008 3091 Myrmidonibus,
2035 3055 2121 3085 Ran.
2153 3057 2243 3085 1264.

1269 3104 1360 3133 Eum
1375 3102 1487 3131 mater
1505 3099 1615 3130 Thetis
1630 3098 1858 3129 immortalem
1873 3098 2014 3130 reddere
2028 3099 2161 3131 volebat
2173 3103 2243 3139 iqni

1268 3148 1489 3188 impositum;
1514 3144 1573 3176 sed
1592 3144 1759 3183 impedita
1783 3146 1833 3175 est
1857 3152 1879 3175 a
1896 3145 2013 3183 Peleo,
2038 3146 2128 3177 Nub.
2153 3151 2240 3177 1068.

1267 3194 1414 3226 Achilles
1428 3193 1587 3224 vulnerat
1608 3190 1807 3230 Telephum,
1829 3190 1918 3222 ΝΜ).
1943 3194 2014 3222 922.
2032 3192 2161 3224 Occidit
2183 3195 2242 3232 Cy-

1267 3248 1387 3278 cnum,
1406 3239 1558 3278 Neptuni
1568 3236 1687 3276 silium
1703 3247 1711 3274 ;
1725 3236 1820 3277 apud
1839 3236 2039 3277 AEschyium
2056 3239 2090 3268 et
2113 3238 2240 3268 Pinda-

1268 3295 1364 3324 rum,
1394 3288 1478 3316 Ran.
1505 3286 1576 3315 963.
1606 3283 1742 3314 Achilles
1763 3282 1929 3314 obvelatus
1951 3282 2065 3314 sedens
2082 3283 2238 3323 silensque

1269 3331 1472 3364 introductus
1497 3329 1537 3360 ab
1565 3329 1706 3369 ‚iischylo
1734 3331 1769 3360 in
1791 3329 1983 3369 Phryqibus
2006 3329 2058 3361 vei
2081 3332 2237 3361 Hectoris
