2485 3808
900 225 1162 276 SCH-OLIA
1196 225 1254 263 ΙΝ
1292 226 1558 274 EQUlTES.

221 330 297 356 103³.
322 318 354 359 ἐς
382 311 586 352 τούπτάνιον
616 325 624 350 2

166 377 285 421 εἰπεῖν,
300 377 392 411 εἶπεν
406 376 452 414 εἰς
465 370 682 416 τούπτάνιον,
693 385 775 407 τιυτ
778 370 866 407 έστιν
883 372 929 412 εἰς
944 369 981 407 τὸ
993 371 1200 420 μαγειρεῖον.

221 445 299 470 1031.
329 431 461 480 νύκτωρ
476 429 537 471 τὰς
552 428 731 470 λοπάδας;

658 311 747 349 Ἀντὶ
776 314 834 348 τοῦ
856 312 912 348 ἐπὶ
932 311 972 349 τὸ
997 314 1198 364 πρυτανεῖον

746 425 830 465 Οτι
845 444 922 470 ὀυς
934 427 1053 480 εόρους
1067 443 1134 464 των
1147 443 1203 472 νη·

166 505 235 527 σων
256 504 314 526 και
330 490 398 525 τῶν
414 488 512 525 πόλει
502 503 548 524 ων
570 486 784 554 ἀφηρπαζεν.
806 487 850 528 ὡς
870 488 900 522 οἱ
929 485 1026 528 κύνες
1044 487 1073 522 οἱ
1094 487 1140 527 εἷς
1159 484 1202 521 τὰ

131 564 147 587 5
167 549 349 599 μαγειρεῖα
371 546 530 588 εἰσιόντες
553 544 787 596 περιλείχουσι
812 543 873 586 τὰς
892 543 1045 586 λοπάδας
1063 543 1123 580 καὶ
1142 542 1203 584 τὰς

165 606 314 658 γύτρας,
334 604 440 647 οὕτως
456 604 515 641 καὶ
536 607 553 641 ὁ
574 602 708 649 Κλέων,
726 602 784 639 ἐάν
805 618 836 639 τι
851 603 919 645 τοῖς
939 601 1122 648 νησιώταις
1137 616 1202 637 πε-

821 657 965 703 Ἄλλως.
987 659 1104 702 ἔπαιξε
1121 658 1204 709 πρὸς

167 723 206 760 τὸ
226 722 403 772 γινόμενον
424 720 491 758 ὑπὸ
507 723 573 757 τῶν
592 722 713 756 κυνῶν.
735 722 827 756 οὑτοι
848 717 914 786 γὰρ
934 716 1153 770 ἁρπάσαντές
1171 731 1204 753 τι

168 665 240 716 ριλε
246 667 343 715 ιφθη,
363 679 421 700 και
437 665 538 699 τοῦτο
554 660 739 711 λαμίάνει.

169 778 327 817 εἰώθασιν
345 781 390 822 εἰς
407 795 483 821 τους
499 777 684 829 ἡσυχίαν
666 792 805 828 εχοντας
821 776 945 819 τόπους
958 774 1206 827 ἀναγωρήσαν-

119 853 150 876 10
168 855 223 882 τες
243 839 480 890 ἐμφορεῖσθαι.

222 896 282 934 καὶ
301 912 361 939 τας
379 910 510 965 νησους
519 893 702 944 διαλείχων
726 907 734 931 :

169 952 319 1006 χύτρας,
340 953 422 1004 παρ’
443 950 604 988 ὑπόνοιαν
624 955 698 988 εἰπε
718 950 779 993 τὰς
798 948 939 995 νήσους,
959 947 1116 986 τουτέστι
1129 962 1206 990 τους

170 1015 232 1058 τῆς
251 1011 318 1049 πό)
320 1026 383 1054 εως
402 1009 526 1062 πόρους
541 1008 739 1061 διαρπάζων
756 1023 818 1046 και
839 1023 916 1051 τους
934 1007 1107 1054 νησιώτας
1127 1006 1204 1043 δια-

171 1069 284 1108 σείων.

122 1138 152 1163 15
228 1140 304 1166 1035.
333 1125 388 1177 [νὴ
409 1125 467 1163 τὸν
487 1124 646 1163 Ποσειδῶ
677 1137 686 1163 :
711 1123 808 1177 Πρὸς
823 1123 880 1162 τὸν
898 1122 1170 1170 ἀλλαντοπώλην
1191 1125 1208 1160 ὃ

171 1185 280 1236 λόγος.
300 1187 368 1222 τῶν
389 1184 418 1221 δ’
435 1183 511 1229 ἑξῆς
527 1181 657 1220 τούτων
676 1182 710 1227 ἓξ
728 1186 857 1235 στίχων
877 1185 895 1220 ὁ
912 1182 973 1232 μὲν
992 1182 1046 1229 α’,
1070 1182 1099 1233 β’
1122 1183 1208 1231 ἰαμ-

171 1242 273 1281 ὅικοί.
294 1245 325 1280 οἱ
346 1242 381 1280 δὲ
400 1241 517 1280 λοιποὶ
536 1241 702 1294 τέσσαρες
729 1240 939 1279 δακτυλικοί.
967 1240 1024 1278 ἐπὶ
1043 1243 1092 1292 τῷ
1117 1239 1210 1277 τέλει

169 1300 425 1354 παράγραφος]

225 1373 304 1399 10³8.
337 1360 478 1412 κώνωψι
499 1372 508 1399 :

118 1432 153 1457 20
170 1417 276 1469 λέγει.

225 1489 305 1515 1039.
335 1474 380 1519 ὦς
405 1491 443 1513 τε
471 1475 550 1527 περὶ
576 1474 739 1525 σκύμνοις

750 892 832 931 ζὈτι
850 891 926 928 ἀντὶ
945 895 1005 929 τοῦ
1026 892 1131 928 εἰπεῖν
1145 888 1207 932 τὰς

537 1361 621 1403 Τοῖς
648 1358 821 1412 ῥήτορσιν.
849 1358 954 1409 ἤγουν
979 1363 1049 1401 τοῖς
1076 1357 1210 1404 Μήδοις

767 1488 775 1513 :
801 1474 862 1519 Ὡς
882 1474 970 1513 λέων
996 1476 1210 1528 ὑπερμαχῶν

172 1533 348 1586 σκύμνων.

226 1605 307 1632 1040.
340 1598 455 1644 τεῖχος
480 1591 627 1639 ποιήσας
646 1590 776 1637 ξύλινον
801 1605 810 1630 :
834 1590 908 1635 Τὰς
925 1595 1008 1635 ναῦς
1027 1606 1124 1644 φησι.
1149 1607 1210 1641 με-

171 1649 342 1697 τέστησαν
363 1650 398 1688 85
416 1649 493 1688 τότε
513 1652 559 1694 εἷς
587 1652 786 1701 Σαλαμῖνα.
822 1644 920 1693 οὗτος
945 1648 980 1687 85
1008 1652 1025 1687 ὃ
1052 1649 1212 1702 χρησμὸς

119 1720 153 1745 25
173 1709 325 1753 ἐπιόντος
336 1724 396 1747 του
416 1708 596 1761 βαρὸάρου
614 1708 727 1755 ἐδόθη.
749 1708 960 1759 ἀγνοούντων
978 1708 1013 1746 85
1026 1710 1138 1746 αὐτων
1152 1708 1212 1746 καὶ

175 1767 390 1820 βουλομένων
416 1767 538 1819 ξυλίνῳ
561 1767 716 1819 τειχίσαι
740 1766 802 1837 τὴν
828 1766 928 1804 πόλιν
947 1767 1072 1827 τείχει,
1099 1768 1213 1817 Θεμι-

172 1827 317 1872 στοκλης
336 1828 354 1863 ὁ
374 1825 566 1878 στρατηγὸς
584 1825 711 1872 νοήσας
729 1824 788 1862 τὸν
807 1824 982 1878 χρησμὸν,
1003 1829 1078 1863 εἶπε
1101 1829 1243 1878 τεῖχος“

171 1883 233 1928 τὰς
250 1899 331 1928 ναυς
348 1882 471 1934 λέγειν.
489 1884 562 1922 ἐστὶ
580 1883 616 1922 85
638 1886 655 1921 ὁ
674 1883 832 1936 χρησμὸς

293 1973 394 2012 ἰ-,εῖχος
409 1972 583 2012 Τριτογενεῖ
597 1970 712 2006 ξύλινον
728 1971 807 2002 διδοῖ
819 1970 956 2011 εὐρύοπα
968 1971 1040 2006 Ζεὺς

119 2018 156 2044 30
296 2018 421 2059 [μοῦνον
436 2018 608 2059 ἀπόρθητον
621 2018 732 2049 τελέειν
747 2018 797 2049 διὰ
810 2017 959 2049 Παλλάδα
973 2018 1098 2059 κούρην.

116 2072 117 2076 ’
295 2065 338 2105 μὴ
354 2064 386 2095 δὲ
400 2063 439 2095 σύ
454 2063 483 2099 γ’
499 2064 674 2101 ἱπποσύνην
692 2065 807 2105 μενέειν
821 2065 873 2095 καὶ
887 2065 978 2100 πεζὸν
992 2064 1079 2095 ἰόντα
1088 2088 1098 2104 ,

294 2115 392 2142 νῶτον
409 2110 623 2151 ἐπιστρέψαις,
637 2111 681 2142 ἔτι
695 2111 754 2152 γάρ
766 2122 813 2142 τοι
830 2111 953 2147 κάντίος
970 2111 1069 2142 ἔσται.

297 2158 324 2189 ὦ
337 2157 403 2194 θείη
417 2157 553 2197 Σαλαμὶς
563 2180 572 2196 ,
588 2157 711 2193 ἀπολεῖς
729 2158 760 2189 δὲ
774 2158 813 2189 σὺ
828 2158 921 2189 τέκνα
934 2161 1103 2197 γυναικῶν,
1180 2174 1230 2184 ves

298 2204 379 2242 ἦπου
396 2204 598 2243 σκιδναμένης
615 2205 793 2245 Δημήτερος
807 2206 827 2242 ἢ
841 2204 1015 2241 συνιούσης.
1168 2197 1178 2211 χ
1188 2199 1207 2237 {f

123 2295 156 2320 35
226 2276 376 2328 πύργους
389 2276 548 2327 σιδηροῦς
570 2289 580 2315 :
601 2275 658 2314 Τὰ
677 2274 768 2314 οπλα
789 2276 912 2328 λέγει.]

229 2347 308 2373 1041.
338 2333 450 2385 [ταῦτ’
470 2331 538 2370 ἴσθ’
557 2332 640 2372 852:

177 2392 414 2439 ἀκατάληκτοι
429 2389 527 2431 δέκα.
542 2390 592 2444 ἐφ’
607 2394 654 2429 ων
669 2394 718 2445 τῷ
734 2390 825 2429 τέλει
838 2392 1077 2446 παράγραφος.
1081 2394 1095 2445 ]

237 2463 316 2489 1044.
349 2447 530 2488 Ἀντιλέων
556 2460 568 2489 :
599 2443 711 2493 Οὗτος
735 2450 882 2503 πονηρὸς
907 2452 1129 2504 κωμῳδεῖται
1159 2468 1220 2490 και

176 2508 450 2568 πολυπράγμων.
466 2506 668 2560 προειρήκει
687 2506 723 2546 85
742 2510 760 2545 ὃ
776 2507 899 2547 Κλέων
915 2509 994 2547 ἀντὶ
1010 2525 1070 2547 του
1085 2509 1221 2555 λέοντος

125 2582 160 2608 40
178 2567 274 2604 αὐτῶ
294 2569 380 2604 εἶναι
399 2564 523 2619 φύλαξ.

232 2637 313 2664 1046.
343 2625 506 2678 σιδηρουν
525 2624 640 2677 τεῖχός
655 2627 729 2664 ἐστι
747 2625 806 2664 καὶ
826 2625 957 2670 ξύλινον
975 2640 984 2666 :
1002 2627 1092 2666 Ἀντι
1105 2631 1165 2667 τοῦ
1181 2630 1222 2668 ἐκ

178 2681 286 2727 ξύλων
306 2683 466 2735 σιδηρῶν.
482 2705 535 2713 -·
549 2683 720 2736 γράφεται
738 2685 798 2722 καὶ
817 2683 962 2729 ξύλινον.
989 2699 1030 2728 v.
1057 2685 1164 2731 ουτως
1182 2687 1221 2725 τὸ

179 2739 266 2787 ἑξῆς.
277 2739 412 2792 [σώζειν
428 2740 464 2778 δὲ
477 2770 488 2791 ,
503 2741 700 2794 φυλάττειν.
721 2743 816 2792 (1050)
831 2744 908 2780 τελε
894 2747 1004 2781 εῖσθαι
1025 2743 1061 2782 δέ
1080 2760 1165 2798 φησι
1177 2744 1222 2783 τὰ

178 2796 315 2849 λόγιαξ
297 2814 343 2841 ως
363 2797 465 2836 αὐτὸν
485 2800 673 2849 δεσμευσαι
697 2798 931 2851 βουλόμενος.]

129 2883 162 2908 45
235 2867 314 2893 1049.
341 2855 628 2909 πεντεσυρίγγῳ;
655 2857 805 2896 Πέντε’
788 2857 876 2901 οπὰς
896 2857 1030 2909 ἔχοντι,
1054 2859 1098 2896 δι’
1120 2854 1167 2898 ὧν
1190 2860 1225 2898 οἵ

181 2926 218 2948 τε
237 2911 338 2955 πόδες
355 2913 415 2950 καὶ
434 2915 469 2951 αἱ
488 2917 601 2967 χεῖρες
620 2915 679 2952 καὶ
700 2918 718 2953 ὁ
737 2914 913 2967 τράχηλος
933 2916 1150 2957 ἐνεὸάλλετο.
1169 2942 1221 2949 --

181 2968 275 3020 λέγει
293 2967 330 3007 δὲ
347 2968 409 3016 τὴν
427 2972 638 3020 ποδοκάκην.
657 2974 703 3012 Θ.

238 3040 318 3066 1050.
347 3028 423 3066 ἀντὶ
439 3033 498 3067 τοῦ
517 3030 584 3077 ἤδη
602 3031 782 3081 δεσμεύσω
801 3032 915 3071 αὐτόν.
935 3034 982 3072 Θ.

238 3096 316 3122 1051.
345 3083 427 3158 [μὴῗ
433 3085 552 3124 πείθου
577 3101 587 3127 :
611 3091 658 3128 Οἱ
679 3089 754 3137 ἑξῆς
773 3094 867 3129 οὗτοι
887 3091 1000 3144 στίχοι
1022 3093 1222 3133 δακτυλικοί

133 3174 168 3199 50
185 3143 252 3179 εἶσι
279 3140 375 3179 δέκα.
401 3145 448 3180 ὧν
477 3143 534 3180 ἐπι
555 3160 604 3196 τῳ
623 3145 714 3184 τέλει
734 3147 973 3202 παράγραφος.
1001 3151 1156 3203 κορώνας
1185 3151 1222 3190 δέ

186 3213 270 3251 φησι
294 3197 372 3241 τους
395 3199 553 3251 ἐχθρους,
578 3203 698 3240 ἑαυτὸν
723 3204 858 3257 ἱέρακα.
878 3213 1058 3259 κορακῖνος
1078 3209 1114 3247 δὲ
1136 3204 1222 3254 εἶδος

186 3254 315 3307 ἰχθύος.
329 3255 447 3300 ἔπαιξε
461 3257 531 3294 85’
512 3273 587 3295 αντι
609 3274 668 3297 του
682 3261 831 3313 κούρους.
836 3264 850 3314 ]

243 3326 321 3352 1053.
353 3313 522 3359 συνδήσας
541 3317 636 3353 Λακε
623 3318 854 3367 εδαιμονίων·
845 3351 854 3359 .
878 3321 990 3360 Πάλιν
1010 3323 1072 3369 τὴν
1093 3326 1220 3379 ἀναφο-

188 3370 251 3423 ρὰν
280 3377 428 3409 ποιεῖται
451 3372 507 3410 ἐπι
527 3372 589 3419 τὴν
609 3372 726 3413 Πύλον
747 3392 805 3414 και
824 3394 886 3423 την
907 3381 1133 3433 Σρακτηρίαν
1161 3384 1219 3421 καὶ

661 2333 723 2372 Εν
749 2334 826 2372 ἐκθέ
810 2350 880 2372 <551
898 2335 1021 2386 ἴαμὸοι
1040 2336 1227 2418 τρίμετροὶ
1251 2360 1291 2402 λ»
1402 2372 1466 2404 ἔστι
1480 2373 1581 2410 Πύλος
1596 2374 1655 2415 πρὸ
1671 2375 1805 2415 Πύλοιο,
1820 2377 1920 2413 Πύλος
1937 2389 1971 2418 γε
1985 2379 2038 2419 μέν
2053 2379 2118 2411 ἐστι
2132 2381 2184 2411 καὶ
2198 2380 2286 2418 omn.

2248 234 2294 265 651

1264 311 1339 355 τοὺς
1360 311 1602 363 αἰχμαλώτους
1627 311 1702 355 τοὺς
1722 312 1765 358 τ’,
1793 312 1847 354 οὒς
1868 311 1972 349 ἔλαθε
1994 312 2216 361 Δημοσθένης
2242 313 2299 350 ἐπὶ

1263 370 1425 408 Σικελίαν
1444 369 1567 417 ἀπιὼν,
1589 371 1697 420 ἤγαγε
1718 370 1752 408 85
1771 371 1904 409 Κλέων.

1319 441 1396 466 1054.
1427 429 1713 481 παρεκινδύνευσε
1741 443 1748 467 :
1778 429 1909 480 Πέρυσι
1932 428 1999 481 γὰρ
2029 431 2200 481 ὑπέσχετο
2227 432 2296 471 τοῖς

1264 485 1452 531 Ἀθηναίοις
1469 489 1485 522 ὃ
1504 487 1625 524 Κλέων
1642 489 1859 537 κατορθῶσαι
1877 487 1934 524 τὀν
1952 489 1985 524 ἐν
2007 490 2048 538 τῇ
2067 488 2175 540 Πύλῳ
2192 488 2299 525 πόλε-

1265 559 1327 593 μον
1355 544 1417 586 ἕως·
1442 547 1581 595 ἡμερῶν
1608 546 1653 583 κ’.
1681 545 1740 582 καὶ
1768 546 2010 595 θαυμάσαντες
2038 546 2163 589 πάντες
2185 546 2300 596 ἔλεγον
2321 552 2337 575 5

1266 600 1368 638 αὐτὸν
1390 601 1537 650 μεθύειν.
1553 602 1610 638 καὶ
1626 602 1839 648 Θουκυδίδης
1856 602 1891 639 δέ
1912 619 2015 655 φησιν
2036 610 2083 651 [1,
2102 609 2170 650 25J,
2190 603 2242 641 ὅτι
2258 607 2302 655 τῇ

1265 659 1411 711 ἀπονοία
1437 662 1496 706 τῆς
1522 659 1742 710 ὑποσχέσεως
1770 659 1963 710 ἐθαύμαζον
1991 665 2021 700 οἱ
2047 663 2219 709 Ἀθηναῖοι
2244 663 2304 699 καὶ

1265 715 1404 766 ἐγέλων.

1321 788 1396 812 1055.
1430 774 1628 826 Κεκροπίδη
1662 789 1669 813 ;
1703 775 1786 813 Ἀπὸ
1816 775 1999 828 Κέκροπος
2025 781 2084 815 τοῦ
2105 778 2242 831 διφυοῦς
2266 779 2302 817 τὸ

1265 831 1360 882 γένος
1376 832 1550 883 κατάγων.
2328 854 2360 877 10

1322 904 1400 928 1056.
1431 890 1490 928 καί
1507 906 1544 927 κε
1559 890 1644 940 γ·υιὴ
1662 906 1702 942 ''1''-
1689 891 1782 943 ’ροιζ
1802 891 1874 930 ‘²11
1867 892 1999 945 ιστορία
2016 897 2134 932 τουτον
2133 895 2208 982 μτὸν
2224 895 2305 946 τρό-

1267 963 1330 985 πον
1354 947 1440 1000 ἔχει.
1462 947 1514 986 ὅτι
1536 948 1731 1001 διεφέροντο
1747 950 1826 1003 περὶ
1847 953 1914 988 τῶν
1932 951 2153 1003 ἀριστείωνὸ
2170 969 2204 990 τε
2220 934 2306 995 Αιῖας

1268 1006 1327 1044 καὶ
1347 1009 1364 1043 ὁ
1384 1006 1591 1053 Ὀδυσσεὺς,
1617 1006 1662 1051 ὥς
1687 1024 1790 1058 φησιν
1810 1012 1827 1046 ὁ
1845 1025 1908 1055 την
1935 1009 2060 1062 μικρὰν
2088 1010 2222 1049 Ἰλιάδα
2244 1026 2287 1048 πε

1267 1064 1431 1110 ποιηκώς.
1450 1065 1508 1102 τὸν
1530 1065 1689 1117 Νέστορα
1709 1065 1744 1104 85
1769 1067 2028 1116 συμὸουλεῧσαι
2057 1073 2126 1111 τοῖς
2152 1068 2306 1114 Ἕλλησι

1268 1122 1406 1175 πέμψαι
1419 1123 1513 1167 τινὰς
1529 1123 1562 1168 ἐξ
1581 1125 1693 1161 αὐτῶν
1709 1125 1775 1163 ὑπὸ
1791 1125 1835 1162 τὰ
1851 1125 1952 1177 τείχη
1967 1127 2035 1163 τῶν
2049 1126 2195 1178 Τρώων,
2215 1128 2305 1164 ὠτα-
2331 1143 2360 1166 15

1268 1182 1522 1227 κουστήσοντας
1554 1182 1632 1234 περὶ
1660 1199 1722 1229 της
1759 1184 1916 1256 ἀνδρείας
1944 1200 2012 1222 τιιν
2044 1185 2306 1237 προειρημένων

1269 1237 1403 1290 ἡρώων.
1423 1254 1500 1282 τους
1520 1239 1554 1277 85
1578 1256 1621 1278 πε
1625 1241 1794 1293 μειωθέντας
1815 1244 1961 1280 ἀκουσαι
1981 1243 2159 1317 παρθένιικν
2187 1245 2309 1297 διαιρε-

1271 1296 1424 1349 ρομένων
1449 1297 1534 1351 πρὸς
1560 1280 1726 1345 ἀλλήλας.
1755 1304 1802 1337 ὡν
1829 1316 1891 1347 την
1914 1300 1976 1350 μὲν
1995 1300 2108 1351 λέγειν
2128 1304 2174 1345 ὡς
2194 1305 2211 1339 ὁ
2226 1303 2310 1347 Αἴας

1269 1354 1358 1393 πολυ
1386 1355 1552 1407 κρείττων
1577 1358 1648 1394 ἐστὶ
1672 1361 1732 1396 τοῦ
1753 1357 1971 1405 Ὀδυσσέως,
1994 1359 2219 1412 διερχομένην
2253 1361 2311 1400 οὔ-

1270 1429 1352 1459 τως,
2331 1438 2365 1461 20

1388 1478 1463 1515 Αἶας
1481 1479 1533 1519 μὲν
1550 1480 1609 1521 γὰρ
1625 1480 1705 1512 ἄειρε
1723 1482 1775 1512 καὶ
1792 1482 1898 1522 ἔκφερε
1911 1482 2072 1519 δηϊοτῆτος

1394 1527 1458 1567 ἥρω
1472 1527 1638 1566 Πηλείδην,
1653 1528 1716 1560 οὐδ’
1726 1529 1812 1566 ἤθελε
1827 1529 1888 1564 δῖος
1903 1529 2083 1564 Ὀδυσσεύς.

1271 1589 1334 1637 τὴν
1349 1593 1377 1630 δ’
1395 1592 1513 1645 ἑτέραν
1528 1595 1699 1633 ἀντειπεῖν
1715 1596 1858 1642 Ἀθηνᾶς
1870 1595 2016 1649 προνοία

1395 1671 1460 1703 πῶς
1475 1668 1682 1709 ἐπεφωνήσω;
1697 1675 1762 1707 πῶς
1775 1672 1811 1703 οὐ
1827 1683 1908 1702 κατα
1924 1671 2043 1711 κόσμον
2061 1669 2156 1708 ἔειπες

1395 1714 1522 1753 415ῦοοᾨ
1492 1738 1523 1752 ,

1273 1777 1372 1812 τοῦτο
1389 1774 1443 1821 δὲ,
1457 1774 1547 1812 ἵνα
1529 1786 1563 1813 οε
1568 1775 1618 1828 ίξῃ
1634 1779 1680 1820 ὡς
1693 1779 1951 1828 Δημοσθένους,
1969 1783 2006 1819 οὐ
2021 1786 2080 1820 τοῧ
2097 1781 2257 1823 Κλέωνος
2274 1779 2313 1816 τὸ

1274 1832 1495 1885 κατόρθωμα.
1586 1832 1730 1904 Ἄλλως.
1749 1841 1850 1875 τοῦτο
1864 1854 1903 1876 εκ
1914 1843 1973 1877 τοῦ
1990 1841 2129 1879 Κύκλου
2147 1839 2313 1878 ἀοείλκυ-

1275 1906 1366 1930 σται.
1381 1891 1519 1962 λέγεται
1534 1892 1568 1930 85
1581 1893 1649 1930 ἀπὸ
1664 1897 1730 1931 τῶν
1740 1895 1927 1947 Τρῳάδων,
1943 1901 2158 1970 κρινουσῶωιν
2142 1898 2198 1935 τὸν
2213 1896 2315 1935 Αἴαν-

1274 1965 1318 1987 τα
1334 1949 1394 1987 καὶ
1406 1950 1464 1988 τὸν
1484 1951 1671 1989 Ὀδυσσέα.
1688 1951 1826 2003 λέγεται
1841 1953 1895 2001 85,
1915 1971 1968 1992 οτι
1984 1972 2021 1994 ου
2042 1957 2080 1994 τὸ
2094 1973 2152 1995 του
2170 1956 2316 1995 Αἴαντος

1276 2006 1386 2060 ἔργον,
1407 2008 1497 2047 ἀλλὰ
1512 2010 1552 2048 τὸ
1567 2014 1626 2048 τοῦ
1641 2011 1851 2056 Ὀδυσσέως.
1863 2029 1974 2052 ταυτα
1993 2015 2027 2053 85
2043 2016 2135 2066 λέγει
2153 2015 2209 2053 διὰ
2222 2015 2264 2053 τὰ
2282 2017 2315 2052 ἐν
2336 2026 2369 2052 30

1277 2065 1404 2119 Πύλῳ,
1429 2066 1450 2104 ἃ
1471 2068 1694 2118 Δημοσθένης
1721 2069 1782 2120 μὲν
1811 2072 2018 2124 προηνυσεν,
2041 2078 2138 2117 ουτος
2166 2074 2201 2112 85
2228 2075 2317 2112 ἰδιο-

1275 2139 1456 2170 ποιησατο.

1332 2196 1411 2221 1058.
1435 2184 1502 2235 πρὸ
1519 2184 1639 2223 Πύλου
1653 2185 1799 2225 Πύλονε
1817 2187 1912 2240 Πρὸς
1927 2188 1989 2235 τὴν
2006 2189 2235 2237 κατάληξιν”
2216 2206 2318 2228 επαι-

1165 2235 1227 2310 ξς
1221 2233 1225 2262 f
1278 2239 1384 2288 ξεν,”’
1363 2256 1415 2278 οτι
1431 2241 1485 2279 ἀεὶ
1505 2242 1701 2295 προσκορής
1717 2245 1790 2281 ἐστι
1809 2246 1889 2297 περὶ
1907 2246 2027 2285 Πύλου
2047 2247 2169 2299 λέγων.

1332 2312 1410 2337 1059.
1441 2299 1514 2337 ἔστι
1534 2299 1677 2344 Πύλος
1697 2304 1768 2340 Γ
1733 2317 1811 2341 ουτο
1830 2305 1989 2355 χρησμός
2006 2306 2098 2344 ἐστιν
2337 2316 2370 2340 3⁵

1334 2449 1414 2476 1060.
1443 2436 1505 2480 τὰς
1516 2437 1684 2481 πυελουςῑ
1700 2437 1762 2477 Ἤ
1752 2454 1832 2490 γουν
1847 2439 1908 2484 τὰς
1921 2441 2098 2492 ἐμὸάσεις.
2115 2443 2241 2488 πύελος
2253 2444 2319 2496 γὰρ

1279 2490 1436 2546 ὄρυγμα,
1462 2494 1619 2544 ἐμῦατὴ,
1643 2495 1721 2534 ἔνθα
1742 2496 1986 2538 ἀπολούονται.
2007 2500 2083 2538 ἀντὶ
2104 2505 2182 2549 τοῦ,
2203 2502 2300 2549 τὴν’
2285 2519 2318 2540 εν

1280 2549 1392 2607 Πύλῳ
1407 2552 1530 2606 πρᾶξιν
1550 2554 1803 2604 Δημοσθένους.

1335 2601 1413 2648 1066.
1439 2613 1457 2649 ὁ
1488 2612 1607 2661 μισθὸς
1637 2613 1889 2660 ἀποδοθησεται
1922 2628 1931 2654 ;
1964 2615 2045 2667 [Ως
2074 2633 2135 2655 του
2162 2605 2373 2662 Κλέωνοςᾼιο

1281 2670 1564 2722 ἀποστεροῦντος.
1593 2672 1626 2708 ἐν
1654 2671 1786 2709 ἐκθέσει
1813 2673 1842 2709 δ’
1869 2672 2051 2723 ἴαμ6οι”’
2017 2690 2063 2719 ες.
2085 2676 2142 2713 ἐπὶ
2161 2693 2210 2714 τι)
2228 2678 2320 2715 τέλει

1281 2725 1576 2783 παράγραρος.]”
1558 2729 1674 2773 επαιξε
1660 2728 1726 2767 85
1738 2746 1787 2767 τι)
1801 2730 1961 2780 ὀνόματι,
1978 2731 2032 2770 διὰ
2047 2733 2086 2770 τὸ
2101 2749 2251 2786 συνεχως
2261 2752 2321 2782 της

1283 2784 1402 2825 Πύλου
1421 2789 1620 2836 μεμνῆσθαι
1632 2787 1689 2825 τὸν
1704 2787 1780 2825 Κλ
1763 2804 1865 2826 εωνα.

1336 2857 1417 2882 1067.
1443 2843 1587 2894 Αἰγείδη
1616 2844 1801 2897 φράσσαιῖ
1830 2846 1892 2884 Ἐν
1921 2847 2050 2885 ἐκθέσει
2077 2864 2190 2887 επικοι
2217 2856 2318 2902 τρεῖς.

1281 2900 1355 2951 [ε’πι
1367 2903 1416 2953 τῷ
1431 2900 1521 2938 τέλει
1533 2902 1771 2955 παράγραφος.
1777 2904 1824 2953 ]’
1806 2903 1874 2940 απὸ
1888 2902 1923 2940 85
1936 2920 2003 2941 των
2016 2905 2048 2956 β’
2063 2906 2157 2958 ζώων
2172 2908 2351 2946 διαὸάλ-
2340 2924 2372 2949 4.»

1280 2959 1334 2996 λει
1347 2959 1404 2997 τὸν
1421 2959 1496 2998 Κλ
1479 2976 1568 2997 εωνα
1579 2963 1647 3007 ,ὡς
1662 2962 1785 3007 ἀναιδῆ
1802 2977 1861 2998 και
1877 2966 2082 3015 πανοῦργον.

1335 3017 1400 3067 [μή
1421 3032 1460 3055 σε
1476 3017 1613 3069 δολώσῃ
1633 3031 1642 3057 1
1661 3018 1721 3064 Μή
1740 3034 1778 3056 σε
1795 3019 1884 3072 δόλῳ
1904 3020 2068 3074 ὕπέλθῃ.]

1337 3087 1419 3113 1068.
1449 3074 1635 3127 λαίθαργον
1658 3088 1666 3114 :
1688 3076 1880 3129 Ααίθαργοι
1902 3078 2000 3122 κύνες
2023 3080 2183 3132 λέγονται
2200 3085 2235 3120 αἱ
2256 3084 2318 3120 λά-

1281 3134 1345 3184 θρα
1364 3147 1569 3184 προσιουσαι
1587 3133 1645 3171 και
1666 3133 1864 3174 δάκνουσαι.
1886 3135 2064 3189 πολύιδριν
2094 3139 2154 3190 85,
2176 3139 2227 3177 ὅτι
2251 3157 2316 3179 πο-

1280 3188 1437 3241 λύπειροι
1454 3190 1489 3226 αἱ
1507 3188 1696 3234 ἀλώπεκες.
1715 3207 1775 3229 και
1792 3194 1966 3246 παροιμία
2337 3210 2369 3233 5¹}

1424 3262 1512 3293 πόλλ’
1524 3263 1580 3294 οἶδ’
1595 3264 1739 3303 ἀλώπηξ,
1754 3266 1818 3296 &ox
1830 3266 1880 3307 ἐχι
1880 3278 1929 3303 νςο
1946 3268 1976 3298 ἓν
1991 3269 2079 3308 μέγα.

1281 3322 1377 3377 παρὰ
1395 3323 1429 3361 δὲ
1450 3322 1512 3369 τὴν
1536 3325 1724 3377 παροιμία-ν
1746 3326 1880 3375 ἔπαιξε,

1427 3398 1541 3434 σαίνεις
1556 3398 1712 3431 δάκνουσα
1726 3402 1778 3432 καὶ
1797 3402 1878 3433 κύων
1894 3403 2053 3443 λαίθαργος
2072 3406 2108 3435 εἷ.
