2549 3808
326 191 368 217 ιν
1219 173 1484 212 PRAEFATIO

326 267 482 316 puerilis
511 264 757 302 institutionis
786 275 914 299 caussa
941 262 1116 299 -sciibcre
1148 260 1336 307 solebant,
1402 261 1515 308 (caret
1532 261 1630 297 enim
1649 260 2052 311 Tliesmoplioriazusis
2070 269 2106 296 et
2125 261 2367 311 Lysistrata),
2387 277 2412 302 a

327 324 427 361 vetut
447 323 493 360 de
509 322 791 359 constructione
813 319 930 356 verbit
950 324 1154 369 κατηγορεῖν
1178 318 1224 354 ad
1241 319 1335 354 Plut.
1399 321 1527 354 Marco
1541 322 1700 355 Mnsuro
1716 320 1885 356 Cretensi
1907 326 2048 364 curata,
2069 319 2133 367 qui
2153 319 2280 355 hocin
2295 333 2414 370 opere

327 395 423 430 919,
455 380 502 418 de
532 379 650 416 verbo
677 379 768 428 ὀχεῖν
790 377 835 413 ad
852 381 943 414 Ran.
968 379 1040 423 23,
1076 371 1122 412 ‹l'e
1143 375 1339 413 Centauris
1398 374 1528 410 eadem
1549 385 1719 412 versatus
1743 384 1799 413 est
1828 376 1978 413 levitate
2009 389 2120 425 quam
2153 390 2200 412 ex
2227 376 2411 415 Athenaeo

325 440 416 476 ibid.
439 439 497 475 38.
519 439 749 474 Glossemata
771 435 1026 472 interlinearia
1043 434 1197 483 copiosa
1211 432 1339 478 habet,
1398 440 1435 468 et
1455 436 1553 480 IIesy
1557 432 1641 469 chio
1660 442 1720 470 tui
1724 435 1822 483 pitcr
1839 435 1885 471 ab
1901 450 1945 472 eo
1964 435 2204 484 interpolatis
2222 437 2412 485 counitam

325 510 406 545 qnae
443 496 488 532 ad
521 495 672 531 Plutum
703 493 938 542 frequentius
973 507 1085 542 quam
1116 491 1160 528 ad
1197 499 1339 527 ceteras
1369 495 1373 519 ¹
1399 491 1778 542 habemus.1psede
1796 507 1912 543 opera
1935 496 1971 531 in
1991 495 2146 531 scholiis
2166 494 2214 530 ab
2235 509 2273 530 se
2290 496 2415 544 posita

326 553 469 589 fabulas
488 552 650 602 apposui
665 581 673 596 ,
695 564 909 600 quanquam
936 551 975 586 in
991 551 1050 586 liis
1071 563 1224 599 quoque
1245 548 1337 585 nihil
1369 522 1373 573 l
1399 549 1478 586 h‘ec
1501 562 1621 598 pauca
1640 551 1795 587 tiadidit
1822 553 1858 588 in
1889 553 2110 602 przaefitione
2141 567 2149 588 :
2176 570 2189 584 τι
2203 552 2258 590 'lte
2281 552 2311 589 δ’
2328 555 2415 589 ὑπο-

325 612 434 648 omisi
450 611 552 661 quod
576 611 651 646 ullo
672 609 786 646 modo
804 611 895 646 utile
911 623 991 646 esse
1009 618 1148 659 posset.
1170 611 1212 644 Iu
1229 608 1339 643 Pluto
1401 622 1566 657 μνηυ.ατοι
1586 607 1686 644 ταυτὶ
1711 609 1769 645 καὶ
1789 609 1893 647 πόιοιι
1913 611 2041 647 ποἸλοῧ
2069 611 2127 647 καὶ
2159 610 2283 662 χρόνου
2309 611 2416 648 ἐδεῖτο

325 683 400 706 non
417 683 551 720 pauca,
567 682 652 717 quae
664 669 971 705 Hemsterliusius
989 681 1035 704 ex
1049 669 1126 703 suis
1143 665 1340 703 codicibus

326 729 451 765 minus
471 727 680 764 emendatis
702 726 894 773 ediderat,
917 726 1067 762 correxi
1084 734 1121 762 et
1144 725 1340 768 nonnulla,

325 801 410 836 quae
431 787 484 823 illi
505 785 786 836 inexplicabilia
807 785 1061 831 videbantur,
1096 783 1341 821 Laurentiani

326 845 413 882 libri
448 859 520 895 ope
555 844 743 894 expedivi.
780 844 976 881 Vocabula
1006 842 1342 880 Graeco—barbara

327 904 397 940 aevi
415 904 527 953 longe
547 917 659 952 quam
684 906 884 940 Ravennas
902 911 939 939 et
957 906 1124 938 Venetus
1155 901 1342 937 inferioris

327 964 467 1013 passim
493 963 627 1009 infert,
653 971 693 999 ut
715 961 899 1014 τριτζέριον
924 962 971 999 ad
993 963 1087 999 Plut.
1112 975 1182 1008 172
1199 991 1207 1008 ,
1225 969 1262 998 et
1284 963 1344 1004 ζα-

328 1020 539 1071 ρομάγουλον
562 1021 653 1058 ibid.
677 1023 761 1058 266.

380 1080 636 1115 Laurentiano
657 1080 775 1116 altero
791 1081 859 1130 (F.)
884 1094 972 1117 usus
993 1094 1075 1117 sum
1097 1079 1141 1116 ad
1158 1078 1344 1115 Ecclesia-—

327 1150 446 1174 zusas.
477 1141 649 1174 Lacunas
669 1137 782 1174 habet
803 1153 878 1175 non
908 1152 1044 1188 paucas
1065 1147 1101 1174 et
1123 1137 1213 1174 nihil
1243 1150 1343 1186 prae-

325 1194 411 1232 buit
436 1196 539 1245 quod
557 1209 632 1232 non
660 1210 680 1233 e
710 1201 931 1234 Ravennate
955 1199 1032 1247 peti
1066 1197 1244 1246 potuerit.
1280 1199 1345 1232 Est

327 1255 546 1291 chartaceus
566 1255 683 1291 seculi
704 1257 827 1304 quarti
844 1256 991 1292 decimi.
1012 1259 1145 1291 Insunt
1164 1261 1344 1304 praeterea

327 1312 464 1350 fabulae
481 1313 650 1362 quinque
665 1342 673 1358 ,
696 1314 761 1350 sed
779 1315 869 1364 ipsse
892 1326 1043 1363 quoque
1061 1314 1153 1351 locis
1174 1313 1345 1363 plurimis

328 1370 507 1414 desectae,
535 1372 794 1408 Aeliaruenses
811 1402 821 1420 ,
851 1372 1027 1421 Equites,
1052 1377 1172 1416 Aves,
1201 1374 1344 1419 Vespae,

328 1431 407 1465 Pax
426 1458 435 1474 ,
479 1442 564 1465 cum
603 1429 835 1466 scholiorum
880 1431 1070 1479 excerptis
1103 1429 1346 1465 vitiosissime

329 1488 479 1538 sciiptis
508 1496 544 1524 et
575 1487 667 1524 nihil
694 1502 852 1538 usquam
874 1488 965 1525 boni
997 1487 1345 1552 suppeditantibus,

330 1546 432 1594 quod
463 1559 539 1581 non
573 1558 617 1581 ex
649 1544 754 1581 libris
786 1545 1068 1596 antiquioribus
1093 1545 1140 1582 ab
1171 1559 1228 1582 ine
1251 1548 1345 1582 sumi

331 1604 511 1653 potuetit.

1401 681 1547 718 μακρου,
1573 665 1603 702 εί
1624 682 1674 709 τις
1692 667 1778 703 αὐτὰ
1789 667 1872 719 'ii-pb:
1891 667 1930 704 τὸ
1957 669 2012 706 35¹)
2013 684 2083 706 τιον
2098 669 2270 722 ἐγχειροίη
2284 673 2416 745 ιιεθαρ-

1403 726 1577 776 μάσασθαι
1610 742 1744 777 σχηςιοι..
1782 732 1829 764 ὡν
1866 728 2008 780 θατέρου
2039 728 2099 778 μὲν
2129 730 2416 781 ἔπεκρατήσαμεν

1401 784 1514 822 miton
1543 785 1733 837 κρείττονος
1760 803 1781 831 η
1811 786 1935 838 φέρειν.
1968 803 2048 840 περι
2079 788 2194 826 στενὸν
2215 788 2252 826 δέ
2276 787 2335 839 μὀι
2356 802 2419 826 κο-

1403 844 1487 894 μιδτ
1509 841 1550 880 τὰ
1570 847 1627 880 τοῦ
1641 843 1764 895 [adv-0)
1782 844 1922 891 συνέοη.
1945 847 1982 882 οὐ
2005 844 2070 897 γὰρ
2094 845 2196 896 μόνον
2213 845 2273 888 τὰς
2292 847 2349 892 ἐξη
2353 846 2417 896 ,Γή-

1402 917 1440 938 σε
1446 917 1471 943 ις
1500 917 1578 938 συνε
1585 901 1664 954 ίοειν
1693 903 1815 954 ἠργο)
1806 902 1987 953 ἰὅήο-αιιεν
2013 903 2216 956 πεῡυρμένα
2242 904 2349 951 τέως,
2374 907 2420 947 ὡς

1403 958 1477 996 ἴστε
1501 975 1565 997 που
1587 960 1644 996 καί
1669 960 1776 1007 αὐτοὶ,
1799 959 1886 997 ἀλλὰ
1907 962 1965 999 καὶ
1986 962 2201 1006 τυπωθείσας
2218 963 2285 1009 ’ἤδη
2304 965 2420 1000 ἐπετε-

1403 1017 1588 1068 τράμμεθα
1610 1019 1761 1070 διορθοῦν
1776 1032 1783 1038 ’
1808 1022 1842 1056 αἱ
1867 1020 1900 1056 δὲ
1926 1022 1994 1057 τῶν
2027 1021 2283 1073 χαλκογροὶςιων
2305 1021 2420 1074 ἆμαρ-

1404 1091 1432 1111 ’t‘
1426 1077 1473 1112 {ut
1496 1075 1628 1125 κάρηνᾶ
1650 1078 1716 1114 εἷο-ι
1738 1078 1776 1114 Ἰε
1782 1083 1879 1129 Ι,ινοιῖοι
1898 1094 1959 1124 της
1988 1080 2208 1131 παἸιμφυοῧς
2229 1078 2330 1131 υὸροις
2355 1095 2421 1117 πο-

1405 1134 1603 1172 ἸυπἸοκώτε
1610 1151 1651 1188 ισοι
1688 1137 1747 1173 καὶ
1781 1139 1842 1182 τῆς
1867 1136 1986 1174 Idaeo>
2025 1137 2222 1190 ἐπικουρίας
2260 1137 2418 1187 δεόμενα.

1404 1189 1474 1243 ὅσῳ
1493 1193 1558 1242 γὰο
1579 1192 1628 1236 ἐξε
1633 1195 1817 1241 κόπτομεν,
1831 1195 1961 1232 τοσιιδε
1978 1195 2115 1236 πὶείους
2139 1197 2255 1244 ἡμῖν’
2238 1195 2422 1233 ανειιύοντο

1405 1264 1462 1286 ’.ο-5
1474 1252 1512 1287 τὸ
1530 1249 1591 1287 ιιὲν
1613 1251 1855 1299 ιιετοιοοὶἸἸειν,
1871 1252 1910 1289 τὸ
1927 1251 1963 1289 δὲ
1977 1252 2210 1303 προστιθέναι,
2221 1254 2260 1291 τὸ
2281 1254 2310 1290 δ’
2325 1256 2424 1305 ἀφαι-

1407 1311 1538 1359 ρεῖσθοιι
1557 1325 1624 1345 ‘toa
1641 1311 1819 1360 στοιχείων
1844 1311 2010 1362 ἀφοριιαί.
2025 1331 2038 1345 ιι
2060 1311 2133 1348 Et
2123 1325 2162 1348 lu
2180 1313 2252 1349 fine
2266 1294 2423 1362 Aviiim,

1406 1384 1420 1398 ‹
1437 1366 1700 1420 Ἀριστοφάνους
1717 1370 1910 1420 κωιιῳδιῶν
1931 1369 2016 1406 ἑπτὰ
2035 1371 2114 1419 (his
2133 1371 2237 1418 dicit,
2257 1372 2423 1420 Plutum,

1406 1426 1564 1468 Nubes,
1587 1431 1711 1463 Ranas
1727 1428 1940 1476 ,Equites‚
1961 1429 2222 1466 Acharnenses
2238 1434 2423 1480 ,Vespas,

1407 1485 1520 1530 Aves)
1543 1485 1600 1521 καὶ
1621 1487 1688 1522 τῶν
1712 1487 1757 1527 εἷς
1772 1484 1876 1527 αὐτὰς
1895 1487 2044 1536 σχολίων
2069 1487 2225 1539 ἀρχαίοις
2246 1488 2426 1526 συντεθέν-

1407 1565 1474 1586 των
1498 1555 1783 1600 γραιιμοιτικοῖς,
1818 1549 1840 1585 ἃ
1867 1548 1907 1595 δὴ
1935 1550 2112 1602 σποράδην
2139 1552 2173 1587 ἐν
2205 1551 2425 1604 ἀντιγράφοις

1407 1623 1444 1644 κε
1451 1607 1506 1645 {125
1510 1624 1550 1644 ιιι
1588 1606 1760 1660 οιαφόροις
1796 1623 1855 1644 και
1887 1623 1930 1644 πε
1918 1607 2113 1660 φυριιένως
2138 1609 2355 1646 συνείλεκταί
2387 1625 2425 1647 τε

382 1663 674 1700 Mediolanensis
709 1664 810 1711 (Μ.)
847 1663 1102 1713 bombycinus
1143 1672 1199 1701 est
1232 1664 1346 1701 seculi
1407 1665 1466 1702 καὶ
1495 1668 1541 1708 ὡς
1577 1681 1646 1702 οιον
1681 1681 1699 1702 τ
1743 1681 1784 1711 Γ,ν
1819 1665 2077 1703 ἐπιιιεἸεστατα
2110 1666 2138 1702 δ
2144 1666 2303 1704 ω5θιιιται
2330 1667 2426 1719 παρὰ

328 1723 453 1772 quarti
486 1722 634 1758 decimi.
680 1726 815 1759 Insunt
841 1725 972 1760 Plutus
989 1753 999 1771 ‚
1040 1724 1165 1761 Nubes
1182 1753 1190 1769 ,
1219 1728 1347 1770 Ranae,
1408 1722 1770 1775 ΜοίρκουΜουσοιίρου
1790 1728 1847 1761 τοῦ
1863 1723 2010 1775 Κρητός.
2027 1742 2041 1756 υ
2064 1728 2117 1761 Μ
2108 1738 2221 1774 ι]οιι5
2242 1727 2426 1764 momenti

329 1783 508 1830 Equites,
533 1785 630 1817 Aves
657 1795 742 1817 cum
764 1783 952 1831 excerptis
973 1783 1205 1819 scholiorum
1233 1783 1347 1819 modo
1408 1791 1495 1818 sunt
1514 1796 1597 1832 quae
1626 1796 1673 1818 ex
1693 1782 1860 1819 editione
1889 1784 1972 1832 ipsa
1992 1796 2078 1820 cum
2105 1784 2246 1821 nostris
2267 1798 2427 1835 compa-

330 1839 581 1890 ampliorihus
611 1841 724 1876 modo
748 1840 1012 1887 brevioribus,
1037 1857 1081 1878 ex
1107 1843 1246 1892 quibus
1275 1856 1347 1891 po·
1409 1849 1490 1877 rata
1511 1841 1708 1877 codicibus
1728 1841 1855 1890 colligi
1874 1850 2046 1890 possunt.
2078 1846 2205 1891 Atque
2223 1843 2316 1879 illud
2338 1845 2426 1893 qui—

330 1901 464 1936 tiorem
496 1899 669 1935 lectionis
699 1900 958 1937 diversitatem
989 1901 1035 1937 ad
1059 1904 1180 1937 Ranas
1213 1901 1321 1937 attuli
1339 1916 1346 1936 :
1409 1899 1492 1936 dem
1513 1900 1600 1936 satis
1616 1899 1856 1936 manifestum
1873 1908 1942 1946 est,
1959 1900 2108 1947 Aldum,
2124 1909 2164 1937 ut
2181 1902 2220 1938 in
2234 1902 2428 1953 plerisque

330 1971 374 1993 ex
399 1971 472 2007 qua
488 1957 718 2006 intelligetur
733 1958 903 1995 codicem
923 1961 1094 2008 quamvis
1113 1961 1349 1997 emendatio-
1409 1958 1587 1994 omnibus
1610 1959 1840 2006 scriptorum
1871 1958 2107 1996 editionibus
2135 1959 2276 1997 sactum
2304 1961 2353 1998 ab
2382 1975 2428 1998 eo

330 2030 410 2052 rem
434 2016 640 2065 exemplari
662 2011 803 2053 Aldino
820 2046 828 2062 ,
863 2027 987 2055 tamen
1019 2019 1236 2056 inferiorem
1269 2034 1348 2057 esse
1409 2017 1602 2061 Videmus,
1629 2017 1681 2052 ita
1703 2017 1973 2066 Aristophanis
1993 2031 2147 2067 quoque
2164 2032 2240 2055 non
2259 2027 2427 2056 vetustas

331 2080 554 2113 Ravennate
565 2068 790 2125 venetoque*
805 2077 943 2113 etuiliil
962 2079 1051 2114 utile
1065 2078 1348 2129 praeberequod
1408 2076 1660 2125 anquisivisse
1681 2075 1920 2112 membranas
1935 2104 1944 2121 ,
1979 2076 2045 2113 sed
2075 2077 2293 2114 recentibus
2314 2079 2427 2115 codi-

332 2148 407 2171 uon
430 2135 477 2171 sit
499 2133 546 2170 ab
562 2135 633 2170 illis
656 2133 760 2171 libris
781 2145 1021 2185 occupatum.
1409 2133 1518 2171 cibus
1543 2135 1754 2171 chartaceis
1770 2163 1779 2179 ,
1801 2136 2046 2183 ‹piantumvis
2067 2136 2212 2173 vitiosis
2229 2165 2239 2181 ,
2270 2137 2327 2173 uti
2349 2149 2431 2174 ma-

384 2193 583 2229 Proximus
601 2201 685 2241 post
699 2192 817 2230 libros
832 2195 994 2244 scriptos
1015 2195 1119 2231 locus
1136 2196 1263 2233 Snidae
1279 2196 1348 2232 tle-
1409 2194 1522 2231 luisse
1537 2223 1546 2240 ,
1576 2194 1640 2243 qui
1659 2194 1724 2230 vili
1750 2195 1875 2243 pretio
1907 2193 2039 2230 haberi
2059 2195 2298 2243 correctique
2318 2204 2431 2246 typo—

332 2253 455 2297 }›etur,
471 2252 535 2300 qui
551 2265 724 2300 magnam
738 2252 968 2288 scholiorum
983 2262 1128 2302 partem
1147 2255 1183 2290 in
1201 2255 1346 2290 lexicon
1410 2252 1523 2288 thetis
1541 2252 1636 2288 tradi
1658 2260 1825 2302 possent,
1853 2251 1953 2288 libro
1974 2261 2099 2289 autem
2118 2254 2220 2303 typis
2238 2255 2430 2304 exscripto

331 2324 441 2347 suum
463 2310 668 2355 transtulit,
687 2310 907 2357 codicibus,
932 2320 974 2347 ut
990 2326 1092 2348 nuuc
1110 2313 1348 2349 manifestum
1412 2319 1589 2360 tanquam
1613 2311 1706 2347 nulli
1731 2309 1892 2360 amplius
1907 2311 1994 2346 usui
2012 2311 2131 2347 futuri
2149 2311 2428 2361 abjicerentur:

334 2371 386 2415 tit,
403 2382 493 2405 usus
518 2368 581 2417 qui
598 2369 808 2404 Ravennati
829 2373 1053 2419 venetoque
1072 2371 1250 2407 simillimi
1273 2372 1351 2407 fue-
1409 2369 1510 2405 unde
1534 2369 1642 2406 facile
1668 2369 1852 2418 explicari
1872 2377 1998 2418 potest
2019 2368 2123 2419 quod
2144 2369 2332 2406 editiones
2360 2371 2430 2407 ΑΙ-

334 2436 444 2464 runt:
464 2435 504 2462 ut
521 2440 598 2462 non
619 2426 833 2463 mirandum
855 2427 902 2463 sit
921 2428 1102 2464 lectiones
1122 2442 1244 2471 veras,
1266 2442 1350 2478 ‹111ae
1409 2427 1519 2473 dinae,
1538 2428 1568 2463 si
1583 2429 1629 2464 ad
1645 2428 1796 2464 codices
1810 2428 2022 2475 exigantur,
2038 2441 2113 2463 non
2129 2435 2204 2464 tam
2222 2441 2308 2464 cum
2324 2427 2430 2465 libris

333 2486 459 2524 Suidae
480 2484 645 2534 propriae
664 2485 761 2529 sint,
789 2494 873 2534 post
895 2499 1075 2522 excussos
1095 2486 1142 2523 ab
1164 2487 1274 2524 nobis
1303 2488 1348 2523 li-
1409 2487 1568 2522 vetustis
1586 2499 1698 2535 quam
1714 2499 1799 2522 cum
1819 2486 2026 2522 chartaceis
2046 2486 2166 2523 infimi
2183 2486 2254 2523 aevi
2272 2499 2433 2523 consen-

333 2546 425 2581 bros
446 2544 529 2580 illos
550 2543 615 2578 vix
633 2550 687 2578 tot
704 2543 869 2592 singulas
886 2557 1082 2593 superesse
1101 2554 1195 2594 quot
1219 2554 1349 2582 cente-
1413 2544 1481 2580 tire
1495 2545 1750 2594 reperiuntur,
1770 2557 1839 2580 nec
1851 2544 2064 2580 mirandum
2085 2544 2328 2594 exemplaria,
2344 2546 2432 2595 qui—

335 2617 400 2639 nas
417 2615 464 2638 ex
487 2614 531 2637 eo
558 2609 684 2649 petere
708 2601 923 2650 potuissent
946 2603 1095 2651 priores
1115 2604 1350 2641 scholiorum
1411 2602 1483 2639 bus
1507 2603 1628 2639 Aldus
1651 2616 1740 2639 usus
1761 2611 1842 2649 est,
1872 2604 1922 2639 ita
1941 2603 2141 2640 evanuisse
2160 2611 2202 2638 ut
2226 2603 2290 2639 vix
2309 2616 2430 2640 unum

335 2662 499 2697 editores
514 2689 523 2707 ,
543 2660 572 2695 si
593 2660 775 2708 prfeclaro
794 2660 867 2696 lioc
888 2662 1052 2709 antiquae
1070 2662 1245 2699 lectionis
1267 2664 1350 2700 the-
1412 2662 1650 2711 alterumque
1667 2661 1883 2710 investigari
1903 2674 1924 2697 a
1939 2660 2101 2711 posteris
2119 2660 2287 2709 potuerit
2302 2674 2310 2696 :
2325 2662 2430 2710 quod

336 2733 449 2757 sauro
481 2717 700 2766 diligentius
731 2718 786 2754 uti
823 2719 1038 2756 voluissent.
1087 2721 1194 2758 Licet
1236 2722 1352 2771 igitur
1412 2720 1450 2755 in
1477 2720 1610 2757 codice
1631 2720 1811 2768 Hesycliii
1843 2720 2041 2756 Marciano
2075 2719 2243 2769 propitia
2275 2719 2429 2756 fortuna

337 2778 443 2814 valde
472 2777 669 2813 imminuta
690 2789 790 2812 nunc
812 2777 860 2812 sit
880 2778 1004 2814 Suidae
1027 2779 1167 2816 utilitas
1185 2808 1194 2825 ,
1229 2789 1350 2817 tamen
1411 2780 1560 2817 accidit.
1597 2780 1779 2817 Codicum
1811 2794 1900 2817 xeio
1930 2779 2199 2829 Aristophanis
2230 2792 2251 2815 a
2274 2782 2431 2816 Musuro

336 2850 462 2887 operae
486 2835 648 2884 pretium
671 2848 750 2871 esse
775 2837 905 2885 putavi
933 2837 1132 2873 lectionem
1163 2838 1243 2887 ejus
1272 2839 1353 2889 ple-
1413 2852 1680 2889 expiessoium
1696 2852 1813 2887 genus
1834 2838 1977 2886 duplex
2000 2837 2094 2872 fuit:
2119 2838 2181 2873 alii
2199 2837 2301 2873 enim
2319 2837 2430 2874 scho-

338 2908 498 2945 rumque
530 2904 739 2943 annotare,
775 2909 894 2944 quum
933 2898 1141 2946 praesertim
1179 2899 1351 2935 nonnihil
1413 2899 1462 2935 lia
1482 2906 1609 2935 veteia
1629 2905 1717 2934 sunt
1746 2896 1962 2945 complexi,
1992 2895 2056 2932 alii
2081 2896 2429 2933 tecentissimorum

338 2955 508 2992 conserat
522 2954 567 2989 ad
584 2953 759 2990 codicum
779 2963 997 2992 nostrorum
1018 2957 1110 2992 vitia
1128 2958 1354 3006 corrigenda
1415 2970 1436 2983 ‘
1414 2957 1746 3006 t,rammaticorum
1764 2956 2029 2991 annotationes
2057 2953 2326 3003 piaebueruut‚
2359 2951 2428 2991 co-

338 3023 373 3049 ·Jt
394 3012 559 3049 vicissim
581 3025 625 3047 cx
657 3012 748 3061 ipsis
777 3012 967 3050 interdum
995 3015 1189 3052 emendari
1219 3018 1353 3066 possit,
1414 3017 1600 3066 piosiores
1621 3015 1667 3051 ad
1685 3015 1849 3059 Plutum,
1867 3013 2009 3058 Nubes,
2030 3016 2168 3059 nanas,
2187 3027 2272 3063 quae
2293 3013 2430 3050 fabntae

338 3072 442 3110 velut
471 3084 499 3106 s.
527 3083 562 3106 v,
591 3070 950 3120 ἐγκεκορδυλημένος,
982 3072 1047 3109 ubi
1072 3075 1224 3124 Cypriae
1252 3077 1354 3111 vocis
1416 3074 1673 3126 praeeuntibus
1706 3072 1963 3123 grammaticis
1989 3072 2208 3120 Byzantinis
2244 3080 2324 3108 tum
2354 3071 2431 3108 sere

339 3128 490 3182 κορδύλτ,
512 3129 615 3164 testis
633 3129 791 3164 affertur
811 3129 934 3180 Κρέων
953 3131 987 3168 ἐν
1006 3130 1039 3167 α’
1058 3134 1126 3168 τῶν
1152 3135 1354 3185 ῥητορικῶν,
1415 3134 1502 3170 solae
1540 3132 1691 3169 tractari
1722 3132 1758 3167 in
1789 3130 1928 3167 scholis
1958 3129 2156 3177 solebant,
2185 3129 2348 3166 rariores
2384 3128 2429 3165 ad

340 3187 444 3238 quod
476 3199 588 3223 nenio
617 3185 808 3222 dubitabit
840 3189 931 3236 quin
964 3202 1009 3225 ex
1041 3190 1184 3227 scholio
1208 3195 1354 3228 Veneto
1415 3193 1580 3241 reliquas
1606 3190 1823 3227 comoedias.
1855 3191 2003 3225 Horum
2031 3187 2215 3225 librorum
2248 3186 2390 3223 scholia
2409 3200 2428 3223 a

339 3245 440 3285 Nub.
470 3259 514 3280 10
532 3244 795 3293 corrigendum
815 3245 864 3281 sit
887 3247 1115 3297 Κυπριακῶν.
1415 3255 1572 3286 Mnsuro
1601 3262 1677 3285 non
1708 3260 1793 3284 raro
1816 3249 1866 3284 ita
1891 3255 1979 3283 sunt
2013 3247 2274 3296 conglutinata
2310 3253 2352 3281 ut
2381 3244 2430 3282 ab

392 3310 496 3343 Inter
515 3303 634 3340 libros
650 3304 747 3353 typis
766 3305 969 3354 impressos
986 3308 1107 3356 prima
1123 3317 1179 3345 est
1191 3308 1354 3345 scholio·
1415 3322 1492 3344 uno
1527 3307 1736 3355 eodemque
1770 3306 2017 3355 grammatico
2053 3306 2195 3354 scripta
2226 3302 2426 3340 videantur

344 3378 426 3404 runi
460 3363 576 3400 editio
605 3362 739 3400 Aldina
771 3377 803 3400 a.
841 3366 936 3409 1498
966 3379 1100 3403 novem
1139 3367 1353 3404 fabularum
1416 3379 1499 3416 quae
1524 3366 1728 3402 multorum
1750 3366 1966 3402 seculorum
1982 3362 2183 3401 intervallo
2202 3368 2289 3398 sunt
2305 3360 2430 3411 dispa-
