2453 3808
796 395 1544 495 ΑΧΑΡΝΗΣ.

1041 609 1316 627 *Oe——

377 736 865 790 ΥΠΟΘΕΣΕΙΣ.

606 863 636 900 1.

154 966 350 1015 Ἐκκλησία
370 966 559 1019 ὑφέστηκεν
576 965 757 1012 Ἀθήνησιν
777 967 811 1003 ἐν
829 967 877 1017 τῷ
894 965 1050 1017 φανερῷ,
1066 964 1143 1001 καθ’

99 1030 142 1077 ἣν
171 1032 487 1081 πολεμοποιοῦντας
513 1029 591 1072 τοὺς
617 1028 764 1082 ῥήτορας
794 1028 853 1066 καὶ
878 1029 1063 1080 προφανῶς
1088 1026 1144 1064 τὸν

78 1095 210 1145 ὓδῆμον
241 1094 487 1139 ἐξαπατῶντας
519 1093 743 1136 Δικαιόπολίς
770 1109 821 1136 τις
847 1095 915 1130 τῶν
948 1093 1144 1144 αὖτουργῶν

99 1156 289 1209 ἐξελέγχων
314 1157 577 1210 παρεισάγεται.
597 1156 719 1194 τούτου
745 1154 781 1193 δὲ
808 1154 865 1193 διά
888 1171 995 1202 τινος,
1024 1155 1146 1207 Ἀμφι-

99 1220 177 1259 θέου
189 1220 422 1271 καλουμένου,
437 1218 671 1270 σπεισαμένου
685 1219 763 1257 κατ’
776 1218 865 1257 ἰδίαν
880 1219 949 1262 τοῖς
966 1218 1144 1265 Λάκωσιν,

100 1283 297 1336 Ἀχαρνικοὶ
313 1283 469 1336 γέροντες
484 1281 701 1333 πεπυσμένοι
716 1282 755 1320 τὸ
771 1288 920 1334 πρᾶγμα
933 1281 1146 1335 προσέρχον-

93 1363 158 1385 ·ται
175 1347 353 1390 διώκοντες
367 1349 400 1385 ἐν
413 1350 519 1399 χοροῦ
537 1346 707 1398 σχήματι·
724 1347 783 1385 καὶ
796 1347 885 1397 μετὰ
898 1350 1009 1384 ταῦτα
1023 1346 1145 1384 θύοντα

57 1409 158 1448 ωτὸν
183 1409 409 1448 Δικαιόπολιν
433 1412 596 1462 ὁρῶντες,
625 1412 670 1453 ὡς
696 1409 920 1459 ἐσπεισμένον
946 1415 1016 1452 τοῖς
1042 1410 1147 1447 πολε-

101 1473 288 1523 μιωτάτοις
321 1473 548 1512 καταλεύσειν
580 1476 747 1526 ὁρμῶσιν.
779 1477 797 1512 ὃ
835 1473 871 1511 δὲ
910 1473 1146 1525 ὑποσχόμενος

100 1535 187 1589 ὑπὲρ
211 1535 369 1582 ἐπιξήνου
393 1535 456 1583 τὴν
473 1536 626 1589 κεφαλὴν
651 1536 739 1588 ἔχων
768 1536 1070 1587 ἀπολογήσεσθαι,
1093 1536 1143 1589 ἐφ’

99 1593 186 1652 ᾧτε,
204 1598 245 1637 ἂν
265 1598 314 1650 μὴ
332 1599 435 1651 πείσῃ
456 1598 499 1637 τὰ
512 1599 628 1638 δίκαια
648 1599 772 1650 λέγων,
789 1599 847 1637 τὸν
865 1599 1038 1652 τράχηλον
1057 1601 1146 1637 ἀπο-

99 1663 334 1711 κοπήσεσθαι,
356 1662 462 1701 ἐλθὼν
479 1666 524 1706 ὡς
545 1662 737 1715 Εὐριπίδην
756 1664 846 1700 αἰτεῖ
863 1662 1045 1714 πτωχικὴν
1067 1678 1146 1700 στο-

61 1725 177 1772 Ιδλήν.
202 1725 263 1764 καὶ
287 1725 475 1769 στολισθεὶς
497 1726 566 1768 τοῖς
590 1725 753 1778 Τηλέφου
781 1724 967 1777 ῥακώμασι
992 1726 1149 1778 παρῳδεῒ

100 1788 158 1827 τὸν
184 1788 314 1827 ἐκείνου
337 1788 452 1839 λόγον,
472 1789 534 1826 οὔκ
557 1788 732 1840 ἀχαρίτως
749 1789 1009 1840 καθαπτόμενος
1035 1791 1145 1840 Περι-

99 1850 219 1895 κλέους
245 1851 326 1904 περὶ
354 1855 414 1889 τοῦ
434 1854 636 1904 Μεγαρικοῦ
656 1851 891 1904 ψηφίσματος.
915 1851 1146 1905 παροξυνθέν-

99 1930 168 1952 των
188 1914 226 1952 δέ
248 1930 350 1952 τινων
374 1914 409 1959 ἐξ
431 1915 544 1952 αὐτῶν
569 1914 628 1952 ἐπὶ
651 1917 701 1952 τῶ
727 1916 837 1953 δοκεῖν
857 1921 1058 1968 συνηγορεῖν
1077 1918 1147 1959 τοῖς

99 1979 296 2029 πολεμίοις,
317 1983 394 2017 ἐἶτα
419 1978 688 2031 ἐπιφερομένων,
708 1979 942 2030 ἐνισταμένων
962 1978 997 2017 δὲ
1022 1978 1146 2032 ἑτέρων

61 2045 146 2087 ρυὼς
178 2042 222 2081 τὰ
256 2043 373 2081 δίκαια
404 2045 510 2081 αὐτοῦ
545 2043 740 2097 εἰρηκότος,
776 2043 954 2096 ἐπιφανεὶς
976 2043 1148 2096 Λάμαχος

101 2107 257 2159 θορυὸεῗν
285 2114 459 2160 πειρᾶται.
485 2102 560 2146 εἶτα
588 2108 773 2158 γενομένου
807 2109 1014 2159 διελκυσμοῦ
1045 2125 1149 2147 κατε-

101 2171 232 2224 νεχθεὶς
249 2175 268 2210 ὃ
285 2172 387 2225 χορὸς
406 2171 550 2211 ἀπολύει
569 2172 627 2210 τὸν
644 2172 869 2211 Δικαιόπολιν
893 2173 952 2211 καὶ
973 2172 1056 2225 πρὸς
1072 2172 1149 2216 τοὺς

102 2234 267 2279 δικαστὰς
292 2235 488 2287 διαλέγεται
513 2236 593 2289 περὶ
617 2239 678 2282 τ’ἧς
696 2240 755 2274 τοῦ
780 2239 924 2283 ποιητοῦ
946 2238 1070 2289 ἀρετῆς
1089 2237 1148 2274 καὶ

103 2297 218 2336 ἄλλων
238 2300 351 2336 τινῶν.
368 2302 427 2336 τοῦ
447 2298 482 2336 δὲ
498 2298 762 2343 Δικαιοπόλιδος
779 2299 919 2350 ἄγοντος
935 2300 1011 2338 καθ’
1029 2300 1148 2338 ἑαυτὸν

63 2360 240 2413 25εἷρήνην
264 2360 304 2398 τὸ
324 2360 386 2411 μὲν
411 2364 547 2413 πρῶτον
576 2362 776 2414 Μεγαρικός
801 2378 851 2406 τις
876 2362 1000 2400 παιδία
1025 2366 1148 2400 ἑαυτοῦ

103 2423 376 2474 διεσκευασμένα
403 2426 449 2467 εἰς
467 2424 617 2477 χοιρίδια
643 2424 754 2477 φέρων
779 2427 814 2463 ἐν
840 2425 960 2478 σάκκῳ
985 2425 1147 2477 πράσιμα

102 2486 344 2539 παραγίνεται·
367 2486 457 2537 μετὰ
477 2491 596 2525 τοῦτον
617 2489 656 2525 ἐκ
675 2490 836 2527 Βοιωτῶν
863 2487 974 2541 ἔτερος
996 2488 1148 2540 ἐγχέλεις

102 2564 140 2586 τε
159 2549 220 2587 καὶ
238 2550 470 2587 παντοδαπῶν
487 2550 627 2603 ὀρνίθων
647 2550 745 2601 γόνον
766 2551 1005 2602 ἀνατιθέμενος
1022 2554 1068 2595 εἰς
1084 2552 1146 2599 τὴν

104 2611 247 2664 ἀγοράν.
278 2606 327 2656 οἷς
356 2612 590 2665 ἐπιφανέντων
624 2615 724 2651 τινῶν
761 2617 982 2667 συκοφαντῶν
1015 2616 1148 2653 συλλα-

65 2673 250 2724 3οὸόμενός
272 2690 349 2712 τινα
376 2674 411 2719 ἐξ
440 2676 555 2713 αὐτῶν
580 2678 598 2713 ὃ
623 2676 848 2721 Δικαιόπολις
873 2677 933 2715 καὶ
957 2679 1073 2730 βαλὼν
1102 2681 1148 2722 εἷς

104 2736 250 2787 σάκκον,
284 2741 402 2775 τοῦτον
434 2740 484 2790 τῷ
518 2740 662 2791 Βοιωτῷ
702 2740 901 2792 ἀντίφορτον
940 2741 1071 2791 ἐξάγειν
1109 2743 1147 2779 ἐκ

103 2801 173 2836 τῶν
209 2799 356 2846 Ἀθηνῶν
386 2800 625 2853 παραδίδωσι,
661 2802 721 2839 καὶ
762 2803 1008 2854 προσαγόντων
1053 2806 1147 2858 αὐτῷ

104 2860 271 2899 πλειόνων
286 2862 346 2900 καὶ
359 2862 528 2913 δεομένων
546 2865 755 2914 μεταδοῦναι
771 2868 839 2903 τῶν
854 2867 1023 2914 σπονδῶν,
1041 2871 1149 2904 καθυ-

105 2930 311 2977 περηφανεῖ.
356 2930 602 2979 παροικοῦντος
641 2926 676 2964 δὲ
713 2929 808 2980 αὐτῷ
848 2929 1045 2980 Λαμάχου,
1089 2929 1149 2966 καὶ

67 2988 328 3034 35ἐνεστηκυίας
345 2992 406 3035 τῆς
423 2993 491 3028 τῶν
507 2993 610 3030 Χοῶν
630 2994 766 3043 ἑορτῆς,
786 2996 906 3030 τοῦτον
926 2992 988 3042 μὲν
1007 2994 1149 3044 ἄγγελος

106 3048 204 3102 παρὰ
216 3053 284 3087 τῶν
301 3055 503 3103 στρατηγῶν
519 3053 613 3100 ἥκων
628 3053 760 3092 κελεύει
776 3054 956 3099 ἐξελθόντα
974 3056 1063 3104 μετὰ
1080 3061 1148 3095 τῶν

107 3111 224 3150 ὅπλων
240 3113 302 3157 τὰς
313 3114 472 3159 εἰσὸολὰς
486 3118 680 3169 τηρεῖν·τὸν
695 3118 731 3156 δὲ
744 3119 969 3158 Δικαιόπολιν
978 3121 1076 3174 παρὰ
1088 3126 1148 3159 τοῦ

107 3174 275 3214 Διονύσου
302 3179 362 3214 τοῦ
388 3176 506 3228 ἱερέως
530 3195 582 3222 τις
605 3182 722 3218 καλῶν
750 3182 807 3218 ἐπὶ
835 3183 970 3220 δεῖπνον
995 3183 1147 3235 ἔρχεται.

107 3236 168 3274 καὶ
185 3238 260 3288 μετ’
277 3237 391 3289 ὀλίγον
408 3241 426 3276 ὃ
443 3239 505 3289 μὲν
520 3242 734 3292 τραυματίας
753 3243 813 3281 καὶ
833 3247 948 3288 κακῶς
963 3247 1149 3285 ἀπαλλάτ-

67 3312 176 3339 ωτων
196 3301 381 3349 ἐπανήκει,
404 3305 422 3341 ὁ
442 3302 478 3340 δὲ
499 3304 720 3350 Δικαιόπολις
742 3309 970 3355 δεδειπνηκὼς
995 3310 1055 3348 καὶ
1075 3311 1150 3360 μεθ’

110 3363 250 3416 ἑταίρας
280 3364 451 3405 ἀναλύων.
477 3366 530 3404 Τὸ
555 3367 590 3405 δὲ
621 3369 738 3420 δρᾶμα
769 3373 836 3408 τῶν
863 3365 900 3408 εῧ
927 3373 1060 3425 σφόδρα
1087 3389 1148 3411 πε-

145 3438 275 3463 εωουΑ
295 3440 527 3464 Amsropmms.

1201 720 1412 771 ποιημένων,
1437 737 1495 759 και
1515 723 1554 758 ἐκ
1576 737 1703 765 παντος
1723 722 1850 774 τρόπου
1871 739 1933 769 την
1957 725 2092 776 εἷρηνην
2113 741 2244 777 προκα-

1201 783 1380 834 λούμενον.
1402 784 1599 836 ἐδιδάχθη’
1585 800 1641 822 επι
1659 785 1866 835 Ευθυδημου
1887 787 1922 836 [1.
1943 788 2148 838 Εὐθύνου]
2127 805 2246 840 αρχον-

1201 862 1258 890 τος
1283 849 1318 884 ἐν
1345 846 1507 892 Αηναιοις
1541 846 1597 884 δια
1627 848 1906 900 Καλλιστράτου·
1939 865 1997 887 και
2030 866 2164 902 πρυ-τος
2192 856 2244 898 ἠν·

1203 909 1359 962 δεύτερος
1376 912 1548 961 Κρατῖνος
1567 910 1855 962 Χειμαζομένοις.
1878 913 1915 949 οὐ
1937 912 2114 957 σώζονται.
2137 914 2246 966 τρίτος

1202 972 1354 1016 Εὔπολις
1370 972 1596 1023 Νουμηνίαις.
2256 993 2270 1015 τ,

1699 1073 1751 1110 ΙΙ.

1411 1185 2042 1239 ΑΡΙΣΤΟΦΑΝΟΥΣ

1532 1304 1922 1345 ΓΡΑΜΜΑΤΙΚΟΥ.

1257 1406 1472 1453 Ἔκκλησίας
1491 1406 1595 1454 οὔσης
1613 1408 1864 1461 παρα-γίνονταί
1883 1425 1970 1453 τινες

1255 1469 1419 1522 πρέσὸεις
1434 1470 1531 1523 παρὰ
1551 1473 1698 1523 Περσῶν
1721 1471 1781 1509 καὶ
1804 1472 1902 1524 παρὰ
1922 1472 2114 1517 Σιτάλκους
2130 1473 2290 1522 πάλιν,ιο

1256 1535 1286 1570 οἳ
1306 1532 1368 1583 μὲν
1391 1532 1556 1585 στρατιὰν
1575 1533 1730 1584 ἄγοντες,
1752 1536 1782 1572 οἱ
1804 1534 1838 1572 δὲ
1855 1535 2010 1588 χρυσίον·

1255 1594 1353 1648 παρὰ
1370 1598 1437 1633 τῶν
1458 1597 1744 1647 Λακεδαιμονίων
1765 1597 1800 1635 δὲ
1821 1597 1910 1648 μετὰ
1927 1598 2066 1642 τούτους
2085 1600 2172 1643 τινὲς

1257 1657 1406 1701 σπονδὰς
1427 1658 1600 1710 φέροντες,
1621 1659 1676 1703 οὒς
1696 1659 1873 1712 Ἀχαρνεῖς
1893 1662 2054 1712 οὐδαμῶς

1257 1721 1392 1768 εἴασαν,
1414 1722 1490 1759 ἀλλ’
1512 1721 1687 1770 ἐξέὲαλον,
1708 1718 1755 1760 ῶν
1776 1724 1991 1763 καθάπτεται

1257 1787 1416 1838 σκληρῶς
1436 1788 1453 1823 ὃ
1473 1786 1630 1832 ποιητής.
1653 1787 1750 1836 (αὐτὸ
1769 1788 1808 1825 τὸ
1828 1788 1994 1841 ψήφισμά
2014 1807 2051 1828 τε
2271 1813 2301 1838 15

1256 1848 1456 1900 Μεγαρικὸν
1473 1850 1601 1892 ἱκανῶς
1617 1849 1720 1902 φησὶ,
1739 1850 1798 1888 καὶ
1819 1851 1877 1894 τὸν
1896 1853 2074 1905 Περικλέα

1257 1915 1320 1950 οὑκ
1339 1914 1407 1949 τῶν
1428 1911 1606 1950 Λακώνων
1625 1914 1733 1950 τῶνδε
1753 1913 1892 1952 πάντων
1913 1915 2033 1963 α’ἴτιον,

1257 1974 1406 2019 σπονδὰς
1424 1973 1522 2013 λύσιν
1542 1990 1578 2013 τε
1598 1977 1666 2013 τῶν
1687 1976 1890 2029 ἐφεστώτων
1908 1979 2059 2030 κακῶν.)

1622 2084 1842 2099 quoe>—

1311 2163 1574 2207 SCHOLIA
1607 2163 1672 2208 IN
1707 2165 2146 2210 ACHARNENSES.

1259 2275 1287 2327 (‘
1290 2278 1322 2314 H
1340 2275 1430 2313 εἴσθε
1417 2291 1486 2319 εσις
1500 2279 1560 2312 τοῦ
1579 2275 1754 2328 δράματος
1770 2276 1917 2328 ἄρχεται
1934 2280 1974 2316 ἐκ
1991 2284 2253 2330 συστηματικῆς
2264 2297 2297 2322 20

1204 2334 1365 2406 περιόδου
1402 2350 1462 2371 και
1493 2333 1568 2380 ἑξης
1603 2336 1643 2372 ἐκ
1681 2335 1877 2387 προσώπων
1913 2337 2119 2387 ἀαοιοαίων.
2155 2342 2185 2378 οι
2217 2341 2252 2378 δε

1205 2392 1318 2444 στίχοι
1338 2392 1422 2430 εἰσὶν
1447 2393 1604 2442 ἷαμὲικοι
1630 2393 1808 2445 τρίμετροι
1835 2395 2072 2442 ἂκατάληκτοι
2095 2398 2151 2434 σα’
2164 2427 2174 2447 ,
2205 2402 2251 2436 ὧν

1204 2452 1416 2501 τελευταῖος,
1433 2450 1528 2501 Ἐγὼ
1545 2451 1580 2488 δὲ
1595 2451 1762 2503 φεύξομαί
1777 2467 1816 2502 γε
1832 2452 1908 2495 τοὺς
1923 2453 2120 2506 Ἀχαρνέας.
2143 2458 2159 2492 ὁ
2174 2456 2253 2506 μέν·

1204 2525 1255 2547 τοι
1279 2510 1338 2560 μγ’
1357 2509 1550 2559 κομμάτιον
1573 2510 1632 2546 ἀπ’
1648 2509 1830 2553 ἐλάσσονος
1852 2511 1912 2548 καὶ
1931 2512 2007 2563 ρκα’
2036 2517 2252 2565 πενθημιμε-

1206 2567 1276 2619 ρής.
1303 2570 1320 2605 ὁ
1349 2566 1384 2604 δὲ
1417 2567 1443 2611 ξ’
1471 2567 1722 2619 ἑφθημιμερῆς.
1750 2567 2015 2620 ἐξαιρείσθωσαν
2042 2571 2102 2608 καὶ
2133 2575 2167 2609 αἱ
2189 2584 2292 2611 πα-25

1205 2625 1427 2678 ρεπιγραφαί.
1451 2626 1509 2663 ἐπὶ
1542 2629 1617 2668 ταῖς
1644 2625 1829 2664 ἀποθέσεσι
1856 2627 2095 2681 παράγραφος.
2128 2631 2185 2669 ἐπὶ
2217 2631 2253 2669 δὲ

1203 2686 1270 2778 τῷΙ
1266 2682 1358 2720 τέλει
1375 2685 1442 2719 τῶν
1457 2683 1586 2734 στίχων
1603 2684 1771 2735 κορωνίς.)

1314 2740 1414 2779 σΟσα
1438 2740 1479 2786 δη
1503 2741 1674 2791 δέδηγμαι
1697 2755 1705 2781 :
1735 2743 1987 2792 Θαυμαστικὸν
2007 2744 2046 2782 τὸ
2069 2761 2152 2792 οσα,
2175 2746 2251 2783 ἀντὶ

1204 2803 1262 2837 τοῦ
1259 2755 1417 2836 Ι’πολλοὶ
1447 2802 1464 2836 ὃ
1491 2799 1526 2836 δὲ
1557 2777 1600 2845 δη
1632 2801 2076 2853 συμπαραπληρωματικὸς
2109 2803 2252 2850 αυξησιν

1205 2859 1314 2903 δηλοῖ.
1350 2859 1382 2906 (=
1368 2872 1543 2907 χρησατο
1583 2857 1618 2894 δε
1656 2860 1751 2895 αὐτω
1783 2858 1842 2895 καὶ
1881 2860 2098 2906 Θουκυδίδης
2133 2864 2168 2899 ἐν
2201 2878 2250 2899 τω
2261 2877 2294 2903 30

1204 2914 1374 2967 προοιμίω
1393 2920 1438 2960 [1‚
1469 2920 1494 2960 1]
1514 2932 1528 2947 α
1546 2914 1679 2960 κίνησις
1700 2914 1767 2967 γὰρ
1788 2915 1874 2961 αὕτη
1894 2915 1935 2962 δὴ
1955 2917 2115 2967 μεγίστη.
2135 2920 2168 2968 »)
2191 2919 2251 2957 δύ-

1204 2988 1306 3010 ναται
1321 2971 1355 3009 δὲ
1369 2972 1530 3009 λείπεινε
1513 2989 1534 3018 η
1551 2972 1642 3010 κατά
1658 2973 1864 3024 πρόθεσις,
1851 2974 1890 3010 ιν’
1903 2978 1924 3025 ᾐ
1936 3004 1945 3020 ,
1963 2974 2054 3012 κατὰ
2071 2991 2133 3021 την
2147 2978 2252 3026 ἐμαυ·

1204 3034 1265 3068 τοῦ
1299 3029 1456 3081 καρδίαν·
1489 3030 1506 3067 ὃ
1531 3031 1589 3067 καὶ
1623 3030 1769 3081 βέλτιον.
1807 3048 1994 3085 μεταφερει
2021 3032 2057 3071 δε
2091 3034 2160 3072 ἀπὸ
2190 3039 2249 3072 τοῦ

1208 3087 1283 3139 βίου
1306 3088 1362 3125 ἐπὶ
1390 3087 1452 3133 τὴν
1475 3088 1633 3140 καρδίαν.
1664 3089 1740 3126 ἀντὶ
1767 3089 1834 3141 γὰρ
1855 3094 1915 3128 τοῦ
1942 3092 2049 3128 εἰπεῖν
2075 3091 2165 3129 κατὰ
2187 3093 2248 3139 τὴν

1207 3147 1357 3195 ἐμαυτοῦ
1386 3144 1488 3192 ζωὴν,
1513 3145 1604 3183 κατὰ
1629 3145 1692 3192 τὴν
1718 3148 1868 3196 ἐμαυτοῦ
1897 3148 2042 3201 καρδίαν
2067 3149 2164 3201 φησί.
2190 3151 2247 3187 δέ·
2259 3163 2292 3187 35

1206 3204 1338 3253 δηγμαι
1360 3202 1396 3240 δὲ
1424 3203 1500 3240 ἀντὶ
1526 3206 1586 3240 τοῦ
1614 3203 1779 3254 ἠνίαμαι,
1801 3204 2011 3254 λελύπημαι.
2042 3206 2102 3243 καὶ
2126 3206 2247 3256 ςὈμη-

1207 3275 1261 3311 ρος
1280 3265 1332 3306 [11.
1348 3268 1390 3306 E,
1406 3265 1471 3306 593]
1491 3279 1506 3293 «
1524 3259 1608 3298 δάκε
1633 3260 1668 3298 δὲ
1698 3261 1821 3313 φρένας
1842 3260 1989 3314 (Ἕκτορι
2013 3265 2127 3312 μῦθος.
2151 3281 2165 3295 u
2187 3263 2245 3299 καὶ

1206 3317 1402 3367 θυμοδακὴς
1440 3321 1556 3367 μῦθος.
1619 3317 1764 3362 Ἄλλως.
1794 3321 1908 3363 καλῶς
1948 3320 2032 3373 ἔφη,
2076 3320 2244 3369 δέδηγμαι

1205 3375 1267 3421 τὴν
1287 3375 1447 3427 καρδίαν,
1471 3376 1622 3428 παρόσον
1641 3377 1719 3429 περὶ
1734 3377 1797 3424 τὴν
1818 3377 1961 3430 καρδίαν
1980 3378 2179 3415 συνίσταται
2201 3377 2244 3413 τὰ

2126 3449 2135 3472 ι
