2533 3808
218 257 290 281 vin

220 329 358 378 quibus
383 326 424 363 τὰ
446 326 674 375 ὑπομνήματα
699 324 754 359 vel
779 322 849 359 ἔνια
874 324 940 357 τῶν
967 319 1224 371 ὑπομνημάτων

219 389 382 423 citantur
400 397 557 433 usquam
571 380 785 431 Symmachi
808 393 943 416 nomen
964 380 1224 428 praescriptum

219 443 442 492 reperiatur,
464 449 606 477 tantum
636 438 742 475 abest
766 446 807 474 ut
832 436 870 473 τὸ
892 436 1080 486 ὑπόμνημα
1104 437 1161 473 vel
1183 436 1226 473 τὰ

218 499 449 550 ὑπομνήματα
469 499 514 535 ad
543 497 810 546 Symmachum
839 497 882 532 iis
908 496 1046 545 quibus
1070 496 1225 532 Schnei-

218 558 330 594 derus
353 557 474 592 voluit
496 555 616 592 modis
643 563 725 591 tuto
745 554 875 590 referri
898 555 1031 603 possit,
1053 562 1093 589 ut
1114 554 1226 602 longe

217 616 358 664 majore
377 628 459 650 cum
481 614 606 663 specie
625 613 706 649 veri
733 612 964 648 contendere
987 613 1094 647 liceat
1113 612 1226 647 scho-

215 674 351 708 liorum
387 685 471 721 quae
507 678 711 721 supersunt
751 670 975 718 farraginem
1004 670 1139 719 partim
1179 683 1224 705 ex

214 731 345 766 Phaini
368 738 404 766 et
425 729 654 778 Symmachi,
684 729 820 777 partim
842 741 886 764 ex
903 728 983 763 aliis
1000 727 1225 776 quibusdam

215 789 447 825 scholiorum
491 786 778 823 collectionibus
826 799 905 822 esse
944 786 1191 834 compositam
1216 814 1225 830 ,

213 848 314 882 inter
329 859 420 895 quas
437 845 467 882 si
484 845 676 880 nonnullae
691 844 844 880 fuerunt
859 851 1055 879 auctorum
1071 856 1225 879 suorum

213 904 431 940 nominibus
448 916 524 939 non
544 902 756 951 inscriptae,
781 902 956 951 profecto
983 914 1058 937 non
1084 902 1225 937 miran-

217 963 306 998 dum
334 970 389 998 est
414 961 576 1010 simplici
603 959 848 1009 ὑπομνήματος
865 959 1039 1007 nomine,
1066 958 1131 995 ubi
1154 972 1226 993 una

214 1020 361 1069 aliqua,
381 1019 437 1055 vel
454 1017 731 1066 ὑπομνημάτων,
757 1016 820 1052 ubi
841 1017 967 1065 plures
988 1015 1226 1064 designandae

213 1086 340 1125 erant,
362 1078 400 1113 in
419 1076 568 1113 scholiis
597 1075 734 1111 nostris
753 1088 831 1110 esse
847 1075 1054 1124 appellatas
1068 1104 1076 1119 ‚
1094 1087 1226 1124 quem-

215 1136 420 1172 admodum
466 1134 505 1171 in
554 1134 708 1170 scholiis
757 1133 979 1197 Sophocleis
1032 1133 1225 1169 interdum

212 1194 312 1230 Βίὼ·
319 1194 366 1230 1111
382 1193 476 1230 aliot
481 1205 588 1227 umve
606 1192 702 1227 inter
707 1199 855 1240 pletum
871 1192 1025 1227 nomina
1040 1192 1226 1253 apposita,

213 1237 413 1300 aliquoties
442 1258 567 1286 autem
599 1264 636 1285 το
658 1247 848 1297 ὑπόμνημα
873 1248 935 1297 (ad
961 1249 1076 1297 Antig
1080 1250 1225 1293 .1326,

212 1310 349 1346 Electr.
380 1308 475 1353 451,
509 1306 619 1355 488),
645 1308 701 1343 vel
729 1322 804 1348 τους
834 1322 1149 1351 υ-ομηυι-νσοω
1153 1321 1227 1347 νους

217 1367 276 1415 (ad
309 1367 449 1416 OEdip,
469 1366 548 1403 Col.
573 1366 668 1411 388,
700 1366 797 1411 390,
820 1364 909 1413 681)
935 1368 1226 1403 commemorari

212 1425 392 1462 videmus.
415 1427 502 1460 Haec
524 1423 553 1459 si
570 1436 657 1458 vere
679 1422 976 1470 disputavimus,
996 1423 1034 1458 in
1057 1423 1227 1461 subscri-

213 1482 411 1531 ptionibus
442 1481 580 1518 codicis
609 1481 739 1516 Veneti
769 1480 864 1515 nihil
891 1493 970 1516 esse
999 1481 1227 1530 intelligitur

212 1541 314 1588 quod
338 1554 414 1575 11011
438 1541 485 1576 sit
514 1539 721 1575 rectissime
750 1538 1020 1586 verissimeque
1045 1539 1199 1577 dictum.

268 1602 323 1634 De
347 1606 455 1634 aetate
477 1610 551 1647 qua
572 1597 666 1632 vixit
688 1596 938 1643 Symmachus
969 1605 1111 1633 tantum
1139 1612 1228 1634 con-

213 1664 305 1701 stat,
330 1669 405 1692 non
435 1655 684 1692 recentiorem
723 1654 837 1690 fuisse
866 1655 964 1691 AEiio
995 1656 1226 1693 Herodiano.

212 1712 272 1750 Ab
302 1714 374 1750 hoc
404 1715 502 1750 enim
526 1712 626 1749 libro
651 1710 729 1763 περὶ
753 1711 918 1764 μονήρους
945 1711 1066 1755 λέξεως
1091 1727 1128 1762 p.
1158 1716 1227 1763 39,

215 1773 262 1807 26
276 1802 285 1818 ,
306 1771 521 1820 Symmachi
540 1771 586 1807 de
604 1770 790 1806 vocabulo
810 1769 998 1821 κνέφαλλον
1019 1771 1123 1820 apud
1145 1775 1228 1808 Cra-

216 1831 334 1866 tinum
354 1829 497 1866 notatio
534 1837 767 1865 memoratur
797 1843 804 1863 :
837 1828 937 1864 unde
976 1829 1229 1877 probabiliter

215 1887 405 1936 conjicere
432 1887 520 1923 licet
548 1886 700 1922 scholiis
724 1886 761 1921 in
789 1886 983 1922 Cratinum
1007 1887 1227 1936 colligendis

214 1945 462 1994 excerpendis
477 1944 657 1994 augendis
679 1944 832 1980 eandem
851 1944 927 1979 fere
943 1957 1097 1993 operam
1115 1959 1227 1994 quam

213 2003 517 2052 Aristophanicis
556 2003 602 2039 ab
633 2003 862 2051 Symmacho
893 2015 972 2037 esse
1006 2002 1226 2052 impensam.

216 2064 398 2098 Praeterea
422 2062 670 2109 Symmachus
701 2057 840 2096 citatur
858 2060 896 2095 in
926 2061 1066 2096 Lexico
1097 2062 1230 2098 rheto-

214 2119 292 2155 lico
321 2120 359 2155 in
385 2120 542 2156 Bekke1i
571 2119 711 2156 Anecd.
732 2132 768 2168 p.
798 2124 884 2163 224,
916 2131 959 2154 12
985 2118 1164 2176 ;Βατηρ.
1158 2134 1165 2140 ·
1190 2119 1229 2156 τὸ

215 2175 318 2227 ἄκρον
329 2181 386 2213 τοῦ
404 2179 470 2213 τῶν
485 2192 609 2213 πενταε
598 2176 700 2213 ἷθὶων
720 2176 935 2226 σκάμματος,
950 2175 1005 2227 ἀφ’
1015 2179 1051 2212 οὓ
1066 2175 1227 2214 ἄλλον-,αι

213 2232 417 2286 τὸπρῶτον.
446 2233 622 2276 Σέὶευκος.
645 2234 875 2285 Σῦμμαχος
859 2234 893 2271 οὲ
921 2234 958 2271 τὸ
982 2250 1023 2284 μ;
1028 2250 1096 2280 σ,ον
1117 2237 1173 2286 ἀφ
1193 2240 1229 2272 οὓ

213 2291 374 2341 ἁλόμενοι
389 2290 494 2328 πάλιν
519 2291 728 2336 ἐξάλλονται.
747 2292 883 2342 ἄμεινον
906 2295 950 2334 ὡς
968 2291 1148 2335 Eeho-tog.
1173 2297 1230 2330 De

214 2351 335 2397 patria
348 2351 418 2386 viri
438 2351 531 2386 nihil
551 2359 787 2400 compertum
806 2350 1107 2387 habemus.Na1n
1127 2352 1228 2401 quod

217 2408 505 2443 Atheniensium
530 2409 644 2444 fuisse
675 2417 803 2445 narrat
829 2409 1086 2445 Schneiderus
1106 2422 1142 2458 p.
1169 2411 1230 2455 65,

217 2467 353 2502 vitiosa
390 2466 574 2515 deceptus
615 2475 671 2502 est
707 2467 838 2503 scholii
873 2467 920 2502 ad
948 2467 1115 2503 Acharn.
1159 2469 1229 2510 145

215 2524 428 2572 scriptura,
457 2537 567 2572 quam
590 2524 858 2560 Valckenarius
875 2525 1083 2560 certissima
1100 2538 1231 2561 emen-

216 2582 371 2618 datione
396 2583 622 2631 persanavit.
646 2585 730 2618 Non
756 2583 881 2619 minus
906 2581 1068 2619 obscura
1098 2583 1229 2620 Phaini

217 2641 397 2676 memoria
427 2648 502 2684 est,
529 2653 641 2689 quem
671 2641 852 2689 aequalem
875 2641 1091 2689 Symmachi
1116 2642 1230 2678 fuisse

218 2712 293 2734 non
305 2698 609 2747 improbabiliter
624 2698 759 2747 conjici
777 2713 884 2747 posse
900 2699 1058 2736 videtur.
1074 2700 1231 2737 Duobus

218 2765 345 2793 autem
366 2757 424 2792 his
447 2757 722 2806 interpretibus
753 2758 904 2802 tertius,
924 2758 962 2794 ni
990 2759 1112 2803 fallor,
1129 2772 1232 2795 acce-

219 2815 308 2850 dere
337 2813 451 2850 debet
479 2814 648 2863 ejusdem
680 2815 783 2851 hand
808 2815 924 2851 dubie
955 2824 992 2850 et
1025 2815 1169 2851 ordinis
1197 2825 1232 2852 et

220 2872 337 2907 aetatis
357 2873 623 2921 grammaticus
646 2873 891 2921 Euphronius
907 2902 916 2918 ,
937 2873 1000 2921 qui
1027 2873 1109 2922 ipse
1131 2887 1231 2922 quo—

221 2943 294 2978 que
335 2938 532 2979 excerptas
569 2945 614 2967 ex
656 2931 942 2980 antiquioribus
978 2932 1232 2980 grammaticis

221 2988 485 3024 annotationes
515 2990 591 3025 suis
622 2989 740 3038 ipsius
769 2990 888 3038 copiis
917 2998 1044 3025 auctas
1071 3003 1232 3039 compo-

222 3045 339 3081 suisse
355 3046 507 3082 videtur
529 3060 667 3094 easque
684 3060 758 3083 non
779 3047 816 3082 in
843 3047 1018 3083 undecim
1041 3048 1131 3083 solis
1151 3061 1234 3096 quae

222 3103 334 3139 hodie
363 3112 566 3153 supersunt
594 3105 731 3140 fabulis
763 3113 950 3146 versatas,
976 3118 1060 3141 nam
1082 3119 1128 3141 ex
1162 3109 1235 3142 Eu-

225 3161 376 3210 phronii
411 3163 686 3198 commentario
710 3162 747 3197 in
781 3163 1002 3211 Tagenistas
1037 3164 1235 3200 manifeste

225 3227 404 3268 exceipta
421 3228 507 3256 sunt
523 3233 606 3268 quae
624 3220 807 3256 Photius'
798 3234 836 3256 111
859 3221 997 3257 Lexico
1021 3235 1059 3270 p.
1084 3223 1171 3268 383,
1188 3236 1233 3257 22

225 3274 273 3311 de
307 3276 514 3326 proveibio
543 3277 637 3329 Πάρι
669 3277 804 3329 ἐξόρουσ
808 3294 842 3315 ον
882 3280 1049 3317 tiadidit.
1078 3284 1134 3318 Ex
1162 3252 1236 3318 ⁷alii

225 3333 384 3370 fontasse
410 3335 673 3383 Aristophanis
697 3336 823 3373 fabula
857 3338 978 3386 glossa
999 3347 1150 3387 sumpta
1181 3348 1236 3375 est

227 3403 262 3439 p.
287 3391 368 3435 165,
395 3407 435 3428 10
463 3393 670 3442 explicata,
699 3394 870 3431 Κιλλείατ
897 3394 979 3448 πρὸς
999 3398 1048 3448 τῷ
1069 3395 1235 3447 Ὑμηττῷ

1139 236 1201 272 PR
1209 235 1396 273 AEFA'HO

1286 319 1391 356 δασύ·
1410 323 1440 356 οἱ
1461 320 1496 356 δὲ
1513 320 1651 371 κρήνην·
1672 321 1932 373 Καλλίστρατος
1954 321 1989 360 δὲ
2009 322 2123 374 ἄγριον
2143 323 2293 374 λάχανον

1284 376 1407 427 τραχύ·
1431 377 1616 429 Εὐφρόνιος
1637 376 1673 415 δὲ
1696 376 1738 414 τὰ
1762 378 1944 426 &navet-'28⁷2
1963 383 2030 418 τῶν
2054 380 2196 431 ἐχίνων·
2222 382 2295 419 nisi

1285 434 1330 470 ad
1348 435 1540 471 Cratinum
1562 437 1703 472 referre
1725 437 1894 485 placeat,
1916 439 1952 474 in
1978 453 2054 488 quo
2071 439 2296 488 explicando

1285 495 1537 530 Callistratum
1561 497 1700 543 pariter
1720 505 1832 544 atque
1855 499 2120 546 Euphronium
2139 512 2294 548 operam

1285 552 1456 601 posuisse
1476 566 1522 588 ex
1545 553 1729 588 Athenaeo
1758 555 1935 591 discimus
1960 570 2018 602 11,
2042 571 2078 607 p.
2105 558 2192 605 495,
2214 562 2243 592 A
2260 565 2298 593 et

1285 612 1313 646 C
1337 609 1401 659 (1).
1427 609 1604 645 Similiter
1627 618 1774 653 autem,
1797 619 1838 646 ut
1865 612 1967 660 apud
1995 613 2192 660 Photium‚
2211 615 2298 651 Cal-

1285 667 1418 703 listrati
1461 674 1497 701 et
1529 667 1743 716 Euphronii
1781 669 1976 704 sententiae
2007 668 2079 705 sibi
2111 672 2298 720 oppositae

1286 734 1544 761 memorantur
1562 725 1598 760 in
1621 725 1737 761 schol.
1763 725 1954 774 Aristoph.
1975 729 2086 775 Vesp.
2106 728 2193 772 604,
2209 729 2299 775 606,

1286 788 1357 821 Av.
1388 785 1483 831 933,
1506 797 1579 832 997
1595 812 1604 828 ,
1642 785 1736 828 137
1723 808 1733 829 s
1751 812 1760 826 ‚
1785 784 2002 832 Symmachi
2033 793 2070 820 et
2094 786 2299 823 Callistrati
2320 804 2329 811 2

1286 846 1354 878 Av.
1373 847 1463 887 440,
1491 841 1660 890 ejusdem
1680 855 1774 878 xero
1795 842 1992 878 sententiae
2019 851 2194 880 auctores
2213 845 2301 881 Cal-

1285 901 1451 936 listratus
1471 908 1506 935 et
1526 900 1772 949 Euphronius
1791 900 2041 949 perhibentur
2057 901 2094 937 in
2113 901 2233 939 schol.
2253 903 2302 939 ad

1286 958 1383 994 Pluti
1406 971 1440 994 v.
1465 958 1550 993 385.
1581 958 1730 1003 Quibus
1757 958 1794 994 in
1819 958 1913 995 locis
1932 959 2153 1007 ambiguum
2179 960 2299 997 videri

1287 1025 1411 1067 potest
1457 1025 1581 1052 utrum
1621 1017 1846 1052 sententiam
1885 1017 2087 1053 Callistrati
2107 1047 2116 1064 ,
2154 1019 2300 1068 antiqui

1285 1074 1523 1124 grammatici
1547 1074 1812 1119 Alexandrini,
1841 1075 1907 1124 qui
1935 1083 2089 1111 centum
2121 1083 2160 1111 et
2188 1075 2304 1125 (111111-

1286 1134 1468 1182 quaginta
1501 1133 1662 1182 amplius
1708 1141 1796 1168 ante
1834 1145 1945 1169 aeram
1981 1141 2153 1169 nostram
2195 1135 2303 1171 annis

1287 1192 1395 1236 vixit,
1416 1204 1460 1227 ex
1482 1191 1600 1239 ipsius
1626 1191 1899 1227 commentario
1917 1192 2168 1240 cognoverint
2187 1193 2303 1229 scho-

1286 1249 1404 1284 liastae
1441 1249 1583 1294 nostri,
1615 1262 1660 1284 an
1696 1262 1742 1284 ex
1782 1249 1994 1298 Euphronii
2034 1251 2303 1298 Symmachive

1286 1308 1472 1355 excerptis
1489 1306 1738 1356 repetiverint
1754 1335 1762 1350 ,
1783 1306 1886 1354 quod
1905 1306 1998 1342 mihi
2015 1307 2138 1343 minus
2155 1307 2302 1357 proba·-

1288 1364 1363 1400 bile
1384 1366 1547 1401 videtur.
1565 1368 1660 1402 Nam
1683 1364 1713 1400 si
1733 1364 1916 1401 Athenaeo
1934 1365 2136 1402 Callistrati
2160 1367 2304 1416 scripta

1289 1424 1397 1471 plura
1433 1436 1598 1472 usupare
1628 1423 1761 1471 licuit,
1795 1436 1872 1457 non
1908 1431 1964 1459 est
1998 1437 2067 1460 eur
2090 1425 2304 1461 scholiastis

1287 1481 1466 1516 Athenaeo
1502 1495 1576 1517 non
1619 1481 1738 1516 multo
1776 1481 2053 1518 recentioribus
2099 1483 2303 1519 Callistrati

1289 1539 1519 1575 scholiorum
1545 1540 1694 1589 copiam
1715 1538 1831 1575 fuisse
1853 1552 2046 1588 negemus.
2075 1541 2230 1577 Accedit
2257 1541 2304 1577 ad

1288 1598 1367 1634 haec
1387 1598 1491 1646 quod
1512 1597 1687 1646 Didymi,
1711 1597 1777 1646 qui
1804 1597 1867 1633 vix
1887 1610 1964 1632 uno
1991 1598 2120 1634 seculo
2142 1599 2306 1635 inferior

1288 1656 1500 1692 Callistrato
1543 1656 1614 1692 fuit
1636 1685 1646 1703 ‚
1682 1655 1977 1691 commentarios
2009 1655 2057 1692 ab
2093 1657 2305 1693 scholiastis

1287 1714 1427 1750 nostris
1442 1714 1636 1762 inspectos
1656 1726 1735 1749 esse
1756 1712 1905 1748 indiciis
1930 1713 2019 1749 satis
2036 1713 2145 1749 claris
2167 1725 2307 1761 cogno-

1287 1772 1418 1818 scitur,
1442 1771 1597 1807 velutin
1613 1771 1756 1807 scholio
1777 1770 1822 1806 ad
1844 1770 1941 1806 Pluti
1959 1784 1992 1807 v.
2018 1783 2117 1806 1010
2133 1784 2140 1806 :
2154 1768 2306 1818 Σύμμα-

1286 1828 1346 1879 χος
1370 1828 1656 1879 φησι-Δίδυμος
1677 1827 1712 1866 δέ
1737 1843 1905 1880 <sanent—z
1927 1828 1975 1864 ad
1995 1831 2066 1866 Av.
2089 1829 2163 1873 877
2179 1841 2186 1863 :
2202 1825 2307 1877 Σύμ-

1289 1902 1400 1937 μαχος
1434 1887 1707 1938 προείρηκεν-ὃ
1743 1884 1778 1922 δὲ
1809 1885 2024 1935 Δίδυμος--.
2056 1887 2184 1922 1283;

1290 1945 1483 1997 Σύμμαχος
1501 1959 1508 1966 ·
1537 1948 1553 1982 ὃ
1580 1945 1615 1982 δὲ
1641 1946 1790 1994 Δίδυμος
1821 1945 1990 1982 σκυτάλια
2014 1943 2073 1987 τὰς
2098 1944 2305 1997 βακτηρίας·

1288 2005 1334 2041 ad
1359 2007 1453 2041 1363
1475 2019 1482 2040 :
1508 2004 1723 2054 Σύμμαχος·
1751 2003 1947 2046 καθοπλίζει
1966 2002 2066 2040 αὐτὸν
2080 2017 2142 2031 -·
2157 2002 2307 2052 Δίδυμος

1289 2064 1324 2100 δέ
1340 2087 1398 2100 -.
1422 2062 1646 2112 Cujusmodi
1672 2063 1774 2098 locos
1800 2061 2054 2099 Schneiderus
2082 2074 2118 2110 p.
2147 2062 2191 2096 61
2217 2074 2307 2097 sen-

1291 2123 1413 2159 tentiae
1441 2122 1487 2158 ab
1516 2135 1554 2158 se
1584 2121 1793 2170 propositae
1822 2133 1952 2156 caussa
1978 2121 2032 2156 ita
2060 2120 2321 2169 interpretari

1289 2189 1343 2217 est
1367 2188 1542 2226 coactus,
1574 2187 1615 2215 ut
1637 2178 1792 2227 Didymi
1818 2178 2094 2227 explicationes
2115 2176 2162 2212 ab
2194 2177 2308 2214 scho-

1290 2239 1407 2275 liastis
1427 2251 1504 2273 11011
1530 2251 1575 2274 ex
1592 2237 1713 2286 ipsius
1730 2236 2011 2273 commentariis
2027 2265 2037 2282 ,
2054 2235 2118 2272 sed
2137 2249 2184 2272 ex
2201 2238 2309 2284 Sym-

1290 2297 1413 2332 machi
1443 2296 1633 2344 excerptis
1656 2295 1785 2331 afferri
1814 2294 2009 2340 crederet,
2034 2294 2122 2330 licet
2147 2294 2308 2330 scholia-

1290 2365 1431 2391 starum
1479 2353 1595 2391 verba
1629 2354 1857 2390 contrariam
1903 2354 2032 2404 potius
2080 2353 2306 2390 sententiam

1289 2412 1557 2449 commendare
1585 2412 1803 2449 videantur.

1343 2474 1426 2507 Jam
1459 2471 1488 2507 si
1522 2471 1645 2506 omnis
1677 2470 1790 2518 hujus
1819 2469 2090 2518 disputationis
2120 2481 2306 2506 summam

1282 2517 1526 2578 tepetimus,
1555 2542 1631 2564 non
1666 2529 1746 2564 sine
1783 2528 1932 2564 idoneis
1965 2527 2177 2564 lationibus
2212 2541 2307 2563 con—

1293 2587 1448 2623 tendere
1477 2599 1587 2636 posse
1609 2586 1798 2629 videmur,
1829 2585 2063 2621 scholiorum
2086 2594 2305 2621 nostrorum

1291 2646 1566 2695 compositores
1583 2645 1936 2693 antiquissimorum
1965 2644 2218 2692 interpretum
2237 2657 2308 2680 an-

1292 2706 1502 2741 notationes
1533 2704 1673 2767 partim
1703 2717 1747 2739 ex
1782 2703 1875 2752 ipsis
1909 2702 2079 2738 fontibus
2116 2701 2306 2747 hausisse,

1293 2763 1428 2814 paltim
1455 2776 1502 2799 ex
1526 2763 1579 2798 Ph
1586 2762 1681 2805 aini,
1709 2759 1948 2808 Symmachi,
1972 2759 2194 2809 Euphroni'»
2217 2760 2308 2796 alio-

1292 2829 1452 2870 tumque
1483 2820 1674 2868 exceiptis
1706 2819 1877 2868 (ἐκλοριῖς
1907 2817 2181 2867 ὑπομνημάτων)
2210 2818 2308 2867 peti-

1290 2875 1415 2916 visse·
1406 2886 1531 2928 ⁷quot
1559 2886 1682 2914 autem
1718 2884 1755 2912 et
1784 2890 1879 2925 quos
1901 2876 2156 2939 antiquiorum
2189 2874 2307 2912 libros

1293 2937 1539 2974 adhibueiint
1574 2936 1629 2972 vel
1666 2948 1741 2970 non
1775 2934 2044 2977 adhibueiint,
2075 2933 2112 2969 111
2147 2947 2187 2970 οι
2221 2947 2306 2983 quae

2216 1884 2307 1922 οὕτω

1336 3040 1381 3078 (1)
1403 3043 1447 3070 Ex
1468 3038 1581 3069 iisdem
1596 3037 1766 3077 Euphronii
1789 3037 1821 3067 in
1843 3037 1983 3067 comicos
2005 3036 2242 3068 commentariis
2254 3045 2308 3068 ex-

1293 3090 1398 3125 cerpta
1412 3088 1486 3117 sunt
1500 3094 1571 3124 quae
1584 3085 1615 3115 in
1631 3084 1766 3123 Etymol.
1783 3085 1824 3113 Μ.
1841 3092 1871 3123 p.
1886 3086 1957 3122 340,
1973 3087 2008 3114 3:
2028 3083 2191 3125 Ἐνεργμός
2204 3094 2211 3100 ·
2229 3084 2264 3114 τὸ
2279 3084 2306 3114 δ’

1294 3131 1367 3161 αὐτὸ
1381 3131 1432 3160 καὶ
1448 3131 1553 3171 ἐνερξις
1567 3139 1573 3145 ·
1597 3133 1716 3170 xpo-quat
1737 3130 1957 3170 κιθαριστικὸν.
1985 3130 2150 3171 Εὐφρόνιος
2165 3130 2197 3161 δὲ
2209 3129 2260 3160 τὸν
2274 3129 2306 3160 ἐν

1296 3177 1380 3215 μέσῳ
1396 3179 1449 3211 τῆς
1468 3175 1591 3216 κιθάρας
1614 3175 1827 3206 πασσαλίσκον
1841 3199 1849 3213 ,
1867 3176 1905 3205 δι’
1920 3175 1955 3206 οὗ
1974 3178 1993 3212 ἡ
2019 3176 2112 3217 χορδή
2137 3175 2304 3216 διήρτηται.

1295 3223 1445 3263 Φρύνιχος
1459 3221 1566 3260 Κόννῳ
1589 3236 1603 3246 «
1615 3223 1651 3252 Τί
1667 3222 1716 3252 δαὶ
1737 3222 1788 3252 τὸν
1808 3222 1949 3262 ἐνεργμόν
1963 3234 1971 3261 ;
1983 3234 1998 3248 υ
2025 3224 2057 3254 et
2076 3221 2210 3252 sortasse
2233 3229 2306 3259 quae

1295 3267 1379 3307 apud
1400 3268 1497 3298 schol.
1523 3267 1651 3306 Dionys.
1675 3268 1749 3298 Thr
1776 3267 1808 3298 in
1829 3268 1957 3299 Bekkeri
1981 3267 2151 3300 anecdotis
2173 3276 2204 3307 p.
2232 3269 2303 3305 782,

1300 3319 1334 3345 15
1352 3314 1522 3352 leguntur,
1546 3315 1737 3367 Εὐφρόνιος
1722 3315 1756 3345 οὲ
1781 3314 1926 3354 (φοινίκιαι
1937 3315 1975 3346 τὰ
1989 3314 2153 3356 γράμματα
2165 3313 2306 3353 λέγεσθαί

1296 3362 1380 3400 φησι)
1397 3361 1442 3390 ὅτι
1458 3372 1489 3399 μ’.
1482 3361 1553 3390 ἶλτιι)
1573 3362 1606 3391 το
1621 3371 1694 3392 mot
1684 3372 1762 3402 ερον
1780 3359 1923 3401 ἐγράῇετο
1935 3385 1944 3399 ,
1960 3363 1979 3398 ἥ
1997 3362 2060 3393 ἐστι
2078 3360 2187 3401 χρῶμά
2201 3370 2229 3390 τι
2244 3370 2306 3398 φοι·

1296 3417 1404 3438 vuoeov.
