2533 3808
323 186 398 225 544

375 288 388 309 1
400 287 426 307 1.
458 268 625 308 Scholiis
642 275 678 303 et
695 263 930 314 glossematis
945 263 992 299 ad
1018 277 1030 299 1
1043 264 1138 307 1-45
1157 272 1259 300 caret
1273 264 1322 300 Θ.

318 357 360 368 ...
378 342 421 365 ιο
439 328 529 363 δυοῖν
550 330 589 360 Β.
604 325 693 360 δυεῖν
712 322 800 359 Ald.
820 324 853 371 β’
867 325 911 358 V.
924 346 964 352 --
981 334 994 357 1
1008 334 1021 356 1
1044 321 1141 358 τοῦδε
1162 321 1266 370 μέμν.
1284 324 1325 356 R.

320 389 399 425 sine
417 388 475 421 τοῦ
493 385 590 428 θεοῦ,
613 380 716 429 quod
743 393 815 416 om.
836 383 882 417 V.
903 397 917 411 «
933 378 1122 421 θεσπίσεως
1145 382 1188 416 V.
1207 387 1265 425 et,
1287 386 1327 414 ut

319 446 470 494 opinor,
490 445 535 478 R.
550 459 564 474 »
584 443 699 475 DiNn.
719 438 901 480 θεσπεσίας
919 438 1003 474 Ald.
1018 452 1055 474 τε
1076 451 1148 473 om.
1166 440 1208 475 V.
1221 461 1262 467 —
1283 447 1326 472 12

318 503 376 540 καὶ
397 500 464 551 μὴν
482 498 540 536 καὶ
559 501 619 543 τῆς
635 496 724 534 κατὰ
745 499 912 546 μουσικῆς
939 500 982 533 R.
1011 497 1091 532 sine
1120 494 1327 543 ἐπιστήμης.

317 560 379 605 τὴν
412 571 486 594 om.
519 561 563 592 V.
579 579 619 586 -
646 559 690 597 14
722 554 909 606 ἀπέπεμψε
939 557 1083 591 Heinst.
1113 552 1248 605 ἔπεμψε
1281 556 1326 589 R.

318 617 402 655 Ald.
425 639 465 646 -
495 615 539 650 15
570 610 782 653 θεσπιάσεως
812 615 857 648 R.
888 611 1106 660 Legebatur
1134 609 1327 652 Οεσπεσίας.

319 693 333 707 «
351 673 403 712 Τὸ
429 670 596 723 προσεχὲς
622 672 684 715 τῆς
714 670 840 706 ἐκεῖθεν
869 668 1007 715 ἐξόδου,
1038 669 1166 719 paullo
1197 669 1330 705 durior

318 733 480 778 locutio,
514 731 586 767 hoc
615 742 726 765 sensu
755 728 965 776 capienda:
985 732 1077 763 artis
1100 728 1332 762 vaticinandi

316 796 531 829 mentionem
539 788 635 837 fecit
642 797 841 836 propterea
861 789 959 835 quod
973 792 1057 833 jam
1076 789 1178 822 modo
1199 788 1330 833 templo

315 852 466 898 Pytlzico
484 852 664 884 exierant.
685 864 700 879 »
723 848 869 882 HEMST.
898 844 1088 896 προσχερές
1104 848 1149 881 R.
1163 873 1171 887 ,
1190 858 1235 881 ex
1254 857 1330 893 quo

317 909 447 946 addita
470 908 513 943 16
528 919 583 955 sq.
602 904 666 950 τὴν
685 903 881 948 δὲ--αὐτῆς
897 902 1000 953 ἔχων.
1015 933 1054 939 ...
1076 918 1118 949 17
1138 902 1332 952 legebatur

316 968 420 1017 τριῶν
437 964 485 1001 δέ.
500 967 567 1001 Est
581 964 654 999 hoc
671 963 766 999 alius
783 962 916 999 scholii
933 962 1151 999 initium.—-
1163 974 1210 997 2ο
1228 959 1330 1011 ἔχων.

319 1022 477 1076 προσθεὶς
494 1020 602 1058 δὲκαὶ
626 1019 665 1057 τὸ
686 1019 786 1071 σοφὸς
807 1018 885 1066 τὴν,
908 1019 955 1055 24
983 1019 1061 1071 περὶ
1087 1021 1148 1064 τῆς
1177 1022 1238 1065 V„
1267 1020 1331 1068 qui

319 1084 367 1119 26
382 1080 528 1118 οἰκείων.
550 1079 681 1129 μᾶλλον
698 1080 828 1130 ἀρετῶν
843 1077 926 1115 Ald.
943 1079 1072 1129 ἀρετῶν
1093 1078 1224 1126 μᾶλλον
1239 1081 1333 1114 Por-

321 1150 391 1177 tus.
407 1143 450 1176 In
467 1140 541 1174 fine
565 1137 671 1174 addit
689 1136 774 1173 Ald.
796 1136 886 1186 ἤπερ
905 1135 1100 1187 ὠφέλησεν·
1118 1135 1176 1172 καὶ
1195 1135 1250 1172 διὰ
1269 1134 1331 1184 μὲν

318 1201 379 1244 τῆς
406 1195 570 1247 μαντείας
599 1194 778 1247 ἐτάραξεν·
803 1193 858 1231 διὰ
884 1193 919 1230 δὲ
939 1196 1001 1240 τῆς
1023 1196 1178 1247 ἰατρικῆς
1198 1195 1333 1243 μελαγἡ

320 1258 426 1307 χολᾶν
442 1254 619 1300 ἐποίησεν·
638 1252 695 1290 διὰ
716 1251 751 1289 δὲ
767 1255 828 1297 τῆς
842 1251 981 1305 σοφίας,
998 1251 1017 1288 ὅ
1029 1253 1102 1290 ἐστι
1125 1252 1332 1304 φρονήσεως,

318 1314 377 1352 καὶ
395 1314 433 1352 τὸ
448 1318 582 1365 φρονεῖν
602 1311 704 1348 αὐτὸν
726 1310 898 1363 ἀφείλετο.
921 1314 981 1347 τοῦ
1009 1309 1044 1348 δὲ
1066 1316 1174 1347 ποιεῖν
1194 1311 1241 1360 (v.
1274 1311 1332 1357 14)

317 1377 339 1419 ἡ
356 1371 608 1424 παραλήγουσα
623 1369 733 1416 κοινὴ,
749 1369 808 1407 καὶ
821 1370 859 1406 οὗ
874 1368 942 1420 χρὴ
958 1375 1053 1406 ποεῖν
1071 1368 1332 1421 γράφειν.-28

318 1432 376 1469 καὶ
391 1430 429 1467 τὸ
445 1428 506 1480 μὲν
528 1433 619 1478 Reg.
635 1454 677 1461 -
692 1442 740 1477 29
763 1430 901 1480 παρῆκε
920 1428 1070 1464 addidit
1086 1431 1228 1464 Hemst.
1260 1431 1334 1465 Re-

318 1490 402 1539 gius
426 1487 541 1524 habet
560 1487 669 1533 infra,
690 1486 810 1537 χρείαν
836 1484 927 1536 ἔχειν
956 1486 1101 1522 ἐνταῦθα
1117 1488 1266 1537 παρῆκε.
1284 1507 1334 1514 -

319 1548 366 1584 33
386 1545 499 1595 μάτην
515 1548 660 1582 Hemst.
685 1552 722 1579 et
748 1547 838 1592 Reg.
857 1542 979 1593 μάντις
992 1547 1107 1581 Dorv.
1123 1568 1161 1574 -
1183 1546 1229 1589 34
1249 1545 1334 1581 ἀπι-

318 1607 408 1642 στῶν
430 1603 532 1655 σοφὸς
547 1602 581 1646 ἐξ
599 1606 694 1640 R.-
715 1614 758 1638 19.
780 1602 818 1638 οὗ
839 1599 901 1650 μὲν
919 1605 964 1638 V.

852 1664 865 1684 Ξ

376 1699 434 1745 15,
458 1704 506 1741 42
527 1698 565 1733 ἐκ
584 1699 643 1733 τοῦ
663 1695 754 1732 κατὰ
769 1694 826 1731 τὀν
844 1692 959 1731 remit*
978 1698 1024 1731 R.
1046 1696 1262 1744 Legebatur
1274 1700 1334 1734 τοῦ

319 1755 500 1808 παράπαν.
521 1759 621 1792 Vera
634 1754 821 1803 scriptura
835 1753 945 1789 etiam
962 1753 999 1789 in
1014 1754 1131 1791 schol.
1150 1758 1244 1793 Ven.
1267 1765 1333 1793 est.

321 1837 372 1843 -—
392 1816 438 1857 43
460 1811 647 1864 προσήκειν
669 1815 716 1848 R.
738 1810 953 1859 Legebatur
978 1811 1158 1862 προσήκει.
1192 1816 1334 1850 Corre-

322 1883 426 1911 ctum
446 1888 492 1909 ex
513 1872 630 1909 schol.
648 1874 740 1907 Ven.
757 1871 807 1920 τῷ
827 1870 944 1921 τυφλῷ
962 1873 1006 1906 G.
1026 1891 1078 1898 —
1097 1876 1142 1916 47
1168 1875 1227 1908 τοῦ
1246 1871 1336 1909 κατὰ

320 1939 366 1971 V.
384 1956 436 1962 —
459 1935 506 1976 48
522 1945 604 1981 sqq.
629 1930 767 1978 Eadem
787 1930 1059 1979 Moschopulus
1076 1931 1204 1979 habet,
1223 1933 1335 1969 addi-

324 1993 369 2028 tis
403 1989 673 2040 Aristophanis
706 1987 834 2024 verbis
849 2017 859 2034 ,
889 1988 928 2024 in
959 1987 1122 2025 Ἀττικῶν
1156 1990 1335 2039 ὀνομάτων

323 2051 461 2100 ἐκλογῇ.
481 2052 677 2085 HEMST.-
690 2052 738 2094 49
755 2046 902 2089 ἐλλιπῶς
920 2048 1015 2094 Reg.
1038 2055 1152 2095 recte,
1169 2057 1209 2085 ut
1230 2050 1334 2086 solet.

381 2128 423 2159 17
443 2141 451 2156 ‚
494 2114 513 2149 3
540 2116 586 2148 V.
615 2111 740 2160 pergit
773 2108 899 2150 ἄλλως.
937 2108 1063 2161 βραχύ.
1096 2113 1139 2162 τῆ
1175 2111 1265 2155 λέξει
1301 2112 1337 2149 δὲ

323 2171 498 2222 ἐχρήσατο
528 2167 916 2213 ἐπιτείνων-εὐτελής.
945 2166 967 2213 ἢ
994 2162 1081 2211 εἶδος
1125 2169 1339 2220 νομίσματος

330 2236 447 2287 μικροῦ
469 2231 553 2268 οἵνθυ
569 2229 656 2281 (ὅθεν
680 2229 743 2279 G.)
765 2228 822 2265 καὶ
833 2227 941 2280 γρύτη
959 2227 1002 2265 τὰ
1020 2229 1126 2282 μικρὰ
1142 2230 1264 2277 σκεύη.
1285 2232 1337 2283 (v.

330 2293 403 2340 21.)
427 2295 446 2337 ἡ
466 2288 788 2342 στεφανηφορία-.
806 2292 848 2325 In
867 2292 913 2325 R.
937 2298 993 2326 cst
1013 2290 1090 2326 οὐδὲ
1107 2290 1181 2341 γρύ.
1201 2291 1276 2329 τὸν.
1296 2323 1302 2329 .
1322 2321 1329 2328 .

325 2350 445 2400 ὄνυχος
461 2347 565 2398 λέγει.
585 2346 672 2389 τινὲς
692 2346 727 2383 δὲ
748 2347 804 2384 τὸν
834 2347 1066 2398 γρυλλισμὸν,
1099 2349 1255 2387 τουτέστι
1275 2350 1338 2396 τὴν

328 2407 441 2459 φωνὴν
463 2408 531 2443 τῶν
561 2405 701 2457 χοίρων.
729 2404 751 2450 ἢ
776 2399 863 2448 εἶδος
885 2409 1008 2457 μικροῦ
1045 2406 1270 2457 νομίσματος.
1293 2413 1340 2446 Et

329 2465 484 2500 inferius
501 2492 510 2509 ,
528 2479 612 2514 τυχ.
632 2492 639 2499 .
657 2492 665 2500 .
692 2462 750 2499 καὶ
768 2478 890 2514 μικρο.
909 2494 916 2500 .
935 2491 943 2499 .
961 2492 969 2500 .
997 2465 1036 2500 ἐκ
1066 2472 1262 2516 μεταφορᾶς
1279 2471 1340 2503 τοῦ

326 2520 404 2557 όνυ.
422 2549 430 2556 .
449 2550 456 2557 .
475 2548 482 2557 .
515 2520 634 2570 ῥύπου.
658 2541 704 2547 -
726 2525 745 2562 4
767 2522 868 2571 ῥῦπος
884 2521 1081 2570 legebatur
1100 2524 1160 2559 hic
1179 2533 1215 2559 et
1230 2525 1338 2564 infra.

329 2582 419 2626 Reg.
437 2577 578 2626 ubique
600 2576 716 2627 ῥύπος.
730 2600 780 2604 -
794 2592 817 2625 9
834 2578 1053 2629 ῥυποπώλης.
1073 2581 1278 2617 Adsentior
1291 2585 1339 2619 H.

328 2636 522 2684 Stephano
540 2635 579 2671 in
603 2634 835 2686 Γρυτοπώλης
853 2635 899 2671 ad
919 2636 1016 2671 hanc
1035 2638 1243 2674 scholiastae
1271 2653 1343 2675 vo-

330 2707 409 2729 cem
427 2693 571 2730 notanti
590 2692 739 2739 :forsan
757 2691 972 2740 ῥωποπώλης
987 2699 1128 2742 scripsit
1141 2710 1151 2730 .·
1171 2698 1342 2744 quamvis

330 2753 431 2789 enim
453 2766 511 2788 mc
532 2766 606 2788 non
631 2751 748 2800 fugiat
763 2780 772 2797 ,
792 2751 882 2799 quid
902 2752 947 2787 ad
976 2752 1255 2789 defendendum
1280 2753 1340 2804 ῥύ-

329 2824 392 2846 πον
412 2823 481 2859 pro
490 2810 648 2856 frivolis,
666 2813 883 2856 minorisque
892 2814 1005 2857 pretii
1021 2811 1197 2846 mercibus
1215 2812 1341 2847 afferri

331 2869 473 2917 possit,
491 2868 563 2903 hoc
587 2876 711 2904 tamen
738 2868 912 2916 praefero.
938 2870 1084 2903 Hmm.
1117 2871 1342 2919 Corruptius

332 2927 443 2962 ctiam
462 2925 593 2963 Suidas
609 2939 636 2961 s.
658 2926 745 2976 Γρῦ,
769 2924 842 2962 ὅθεν
862 2924 921 2961 καὶ
939 2924 1046 2976 γρύτη
1074 2925 1131 2962 καὶ
1161 2927 1343 2977 γρυτοπώ-

331 2986 410 3031 λης,
431 2983 513 3035 ὅπερ
529 2978 590 3020 οὐκ
609 2983 768 3034 εἴρηται,
797 2981 886 3020 ἀλλὰ
908 2982 1145 3034 γρυτοπώλης.
1174 3005 1218 3012 -
1240 2984 1342 3021 Ibid.

333 3042 515 3094 γρυτοὶρης.
529 3045 666 3078 Forma
681 3042 783 3078 vocis
800 3042 889 3078 satis
907 3042 1142 3079 demonstrat
1157 3044 1341 3093 originem

335 3100 374 3135 in
395 3101 570 3136 citeriore
601 3108 745 3136 tantum
768 3100 913 3136 Graecia
940 3101 1185 3148 quaerendam
1212 3103 1344 3139 :simi-

337 3158 422 3193 liter
439 3158 538 3193 enim
555 3166 667 3206 atque
685 3157 872 3210 ἁμαξαῖριος
890 3167 926 3194 ct
947 3156 1144 3210 ἁμαξάρης,
1165 3160 1344 3209 βασταγοὶ-

320 3229 406 3266 Αριος
428 3223 465 3251 ct
485 3214 720 3265 βασταγάρης,
742 3215 942 3268 κουρσάριος
970 3226 1006 3253 et
1035 3217 1226 3270 κουρσάρης
1241 3248 1250 3265 ,
1276 3235 1344 3255 vm·-

338 3272 452 3323 τάριος
483 3281 520 3309 ct
548 3272 703 3324 νωτάρης
733 3275 835 3323 apud
870 3276 1043 3320 Suidam,
1073 3276 1273 3328 φουρνάριος
1311 3287 1346 3314 et

339 3330 527 3382 φουρνάρης
544 3332 743 3378 (licuntur,
774 3334 826 3369 sic
854 3342 890 3370 et
915 3333 1117 3385 γρυτοὶριος,
1149 3335 1320 3387 γρυτάρης
1337 3366 1345 3382 ,

1097 176 1392 215 ADNOTATIO
1422 177 1475 214 IN
1505 177 1677 215 SCHOL.

1386 265 1620 312 Scrutarius,
1634 265 1681 301 de
1697 278 1773 315 quo
1796 267 1905 303 simul
1925 275 1961 303 et
1976 265 2172 319 ῥωποπώλῃ
2193 267 2309 304 Hadr.
2327 273 2396 306 Ju-

1386 321 1471 358 nius
1485 322 1523 358 in
1539 322 1658 372 Adag.
1676 324 1823 373 egregie
1836 324 1979 363 docuit.
1994 325 2115 374 Hujus
2128 326 2276 375 generis
2286 327 2396 376 longe

1387 379 1498 428 plura
1517 393 1548 416 v.
1565 393 1625 429 ap.
1643 384 1810 431 Ducang.
1826 383 1865 418 in
1877 383 2083 420 Glossario.
2105 384 2194 420 Tale
2209 392 2265 421 est
2280 385 2398 433 μυλω-

1387 436 1492 489 νάρης
1509 438 1629 474 schol.
1650 442 1720 487 Eq.
1739 440 1829 475 253.
1847 441 1920 477 Hic
1939 441 2053 491 igitur
2073 442 2200 491 potius
2226 441 2397 479 scriben—

1389 495 1479 532 dum
1509 496 1699 543 arbitror,
1736 497 1969 548 ῥωποπώλης,
2005 498 2039 541 ὃς
2069 498 2148 546 καὶ,
2184 501 2243 536 vel
2277 502 2399 542 κοινῶς

1388 553 1572 606 γρυτοίρης.
1593 557 1684 601 Quae
1713 564 1944 603 sequuntur,
1969 556 2282 608 κέχρηται-μόνον
2307 558 2400 595 δοκεῖ

1389 627 1444 658 τι,
1466 613 1637 660 superius
1657 611 1894 661 subjicienda
1915 622 2001 649 sunt
2024 624 2110 664 post
2129 615 2250 667 ὄνυχος
2272 613 2397 665 ῥύπος,

1389 671 1411 706 1.
1436 676 1470 715 4,
1494 670 1593 706 unde
1607 669 1853 706 dissimilibus
1872 671 2022 708 insertis
2037 675 2134 710 male
2147 681 2371 723 separantur
2391 688 2399 709 :

1391 737 1537 765 constat
1558 729 1629 764 hoc
1647 727 1778 764 itidem
1798 742 1843 765 ex
1861 729 2007 766 scholio
2027 731 2169 768 codicis
2192 735 2311 769 Dorv.
2330 733 2403 768 Fa-

1391 796 1492 824 ctum
1517 795 1643 824 autem
1669 787 1740 822 fuit
1762 799 1839 823 non
1861 800 1948 824 raro
1963 817 1972 833 ,
1996 788 2087 824 dum
2112 789 2401 838 interpretatio-

1391 858 1456 881 nes
1473 845 1628 881 diversae
1645 857 1692 880 ex
1707 843 1867 894 diversis
1884 844 1992 881 libris
2021 854 2135 895 atque
2169 841 2402 884 enarratori—

1391 903 1462 940 bus
1479 911 1758 952 excerpuntur,
1780 911 1821 938 ut
1842 903 2012 952 quaedam
2026 932 2035 949 ,
2055 913 2195 941 temere
2215 904 2403 953 congestis

1395 961 1564 1011 pluribus
1580 991 1589 1006 ,
1606 961 1770 997 alienum
1794 961 1919 997 locum
1944 971 2190 1012 occuparent.
2216 963 2404 1000 Human-

1398 1033 1442 1055 1o
1461 1018 1674 1070 ἀποκρίσεως
1694 1021 1737 1056 V.
1760 1027 1796 1054 et
1813 1020 2007 1056 Victorius
2025 1020 2063 1056 in
2076 1021 2175 1057 libro
2195 1020 2403 1070 Poggiano.

1393 1076 1619 1128 ἀποχρήσεως
1638 1077 1721 1114 Ald.
1737 1103 1777 1110 -
1797 1078 1842 1113 15
1864 1078 1956 1115 δοκεῖ
1974 1094 2007 1115 τι
2023 1083 2125 1116 Junt.
2148 1087 2184 1115 et
2201 1078 2404 1115 Victorius.

1393 1139 1434 1172 V.
1450 1135 1548 1171 infra
1564 1135 1610 1171 ad
1627 1136 1650 1171 l.
1673 1137 1734 1172 23.
1756 1136 1785 1172 δ’
1806 1135 1858 1172 ὅτι
1878 1140 1922 1173 V.
1948 1137 2030 1173 Ald.
2045 1162 2086 1167 —
2101 1136 2199 1174 lbid.
2219 1135 2354 1188 εἴρηται
2371 1134 2406 1172 δὲ

1392 1192 1595 1243 -ἐχόντων,
1610 1196 1721 1230 Hunc
1736 1195 1859 1231 solum
1876 1195 1953 1231 istis
1978 1195 2101 1231 locum
2125 1195 2301 1232 attribuit
2320 1194 2406 1230 Ald.

1393 1259 1431 1287 et
1448 1259 1551 1286 caret
1574 1251 1741 1297 scholio,
1769 1252 1872 1301 quod
1900 1253 2059 1289 totidem
2078 1253 2156 1289 fere
2182 1252 2309 1289 verbis
2336 1253 2409 1289 ite—

1393 1317 1499 1345 ratur
1512 1309 1558 1345 ad
1575 1308 1782 1360 πράγματα,
1803 1323 1837 1345 v.
1859 1324 1917 1353 20,
1935 1311 1973 1346 in
1992 1311 2160 1347 Juntina.
2179 1315 2316 1347 Portus
2330 1324 2408 1347 non

1394 1368 1472 1404 haec
1506 1376 1650 1403 tantum
1677 1367 1766 1404 sede
1793 1381 1859 1404 sua
1890 1368 2124 1415 deturbavit,
2155 1369 2221 1405 sed
2253 1369 2409 1417 insuper

1394 1426 1486 1470 ista,
1506 1424 1546 1462 τὸ
1563 1423 1598 1461 δὲ
1617 1427 1740 1475 σχῆμα
1757 1426 1867 1476 (ῥῆμα
1886 1426 1944 1463 ed.
1966 1427 2216 1472 Genevensis,
2241 1434 2409 1463 erratum

1394 1484 1560 1520 arbitror
1586 1483 1789 1533 typorum)
1805 1483 1889 1535 παρ’
1907 1483 2068 1521 ὑπόνοιαν
2081 1514 2091 1532 ,
2111 1484 2348 1522 adnotationi
2362 1483 2410 1520 ad

1394 1556 1430 1578 v.
1457 1556 1504 1579 2ο
1537 1541 1708 1591 subjecit.
1730 1545 1814 1578 Non
1834 1542 1958 1591 probo
1980 1557 1988 1578 ε
2020 1552 2122 1579 certe
2152 1543 2191 1579 in
2219 1542 2411 1594 πράγματα

1395 1601 1516 1649 qualis
1548 1601 1595 1637 sit
1627 1601 1748 1649 figura
1779 1608 1915 1649 praeter
1947 1609 2212 1650 exspectatum
2247 1600 2385 1637 cadens
2401 1628 2411 1646 ‚

1395 1660 1522 1695 nullus
1540 1659 1679 1704 vide05
1698 1672 1783 1708 quae
1806 1667 1931 1695 tamen
1955 1659 2016 1695 hic
2042 1659 2202 1708 intelligi
2222 1659 2412 1709 quodam-

1396 1718 1510 1754 modo
1526 1726 1664 1767 potest,
1682 1717 1784 1766 quod
1800 1726 1886 1766 post
1900 1718 2099 1754 excitatam
2121 1719 2288 1768 responsi
2305 1732 2411 1769 spem

1397 1790 1466 1826 per
1485 1775 1545 1813 καὶ
1563 1776 1658 1812 ταῦτ’
1679 1775 1954 1827 ἀποκρινομένου
1984 1776 2112 1813 subito
2138 1784 2342 1825 sequatur,
2372 1778 2412 1815 τὸ

1395 1833 1563 1886 παράπαν
1593 1832 1670 1870 οὐδὲ
1696 1832 1772 1885 γρύ.
1805 1836 1979 1871 Ceterum
2011 1835 2082 1871 ista
2116 1832 2251 1886 εἴρηται
2279 1833 2315 1871 δὲ
2344 1836 2412 1872 ἀπὸ

1398 1896 1592 1943 μεταφορᾶς
1604 1892 1672 1927 τῶν
1687 1891 1842 1936 πολυκτη
1849 1890 1961 1939 μόνων
1976 1890 2165 1943 ἀνθρώπων
2183 1900 2253 1928 etc.
2272 1905 2358 1928 eum
2372 1893 2410 1929 in

1399 1951 1555 1987 modum
1573 1949 1702 1999 capio,
1726 1957 1769 1985 ut
1791 1949 1974 1998 significet
1997 1949 2214 1986 scholiastes
2227 1979 2236 1995 ‚
2255 1950 2410 1987 Aristo—

1398 2009 1561 2058 phanem
1581 2007 1710 2044 inillis
1733 2006 2005 2058 ἀποκρινομένου
2026 2006 2102 2043 οὐδὲ
2120 2005 2181 2059 γρὺ
2201 2017 2411 2045 consuetu-

1399 2067 1528 2103 dinem
1546 2066 1687 2102 imitari
1704 2065 1904 2101 hominum
1925 2066 2216 2115 opulentorum,
2245 2066 2310 2115 qui
2333 2080 2413 2116 prae

1399 2127 1497 2163 fastu
1514 2126 1597 2162 aliis
1610 2153 1618 2168 ,
1638 2125 1845 2175 praesertim
1862 2125 2047 2162 tenuioris
2067 2125 2230 2161 sortunae
2244 2125 2414 2162 homini-

1399 2185 1470 2222 bus
1486 2192 1523 2221 et
1542 2184 1659 2220 servis
1672 2213 1681 2230 ,
1703 2183 1938 2232 respondere
1957 2191 2180 2232 graventur,
2209 2191 2323 2232 atque
2348 2183 2413 2219 in-

1401 2241 1732 2292 terpellationibus
1754 2241 1914 2290 ingratis
1947 2242 2162 2278 molestiam
2190 2241 2264 2278 sibi
2293 2242 2413 2278 creari

1401 2301 1565 2351 superba
1587 2300 1844 2337 taciturnitate
1862 2300 2135 2338 demonstrent.
2156 2299 2413 2348 Quamobrem

1401 2361 1431 2396 si
1449 2361 1632 2397 alterutro
1650 2360 1734 2395 loco
1752 2359 1832 2395 haec
1853 2358 2043 2395 eradenda
2066 2366 2155 2394 sunt
2167 2385 2176 2403 ‚
2202 2359 2414 2408 posteriore

1402 2419 1544 2464 malin];
1561 2417 1646 2453 ideo
1665 2417 1871 2466 praecipue,
1889 2417 1993 2466 quod
2010 2417 2113 2466 apud
2133 2417 2239 2454 Suid.
2259 2417 2299 2452 in
2315 2415 2415 2467 Προί-

1400 2492 1518 2525 γματα
1531 2505 1539 2520 ,
1560 2475 1625 2511 ubi
1647 2476 1719 2512 hoc
1734 2476 1859 2524 ipsum
1877 2474 2016 2526 παρέξω
2032 2474 2223 2524 πράγματα
2242 2475 2414 2523 exponit,

1401 2534 1475 2571 ἀντὶ
1496 2538 1556 2570 τοῦ
1579 2531 1782 2582 ἐνοχλήσω,
1814 2533 1908 2568 nihil
1928 2533 2087 2568 istorum
2119 2540 2321 2580 appareat3
2345 2545 2415 2568 nec

1402 2597 1520 2629 Dorv.
1538 2591 1639 2627 aliud
1654 2590 1780 2635 habet,
1796 2603 1909 2638 qnam
1927 2591 2027 2625 inter
2042 2602 2172 2625 versus
2186 2587 2287 2625 δώσω
2302 2589 2415 2638 ὀχλή-

1403 2665 1483 2690 σεις.
1519 2653 1663 2685 HEMST.
1690 2648 1882 2684 Victorius
1910 2649 1948 2683 in
1979 2646 2078 2683 libro
2107 2647 2300 2696 Poggiano
2329 2656 2418 2684 ante

1403 2706 1537 2757 εἴρηται
1565 2706 1725 2742 inseruit
1758 2720 1764 2740 :
1799 2705 1991 2755 πράγματα
2019 2704 2079 2746 τὰς
2113 2703 2285 2755 ὀχλήσεις.
2302 2729 2343 2735 -
2366 2718 2416 2741 no

1403 2765 1479 2802 τινὰ
1498 2768 1643 2801 llenist.
1665 2763 1696 2799 τὶ
1718 2766 1834 2799 Dorv.
1855 2772 1891 2799 ct
1909 2767 2003 2812 ch.
2021 2789 2055 2794 -
2083 2777 2125 2798 21
2150 2760 2227 2799 οὐδὲ
2243 2765 2337 2812 ch.
2358 2765 2415 2800 οὗ-

1404 2822 1458 2859 δὲν
1480 2826 1597 2858 Dorv.
1620 2847 1660 2851 —
1681 2822 1726 2856 23
1750 2820 1851 2869 μόνον
1883 2821 1973 2857 δοκεῖ
2001 2837 2047 2857 τι.
2079 2819 2166 2862 τινὲς
2189 2819 2226 2857 δέ
2251 2835 2354 2871 φασιν
2378 2822 2417 2858 ἐκ

1403 2883 1462 2926 τῆς
1477 2883 1545 2917 τῶν
1563 2879 1689 2931 χοίρων
1711 2881 1836 2931 φωνῆς,
1850 2879 1924 2924 ἥτις
1942 2878 2080 2928 λέγεται
2102 2877 2326 2930 γρυλλισμὸς,
2346 2893 2416 2915 πα-

1406 2941 1579 2992 ρῳδῆσῡαι
1596 2943 1695 2976 τοῦτο
1714 2942 1804 2988 Reg.
2198 2940 2207 2946 “

1459 3011 1519 3043 21,
1545 3001 1588 3040 34
1609 2995 1660 3033 ὅτι
1676 2996 1733 3033 καὶ
1749 3000 1792 3033 R.
1812 2997 2024 3045 Legebatur
2040 2990 2110 3034 οὖν.
2130 2996 2186 3034 lb.
2205 2995 2366 3045 μαντείου
2386 2997 2416 3032 οἱ

1404 3071 1513 3107 χρησ.
1534 3086 1540 3092 .
1559 3083 1567 3092 .
1606 3055 1709 3106 (fort.
1741 3056 1770 3091 οἱ
1800 3052 2149 3106 χρηστηριαζόμενοι)
2180 3053 2286 3091 addit
2315 3056 2416 3090 R.—

1405 3116 1453 3150 36
1474 3112 1700 3163 διακόσμησις
1726 3111 1896 3149 additum
1918 3126 1963 3148 ex
1987 3115 2031 3148 V.
2049 3143 2058 3158 ‚
2084 3112 2150 3160 qui
2173 3111 2221 3159 39
2247 3123 2322 3147 om.
2357 3109 2414 3146 τὸν

1406 3185 1489 3208 cum
1508 3171 1592 3207 Ald.
1617 3172 1759 3207 ἀπιοῦσι
1778 3169 1909 3212 δούλοις
1923 3185 1959 3207 τε
1973 3168 2032 3206 καὶ
2049 3168 2236 3220 ἐλευθέροις
2253 3167 2416 3217 ἰσοτίμως

1406 3230 1549 3278 ἐδίδοτο,
1565 3228 1659 3266 οὐδὲν
1675 3229 1756 3265 Ald.
1774 3230 1935 3265 εἰσιοῦσιν
1952 3226 2130 3277 ἐγγυτάτω
2143 3229 2257 3277 (corr.
2273 3224 2415 3273 ἐδίδοτο)

1407 3288 1572 3337 ἰσοτίμως
1591 3293 1678 3324 πᾶσι
1697 3286 1826 3328 δούλοις
1848 3285 1926 3328 τοὺς
1948 3283 2141 3335 ἐλευθέρους
2159 3289 2275 3333 τυχεῖν
2302 3283 2410 3334 (fort.

1406 3354 1531 3394 πᾶσιν,
1549 3345 1638 3383 ὥστε
1659 3345 1798 3388 δούλους
1818 3351 1887 3388 τοῖς
1908 3343 2094 3394 ἐλευθέροις
2115 3341 2237 3392 τυχὸν)
2249 3343 2283 3378 ἐν
2299 3342 2413 3392 ταυτῷ
