<?xml version="1.0" encoding="UTF-8"?>
<!DOCTYPE html PUBLIC "-//W3C//DTD XHTML 1.0 Transitional//EN"
    "http://www.w3.org/TR/xhtml1/DTD/xhtml1-transitional.dtd">
<html xmlns="http://www.w3.org/1999/xhtml" xml:lang="en" lang="en">
 <head>
  <title>
</title>
<meta http-equiv="Content-Type" content="text/html;charset=utf-8" />
  <meta name='ocr-system' content='tesseract 3.04.00' />
  <meta name='ocr-capabilities' content='ocr_page ocr_carea ocr_par ocr_line ocrx_word'/>
</head>
<body>
  <div class='ocr_page' id='page_1' title='image "./scholiagraecaina00dbuoft_0632.png"; bbox 0 0 2533 3808; ppageno 0'>
   <div class='ocr_carea' id='block_1_1' title="bbox 360 195 433 228">
    <p class='ocr_par' dir='ltr' id='par_1_1' title="bbox 360 195 433 228">
     <span class='ocr_line' id='line_1_1' title="bbox 360 195 433 228; baseline -0.014 0"><span class='ocrx_word' id='word_1_1' title='bbox 360 195 433 228; x_wconf 76' lang='lat'>590</span> 
     </span>
    </p>
   </div>
   <div class='ocr_carea' id='block_1_2' title="bbox 1135 181 1713 221">
    <p class='ocr_par' dir='ltr' id='par_1_2' title="bbox 1135 181 1713 221">
     <span class='ocr_line' id='line_1_2' title="bbox 1135 181 1713 221; baseline 0.002 -2"><span class='ocrx_word' id='word_1_2' title='bbox 1135 181 1433 220; x_wconf 88' lang='lat' dir='ltr'><strong>ADNOTATIO</strong></span> <span class='ocrx_word' id='word_1_3' title='bbox 1463 182 1515 219; x_wconf 93' lang='lat' dir='ltr'>IN</span> <span class='ocrx_word' id='word_1_4' title='bbox 1544 182 1713 221; x_wconf 89' lang='lat' dir='ltr'>SCHOL.</span> 
     </span>
    </p>
   </div>
   <div class='ocr_carea' id='block_1_3' title="bbox 357 264 2439 328">
    <p class='ocr_par' dir='ltr' id='par_1_3' title="bbox 357 264 2439 328">
     <span class='ocr_line' id='line_1_3' title="bbox 357 264 2439 328; baseline -0.001 -15"><span class='ocrx_word' id='word_1_5' title='bbox 357 294 396 328; x_wconf 91' lang='lat' dir='ltr'>p</span> <span class='ocrx_word' id='word_1_6' title='bbox 417 278 503 326; x_wconf 85' lang='grc'>392,</span> <span class='ocrx_word' id='word_1_7' title='bbox 522 285 558 313; x_wconf 88' lang='lat' dir='ltr'>et</span> <span class='ocrx_word' id='word_1_8' title='bbox 574 274 830 322; x_wconf 86' lang='lat' dir='ltr'>Lindenbrog.</span> <span class='ocrx_word' id='word_1_9' title='bbox 852 272 898 308; x_wconf 83' lang='lat' dir='ltr'>ad</span> <span class='ocrx_word' id='word_1_10' title='bbox 917 273 1102 311; x_wconf 81' lang='lat' dir='ltr'>Ammian</span> <span class='ocrx_word' id='word_1_11' title='bbox 1121 273 1290 309; x_wconf 57' lang='lat' dir='ltr'>Man-,cell</span> <span class='ocrx_word' id='word_1_12' title='bbox 1306 285 1366 317; x_wconf 77' lang='lat'>21,</span> <span class='ocrx_word' id='word_1_13' title='bbox 1421 264 1469 301; x_wconf 87' lang='lat' dir='ltr'>ab</span> <span class='ocrx_word' id='word_1_14' title='bbox 1490 266 1634 302; x_wconf 84' lang='lat' dir='ltr'>Tafelio</span> <span class='ocrx_word' id='word_1_15' title='bbox 1653 268 1762 304; x_wconf 86' lang='lat' dir='ltr'>editis</span> <span class='ocrx_word' id='word_1_16' title='bbox 1783 282 1820 318; x_wconf 88' lang='lat' dir='ltr'>p.</span> <span class='ocrx_word' id='word_1_17' title='bbox 1849 282 1912 304; x_wconf 83' lang='lat'>121</span> <span class='ocrx_word' id='word_1_18' title='bbox 1923 283 2011 318; x_wconf 86' lang='lat'>‚19‚</span> <span class='ocrx_word' id='word_1_19' title='bbox 2031 274 2099 311; x_wconf 83' lang='grc' dir='ltr'>τοῖς</span> <span class='ocrx_word' id='word_1_20' title='bbox 2117 271 2439 323; x_wconf 72' lang='grc' dir='ltr'>ἐκφλυαρίςουσιτὰ</span> 
     </span>
    </p>
   </div>
   <div class='ocr_carea' id='block_1_4' title="bbox 308 329 1369 3408">
    <p class='ocr_par' dir='ltr' id='par_1_4' title="bbox 347 329 1369 1605">
     <span class='ocr_line' id='line_1_4' title="bbox 360 329 1369 384; baseline -0.005 -13"><span class='ocrx_word' id='word_1_21' title='bbox 360 351 392 381; x_wconf 86' lang='grc'>1,</span> <span class='ocrx_word' id='word_1_22' title='bbox 413 348 449 384; x_wconf 89' lang='lat' dir='ltr'>p.</span> <span class='ocrx_word' id='word_1_23' title='bbox 469 336 539 370; x_wconf 82' lang='lat'>601</span> <span class='ocrx_word' id='word_1_24' title='bbox 564 333 622 370; x_wconf 86' lang='lat' dir='ltr'>ed.</span> <span class='ocrx_word' id='word_1_25' title='bbox 645 335 686 368; x_wconf 89' lang='lat' dir='ltr'>L.</span> <span class='ocrx_word' id='word_1_26' title='bbox 720 335 760 368; x_wconf 92' lang='lat' dir='ltr'>B.</span> <span class='ocrx_word' id='word_1_27' title='bbox 786 334 905 368; x_wconf 75' lang='lat' dir='ltr'>KusT.</span> <span class='ocrx_word' id='word_1_28' title='bbox 932 331 1006 368; x_wconf 86' lang='lat' dir='ltr'>Pro</span> <span class='ocrx_word' id='word_1_29' title='bbox 1035 330 1184 380; x_wconf 84' lang='grc' dir='ltr'>δαίμονα</span> <span class='ocrx_word' id='word_1_30' title='bbox 1208 339 1271 367; x_wconf 83' lang='lat' dir='ltr'>aut</span> <span class='ocrx_word' id='word_1_31' title='bbox 1295 329 1369 366; x_wconf 88' lang='grc' dir='ltr'>δαί-</span> 
     </span>
     <span class='ocr_line' id='line_1_5' title="bbox 355 388 1367 442; baseline -0.005 -13"><span class='ocrx_word' id='word_1_32' title='bbox 355 407 461 442; x_wconf 87' lang='grc' dir='ltr'>μονας</span> <span class='ocrx_word' id='word_1_33' title='bbox 482 390 597 428; x_wconf 84' lang='lat' dir='ltr'>scribi</span> <span class='ocrx_word' id='word_1_34' title='bbox 622 389 759 435; x_wconf 88' lang='lat' dir='ltr'>debet,</span> <span class='ocrx_word' id='word_1_35' title='bbox 783 397 848 425; x_wconf 86' lang='lat' dir='ltr'>aut</span> <span class='ocrx_word' id='word_1_36' title='bbox 868 388 1029 438; x_wconf 82' lang='grc' dir='ltr'>δαιμόνια</span> <span class='ocrx_word' id='word_1_37' title='bbox 1047 404 1055 425; x_wconf 87' lang='lat'>:</span> <span class='ocrx_word' id='word_1_38' title='bbox 1075 389 1147 425; x_wconf 91' lang='lat' dir='ltr'>hoc</span> <span class='ocrx_word' id='word_1_39' title='bbox 1173 391 1250 426; x_wconf 86' lang='lat' dir='ltr'>Jos.</span> <span class='ocrx_word' id='word_1_40' title='bbox 1276 391 1367 425; x_wconf 83' lang='lat' dir='ltr'>Sca-</span> 
     </span>
     <span class='ocr_line' id='line_1_6' title="bbox 355 448 1367 500; baseline -0.004 -14"><span class='ocrx_word' id='word_1_41' title='bbox 355 452 473 500; x_wconf 85' lang='lat' dir='ltr'>ligero</span> <span class='ocrx_word' id='word_1_42' title='bbox 503 449 690 499; x_wconf 78' lang='lat' dir='ltr'>placuisse</span> <span class='ocrx_word' id='word_1_43' title='bbox 721 456 941 498; x_wconf 84' lang='lat' dir='ltr'>constatex</span> <span class='ocrx_word' id='word_1_44' title='bbox 962 451 1065 486; x_wconf 84' lang='lat' dir='ltr'>Nott.</span> <span class='ocrx_word' id='word_1_45' title='bbox 1090 448 1136 484; x_wconf 85' lang='lat' dir='ltr'>ad</span> <span class='ocrx_word' id='word_1_46' title='bbox 1164 448 1295 484; x_wconf 81' lang='lat' dir='ltr'>Manil.</span> <span class='ocrx_word' id='word_1_47' title='bbox 1320 448 1340 482; x_wconf 87' lang='lat'>5</span> <span class='ocrx_word' id='word_1_48' title='bbox 1357 475 1367 495; x_wconf 83' lang='lat'>‚</span> 
     </span>
     <span class='ocr_line' id='line_1_7' title="bbox 355 506 1368 556; baseline -0.003 -12"><span class='ocrx_word' id='word_1_49' title='bbox 355 510 443 554; x_wconf 80' lang='lat'>386,</span> <span class='ocrx_word' id='word_1_50' title='bbox 463 508 529 544; x_wconf 90' lang='lat' dir='ltr'>ubi</span> <span class='ocrx_word' id='word_1_51' title='bbox 552 516 589 543; x_wconf 89' lang='lat' dir='ltr'>et</span> <span class='ocrx_word' id='word_1_52' title='bbox 610 507 711 544; x_wconf 86' lang='lat' dir='ltr'>hunc</span> <span class='ocrx_word' id='word_1_53' title='bbox 731 508 857 543; x_wconf 89' lang='lat' dir='ltr'>locum</span> <span class='ocrx_word' id='word_1_54' title='bbox 879 514 916 542; x_wconf 87' lang='lat' dir='ltr'>et</span> <span class='ocrx_word' id='word_1_55' title='bbox 934 507 1164 556; x_wconf 83' lang='lat' dir='ltr'>Antiphanis</span> <span class='ocrx_word' id='word_1_56' title='bbox 1181 506 1306 542; x_wconf 83' lang='lat' dir='ltr'>attulit</span> <span class='ocrx_word' id='word_1_57' title='bbox 1323 519 1368 541; x_wconf 83' lang='lat' dir='ltr'>ex</span> 
     </span>
     <span class='ocr_line' id='line_1_8' title="bbox 351 564 1364 614; baseline -0.002 -12"><span class='ocrx_word' id='word_1_58' title='bbox 351 566 487 603; x_wconf 78' lang='lat' dir='ltr'>Athen.</span> <span class='ocrx_word' id='word_1_59' title='bbox 506 567 541 611; x_wconf 84' lang='lat'>3,</span> <span class='ocrx_word' id='word_1_60' title='bbox 557 579 592 614; x_wconf 81' lang='lat'>1).</span> <span class='ocrx_word' id='word_1_61' title='bbox 615 566 698 611; x_wconf 87' lang='grc'>123,</span> <span class='ocrx_word' id='word_1_62' title='bbox 716 568 757 601; x_wconf 91' lang='grc' dir='ltr'>Β.</span> <span class='ocrx_word' id='word_1_63' title='bbox 773 568 917 601; x_wconf 82' lang='lat' dir='ltr'>HEMST.</span> <span class='ocrx_word' id='word_1_64' title='bbox 936 567 977 601; x_wconf 86' lang='lat' dir='ltr'>In</span> <span class='ocrx_word' id='word_1_65' title='bbox 992 569 1035 601; x_wconf 92' lang='lat' dir='ltr'>V.</span> <span class='ocrx_word' id='word_1_66' title='bbox 1055 573 1110 602; x_wconf 88' lang='lat' dir='ltr'>est</span> <span class='ocrx_word' id='word_1_67' title='bbox 1130 564 1364 614; x_wconf 75' lang='grc' dir='ltr'>εὐδαιμονίαν.</span> 
     </span>
     <span class='ocr_line' id='line_1_9' title="bbox 353 623 1364 673; baseline 0 -14"><span class='ocrx_word' id='word_1_68' title='bbox 353 623 502 673; x_wconf 84' lang='grc' dir='ltr'>δαίμονα</span> <span class='ocrx_word' id='word_1_69' title='bbox 522 623 741 659; x_wconf 85' lang='lat' dir='ltr'>defenditur</span> <span class='ocrx_word' id='word_1_70' title='bbox 760 623 847 659; x_wconf 83' lang='lat' dir='ltr'>loco</span> <span class='ocrx_word' id='word_1_71' title='bbox 863 623 1110 672; x_wconf 81' lang='lat' dir='ltr'>Theophanis</span> <span class='ocrx_word' id='word_1_72' title='bbox 1133 624 1262 660; x_wconf 88' lang='lat' dir='ltr'>Nonni</span> <span class='ocrx_word' id='word_1_73' title='bbox 1287 624 1364 659; x_wconf 90' lang='lat' dir='ltr'>vol.</span> 
     </span>
     <span class='ocr_line' id='line_1_10' title="bbox 356 679 1367 733; baseline -0.001 -15"><span class='ocrx_word' id='word_1_74' title='bbox 356 696 389 727; x_wconf 84' lang='lat'>1,</span> <span class='ocrx_word' id='word_1_75' title='bbox 405 696 442 731; x_wconf 90' lang='lat' dir='ltr'>p.</span> <span class='ocrx_word' id='word_1_76' title='bbox 464 687 534 724; x_wconf 89' lang='grc'>144</span> <span class='ocrx_word' id='word_1_77' title='bbox 555 694 564 718; x_wconf 87' lang='lat'>:</span> <span class='ocrx_word' id='word_1_78' title='bbox 586 679 670 733; x_wconf 80' lang='grc' dir='ltr'>ὅπερ</span> <span class='ocrx_word' id='word_1_79' title='bbox 691 681 866 730; x_wconf 82' lang='lat' dir='ltr'>(affectus</span> <span class='ocrx_word' id='word_1_80' title='bbox 892 681 1185 730; x_wconf 73' lang='lat' dir='ltr'>epilepticorum</span> <span class='ocrx_word' id='word_1_81' title='bbox 1212 681 1319 729; x_wconf 82' lang='lat' dir='ltr'>dicit)</span> <span class='ocrx_word' id='word_1_82' title='bbox 1337 682 1367 717; x_wconf 82' lang='grc' dir='ltr'>οἱ</span> 
     </span>
     <span class='ocr_line' id='line_1_11' title="bbox 351 739 1366 789; baseline -0.001 -13"><span class='ocrx_word' id='word_1_83' title='bbox 351 741 486 777; x_wconf 83' lang='grc' dir='ltr'>ἰδιῶται</span> <span class='ocrx_word' id='word_1_84' title='bbox 513 739 660 789; x_wconf 85' lang='grc' dir='ltr'>δαίμονα</span> <span class='ocrx_word' id='word_1_85' title='bbox 689 740 878 776; x_wconf 82' lang='grc' dir='ltr'>καλοῦσιν·</span> <span class='ocrx_word' id='word_1_86' title='bbox 914 739 977 776; x_wconf 90' lang='lat' dir='ltr'>ubi</span> <span class='ocrx_word' id='word_1_87' title='bbox 1002 740 1212 776; x_wconf 64' lang='lat' dir='ltr'>scholiastae</span> <span class='ocrx_word' id='word_1_88' title='bbox 1244 740 1366 776; x_wconf 84' lang='lat' dir='ltr'>locum</span> 
     </span>
     <span class='ocr_line' id='line_1_12' title="bbox 352 793 1368 847; baseline 0.001 -13"><span class='ocrx_word' id='word_1_89' title='bbox 352 799 590 847; x_wconf 84' lang='lat' dir='ltr'>comparavit</span> <span class='ocrx_word' id='word_1_90' title='bbox 620 798 847 835; x_wconf 85' lang='lat' dir='ltr'>Bernardus.</span> <span class='ocrx_word' id='word_1_91' title='bbox 883 802 1004 836; x_wconf 75' lang='lat' dir='ltr'>Dim).</span> <span class='ocrx_word' id='word_1_92' title='bbox 1034 799 1180 835; x_wconf 82' lang='lat' dir='ltr'>Paris.:</span> <span class='ocrx_word' id='word_1_93' title='bbox 1205 793 1318 840; x_wconf 66' lang='grc' dir='ltr'>Οὗτος</span> <span class='ocrx_word' id='word_1_94' title='bbox 1351 800 1368 835; x_wconf 85' lang='grc' dir='ltr'><em>ὃ</em></span> 
     </span>
     <span class='ocr_line' id='line_1_13' title="bbox 351 855 1365 907; baseline 0.001 -14"><span class='ocrx_word' id='word_1_95' title='bbox 351 855 516 906; x_wconf 78' lang='grc' dir='ltr'>Εὔδαμος</span> <span class='ocrx_word' id='word_1_96' title='bbox 544 855 745 898; x_wconf 84' lang='grc' dir='ltr'>δακτυλίους</span> <span class='ocrx_word' id='word_1_97' title='bbox 775 855 882 892; x_wconf 81' lang='grc' dir='ltr'>ἐποίει</span> <span class='ocrx_word' id='word_1_98' title='bbox 914 856 1167 907; x_wconf 83' lang='grc' dir='ltr'>θεραπεύοντας</span> <span class='ocrx_word' id='word_1_99' title='bbox 1195 856 1263 893; x_wconf 79' lang='grc' dir='ltr'>τινὶ</span> <span class='ocrx_word' id='word_1_100' title='bbox 1294 872 1365 906; x_wconf 84' lang='grc' dir='ltr'>μη-</span> 
     </span>
     <span class='ocr_line' id='line_1_14' title="bbox 349 910 1367 965; baseline 0.003 -15"><span class='ocrx_word' id='word_1_101' title='bbox 349 915 627 965; x_wconf 75' lang='grc' dir='ltr'>χανῇ-ἐῶντας</span> <span class='ocrx_word' id='word_1_102' title='bbox 645 915 703 951; x_wconf 73' lang='grc' dir='ltr'>ὑπ’</span> <span class='ocrx_word' id='word_1_103' title='bbox 721 913 831 965; x_wconf 79' lang='grc' dir='ltr'>ὄφεων</span> <span class='ocrx_word' id='word_1_104' title='bbox 853 913 1057 953; x_wconf 85' lang='grc' dir='ltr'>δάκνεσθαι.</span> <span class='ocrx_word' id='word_1_105' title='bbox 1080 919 1199 953; x_wconf 85' lang='lat' dir='ltr'>Dorv.</span> <span class='ocrx_word' id='word_1_106' title='bbox 1228 931 1234 951; x_wconf 91' lang='lat'>:</span> <span class='ocrx_word' id='word_1_107' title='bbox 1256 910 1367 958; x_wconf 67' lang='grc' dir='ltr'>Οῧτος</span> 
     </span>
     <span class='ocr_line' id='line_1_15' title="bbox 350 970 1366 1023; baseline -0.001 -14"><span class='ocrx_word' id='word_1_108' title='bbox 350 975 367 1009; x_wconf 85' lang='grc' dir='ltr'>ὃ</span> <span class='ocrx_word' id='word_1_109' title='bbox 393 972 576 1023; x_wconf 85' lang='grc' dir='ltr'>Εὔδραμος</span> <span class='ocrx_word' id='word_1_110' title='bbox 595 970 783 1015; x_wconf 80' lang='grc' dir='ltr'>δακτύλους</span> <span class='ocrx_word' id='word_1_111' title='bbox 803 971 914 1009; x_wconf 80' lang='grc' dir='ltr'>ἐποίει</span> <span class='ocrx_word' id='word_1_112' title='bbox 935 971 1187 1023; x_wconf 74' lang='grc' dir='ltr'>θεραπεύοντας</span> <span class='ocrx_word' id='word_1_113' title='bbox 1203 972 1270 1009; x_wconf 82' lang='grc' dir='ltr'>τινὶ</span> <span class='ocrx_word' id='word_1_114' title='bbox 1296 988 1366 1022; x_wconf 90' lang='grc' dir='ltr'>μη-</span> 
     </span>
     <span class='ocr_line' id='line_1_16' title="bbox 349 1029 1366 1082; baseline 0.001 -16"><span class='ocrx_word' id='word_1_115' title='bbox 349 1030 431 1080; x_wconf 85' lang='grc' dir='ltr'>χανὶ</span> <span class='ocrx_word' id='word_1_116' title='bbox 452 1046 530 1073; x_wconf 90' lang='grc' dir='ltr'>τους</span> <span class='ocrx_word' id='word_1_117' title='bbox 555 1029 802 1082; x_wconf 82' lang='grc' dir='ltr'>ὁφιοδήκτους·</span> <span class='ocrx_word' id='word_1_118' title='bbox 835 1031 965 1080; x_wconf 75' lang='grc' dir='ltr'>μᾶλλον</span> <span class='ocrx_word' id='word_1_119' title='bbox 1000 1029 1036 1067; x_wconf 84' lang='grc' dir='ltr'>δε</span> <span class='ocrx_word' id='word_1_120' title='bbox 1061 1029 1138 1067; x_wconf 81' lang='grc' dir='ltr'>οὐδὲ</span> <span class='ocrx_word' id='word_1_121' title='bbox 1162 1029 1225 1075; x_wconf 84' lang='grc' dir='ltr'>τὴν</span> <span class='ocrx_word' id='word_1_122' title='bbox 1256 1030 1366 1082; x_wconf 74' lang='grc' dir='ltr'>ἀρχὴν</span> 
     </span>
     <span class='ocr_line' id='line_1_17' title="bbox 351 1087 1363 1141; baseline -0.001 -14.999"><span class='ocrx_word' id='word_1_123' title='bbox 351 1091 473 1132; x_wconf 84' lang='grc' dir='ltr'>ἷῶντας</span> <span class='ocrx_word' id='word_1_124' title='bbox 497 1088 563 1126; x_wconf 78' lang='grc' dir='ltr'>ὑπὸ</span> <span class='ocrx_word' id='word_1_125' title='bbox 584 1089 694 1141; x_wconf 79' lang='grc' dir='ltr'>ὄφεων</span> <span class='ocrx_word' id='word_1_126' title='bbox 717 1088 914 1126; x_wconf 86' lang='grc' dir='ltr'>δάκνεσθαι.</span> <span class='ocrx_word' id='word_1_127' title='bbox 941 1093 1061 1138; x_wconf 82' lang='lat' dir='ltr'>Reg..</span> <span class='ocrx_word' id='word_1_128' title='bbox 1055 1103 1062 1109; x_wconf 91' lang='lat'><strong>·</strong></span> <span class='ocrx_word' id='word_1_129' title='bbox 1085 1088 1128 1126; x_wconf 90' lang='lat' dir='ltr'>‘O</span> <span class='ocrx_word' id='word_1_130' title='bbox 1150 1087 1267 1137; x_wconf 82' lang='grc' dir='ltr'>μέντοι</span> <span class='ocrx_word' id='word_1_131' title='bbox 1291 1089 1363 1126; x_wconf 82' lang='grc' dir='ltr'>Εὔ-</span> 
     </span>
     <span class='ocr_line' id='line_1_18' title="bbox 350 1145 1366 1200; baseline 0.001 -18"><span class='ocrx_word' id='word_1_132' title='bbox 350 1147 457 1195; x_wconf 84' lang='grc' dir='ltr'>δαμος</span> <span class='ocrx_word' id='word_1_133' title='bbox 477 1149 550 1200; x_wconf 88' lang='grc' dir='ltr'>φιλ.</span> <span class='ocrx_word' id='word_1_134' title='bbox 578 1151 620 1193; x_wconf 86' lang='grc' dir='ltr'>ἠν</span> <span class='ocrx_word' id='word_1_135' title='bbox 648 1145 975 1196; x_wconf 87' lang='grc' dir='ltr'>ἀποτελεσματικός.</span> <span class='ocrx_word' id='word_1_136' title='bbox 1008 1146 1212 1189; x_wconf 82' lang='grc' dir='ltr'>δακτυλίους</span> <span class='ocrx_word' id='word_1_137' title='bbox 1237 1149 1366 1193; x_wconf 79' lang='grc' dir='ltr'>ποιῶν,</span> 
     </span>
     <span class='ocr_line' id='line_1_19' title="bbox 351 1203 1366 1258; baseline 0.002 -19"><span class='ocrx_word' id='word_1_138' title='bbox 351 1204 394 1240; x_wconf 79' lang='grc' dir='ltr'>δι’</span> <span class='ocrx_word' id='word_1_139' title='bbox 416 1207 462 1241; x_wconf 84' lang='grc' dir='ltr'>ὡν</span> <span class='ocrx_word' id='word_1_140' title='bbox 494 1207 523 1242; x_wconf 82' lang='grc' dir='ltr'>οἱ</span> <span class='ocrx_word' id='word_1_141' title='bbox 542 1205 741 1258; x_wconf 80' lang='grc' dir='ltr'>ὀφιόδηκτοι</span> <span class='ocrx_word' id='word_1_142' title='bbox 761 1206 904 1257; x_wconf 76' lang='grc' dir='ltr'>εθεραπε</span> <span class='ocrx_word' id='word_1_143' title='bbox 910 1203 1009 1242; x_wconf 80' lang='grc' dir='ltr'>ύοντο</span> <span class='ocrx_word' id='word_1_144' title='bbox 1024 1206 1187 1253; x_wconf 80' lang='grc' dir='ltr'>,μᾶλλον</span> <span class='ocrx_word' id='word_1_145' title='bbox 1222 1204 1257 1241; x_wconf 81' lang='grc' dir='ltr'>δὲ</span> <span class='ocrx_word' id='word_1_146' title='bbox 1289 1203 1366 1242; x_wconf 78' lang='grc' dir='ltr'>οὐδὲ</span> 
     </span>
     <span class='ocr_line' id='line_1_20' title="bbox 349 1262 1367 1338; baseline 0.001 -39"><span class='ocrx_word' id='word_1_147' title='bbox 349 1262 411 1308; x_wconf 83' lang='grc' dir='ltr'>τὴν</span> <span class='ocrx_word' id='word_1_148' title='bbox 441 1263 552 1316; x_wconf 82' lang='grc' dir='ltr'>ἀρχὴν</span> <span class='ocrx_word' id='word_1_149' title='bbox 583 1264 762 1301; x_wconf 82' lang='grc' dir='ltr'>ἐδάκνοντο</span> <span class='ocrx_word' id='word_1_150' title='bbox 788 1263 853 1300; x_wconf 84' lang='grc' dir='ltr'>υπὸ</span> <span class='ocrx_word' id='word_1_151' title='bbox 878 1265 947 1300; x_wconf 81' lang='grc' dir='ltr'>τῶν</span> <span class='ocrx_word' id='word_1_152' title='bbox 962 1263 1072 1316; x_wconf 82' lang='grc' dir='ltr'>ὄφεων</span> <span class='ocrx_word' id='word_1_153' title='bbox 1094 1265 1124 1299; x_wconf 78' lang='grc' dir='ltr'>οἱ</span> <span class='ocrx_word' id='word_1_154' title='bbox 1145 1262 1282 1306; x_wconf 79' lang='grc' dir='ltr'>τούτους</span> <span class='ocrx_word' id='word_1_155' title='bbox 1289 1279 1367 1338; x_wconf 62' lang='grc' dir='ltr'>ῗφο-</span> 
     </span>
     <span class='ocr_line' id='line_1_21' title="bbox 352 1321 1367 1374; baseline 0 -15"><span class='ocrx_word' id='word_1_156' title='bbox 352 1338 500 1373; x_wconf 85' lang='grc' dir='ltr'>ρουντες.</span> <span class='ocrx_word' id='word_1_157' title='bbox 525 1324 571 1361; x_wconf 90' lang='grc' dir='ltr'>Θ.</span> <span class='ocrx_word' id='word_1_158' title='bbox 595 1331 681 1373; x_wconf 88' lang='lat' dir='ltr'>post</span> <span class='ocrx_word' id='word_1_159' title='bbox 697 1337 842 1359; x_wconf 88' lang='grc' dir='ltr'>τοιαυτα</span> <span class='ocrx_word' id='word_1_160' title='bbox 856 1322 959 1358; x_wconf 77' lang='lat' dir='ltr'>addit</span> <span class='ocrx_word' id='word_1_161' title='bbox 976 1338 1046 1374; x_wconf 91' lang='grc' dir='ltr'>παρ</span> <span class='ocrx_word' id='word_1_162' title='bbox 1051 1321 1256 1371; x_wconf 79' lang='grc' dir='ltr'>Ἐὐδάμου.</span> <span class='ocrx_word' id='word_1_163' title='bbox 1271 1326 1367 1364; x_wconf 78' lang='grc' dir='ltr'>οὗτος</span> 
     </span>
     <span class='ocr_line' id='line_1_22' title="bbox 352 1379 1365 1432; baseline 0 -15"><span class='ocrx_word' id='word_1_164' title='bbox 352 1379 642 1432; x_wconf 65' lang='grc' dir='ltr'>φαρμακοπώλης</span> <span class='ocrx_word' id='word_1_165' title='bbox 663 1383 705 1425; x_wconf 80' lang='grc' dir='ltr'>ἠν</span> <span class='ocrx_word' id='word_1_166' title='bbox 725 1379 927 1421; x_wconf 80' lang='grc' dir='ltr'>δακτυλίους</span> <span class='ocrx_word' id='word_1_167' title='bbox 956 1379 1168 1430; x_wconf 80' lang='grc' dir='ltr'>πιπράσκων</span> <span class='ocrx_word' id='word_1_168' title='bbox 1182 1409 1191 1426; x_wconf 92' lang='grc'>,</span> <span class='ocrx_word' id='word_1_169' title='bbox 1222 1379 1365 1429; x_wconf 84' lang='grc' dir='ltr'>δυναμιν</span> 
     </span>
     <span class='ocr_line' id='line_1_23' title="bbox 349 1437 1366 1490; baseline 0.002 -15"><span class='ocrx_word' id='word_1_170' title='bbox 349 1437 475 1489; x_wconf 75' lang='grc' dir='ltr'>ἔχοντα</span> <span class='ocrx_word' id='word_1_171' title='bbox 501 1440 585 1487; x_wconf 86' lang='lat' dir='ltr'>(scr.</span> <span class='ocrx_word' id='word_1_172' title='bbox 605 1438 762 1489; x_wconf 72' lang='grc' dir='ltr'>ἔχοντας)</span> <span class='ocrx_word' id='word_1_173' title='bbox 781 1437 1038 1489; x_wconf 81' lang='grc' dir='ltr'>ἀποτρεπτικὴν</span> <span class='ocrx_word' id='word_1_174' title='bbox 1055 1441 1293 1490; x_wconf 80' lang='grc' dir='ltr'>συκοφαντῶν.</span> <span class='ocrx_word' id='word_1_175' title='bbox 1311 1439 1366 1477; x_wconf 77' lang='grc' dir='ltr'>λε’-</span> 
     </span>
     <span class='ocr_line' id='line_1_24' title="bbox 347 1491 1365 1547; baseline -0.001 -15"><span class='ocrx_word' id='word_1_176' title='bbox 347 1511 400 1545; x_wconf 88' lang='grc' dir='ltr'>γει</span> <span class='ocrx_word' id='word_1_177' title='bbox 429 1491 486 1533; x_wconf 64' lang='grc' dir='ltr'>οὖν</span> <span class='ocrx_word' id='word_1_178' title='bbox 520 1495 684 1545; x_wconf 83' lang='grc' dir='ltr'>Εὔδαμον</span> <span class='ocrx_word' id='word_1_179' title='bbox 718 1495 775 1532; x_wconf 83' lang='grc' dir='ltr'>τὸν</span> <span class='ocrx_word' id='word_1_180' title='bbox 806 1495 1094 1547; x_wconf 77' lang='grc' dir='ltr'>φαρμακοπώλην</span> <span class='ocrx_word' id='word_1_181' title='bbox 1121 1494 1365 1545; x_wconf 83' lang='grc' dir='ltr'>τετελεσμένον</span> 
     </span>
     <span class='ocr_line' id='line_1_25' title="bbox 348 1553 692 1605; baseline 0 -14"><span class='ocrx_word' id='word_1_182' title='bbox 348 1553 474 1605; x_wconf 68' lang='grc' dir='ltr'>ἔχοντα</span> <span class='ocrx_word' id='word_1_183' title='bbox 498 1554 692 1592; x_wconf 80' lang='grc' dir='ltr'>δακτύλιον.</span> 
     </span>
    </p>

    <p class='ocr_par' dir='ltr' id='par_1_5' title="bbox 308 1612 1365 3408">
     <span class='ocr_line' id='line_1_26' title="bbox 402 1612 1365 1665; baseline -0.001 -15"><span class='ocrx_word' id='word_1_184' title='bbox 402 1616 475 1657; x_wconf 89' lang='grc'>884</span> <span class='ocrx_word' id='word_1_185' title='bbox 503 1614 554 1649; x_wconf 84' lang='lat' dir='ltr'>sic</span> <span class='ocrx_word' id='word_1_186' title='bbox 573 1614 611 1650; x_wconf 90' lang='lat' dir='ltr'>in</span> <span class='ocrx_word' id='word_1_187' title='bbox 632 1617 688 1658; x_wconf 81' lang='lat' dir='ltr'>V.‚</span> <span class='ocrx_word' id='word_1_188' title='bbox 718 1613 841 1655; x_wconf 77' lang='grc' dir='ltr'>ἄλλως.</span> <span class='ocrx_word' id='word_1_189' title='bbox 863 1612 1031 1649; x_wconf 82' lang='grc' dir='ltr'>δείκνυσιν</span> <span class='ocrx_word' id='word_1_190' title='bbox 1054 1614 1146 1665; x_wconf 76' lang='grc' dir='ltr'>αὐτῷ</span> <span class='ocrx_word' id='word_1_191' title='bbox 1176 1612 1365 1663; x_wconf 82' lang='grc' dir='ltr'>βασκανίας</span> 
     </span>
     <span class='ocr_line' id='line_1_27' title="bbox 348 1668 1363 1723; baseline -0.001 -14"><span class='ocrx_word' id='word_1_192' title='bbox 348 1672 489 1723; x_wconf 80' lang='grc' dir='ltr'>φυσικὸν</span> <span class='ocrx_word' id='word_1_193' title='bbox 511 1672 713 1718; x_wconf 78' lang='grc' dir='ltr'>δακτύλιον,</span> <span class='ocrx_word' id='word_1_194' title='bbox 735 1671 771 1709; x_wconf 78' lang='grc' dir='ltr'>ὃν</span> <span class='ocrx_word' id='word_1_195' title='bbox 793 1673 936 1708; x_wconf 78' lang='grc' dir='ltr'>καλοῦσι</span> <span class='ocrx_word' id='word_1_196' title='bbox 955 1672 1191 1723; x_wconf 80' lang='grc' dir='ltr'>φαρμακίτην.</span> <span class='ocrx_word' id='word_1_197' title='bbox 1215 1668 1363 1713; x_wconf 80' lang='grc' dir='ltr'>Ἄλλως.</span> 
     </span>
     <span class='ocr_line' id='line_1_28' title="bbox 349 1729 1363 1781; baseline 0 -15"><span class='ocrx_word' id='word_1_198' title='bbox 349 1730 562 1777; x_wconf 82' lang='grc' dir='ltr'>ἀλεξιτήριον</span> <span class='ocrx_word' id='word_1_199' title='bbox 584 1732 651 1767; x_wconf 81' lang='grc' dir='ltr'>τῶν</span> <span class='ocrx_word' id='word_1_200' title='bbox 674 1730 892 1781; x_wconf 79' lang='grc' dir='ltr'>δηλητηρίων</span> <span class='ocrx_word' id='word_1_201' title='bbox 915 1729 1084 1767; x_wconf 82' lang='grc' dir='ltr'>δείκνυσιν</span> <span class='ocrx_word' id='word_1_202' title='bbox 1103 1732 1195 1781; x_wconf 79' lang='grc' dir='ltr'>αὐτῷ</span> <span class='ocrx_word' id='word_1_203' title='bbox 1214 1730 1271 1767; x_wconf 79' lang='grc' dir='ltr'>καὶ</span> <span class='ocrx_word' id='word_1_204' title='bbox 1296 1733 1363 1781; x_wconf 88' lang='grc' dir='ltr'>βα-</span> 
     </span>
     <span class='ocr_line' id='line_1_29' title="bbox 349 1787 1365 1840; baseline -0.002 -14"><span class='ocrx_word' id='word_1_205' title='bbox 349 1788 490 1831; x_wconf 89' lang='grc' dir='ltr'>σκανίας</span> <span class='ocrx_word' id='word_1_206' title='bbox 511 1788 761 1840; x_wconf 73' lang='grc' dir='ltr'>ἅποτρεπτικὸν</span> <span class='ocrx_word' id='word_1_207' title='bbox 784 1787 985 1832; x_wconf 81' lang='grc' dir='ltr'>δακτύλιον,</span> <span class='ocrx_word' id='word_1_208' title='bbox 1007 1787 1042 1824; x_wconf 82' lang='grc' dir='ltr'>ὃν</span> <span class='ocrx_word' id='word_1_209' title='bbox 1064 1789 1208 1825; x_wconf 75' lang='grc' dir='ltr'>καλοῦσι</span> <span class='ocrx_word' id='word_1_210' title='bbox 1227 1802 1365 1840; x_wconf 90' lang='grc' dir='ltr'>φαρμα-</span> 
     </span>
     <span class='ocr_line' id='line_1_30' title="bbox 350 1844 1364 1898; baseline -0.001 -14"><span class='ocrx_word' id='word_1_211' title='bbox 350 1847 461 1893; x_wconf 85' lang='grc' dir='ltr'>κίτην.</span> <span class='ocrx_word' id='word_1_212' title='bbox 483 1851 583 1884; x_wconf 71' lang='grc' dir='ltr'>τοῦτο</span> <span class='ocrx_word' id='word_1_213' title='bbox 603 1849 637 1884; x_wconf 80' lang='grc' dir='ltr'>ἐν</span> <span class='ocrx_word' id='word_1_214' title='bbox 655 1846 729 1892; x_wconf 81' lang='grc' dir='ltr'>ἤθει</span> <span class='ocrx_word' id='word_1_215' title='bbox 748 1846 841 1896; x_wconf 83' lang='grc' dir='ltr'>λέγει</span> <span class='ocrx_word' id='word_1_216' title='bbox 862 1844 915 1882; x_wconf 75' lang='grc' dir='ltr'>ὅτι</span> <span class='ocrx_word' id='word_1_217' title='bbox 930 1848 990 1883; x_wconf 85' lang='grc' dir='ltr'>οὐκ</span> <span class='ocrx_word' id='word_1_218' title='bbox 1007 1845 1100 1883; x_wconf 80' lang='grc' dir='ltr'>ἔστιν</span> <span class='ocrx_word' id='word_1_219' title='bbox 1122 1848 1155 1883; x_wconf 81' lang='grc' dir='ltr'>ἐν</span> <span class='ocrx_word' id='word_1_220' title='bbox 1174 1849 1223 1898; x_wconf 73' lang='grc' dir='ltr'>τῷ</span> <span class='ocrx_word' id='word_1_221' title='bbox 1241 1847 1364 1883; x_wconf 86' lang='grc' dir='ltr'>δακτυ-</span> 
     </span>
     <span class='ocr_line' id='line_1_31' title="bbox 347 1903 1364 1956; baseline -0.001 -14"><span class='ocrx_word' id='word_1_222' title='bbox 347 1904 412 1956; x_wconf 81' lang='grc' dir='ltr'>λίῳ</span> <span class='ocrx_word' id='word_1_223' title='bbox 448 1904 630 1956; x_wconf 84' lang='grc' dir='ltr'>φάρμακον</span> <span class='ocrx_word' id='word_1_224' title='bbox 663 1905 747 1956; x_wconf 84' lang='grc' dir='ltr'>πρὸς</span> <span class='ocrx_word' id='word_1_225' title='bbox 786 1905 904 1953; x_wconf 74' lang='grc' dir='ltr'>δῆγμα</span> <span class='ocrx_word' id='word_1_226' title='bbox 943 1903 1161 1956; x_wconf 69' lang='grc' dir='ltr'>συκοφάντου</span> <span class='ocrx_word' id='word_1_227' title='bbox 1183 1935 1192 1951; x_wconf 96' lang='grc'>,</span> <span class='ocrx_word' id='word_1_228' title='bbox 1227 1904 1300 1941; x_wconf 74' lang='grc' dir='ltr'>ἐπεὶ</span> <span class='ocrx_word' id='word_1_229' title='bbox 1334 1906 1364 1941; x_wconf 86' lang='grc' dir='ltr'>οἱ</span> 
     </span>
     <span class='ocr_line' id='line_1_32' title="bbox 347 1959 1365 2014; baseline -0.001 -15"><span class='ocrx_word' id='word_1_230' title='bbox 347 1964 542 2004; x_wconf 81' lang='grc' dir='ltr'>πωλοῦντες</span> <span class='ocrx_word' id='word_1_231' title='bbox 563 1962 651 1999; x_wconf 75' lang='grc' dir='ltr'>αὐτὰ</span> <span class='ocrx_word' id='word_1_232' title='bbox 668 1962 809 1998; x_wconf 80' lang='grc' dir='ltr'>εἰώθασι</span> <span class='ocrx_word' id='word_1_233' title='bbox 829 1960 940 2011; x_wconf 82' lang='grc' dir='ltr'>λέγειν</span> <span class='ocrx_word' id='word_1_234' title='bbox 961 1959 1014 1998; x_wconf 78' lang='grc' dir='ltr'>ὅτι</span> <span class='ocrx_word' id='word_1_235' title='bbox 1034 1964 1160 2012; x_wconf 70' lang='grc' dir='ltr'>χρῆσιν</span> <span class='ocrx_word' id='word_1_236' title='bbox 1183 1960 1255 2011; x_wconf 76' lang='grc' dir='ltr'>ἔχει</span> <span class='ocrx_word' id='word_1_237' title='bbox 1282 1961 1365 2014; x_wconf 85' lang='grc' dir='ltr'>πρὸς</span> 
     </span>
     <span class='ocr_line' id='line_1_33' title="bbox 346 2019 1365 2071; baseline -0.001 -14"><span class='ocrx_word' id='word_1_238' title='bbox 346 2019 425 2057; x_wconf 85' lang='grc' dir='ltr'>τόδε</span> <span class='ocrx_word' id='word_1_239' title='bbox 451 2020 510 2058; x_wconf 79' lang='grc' dir='ltr'>καὶ</span> <span class='ocrx_word' id='word_1_240' title='bbox 532 2020 621 2058; x_wconf 83' lang='grc' dir='ltr'>τόδε.</span> <span class='ocrx_word' id='word_1_241' title='bbox 643 2019 787 2061; x_wconf 85' lang='grc' dir='ltr'>Ἄλλως.</span> <span class='ocrx_word' id='word_1_242' title='bbox 811 2020 1054 2071; x_wconf 82' lang='grc' dir='ltr'>προσληπτέον</span> <span class='ocrx_word' id='word_1_243' title='bbox 1076 2020 1115 2056; x_wconf 76' lang='grc' dir='ltr'>τὸ</span> <span class='ocrx_word' id='word_1_244' title='bbox 1141 2019 1365 2071; x_wconf 82' lang='grc' dir='ltr'>ἀντιφάρμα-</span> 
     </span>
     <span class='ocr_line' id='line_1_34' title="bbox 345 2076 1363 2129; baseline -0.001 -13"><span class='ocrx_word' id='word_1_245' title='bbox 345 2094 418 2116; x_wconf 88' lang='grc' dir='ltr'>κον.</span> <span class='ocrx_word' id='word_1_246' title='bbox 447 2082 548 2116; x_wconf 78' lang='grc' dir='ltr'>τοῦτο</span> <span class='ocrx_word' id='word_1_247' title='bbox 582 2078 617 2116; x_wconf 78' lang='grc' dir='ltr'>δὲ</span> <span class='ocrx_word' id='word_1_248' title='bbox 646 2078 872 2129; x_wconf 68' lang='grc' dir='ltr'>ὁ--τρίὸωνα</span> <span class='ocrx_word' id='word_1_249' title='bbox 904 2076 1205 2129; x_wconf 77' lang='grc' dir='ltr'>ἀγηοχώς--πρὸς</span> <span class='ocrx_word' id='word_1_250' title='bbox 1234 2079 1363 2128; x_wconf 74' lang='grc' dir='ltr'>δῆγμα.</span> 
     </span>
     <span class='ocr_line' id='line_1_35' title="bbox 344 2135 1363 2187; baseline 0 -14"><span class='ocrx_word' id='word_1_251' title='bbox 344 2135 489 2178; x_wconf 83' lang='grc' dir='ltr'>Ἄλλως.</span> <span class='ocrx_word' id='word_1_252' title='bbox 506 2140 606 2174; x_wconf 75' lang='grc' dir='ltr'>τοῦτο</span> <span class='ocrx_word' id='word_1_253' title='bbox 623 2136 661 2173; x_wconf 83' lang='grc' dir='ltr'>τὸ</span> <span class='ocrx_word' id='word_1_254' title='bbox 678 2136 779 2178; x_wconf 80' lang='grc' dir='ltr'>δάκος</span> <span class='ocrx_word' id='word_1_255' title='bbox 795 2137 857 2173; x_wconf 79' lang='grc' dir='ltr'>οὐκ</span> <span class='ocrx_word' id='word_1_256' title='bbox 874 2135 989 2186; x_wconf 75' lang='grc' dir='ltr'>ἰσχύει</span> <span class='ocrx_word' id='word_1_257' title='bbox 1007 2136 1092 2187; x_wconf 79' lang='grc' dir='ltr'>πρὸς</span> <span class='ocrx_word' id='word_1_258' title='bbox 1111 2135 1150 2173; x_wconf 83' lang='grc' dir='ltr'>τὸ</span> <span class='ocrx_word' id='word_1_259' title='bbox 1169 2136 1286 2186; x_wconf 75' lang='grc' dir='ltr'>δῆγμα</span> <span class='ocrx_word' id='word_1_260' title='bbox 1304 2140 1363 2173; x_wconf 75' lang='grc' dir='ltr'>τοῦ</span> 
     </span>
     <span class='ocr_line' id='line_1_36' title="bbox 346 2194 1364 2248; baseline -0.001 -16"><span class='ocrx_word' id='word_1_261' title='bbox 346 2194 571 2248; x_wconf 82' lang='grc' dir='ltr'>συκοφάντου.</span> <span class='ocrx_word' id='word_1_262' title='bbox 592 2196 745 2233; x_wconf 82' lang='lat' dir='ltr'>Scholia</span> <span class='ocrx_word' id='word_1_263' title='bbox 774 2195 874 2231; x_wconf 90' lang='lat' dir='ltr'>hoc</span> <span class='ocrx_word' id='word_1_264' title='bbox 866 2208 950 2231; x_wconf 79' lang='lat' dir='ltr'>ioco</span> <span class='ocrx_word' id='word_1_265' title='bbox 972 2208 1048 2231; x_wconf 81' lang='lat' dir='ltr'>orn.</span> <span class='ocrx_word' id='word_1_266' title='bbox 1082 2198 1142 2241; x_wconf 60' lang='lat' dir='ltr'>R„</span> <span class='ocrx_word' id='word_1_267' title='bbox 1174 2194 1239 2231; x_wconf 83' lang='lat' dir='ltr'>sed</span> <span class='ocrx_word' id='word_1_268' title='bbox 1269 2195 1364 2231; x_wconf 83' lang='lat' dir='ltr'>infra</span> 
     </span>
     <span class='ocr_line' id='line_1_37' title="bbox 344 2251 1362 2305; baseline -0.001 -15"><span class='ocrx_word' id='word_1_269' title='bbox 344 2262 431 2303; x_wconf 82' lang='lat' dir='ltr'>post</span> <span class='ocrx_word' id='word_1_270' title='bbox 449 2268 484 2291; x_wconf 87' lang='lat' dir='ltr'>v.</span> <span class='ocrx_word' id='word_1_271' title='bbox 507 2254 581 2302; x_wconf 86' lang='lat'>895</span> <span class='ocrx_word' id='word_1_272' title='bbox 607 2254 720 2290; x_wconf 82' lang='lat' dir='ltr'>habet</span> <span class='ocrx_word' id='word_1_273' title='bbox 739 2251 814 2290; x_wconf 83' lang='grc' dir='ltr'>ἀντὶ</span> <span class='ocrx_word' id='word_1_274' title='bbox 836 2267 897 2289; x_wconf 90' lang='grc' dir='ltr'>του</span> <span class='ocrx_word' id='word_1_275' title='bbox 916 2252 977 2289; x_wconf 82' lang='grc' dir='ltr'>κᾶν</span> <span class='ocrx_word' id='word_1_276' title='bbox 995 2253 1076 2304; x_wconf 75' lang='grc' dir='ltr'>ἔχῃς</span> <span class='ocrx_word' id='word_1_277' title='bbox 1097 2252 1362 2305; x_wconf 71' lang='grc' dir='ltr'>φαρμακίτην-</span> 
     </span>
     <span class='ocr_line' id='line_1_38' title="bbox 343 2310 1357 2364; baseline 0 -17"><span class='ocrx_word' id='word_1_278' title='bbox 343 2311 542 2358; x_wconf 84' lang='grc' dir='ltr'>πεποίηται.</span> <span class='ocrx_word' id='word_1_279' title='bbox 570 2315 612 2357; x_wconf 87' lang='grc' dir='ltr'>ἠν</span> <span class='ocrx_word' id='word_1_280' title='bbox 646 2310 680 2348; x_wconf 83' lang='grc' dir='ltr'>δὲ</span> <span class='ocrx_word' id='word_1_281' title='bbox 709 2311 962 2362; x_wconf 84' lang='grc' dir='ltr'>ἀποτρεπτικος</span> <span class='ocrx_word' id='word_1_282' title='bbox 995 2327 1231 2364; x_wconf 88' lang='grc' dir='ltr'>συκοφαντων.</span> <span class='ocrx_word' id='word_1_283' title='bbox 1252 2340 1291 2344; x_wconf 77' lang='lat'><em>-</em></span> <span class='ocrx_word' id='word_1_284' title='bbox 1315 2313 1357 2347; x_wconf 97' lang='grc'>31</span> 
     </span>
     <span class='ocr_line' id='line_1_39' title="bbox 343 2371 1361 2423; baseline 0.001 -16"><span class='ocrx_word' id='word_1_285' title='bbox 343 2371 566 2423; x_wconf 81' lang='grc' dir='ltr'>ἀλεςητήριον</span> <span class='ocrx_word' id='word_1_286' title='bbox 581 2373 629 2409; x_wconf 92' lang='grc' dir='ltr'>Θ.</span> <span class='ocrx_word' id='word_1_287' title='bbox 647 2380 683 2407; x_wconf 84' lang='lat' dir='ltr'>ct</span> <span class='ocrx_word' id='word_1_288' title='bbox 703 2371 836 2408; x_wconf 77' lang='lat' dir='ltr'>Suidas</span> <span class='ocrx_word' id='word_1_289' title='bbox 857 2385 886 2407; x_wconf 88' lang='lat' dir='ltr'>s.</span> <span class='ocrx_word' id='word_1_290' title='bbox 903 2371 994 2408; x_wconf 72' lang='grc' dir='ltr'>Ἀλλ’</span> <span class='ocrx_word' id='word_1_291' title='bbox 1012 2373 1074 2408; x_wconf 78' lang='grc' dir='ltr'>οὐκ</span> <span class='ocrx_word' id='word_1_292' title='bbox 1094 2371 1217 2409; x_wconf 82' lang='grc' dir='ltr'>ἔνεστι.</span> <span class='ocrx_word' id='word_1_293' title='bbox 1239 2373 1361 2409; x_wconf 87' lang='lat' dir='ltr'>Ceteii</span> 
     </span>
     <span class='ocr_line' id='line_1_40' title="bbox 344 2428 1360 2480; baseline 0.001 -15"><span class='ocrx_word' id='word_1_294' title='bbox 344 2428 568 2480; x_wconf 79' lang='grc' dir='ltr'>ἀλεξιτήριον.</span> <span class='ocrx_word' id='word_1_295' title='bbox 589 2431 656 2465; x_wconf 86' lang='grc' dir='ltr'>τῶν</span> <span class='ocrx_word' id='word_1_296' title='bbox 675 2443 750 2465; x_wconf 88' lang='lat' dir='ltr'>om.</span> <span class='ocrx_word' id='word_1_297' title='bbox 766 2430 828 2477; x_wconf 86' lang='grc' dir='ltr'>Θ.,</span> <span class='ocrx_word' id='word_1_298' title='bbox 849 2430 914 2477; x_wconf 90' lang='lat' dir='ltr'>qui</span> <span class='ocrx_word' id='word_1_299' title='bbox 935 2429 1153 2480; x_wconf 77' lang='grc' dir='ltr'>δηλητηρίων</span> <span class='ocrx_word' id='word_1_300' title='bbox 1172 2443 1258 2468; x_wconf 88' lang='lat' dir='ltr'>cum</span> <span class='ocrx_word' id='word_1_301' title='bbox 1273 2431 1360 2467; x_wconf 86' lang='lat' dir='ltr'>Sui—</span> 
     </span>
     <span class='ocr_line' id='line_1_41' title="bbox 343 2487 1358 2558; baseline 0.001 -35"><span class='ocrx_word' id='word_1_302' title='bbox 343 2487 401 2523; x_wconf 84' lang='lat' dir='ltr'>da.</span> <span class='ocrx_word' id='word_1_303' title='bbox 435 2488 556 2523; x_wconf 85' lang='lat' dir='ltr'>Ceteri</span> <span class='ocrx_word' id='word_1_304' title='bbox 592 2487 797 2558; x_wconf 67' lang='grc' dir='ltr'>δηκτηρίων.</span> <span class='ocrx_word' id='word_1_305' title='bbox 827 2489 952 2537; x_wconf 76' lang='lat' dir='ltr'>Pergit</span> <span class='ocrx_word' id='word_1_306' title='bbox 981 2489 1026 2525; x_wconf 90' lang='grc' dir='ltr'>Θ.</span> <span class='ocrx_word' id='word_1_307' title='bbox 1055 2489 1292 2539; x_wconf 82' lang='grc' dir='ltr'>ἀλληγορικῶς</span> <span class='ocrx_word' id='word_1_308' title='bbox 1324 2487 1358 2524; x_wconf 82' lang='grc' dir='ltr'>δὲ</span> 
     </span>
     <span class='ocr_line' id='line_1_42' title="bbox 342 2543 1357 2595; baseline 0.001 -15"><span class='ocrx_word' id='word_1_309' title='bbox 342 2545 388 2585; x_wconf 81' lang='grc' dir='ltr'>ὣς</span> <span class='ocrx_word' id='word_1_310' title='bbox 404 2559 487 2595; x_wconf 80' lang='grc' dir='ltr'>προς</span> <span class='ocrx_word' id='word_1_311' title='bbox 506 2544 714 2595; x_wconf 84' lang='grc' dir='ltr'>δηλητηριον</span> <span class='ocrx_word' id='word_1_312' title='bbox 735 2544 960 2594; x_wconf 81' lang='grc' dir='ltr'>ἀποκρίνεται</span> <span class='ocrx_word' id='word_1_313' title='bbox 989 2559 1047 2583; x_wconf 89' lang='grc' dir='ltr'>τον</span> <span class='ocrx_word' id='word_1_314' title='bbox 1077 2543 1259 2581; x_wconf 82' lang='grc' dir='ltr'>δακτυλιον</span> <span class='ocrx_word' id='word_1_315' title='bbox 1289 2548 1357 2581; x_wconf 68' lang='grc' dir='ltr'>των</span> 
     </span>
     <span class='ocr_line' id='line_1_43' title="bbox 342 2601 1352 2653; baseline 0.001 -16"><span class='ocrx_word' id='word_1_316' title='bbox 342 2601 578 2653; x_wconf 84' lang='grc' dir='ltr'>δηκτηρίων</span> <span class='ocrx_word' id='word_1_317' title='bbox 560 2601 731 2639; x_wconf 72' lang='grc' dir='ltr'>δείκνυσιν</span> <span class='ocrx_word' id='word_1_318' title='bbox 762 2617 856 2653; x_wconf 73' lang='grc' dir='ltr'>αυτῳ</span> <span class='ocrx_word' id='word_1_319' title='bbox 890 2610 959 2639; x_wconf 71' lang='lat' dir='ltr'>(lt</span> <span class='ocrx_word' id='word_1_320' title='bbox 976 2625 1018 2633; x_wconf 94' lang='lat'>—-</span> <span class='ocrx_word' id='word_1_321' title='bbox 1039 2602 1084 2637; x_wconf 69' lang='lat'>3&#39;)</span> <span class='ocrx_word' id='word_1_322' title='bbox 1118 2601 1352 2651; x_wconf 66' lang='grc' dir='ltr'>φαρμακίτην.</span> 
     </span>
     <span class='ocr_line' id='line_1_44' title="bbox 341 2639 1354 2711; baseline 0.001 -15"><span class='ocrx_word' id='word_1_323' title='bbox 341 2662 442 2710; x_wconf 82' lang='grc' dir='ltr'>φησὶν</span> <span class='ocrx_word' id='word_1_324' title='bbox 464 2655 540 2705; x_wconf 81' lang='grc' dir='ltr'>οὖν,</span> <span class='ocrx_word' id='word_1_325' title='bbox 561 2661 606 2701; x_wconf 73' lang='grc' dir='ltr'>ὡς</span> <span class='ocrx_word' id='word_1_326' title='bbox 629 2659 669 2697; x_wconf 84' lang='grc' dir='ltr'>ἂν</span> <span class='ocrx_word' id='word_1_327' title='bbox 702 2659 755 2711; x_wconf 75' lang='grc' dir='ltr'>ἔγ.</span> <span class='ocrx_word' id='word_1_328' title='bbox 778 2639 926 2696; x_wconf 81' lang='lat' dir='ltr'>Suidas.</span> <span class='ocrx_word' id='word_1_329' title='bbox 945 2683 986 2690; x_wconf 93' lang='lat'>-</span> <span class='ocrx_word' id='word_1_330' title='bbox 1010 2661 1056 2701; x_wconf 81' lang='grc'>34</span> <span class='ocrx_word' id='word_1_331' title='bbox 1091 2657 1148 2709; x_wconf 65' lang='grc' dir='ltr'>ἔχε</span> <span class='ocrx_word' id='word_1_332' title='bbox 1135 2674 1180 2700; x_wconf 89' lang='grc' dir='ltr'>ις</span> <span class='ocrx_word' id='word_1_333' title='bbox 1204 2674 1287 2710; x_wconf 84' lang='grc' dir='ltr'>φησι</span> <span class='ocrx_word' id='word_1_334' title='bbox 1309 2661 1354 2697; x_wconf 91' lang='grc' dir='ltr'>Θ.</span> 
     </span>
     <span class='ocr_line' id='line_1_45' title="bbox 339 2717 1356 2768; baseline -0.002 -12.998"><span class='ocrx_word' id='word_1_335' title='bbox 339 2720 418 2755; x_wconf 84' lang='lat' dir='ltr'>sine</span> <span class='ocrx_word' id='word_1_336' title='bbox 434 2734 513 2755; x_wconf 88' lang='grc' dir='ltr'>καν.</span> <span class='ocrx_word' id='word_1_337' title='bbox 529 2745 570 2751; x_wconf 87' lang='grc'>-</span> <span class='ocrx_word' id='word_1_338' title='bbox 592 2719 639 2754; x_wconf 74' lang='grc'>35</span> <span class='ocrx_word' id='word_1_339' title='bbox 659 2722 719 2755; x_wconf 80' lang='grc' dir='ltr'>τοῦ</span> <span class='ocrx_word' id='word_1_340' title='bbox 741 2718 957 2768; x_wconf 82' lang='grc' dir='ltr'>συκοφάντου</span> <span class='ocrx_word' id='word_1_341' title='bbox 978 2717 1123 2754; x_wconf 56' lang='lat' dir='ltr'>Suidas.</span> <span class='ocrx_word' id='word_1_342' title='bbox 1141 2741 1183 2747; x_wconf 86' lang='lat'><em>-</em></span> <span class='ocrx_word' id='word_1_343' title='bbox 1205 2719 1249 2762; x_wconf 81' lang='grc'>37</span> <span class='ocrx_word' id='word_1_344' title='bbox 1269 2726 1356 2767; x_wconf 80' lang='lat' dir='ltr'>post</span> 
     </span>
     <span class='ocr_line' id='line_1_46' title="bbox 337 2773 1354 2834; baseline -0.001 -22"><span class='ocrx_word' id='word_1_345' title='bbox 337 2790 394 2812; x_wconf 84' lang='grc' dir='ltr'>του</span> <span class='ocrx_word' id='word_1_346' title='bbox 424 2791 638 2834; x_wconf 85' lang='grc' dir='ltr'>συκοφαντου</span> <span class='ocrx_word' id='word_1_347' title='bbox 665 2776 771 2812; x_wconf 84' lang='lat' dir='ltr'>addit</span> <span class='ocrx_word' id='word_1_348' title='bbox 791 2778 835 2813; x_wconf 79' lang='lat' dir='ltr'>O.</span> <span class='ocrx_word' id='word_1_349' title='bbox 858 2775 936 2812; x_wconf 60' lang='lat' dir='ltr'>&amp;W</span> <span class='ocrx_word' id='word_1_350' title='bbox 962 2776 1024 2812; x_wconf 77' lang='grc' dir='ltr'>οὐκ</span> <span class='ocrx_word' id='word_1_351' title='bbox 1044 2773 1155 2811; x_wconf 82' lang='grc' dir='ltr'>ἔνεστι</span> <span class='ocrx_word' id='word_1_352' title='bbox 1177 2774 1354 2826; x_wconf 81' lang='grc' dir='ltr'>συκοφάν-</span> 
     </span>
     <span class='ocr_line' id='line_1_47' title="bbox 336 2831 1354 2885; baseline -0.001 -15"><span class='ocrx_word' id='word_1_353' title='bbox 336 2848 406 2870; x_wconf 88' lang='grc' dir='ltr'>του.</span> <span class='ocrx_word' id='word_1_354' title='bbox 427 2834 504 2870; x_wconf 83' lang='grc' dir='ltr'>ἀλλ’</span> <span class='ocrx_word' id='word_1_355' title='bbox 522 2837 618 2875; x_wconf 89' lang='grc' dir='ltr'>ουτος</span> <span class='ocrx_word' id='word_1_356' title='bbox 632 2849 736 2885; x_wconf 91' lang='grc' dir='ltr'>φησιν</span> <span class='ocrx_word' id='word_1_357' title='bbox 756 2837 772 2871; x_wconf 83' lang='grc' dir='ltr'>ὁ</span> <span class='ocrx_word' id='word_1_358' title='bbox 795 2833 978 2875; x_wconf 85' lang='grc' dir='ltr'>δακτυλιος</span> <span class='ocrx_word' id='word_1_359' title='bbox 996 2834 1056 2869; x_wconf 76' lang='grc' dir='ltr'>οὐκ</span> <span class='ocrx_word' id='word_1_360' title='bbox 1079 2831 1192 2883; x_wconf 70' lang='grc' dir='ltr'>ἰσχύει</span> <span class='ocrx_word' id='word_1_361' title='bbox 1212 2848 1296 2884; x_wconf 88' lang='grc' dir='ltr'>προς</span> <span class='ocrx_word' id='word_1_362' title='bbox 1315 2848 1354 2869; x_wconf 93' lang='grc' dir='ltr'>το</span> 
     </span>
     <span class='ocr_line' id='line_1_48' title="bbox 335 2891 1353 2943; baseline -0.001 -14.998"><span class='ocrx_word' id='word_1_363' title='bbox 335 2893 452 2941; x_wconf 73' lang='grc' dir='ltr'>δῆγμα</span> <span class='ocrx_word' id='word_1_364' title='bbox 470 2907 530 2929; x_wconf 88' lang='grc' dir='ltr'>του</span> <span class='ocrx_word' id='word_1_365' title='bbox 550 2893 778 2943; x_wconf 81' lang='grc' dir='ltr'>συκοφάντου.</span> <span class='ocrx_word' id='word_1_366' title='bbox 799 2893 876 2929; x_wconf 82' lang='grc' dir='ltr'>ἀντι</span> <span class='ocrx_word' id='word_1_367' title='bbox 903 2896 962 2929; x_wconf 86' lang='grc' dir='ltr'>του</span> <span class='ocrx_word' id='word_1_368' title='bbox 982 2891 1045 2929; x_wconf 81' lang='grc' dir='ltr'>κᾶν</span> <span class='ocrx_word' id='word_1_369' title='bbox 1070 2891 1152 2942; x_wconf 80' lang='grc' dir='ltr'>ἔγῃς</span> <span class='ocrx_word' id='word_1_370' title='bbox 1174 2891 1353 2943; x_wconf 82' lang='grc' dir='ltr'>φαρμακί-</span> 
     </span>
     <span class='ocr_line' id='line_1_49' title="bbox 334 2949 1350 3002; baseline 0 -18"><span class='ocrx_word' id='word_1_371' title='bbox 334 2949 536 3002; x_wconf 67' lang='grc' dir='ltr'>την-πρὸς</span> <span class='ocrx_word' id='word_1_372' title='bbox 558 2950 579 2987; x_wconf 86' lang='grc' dir='ltr'>ἃ</span> <span class='ocrx_word' id='word_1_373' title='bbox 598 2950 780 2993; x_wconf 79' lang='grc' dir='ltr'>δακτύλιος</span> <span class='ocrx_word' id='word_1_374' title='bbox 802 2951 1014 2997; x_wconf 87' lang='grc' dir='ltr'>πεποίηται,</span> <span class='ocrx_word' id='word_1_375' title='bbox 1036 2964 1116 3000; x_wconf 76' lang='lat' dir='ltr'>quae</span> <span class='ocrx_word' id='word_1_376' title='bbox 1141 2964 1187 2985; x_wconf 83' lang='lat' dir='ltr'>ex</span> <span class='ocrx_word' id='word_1_377' title='bbox 1208 2963 1350 2999; x_wconf 83' lang='lat' dir='ltr'>praece-</span> 
     </span>
     <span class='ocr_line' id='line_1_50' title="bbox 333 3010 1350 3062; baseline 0.002 -16"><span class='ocrx_word' id='word_1_378' title='bbox 333 3010 508 3047; x_wconf 81' lang='lat' dir='ltr'>dentibus</span> <span class='ocrx_word' id='word_1_379' title='bbox 538 3013 770 3061; x_wconf 75' lang='lat' dir='ltr'><strong>negligenter</strong></span> <span class='ocrx_word' id='word_1_380' title='bbox 805 3014 958 3062; x_wconf 82' lang='lat' dir='ltr'>repetiit</span> <span class='ocrx_word' id='word_1_381' title='bbox 998 3011 1190 3048; x_wconf 82' lang='lat' dir='ltr'>librarius.</span> <span class='ocrx_word' id='word_1_382' title='bbox 1226 3036 1266 3042; x_wconf 86' lang='lat'>-—</span> <span class='ocrx_word' id='word_1_383' title='bbox 1303 3013 1350 3060; x_wconf 87' lang='grc'>39</span> 
     </span>
     <span class='ocr_line' id='line_1_51' title="bbox 333 3069 1349 3122; baseline 0.001 -18"><span class='ocrx_word' id='word_1_384' title='bbox 333 3069 563 3118; x_wconf 66' lang='grc' dir='ltr'>ε’κφλαυροῧσι</span> <span class='ocrx_word' id='word_1_385' title='bbox 582 3071 641 3106; x_wconf 83' lang='lat' dir='ltr'>vel</span> <span class='ocrx_word' id='word_1_386' title='bbox 660 3070 924 3122; x_wconf 81' lang='grc' dir='ltr'>ἐκφλαυρίζουσι</span> <span class='ocrx_word' id='word_1_387' title='bbox 939 3073 1099 3114; x_wconf 65' lang='lat' dir='ltr'>Hemst„</span> <span class='ocrx_word' id='word_1_388' title='bbox 1118 3070 1349 3121; x_wconf 78' lang='grc' dir='ltr'>ἐκφλυαροῦσι</span> 
     </span>
     <span class='ocr_line' id='line_1_52' title="bbox 334 3125 1352 3177; baseline 0.003 -17"><span class='ocrx_word' id='word_1_389' title='bbox 334 3125 433 3163; x_wconf 82' lang='lat' dir='ltr'>libri.</span> <span class='ocrx_word' id='word_1_390' title='bbox 455 3126 632 3175; x_wconf 74' lang='lat' dir='ltr'>Ejusdem</span> <span class='ocrx_word' id='word_1_391' title='bbox 648 3130 873 3177; x_wconf 63' lang='lat' dir='ltr'>corruptelas·</span> <span class='ocrx_word' id='word_1_392' title='bbox 891 3128 1065 3176; x_wconf 85' lang='lat' dir='ltr'>exempla</span> <span class='ocrx_word' id='word_1_393' title='bbox 1082 3135 1169 3163; x_wconf 83' lang='lat' dir='ltr'>sunt</span> <span class='ocrx_word' id='word_1_394' title='bbox 1189 3128 1226 3162; x_wconf 88' lang='lat' dir='ltr'>in</span> <span class='ocrx_word' id='word_1_395' title='bbox 1242 3127 1352 3163; x_wconf 80' lang='lat' dir='ltr'>scho-</span> 
     </span>
     <span class='ocr_line' id='line_1_53' title="bbox 333 3183 1346 3236; baseline 0.001 -18"><span class='ocrx_word' id='word_1_396' title='bbox 333 3183 381 3218; x_wconf 91' lang='lat' dir='ltr'>lio</span> <span class='ocrx_word' id='word_1_397' title='bbox 407 3183 454 3220; x_wconf 86' lang='lat' dir='ltr'>ad</span> <span class='ocrx_word' id='word_1_398' title='bbox 479 3197 510 3219; x_wconf 77' lang='lat' dir='ltr'>v.</span> <span class='ocrx_word' id='word_1_399' title='bbox 536 3184 610 3233; x_wconf 87' lang='lat'>589</span> <span class='ocrx_word' id='word_1_400' title='bbox 629 3184 936 3236; x_wconf 80' lang='grc' dir='ltr'>ἕκφλυαρίζεσθαι,</span> <span class='ocrx_word' id='word_1_401' title='bbox 958 3185 1024 3221; x_wconf 88' lang='lat' dir='ltr'>ubi</span> <span class='ocrx_word' id='word_1_402' title='bbox 1050 3188 1160 3221; x_wconf 84' lang='lat' dir='ltr'>Kust.</span> <span class='ocrx_word' id='word_1_403' title='bbox 1193 3184 1346 3235; x_wconf 81' lang='grc' dir='ltr'>ἐκφλαυ-</span> 
     </span>
     <span class='ocr_line' id='line_1_54' title="bbox 308 3242 1345 3293; baseline -0.001 -14"><span class='ocrx_word' id='word_1_404' title='bbox 308 3242 505 3293; x_wconf 83' lang='grc' dir='ltr'>·ρίζεσθαι,</span> <span class='ocrx_word' id='word_1_405' title='bbox 537 3242 639 3292; x_wconf 85' lang='lat' dir='ltr'>apud</span> <span class='ocrx_word' id='word_1_406' title='bbox 672 3244 844 3280; x_wconf 73' lang='lat' dir='ltr'>Eustath.</span> <span class='ocrx_word' id='word_1_407' title='bbox 877 3243 924 3280; x_wconf 84' lang='lat' dir='ltr'>ad</span> <span class='ocrx_word' id='word_1_408' title='bbox 957 3246 1113 3279; x_wconf 85' lang='lat' dir='ltr'>Homer.</span> <span class='ocrx_word' id='word_1_409' title='bbox 1147 3255 1182 3291; x_wconf 85' lang='lat' dir='ltr'>p.</span> <span class='ocrx_word' id='word_1_410' title='bbox 1211 3243 1230 3278; x_wconf 87' lang='grc'>3</span> <span class='ocrx_word' id='word_1_411' title='bbox 1249 3271 1258 3288; x_wconf 91' lang='grc'>,</span> <span class='ocrx_word' id='word_1_412' title='bbox 1299 3244 1345 3289; x_wconf 86' lang='grc'>3,</span> 
     </span>
     <span class='ocr_line' id='line_1_55' title="bbox 329 3299 1345 3352; baseline -0.001 -15"><span class='ocrx_word' id='word_1_413' title='bbox 329 3299 562 3351; x_wconf 81' lang='grc' dir='ltr'>ἓκφλυαρίζων</span> <span class='ocrx_word' id='word_1_414' title='bbox 582 3299 620 3337; x_wconf 83' lang='grc' dir='ltr'>τὸ</span> <span class='ocrx_word' id='word_1_415' title='bbox 650 3306 814 3351; x_wconf 80' lang='grc' dir='ltr'>πρᾶγμα,</span> <span class='ocrx_word' id='word_1_416' title='bbox 840 3302 899 3337; x_wconf 82' lang='lat' dir='ltr'>cui</span> <span class='ocrx_word' id='word_1_417' title='bbox 921 3301 1154 3352; x_wconf 80' lang='grc' dir='ltr'>ἐκφλαυρίζων</span> <span class='ocrx_word' id='word_1_418' title='bbox 1181 3301 1345 3337; x_wconf 81' lang='lat' dir='ltr'>restituit</span> 
     </span>
     <span class='ocr_line' id='line_1_56' title="bbox 334 3359 1342 3408; baseline 0.001 -15"><span class='ocrx_word' id='word_1_419' title='bbox 334 3362 488 3401; x_wconf 60' lang='lat' dir='ltr'>flciiist„</span> <span class='ocrx_word' id='word_1_420' title='bbox 511 3359 861 3408; x_wconf 62' lang='lat' dir='ltr'>1*‹’-tituend111nquc</span> <span class='ocrx_word' id='word_1_421' title='bbox 876 3368 930 3396; x_wconf 86' lang='lat' dir='ltr'>est</span> <span class='ocrx_word' id='word_1_422' title='bbox 951 3359 1072 3396; x_wconf 85' lang='lat' dir='ltr'>eidem</span> <span class='ocrx_word' id='word_1_423' title='bbox 1089 3360 1126 3396; x_wconf 88' lang='lat' dir='ltr'>in</span> <span class='ocrx_word' id='word_1_424' title='bbox 1143 3360 1342 3406; x_wconf 70' lang='lat' dir='ltr'>Opusculis</span> 
     </span>
    </p>
   </div>
   <div class='ocr_carea' id='block_1_5' title="bbox 1422 322 2441 782">
    <p class='ocr_par' dir='ltr' id='par_1_6' title="bbox 1422 322 2440 721">
     <span class='ocr_line' id='line_1_57' title="bbox 1422 322 2437 379; baseline 0.01 -21.05"><span class='ocrx_word' id='word_1_425' title='bbox 1422 322 1587 374; x_wconf 76' lang='grc' dir='ltr'>ἡμέτερα.</span> <span class='ocrx_word' id='word_1_426' title='bbox 1609 325 1724 373; x_wconf 88' lang='lat' dir='ltr'>Apud</span> <span class='ocrx_word' id='word_1_427' title='bbox 1747 327 1930 364; x_wconf 85' lang='lat' dir='ltr'>Plutarch.</span> <span class='ocrx_word' id='word_1_428' title='bbox 1949 328 2085 365; x_wconf 81' lang='lat' dir='ltr'>Moial.</span> <span class='ocrx_word' id='word_1_429' title='bbox 2107 342 2143 378; x_wconf 88' lang='lat' dir='ltr'>p.</span> <span class='ocrx_word' id='word_1_430' title='bbox 2163 330 2250 375; x_wconf 88' lang='lat'><strong>680,</strong></span> <span class='ocrx_word' id='word_1_431' title='bbox 2269 332 2311 375; x_wconf 84' lang='lat' dir='ltr'>C,</span> <span class='ocrx_word' id='word_1_432' title='bbox 2331 329 2437 379; x_wconf 83' lang='grc' dir='ltr'>οἱμὲν</span> 
     </span>
     <span class='ocr_line' id='line_1_58' title="bbox 1424 380 2437 437; baseline 0.007 -20"><span class='ocrx_word' id='word_1_433' title='bbox 1424 380 1524 418; x_wconf 76' lang='grc' dir='ltr'>ἄλλοι</span> <span class='ocrx_word' id='word_1_434' title='bbox 1556 381 1779 419; x_wconf 84' lang='grc' dir='ltr'>παντάπασιν</span> <span class='ocrx_word' id='word_1_435' title='bbox 1800 383 2037 436; x_wconf 80' lang='grc' dir='ltr'>ἐςεφλυάριζον</span> <span class='ocrx_word' id='word_1_436' title='bbox 2056 385 2095 422; x_wconf 81' lang='grc' dir='ltr'>τὸ</span> <span class='ocrx_word' id='word_1_437' title='bbox 2116 391 2264 437; x_wconf 77' lang='grc' dir='ltr'>πρᾶγμα</span> <span class='ocrx_word' id='word_1_438' title='bbox 2287 401 2346 424; x_wconf 85' lang='grc' dir='ltr'>και</span> <span class='ocrx_word' id='word_1_439' title='bbox 2374 402 2437 424; x_wconf 87' lang='grc' dir='ltr'>κα-</span> 
     </span>
     <span class='ocr_line' id='line_1_59' title="bbox 1422 438 2437 495; baseline 0.005 -20"><span class='ocrx_word' id='word_1_440' title='bbox 1422 438 1591 488; x_wconf 83' lang='grc' dir='ltr'>τεγέλων,</span> <span class='ocrx_word' id='word_1_441' title='bbox 1610 447 1712 476; x_wconf 85' lang='lat' dir='ltr'>recte</span> <span class='ocrx_word' id='word_1_442' title='bbox 1739 440 1827 477; x_wconf 83' lang='lat' dir='ltr'>libri</span> <span class='ocrx_word' id='word_1_443' title='bbox 1848 443 2003 491; x_wconf 82' lang='lat' dir='ltr'>quidam</span> <span class='ocrx_word' id='word_1_444' title='bbox 2031 442 2286 495; x_wconf 75' lang='grc' dir='ltr'>ἐξεφλαύριζον.</span> <span class='ocrx_word' id='word_1_445' title='bbox 2318 445 2437 482; x_wconf 71' lang='lat' dir='ltr'>Dum.</span> 
     </span>
     <span class='ocr_line' id='line_1_60' title="bbox 1425 498 2440 548; baseline 0.006 -15"><span class='ocrx_word' id='word_1_446' title='bbox 1425 498 1524 534; x_wconf 84' lang='lat' dir='ltr'>Hinc</span> <span class='ocrx_word' id='word_1_447' title='bbox 1564 498 1700 546; x_wconf 84' lang='lat' dir='ltr'>incipit</span> <span class='ocrx_word' id='word_1_448' title='bbox 1729 498 1830 534; x_wconf 87' lang='lat' dir='ltr'>aliud</span> <span class='ocrx_word' id='word_1_449' title='bbox 1868 500 2042 537; x_wconf 88' lang='lat' dir='ltr'>scholion</span> <span class='ocrx_word' id='word_1_450' title='bbox 2074 502 2230 548; x_wconf 73' lang='lat' dir='ltr'>Suidas,</span> <span class='ocrx_word' id='word_1_451' title='bbox 2266 501 2343 539; x_wconf 83' lang='grc' dir='ltr'>ἀλλ’</span> <span class='ocrx_word' id='word_1_452' title='bbox 2377 503 2440 539; x_wconf 85' lang='grc' dir='ltr'>οὔκ</span> 
     </span>
     <span class='ocr_line' id='line_1_61' title="bbox 1423 554 2440 607; baseline 0.007 -17"><span class='ocrx_word' id='word_1_453' title='bbox 1423 554 1534 592; x_wconf 85' lang='grc' dir='ltr'>ἔνεστι</span> <span class='ocrx_word' id='word_1_454' title='bbox 1554 554 1769 607; x_wconf 76' lang='grc' dir='ltr'>συκοφάντου</span> <span class='ocrx_word' id='word_1_455' title='bbox 1788 555 1975 605; x_wconf 79' lang='grc' dir='ltr'>δήγματος.</span> <span class='ocrx_word' id='word_1_456' title='bbox 1994 558 2051 595; x_wconf 81' lang='grc' dir='ltr'>ἐπὶ</span> <span class='ocrx_word' id='word_1_457' title='bbox 2068 561 2136 596; x_wconf 82' lang='grc' dir='ltr'>τῶν</span> <span class='ocrx_word' id='word_1_458' title='bbox 2158 558 2347 605; x_wconf 82' lang='grc' dir='ltr'>ἀνηνύτων.</span> <span class='ocrx_word' id='word_1_459' title='bbox 2364 558 2440 596; x_wconf 88' lang='grc' dir='ltr'>λεί-</span> 
     </span>
     <span class='ocr_line' id='line_1_62' title="bbox 1422 612 2440 673; baseline 0.005 -24"><span class='ocrx_word' id='word_1_460' title='bbox 1422 629 1480 650; x_wconf 86' lang='grc' dir='ltr'>πει</span> <span class='ocrx_word' id='word_1_461' title='bbox 1498 612 1533 649; x_wconf 80' lang='grc' dir='ltr'>δὲ</span> <span class='ocrx_word' id='word_1_462' title='bbox 1553 613 1592 649; x_wconf 84' lang='grc' dir='ltr'>τὸ</span> <span class='ocrx_word' id='word_1_463' title='bbox 1613 613 1809 673; x_wconf 84' lang='grc' dir='ltr'>φάρμακον.</span> <span class='ocrx_word' id='word_1_464' title='bbox 1827 615 1920 663; x_wconf 71' lang='grc' dir='ltr'>ὶέγει</span> <span class='ocrx_word' id='word_1_465' title='bbox 1950 613 1985 651; x_wconf 78' lang='grc' dir='ltr'>δὲ</span> <span class='ocrx_word' id='word_1_466' title='bbox 2006 616 2040 651; x_wconf 83' lang='grc' dir='ltr'>ἐν</span> <span class='ocrx_word' id='word_1_467' title='bbox 2063 616 2138 661; x_wconf 80' lang='grc' dir='ltr'>ηθει</span> <span class='ocrx_word' id='word_1_468' title='bbox 2163 619 2180 653; x_wconf 82' lang='grc' dir='ltr'>ὁ</span> <span class='ocrx_word' id='word_1_469' title='bbox 2206 617 2364 669; x_wconf 85' lang='grc' dir='ltr'>θεράπων</span> <span class='ocrx_word' id='word_1_470' title='bbox 2388 632 2440 654; x_wconf 89' lang='grc' dir='ltr'>οτι</span> 
     </span>
     <span class='ocr_line' id='line_1_63' title="bbox 1423 671 2441 721; baseline 0.004 -14"><span class='ocrx_word' id='word_1_471' title='bbox 1423 680 1494 708; x_wconf 91' lang='lat' dir='ltr'>etc.</span> <span class='ocrx_word' id='word_1_472' title='bbox 1508 695 1549 704; x_wconf 83' lang='lat'>-—</span> <span class='ocrx_word' id='word_1_473' title='bbox 1568 672 1614 714; x_wconf 89' lang='grc'>43</span> <span class='ocrx_word' id='word_1_474' title='bbox 1649 671 1742 720; x_wconf 81' lang='grc' dir='ltr'>λέγει</span> <span class='ocrx_word' id='word_1_475' title='bbox 1770 674 1827 709; x_wconf 81' lang='grc' dir='ltr'>οὖν</span> <span class='ocrx_word' id='word_1_476' title='bbox 1855 680 1893 708; x_wconf 89' lang='lat' dir='ltr'>et</span> <span class='ocrx_word' id='word_1_477' title='bbox 1914 674 2112 721; x_wconf 83' lang='lat' dir='ltr'>sequentia</span> <span class='ocrx_word' id='word_1_478' title='bbox 2136 687 2210 710; x_wconf 87' lang='lat' dir='ltr'>om.</span> <span class='ocrx_word' id='word_1_479' title='bbox 2237 674 2441 711; x_wconf 39' lang='lat' dir='ltr'>Suidasfl-</span> 
     </span>
    </p>

    <p class='ocr_par' dir='ltr' id='par_1_7' title="bbox 1425 727 2439 782">
     <span class='ocr_line' id='line_1_64' title="bbox 1425 727 2439 782; baseline 0.005 -17"><span class='ocrx_word' id='word_1_480' title='bbox 1425 730 1472 774; x_wconf 85' lang='grc'>45</span> <span class='ocrx_word' id='word_1_481' title='bbox 1493 727 1689 778; x_wconf 72' lang='grc' dir='ltr'>εἷληαμένη</span> <span class='ocrx_word' id='word_1_482' title='bbox 1710 729 1756 767; x_wconf 90' lang='grc' dir='ltr'>Θ.</span> <span class='ocrx_word' id='word_1_483' title='bbox 1778 728 1944 781; x_wconf 80' lang='grc' dir='ltr'>εἰρημένη</span> <span class='ocrx_word' id='word_1_484' title='bbox 1964 729 2051 767; x_wconf 89' lang='lat' dir='ltr'>Ald.</span> <span class='ocrx_word' id='word_1_485' title='bbox 2071 733 2277 782; x_wconf 86' lang='lat' dir='ltr'>Sequentia</span> <span class='ocrx_word' id='word_1_486' title='bbox 2298 746 2374 771; x_wconf 89' lang='lat' dir='ltr'>om.</span> <span class='ocrx_word' id='word_1_487' title='bbox 2393 733 2439 770; x_wconf 90' lang='grc' dir='ltr'>Θ.</span> 
     </span>
    </p>
   </div>
   <div class='ocr_carea' id='block_1_6' title="bbox 1398 799 2444 3410">
    <p class='ocr_par' dir='ltr' id='par_1_8' title="bbox 1420 799 2443 1126">
     <span class='ocr_line' id='line_1_65' title="bbox 1583 799 1616 818; baseline -0.033 0.1"><span class='ocrx_word' id='word_1_488' title='bbox 1583 799 1616 818; x_wconf 71' lang='lat'>9)</span> 
     </span>
     <span class='ocr_line' id='line_1_66' title="bbox 1423 829 2440 889; baseline 0.003 -12"><span class='ocrx_word' id='word_1_489' title='bbox 1423 864 1470 868; x_wconf 94' lang='lat'>—-</span> <span class='ocrx_word' id='word_1_490' title='bbox 1494 843 1539 878; x_wconf 83' lang='lat'>51</span> <span class='ocrx_word' id='word_1_491' title='bbox 1563 829 1652 877; x_wconf 61' lang='lat' dir='ltr'>(sm</span> <span class='ocrx_word' id='word_1_492' title='bbox 1676 840 1736 876; x_wconf 80' lang='lat' dir='ltr'>vel</span> <span class='ocrx_word' id='word_1_493' title='bbox 1756 840 1881 876; x_wconf 85' lang='lat' dir='ltr'>simile</span> <span class='ocrx_word' id='word_1_494' title='bbox 1904 840 2020 889; x_wconf 84' lang='lat' dir='ltr'>quid,</span> <span class='ocrx_word' id='word_1_495' title='bbox 2049 839 2222 879; x_wconf 85' lang='lat' dir='ltr'>obscuris</span> <span class='ocrx_word' id='word_1_496' title='bbox 2245 841 2440 880; x_wconf 73' lang='lat' dir='ltr'>literarum</span> 
     </span>
     <span class='ocr_line' id='line_1_67' title="bbox 1422 897 2440 950; baseline 0.002 -14"><span class='ocrx_word' id='word_1_497' title='bbox 1422 899 1601 936; x_wconf 80' lang='lat' dir='ltr'>ductibus</span> <span class='ocrx_word' id='word_1_498' title='bbox 1617 928 1625 942; x_wconf 97' lang='lat'>‚</span> <span class='ocrx_word' id='word_1_499' title='bbox 1645 898 1790 949; x_wconf 85' lang='lat' dir='ltr'>praebet</span> <span class='ocrx_word' id='word_1_500' title='bbox 1807 897 1929 934; x_wconf 80' lang='lat' dir='ltr'>codex</span> <span class='ocrx_word' id='word_1_501' title='bbox 1964 912 2036 948; x_wconf 86' lang='lat' dir='ltr'>pro</span> <span class='ocrx_word' id='word_1_502' title='bbox 2054 897 2154 943; x_wconf 82' lang='grc' dir='ltr'>ὁλκή.</span> <span class='ocrx_word' id='word_1_503' title='bbox 2176 902 2219 935; x_wconf 85' lang='grc'>111</span> <span class='ocrx_word' id='word_1_504' title='bbox 2245 901 2365 950; x_wconf 80' lang='lat' dir='ltr'>Regio</span> <span class='ocrx_word' id='word_1_505' title='bbox 2386 916 2440 938; x_wconf 84' lang='grc' dir='ltr'>κε-</span> 
     </span>
     <span class='ocr_line' id='line_1_68' title="bbox 1423 954 2442 1009; baseline -0.003 -14"><span class='ocrx_word' id='word_1_506' title='bbox 1423 957 1524 1009; x_wconf 88' lang='grc' dir='ltr'>ράτια</span> <span class='ocrx_word' id='word_1_507' title='bbox 1544 956 1606 1004; x_wconf 77' lang='grc' dir='ltr'>ις’,</span> <span class='ocrx_word' id='word_1_508' title='bbox 1623 971 1698 993; x_wconf 85' lang='lat' dir='ltr'>non</span> <span class='ocrx_word' id='word_1_509' title='bbox 1718 954 1776 1001; x_wconf 84' lang='grc' dir='ltr'>ιη’,</span> <span class='ocrx_word' id='word_1_510' title='bbox 1798 965 1834 992; x_wconf 89' lang='lat' dir='ltr'>et</span> <span class='ocrx_word' id='word_1_511' title='bbox 1849 969 1963 1006; x_wconf 84' lang='lat' dir='ltr'>supra</span> <span class='ocrx_word' id='word_1_512' title='bbox 1980 956 2082 992; x_wconf 88' lang='lat' dir='ltr'>idem</span> <span class='ocrx_word' id='word_1_513' title='bbox 2100 955 2148 992; x_wconf 91' lang='lat' dir='ltr'>ad</span> <span class='ocrx_word' id='word_1_514' title='bbox 2169 970 2203 993; x_wconf 91' lang='lat' dir='ltr'>v.</span> <span class='ocrx_word' id='word_1_515' title='bbox 2225 957 2298 1003; x_wconf 85' lang='lat'>817</span> <span class='ocrx_word' id='word_1_516' title='bbox 2319 971 2327 993; x_wconf 89' lang='lat'>:</span> <span class='ocrx_word' id='word_1_517' title='bbox 2349 959 2442 996; x_wconf 84' lang='grc' dir='ltr'>Στα-</span> 
     </span>
     <span class='ocr_line' id='line_1_69' title="bbox 1420 1013 2443 1067; baseline -0.001 -14"><span class='ocrx_word' id='word_1_518' title='bbox 1420 1015 1498 1067; x_wconf 76' lang='grc' dir='ltr'>τὴρ,</span> <span class='ocrx_word' id='word_1_519' title='bbox 1516 1014 1551 1058; x_wconf 78' lang='grc' dir='ltr'>ὃς</span> <span class='ocrx_word' id='word_1_520' title='bbox 1563 1016 1622 1052; x_wconf 85' lang='grc' dir='ltr'>καὶ</span> <span class='ocrx_word' id='word_1_521' title='bbox 1645 1015 1834 1065; x_wconf 75' lang='grc' dir='ltr'>δίδραχμον</span> <span class='ocrx_word' id='word_1_522' title='bbox 1852 1013 2001 1064; x_wconf 80' lang='grc' dir='ltr'>ἐλέγετο,</span> <span class='ocrx_word' id='word_1_523' title='bbox 2015 1015 2121 1052; x_wconf 80' lang='grc' dir='ltr'>ἱστῶν</span> <span class='ocrx_word' id='word_1_524' title='bbox 2142 1013 2286 1066; x_wconf 86' lang='grc' dir='ltr'>κεράτια</span> <span class='ocrx_word' id='word_1_525' title='bbox 2303 1014 2369 1063; x_wconf 78' lang='grc' dir='ltr'>λ6’,</span> <span class='ocrx_word' id='word_1_526' title='bbox 2395 1017 2443 1058; x_wconf 83' lang='grc' dir='ltr'>ὡς</span> 
     </span>
     <span class='ocr_line' id='line_1_70' title="bbox 1420 1072 1917 1126; baseline -0.006 -15"><span class='ocrx_word' id='word_1_527' title='bbox 1420 1077 1481 1119; x_wconf 81' lang='grc' dir='ltr'>τῆς</span> <span class='ocrx_word' id='word_1_528' title='bbox 1509 1076 1669 1126; x_wconf 67' lang='grc' dir='ltr'>δραχμῆς</span> <span class='ocrx_word' id='word_1_529' title='bbox 1691 1072 1841 1119; x_wconf 79' lang='grc' dir='ltr'>ἱστώσης</span> <span class='ocrx_word' id='word_1_530' title='bbox 1861 1078 1917 1116; x_wconf 80' lang='grc' dir='ltr'>ις’.</span> 
     </span>
    </p>

    <p class='ocr_par' dir='ltr' id='par_1_9' title="bbox 1421 1130 2441 1236">
     <span class='ocr_line' id='line_1_71' title="bbox 1474 1130 2441 1184; baseline -0.001 -16"><span class='ocrx_word' id='word_1_531' title='bbox 1474 1134 1563 1182; x_wconf 80' lang='grc'>889,</span> <span class='ocrx_word' id='word_1_532' title='bbox 1582 1135 1603 1169; x_wconf 90' lang='grc'>8</span> <span class='ocrx_word' id='word_1_533' title='bbox 1628 1131 1719 1170; x_wconf 80' lang='grc' dir='ltr'>Ἀντὶ</span> <span class='ocrx_word' id='word_1_534' title='bbox 1738 1135 1797 1168; x_wconf 74' lang='grc' dir='ltr'>τοῦ</span> <span class='ocrx_word' id='word_1_535' title='bbox 1824 1132 1897 1182; x_wconf 78' lang='grc' dir='ltr'>(τοῦ</span> <span class='ocrx_word' id='word_1_536' title='bbox 1921 1144 1994 1167; x_wconf 88' lang='lat' dir='ltr'>om.</span> <span class='ocrx_word' id='word_1_537' title='bbox 2015 1130 2074 1181; x_wconf 90' lang='lat' dir='ltr'>V.)</span> <span class='ocrx_word' id='word_1_538' title='bbox 2100 1132 2149 1182; x_wconf 81' lang='grc' dir='ltr'>τῷ</span> <span class='ocrx_word' id='word_1_539' title='bbox 2179 1133 2229 1183; x_wconf 82' lang='grc' dir='ltr'>σῷ</span> <span class='ocrx_word' id='word_1_540' title='bbox 2257 1132 2376 1184; x_wconf 83' lang='grc' dir='ltr'>ἀγαθῷ</span> <span class='ocrx_word' id='word_1_541' title='bbox 2397 1135 2441 1168; x_wconf 77' lang='lat' dir='ltr'>R.</span> 
     </span>
     <span class='ocr_line' id='line_1_72' title="bbox 1421 1189 1963 1236; baseline -0.006 -9"><span class='ocrx_word' id='word_1_542' title='bbox 1421 1193 1464 1229; x_wconf 86' lang='lat' dir='ltr'>V.</span> <span class='ocrx_word' id='word_1_543' title='bbox 1487 1205 1560 1228; x_wconf 79' lang='lat' dir='ltr'>oni.</span> <span class='ocrx_word' id='word_1_544' title='bbox 1586 1195 1630 1227; x_wconf 90' lang='lat' dir='ltr'>G.</span> <span class='ocrx_word' id='word_1_545' title='bbox 1649 1189 1806 1236; x_wconf 87' lang='grc' dir='ltr'>δηλονότι</span> <span class='ocrx_word' id='word_1_546' title='bbox 1821 1203 1895 1226; x_wconf 85' lang='lat' dir='ltr'>om.</span> <span class='ocrx_word' id='word_1_547' title='bbox 1917 1190 1963 1227; x_wconf 91' lang='grc' dir='ltr'>Θ.</span> 
     </span>
    </p>

    <p class='ocr_par' dir='ltr' id='par_1_10' title="bbox 1419 1245 2442 1941">
     <span class='ocr_line' id='line_1_73' title="bbox 1476 1245 2442 1297; baseline -0.001 -12"><span class='ocrx_word' id='word_1_548' title='bbox 1476 1250 1563 1297; x_wconf 85' lang='grc'>891,</span> <span class='ocrx_word' id='word_1_549' title='bbox 1591 1249 1635 1284; x_wconf 91' lang='grc'>13</span> <span class='ocrx_word' id='word_1_550' title='bbox 1662 1248 1861 1296; x_wconf 84' lang='lat' dir='ltr'>legendum</span> <span class='ocrx_word' id='word_1_551' title='bbox 1886 1245 2078 1291; x_wconf 80' lang='grc' dir='ltr'>δειπνήσεις</span> <span class='ocrx_word' id='word_1_552' title='bbox 2100 1248 2159 1283; x_wconf 88' lang='lat' dir='ltr'>vel</span> <span class='ocrx_word' id='word_1_553' title='bbox 2188 1248 2388 1293; x_wconf 81' lang='grc' dir='ltr'>δειπνήσαις</span> <span class='ocrx_word' id='word_1_554' title='bbox 2406 1256 2442 1284; x_wconf 85' lang='lat' dir='ltr'>et</span> 
     </span>
     <span class='ocr_line' id='line_1_74' title="bbox 1423 1306 2441 1356; baseline 0 -12"><span class='ocrx_word' id='word_1_555' title='bbox 1423 1308 1548 1344; x_wconf 81' lang='lat' dir='ltr'>forsan</span> <span class='ocrx_word' id='word_1_556' title='bbox 1564 1309 1609 1348; x_wconf 81' lang='grc' dir='ltr'>ὡς</span> <span class='ocrx_word' id='word_1_557' title='bbox 1627 1306 1666 1344; x_wconf 79' lang='grc' dir='ltr'>σύ</span> <span class='ocrx_word' id='word_1_558' title='bbox 1683 1307 1714 1356; x_wconf 88' lang='grc' dir='ltr'>γ’</span> <span class='ocrx_word' id='word_1_559' title='bbox 1732 1320 1817 1343; x_wconf 86' lang='lat' dir='ltr'>cuin</span> <span class='ocrx_word' id='word_1_560' title='bbox 1835 1309 1994 1353; x_wconf 85' lang='lat' dir='ltr'>Hcmst.‚</span> <span class='ocrx_word' id='word_1_561' title='bbox 2012 1306 2078 1355; x_wconf 86' lang='lat' dir='ltr'>qui</span> <span class='ocrx_word' id='word_1_562' title='bbox 2097 1306 2315 1343; x_wconf 81' lang='lat' dir='ltr'>distinxisse</span> <span class='ocrx_word' id='word_1_563' title='bbox 2333 1316 2441 1356; x_wconf 76' lang='lat' dir='ltr'>putat</span> 
     </span>
     <span class='ocr_line' id='line_1_75' title="bbox 1422 1362 2441 1417; baseline -0.001 -15"><span class='ocrx_word' id='word_1_564' title='bbox 1422 1366 1703 1415; x_wconf 83' lang='lat' dir='ltr'>grammaticum</span> <span class='ocrx_word' id='word_1_565' title='bbox 1723 1373 1809 1414; x_wconf 82' lang='lat' dir='ltr'>post</span> <span class='ocrx_word' id='word_1_566' title='bbox 1825 1364 1979 1416; x_wconf 73' lang='grc' dir='ltr'>ἀληθείᾳ.</span> <span class='ocrx_word' id='word_1_567' title='bbox 1995 1367 2106 1402; x_wconf 82' lang='lat' dir='ltr'>Certe</span> <span class='ocrx_word' id='word_1_568' title='bbox 2120 1362 2159 1401; x_wconf 79' lang='grc' dir='ltr'>σὺ</span> <span class='ocrx_word' id='word_1_569' title='bbox 2174 1373 2211 1401; x_wconf 88' lang='lat' dir='ltr'>et</span> <span class='ocrx_word' id='word_1_570' title='bbox 2225 1365 2441 1417; x_wconf 69' lang='grc' dir='ltr'>διαρραγείης</span> 
     </span>
     <span class='ocr_line' id='line_1_76' title="bbox 1422 1423 2441 1473; baseline -0.001 -13"><span class='ocrx_word' id='word_1_571' title='bbox 1422 1423 1672 1473; x_wconf 73' lang='lat' dir='ltr'>disjungebat.</span> <span class='ocrx_word' id='word_1_572' title='bbox 1695 1426 1894 1459; x_wconf 71' lang='lat' dir='ltr'>DoBRAEth.</span> <span class='ocrx_word' id='word_1_573' title='bbox 1914 1444 1966 1450; x_wconf 95' lang='lat'>—</span> <span class='ocrx_word' id='word_1_574' title='bbox 1988 1427 2030 1464; x_wconf 92' lang='grc'>14</span> <span class='ocrx_word' id='word_1_575' title='bbox 2053 1435 2156 1471; x_wconf 83' lang='lat' dir='ltr'>seqq.</span> <span class='ocrx_word' id='word_1_576' title='bbox 2177 1423 2229 1458; x_wconf 89' lang='lat' dir='ltr'>sic</span> <span class='ocrx_word' id='word_1_577' title='bbox 2256 1423 2294 1459; x_wconf 92' lang='lat' dir='ltr'>in</span> <span class='ocrx_word' id='word_1_578' title='bbox 2323 1426 2382 1468; x_wconf 90' lang='lat' dir='ltr'>V.‚</span> <span class='ocrx_word' id='word_1_579' title='bbox 2399 1425 2441 1465; x_wconf 82' lang='grc' dir='ltr'>ὡς</span> 
     </span>
     <span class='ocr_line' id='line_1_77' title="bbox 1421 1477 2440 1532; baseline -0.001 -14"><span class='ocrx_word' id='word_1_580' title='bbox 1421 1479 1867 1531; x_wconf 53' lang='grc' dir='ltr'>ἀγηοχότος-’καλέσ-ηται.</span> <span class='ocrx_word' id='word_1_581' title='bbox 1881 1477 2023 1520; x_wconf 85' lang='grc' dir='ltr'>Ἄλλως.</span> <span class='ocrx_word' id='word_1_582' title='bbox 2035 1479 2440 1532; x_wconf 82' lang='grc' dir='ltr'>κλήτορα-μαρτυρεῖν,</span> 
     </span>
     <span class='ocr_line' id='line_1_78' title="bbox 1421 1536 2442 1590; baseline 0.002 -18"><span class='ocrx_word' id='word_1_583' title='bbox 1421 1557 1435 1572; x_wconf 83' lang='grc'>«</span> <span class='ocrx_word' id='word_1_584' title='bbox 1447 1538 1621 1590; x_wconf 82' lang='grc' dir='ltr'>Κλήτορες</span> <span class='ocrx_word' id='word_1_585' title='bbox 1635 1547 1672 1575; x_wconf 86' lang='lat' dir='ltr'>et</span> <span class='ocrx_word' id='word_1_586' title='bbox 1688 1538 1947 1589; x_wconf 69' lang='grc' dir='ltr'>κ&gt;.ητῆρες,(]ιιί</span> <span class='ocrx_word' id='word_1_587' title='bbox 1962 1545 2074 1575; x_wconf 85' lang='lat' dir='ltr'>testes</span> <span class='ocrx_word' id='word_1_588' title='bbox 2088 1537 2126 1573; x_wconf 91' lang='lat' dir='ltr'>in</span> <span class='ocrx_word' id='word_1_589' title='bbox 2137 1536 2199 1586; x_wconf 90' lang='lat' dir='ltr'>jus</span> <span class='ocrx_word' id='word_1_590' title='bbox 2216 1537 2442 1574; x_wconf 83' lang='lat' dir='ltr'>vocantibus</span> 
     </span>
     <span class='ocr_line' id='line_1_79' title="bbox 1421 1595 2440 1646; baseline -0.001 -12"><span class='ocrx_word' id='word_1_591' title='bbox 1421 1599 1602 1642; x_wconf 75' lang='lat' dir='ltr'>aderant3</span> <span class='ocrx_word' id='word_1_592' title='bbox 1624 1610 1787 1646; x_wconf 87' lang='lat' dir='ltr'>quorum</span> <span class='ocrx_word' id='word_1_593' title='bbox 1815 1600 1925 1634; x_wconf 70' lang='lat' dir='ltr'>ctiam</span> <span class='ocrx_word' id='word_1_594' title='bbox 1944 1596 2100 1632; x_wconf 79' lang='lat' dir='ltr'>nomina</span> <span class='ocrx_word' id='word_1_595' title='bbox 2119 1595 2256 1633; x_wconf 87' lang='lat' dir='ltr'>libellis</span> <span class='ocrx_word' id='word_1_596' title='bbox 2276 1596 2440 1633; x_wconf 84' lang='lat' dir='ltr'>adscribi</span> 
     </span>
     <span class='ocr_line' id='line_1_80' title="bbox 1422 1653 2440 1707; baseline -0.001 -14"><span class='ocrx_word' id='word_1_597' title='bbox 1422 1658 1537 1694; x_wconf 82' lang='lat' dir='ltr'>moris</span> <span class='ocrx_word' id='word_1_598' title='bbox 1566 1666 1658 1693; x_wconf 82' lang='lat' dir='ltr'>erat.</span> <span class='ocrx_word' id='word_1_599' title='bbox 1693 1656 1830 1694; x_wconf 78' lang='lat' dir='ltr'>Pollux</span> <span class='ocrx_word' id='word_1_600' title='bbox 1851 1657 1895 1703; x_wconf 89' lang='lat'>8,</span> <span class='ocrx_word' id='word_1_601' title='bbox 1919 1661 1995 1704; x_wconf 76' lang='lat'>49:</span> <span class='ocrx_word' id='word_1_602' title='bbox 2020 1654 2088 1693; x_wconf 85' lang='grc' dir='ltr'>ἔδει</span> <span class='ocrx_word' id='word_1_603' title='bbox 2117 1655 2152 1694; x_wconf 84' lang='grc' dir='ltr'>δὲ</span> <span class='ocrx_word' id='word_1_604' title='bbox 2184 1653 2242 1691; x_wconf 85' lang='grc' dir='ltr'>καὶ</span> <span class='ocrx_word' id='word_1_605' title='bbox 2266 1656 2440 1707; x_wconf 70' lang='grc' dir='ltr'>κλητῆρας</span> 
     </span>
     <span class='ocr_line' id='line_1_81' title="bbox 1420 1711 2440 1769; baseline -0.001 -17"><span class='ocrx_word' id='word_1_606' title='bbox 1420 1714 1761 1769; x_wconf 80' lang='grc' dir='ltr'>προσεπιγράφεσθαι</span> <span class='ocrx_word' id='word_1_607' title='bbox 1793 1713 1851 1751; x_wconf 78' lang='grc' dir='ltr'>τὸν</span> <span class='ocrx_word' id='word_1_608' title='bbox 1878 1713 2060 1766; x_wconf 75' lang='grc' dir='ltr'>φαίνοντα,</span> <span class='ocrx_word' id='word_1_609' title='bbox 2095 1711 2129 1750; x_wconf 77' lang='grc' dir='ltr'>οἵ</span> <span class='ocrx_word' id='word_1_610' title='bbox 2154 1714 2221 1751; x_wconf 80' lang='grc' dir='ltr'>εἰσι</span> <span class='ocrx_word' id='word_1_611' title='bbox 2250 1713 2440 1765; x_wconf 88' lang='grc' dir='ltr'>μάρτυρες·</span> 
     </span>
     <span class='ocr_line' id='line_1_82' title="bbox 1421 1772 2441 1824; baseline -0.002 -12"><span class='ocrx_word' id='word_1_612' title='bbox 1421 1789 1504 1824; x_wconf 84' lang='lat' dir='ltr'>quae</span> <span class='ocrx_word' id='word_1_613' title='bbox 1519 1775 1631 1811; x_wconf 88' lang='lat' dir='ltr'>lectio</span> <span class='ocrx_word' id='word_1_614' title='bbox 1649 1773 1725 1810; x_wconf 82' lang='lat' dir='ltr'>Pal.</span> <span class='ocrx_word' id='word_1_615' title='bbox 1740 1773 1880 1810; x_wconf 84' lang='lat' dir='ltr'>codicis</span> <span class='ocrx_word' id='word_1_616' title='bbox 1896 1773 2051 1810; x_wconf 85' lang='lat' dir='ltr'>omnino</span> <span class='ocrx_word' id='word_1_617' title='bbox 2069 1780 2124 1809; x_wconf 88' lang='lat' dir='ltr'>est</span> <span class='ocrx_word' id='word_1_618' title='bbox 2141 1772 2441 1822; x_wconf 83' lang='lat' dir='ltr'>amplectenda.»</span> 
     </span>
     <span class='ocr_line' id='line_1_83' title="bbox 1421 1830 2440 1884; baseline -0.001 -14"><span class='ocrx_word' id='word_1_619' title='bbox 1421 1835 1564 1871; x_wconf 67' lang='lat' dir='ltr'>HssMsT.</span> <span class='ocrx_word' id='word_1_620' title='bbox 1588 1861 1628 1866; x_wconf 75' lang='lat'><em>-</em></span> <span class='ocrx_word' id='word_1_621' title='bbox 1655 1846 1701 1881; x_wconf 87' lang='lat'>19</span> <span class='ocrx_word' id='word_1_622' title='bbox 1719 1830 1860 1869; x_wconf 81' lang='grc' dir='ltr'>’Έοικεν</span> <span class='ocrx_word' id='word_1_623' title='bbox 1894 1830 1946 1868; x_wconf 79' lang='grc' dir='ltr'>ὅτι</span> <span class='ocrx_word' id='word_1_624' title='bbox 1970 1852 2011 1856; x_wconf 86' lang='lat'>—</span> <span class='ocrx_word' id='word_1_625' title='bbox 2038 1831 2130 1884; x_wconf 84' lang='grc' dir='ltr'>ἄγων</span> <span class='ocrx_word' id='word_1_626' title='bbox 2159 1834 2177 1868; x_wconf 85' lang='grc' dir='ltr'>ὁ</span> <span class='ocrx_word' id='word_1_627' title='bbox 2205 1831 2440 1884; x_wconf 79' lang='grc' dir='ltr'>συκοφάντης,</span> 
     </span>
     <span class='ocr_line' id='line_1_84' title="bbox 1419 1891 1587 1941; baseline -0.012 -13"><span class='ocrx_word' id='word_1_628' title='bbox 1419 1891 1475 1929; x_wconf 78' lang='grc' dir='ltr'>ἵνα</span> <span class='ocrx_word' id='word_1_629' title='bbox 1496 1895 1587 1941; x_wconf 84' lang='lat' dir='ltr'>Reg.</span> 
     </span>
    </p>

    <p class='ocr_par' dir='ltr' id='par_1_11' title="bbox 1420 1947 2444 2103">
     <span class='ocr_line' id='line_1_85' title="bbox 1473 1947 2440 1999; baseline 0.001 -14"><span class='ocrx_word' id='word_1_630' title='bbox 1473 1951 1561 1999; x_wconf 84' lang='lat'><strong>892,</strong></span> <span class='ocrx_word' id='word_1_631' title='bbox 1584 1962 1631 1985; x_wconf 85' lang='lat'>22</span> <span class='ocrx_word' id='word_1_632' title='bbox 1656 1947 1834 1999; x_wconf 80' lang='grc' dir='ltr'>σχισθείης</span> <span class='ocrx_word' id='word_1_633' title='bbox 1854 1948 1983 1985; x_wconf 86' lang='lat' dir='ltr'>elicuit</span> <span class='ocrx_word' id='word_1_634' title='bbox 2002 1951 2144 1985; x_wconf 85' lang='lat' dir='ltr'>Hemst.</span> <span class='ocrx_word' id='word_1_635' title='bbox 2160 1961 2205 1985; x_wconf 85' lang='lat' dir='ltr'>ex</span> <span class='ocrx_word' id='word_1_636' title='bbox 2220 1948 2440 1986; x_wconf 82' lang='lat' dir='ltr'>obscuriore</span> 
     </span>
     <span class='ocr_line' id='line_1_86' title="bbox 1420 2005 2444 2056; baseline -0.005 -11"><span class='ocrx_word' id='word_1_637' title='bbox 1420 2009 1616 2045; x_wconf 78' lang='lat' dir='ltr'>literarum</span> <span class='ocrx_word' id='word_1_638' title='bbox 1657 2007 1775 2043; x_wconf 83' lang='lat' dir='ltr'>ductu</span> <span class='ocrx_word' id='word_1_639' title='bbox 1808 2006 1848 2042; x_wconf 89' lang='lat' dir='ltr'>in</span> <span class='ocrx_word' id='word_1_640' title='bbox 1883 2006 2031 2049; x_wconf 83' lang='lat' dir='ltr'>codice3</span> <span class='ocrx_word' id='word_1_641' title='bbox 2073 2005 2308 2056; x_wconf 76' lang='grc' dir='ltr'>διασχισθείης</span> <span class='ocrx_word' id='word_1_642' title='bbox 2337 2005 2444 2044; x_wconf 81' lang='lat' dir='ltr'>malit</span> 
     </span>
     <span class='ocr_line' id='line_1_87' title="bbox 1420 2066 1653 2103; baseline -0.013 0"><span class='ocrx_word' id='word_1_643' title='bbox 1420 2066 1653 2103; x_wconf 83' lang='lat' dir='ltr'>Dindorfius.</span> 
     </span>
    </p>

    <p class='ocr_par' dir='ltr' id='par_1_12' title="bbox 1419 2120 2440 2231">
     <span class='ocr_line' id='line_1_88' title="bbox 1473 2120 2440 2174; baseline 0 -14"><span class='ocrx_word' id='word_1_644' title='bbox 1473 2125 1561 2171; x_wconf 87' lang='grc'>894,</span> <span class='ocrx_word' id='word_1_645' title='bbox 1583 2124 1629 2159; x_wconf 86' lang='grc'>25</span> <span class='ocrx_word' id='word_1_646' title='bbox 1648 2122 1855 2171; x_wconf 82' lang='grc' dir='ltr'>Τμημάτων</span> <span class='ocrx_word' id='word_1_647' title='bbox 1875 2123 1921 2159; x_wconf 89' lang='grc' dir='ltr'>Θ.</span> <span class='ocrx_word' id='word_1_648' title='bbox 1942 2120 2007 2174; x_wconf 85' lang='grc' dir='ltr'>γὰρ</span> <span class='ocrx_word' id='word_1_649' title='bbox 2024 2135 2099 2161; x_wconf 90' lang='lat' dir='ltr'>om.</span> <span class='ocrx_word' id='word_1_650' title='bbox 2119 2125 2236 2159; x_wconf 85' lang='lat' dir='ltr'>Dorv.</span> <span class='ocrx_word' id='word_1_651' title='bbox 2251 2124 2358 2169; x_wconf 1' lang='lat'>-726</span> <span class='ocrx_word' id='word_1_652' title='bbox 2372 2125 2440 2160; x_wconf 85' lang='grc' dir='ltr'>τῶν</span> 
     </span>
     <span class='ocr_line' id='line_1_89' title="bbox 1419 2180 1973 2231; baseline -0.002 -14"><span class='ocrx_word' id='word_1_653' title='bbox 1419 2194 1493 2217; x_wconf 87' lang='lat' dir='ltr'>om.</span> <span class='ocrx_word' id='word_1_654' title='bbox 1518 2182 1566 2218; x_wconf 95' lang='grc' dir='ltr'>Θ.</span> <span class='ocrx_word' id='word_1_655' title='bbox 1596 2180 1734 2231; x_wconf 82' lang='grc' dir='ltr'>λέγεται</span> <span class='ocrx_word' id='word_1_656' title='bbox 1759 2194 1832 2217; x_wconf 84' lang='lat' dir='ltr'>om.</span> <span class='ocrx_word' id='word_1_657' title='bbox 1857 2183 1973 2216; x_wconf 84' lang='lat' dir='ltr'>Dorv.</span> 
     </span>
    </p>

    <p class='ocr_par' dir='ltr' id='par_1_13' title="bbox 1414 2238 2439 2467">
     <span class='ocr_line' id='line_1_90' title="bbox 1472 2238 2439 2288; baseline 0.001 -13"><span class='ocrx_word' id='word_1_658' title='bbox 1472 2240 1558 2287; x_wconf 85' lang='lat'>895,</span> <span class='ocrx_word' id='word_1_659' title='bbox 1578 2239 1922 2277; x_wconf 77' lang='grc' dir='ltr'>0111.Ο.Θ.-.30</span> <span class='ocrx_word' id='word_1_660' title='bbox 1947 2251 2027 2288; x_wconf 90' lang='lat' dir='ltr'>sqq.</span> <span class='ocrx_word' id='word_1_661' title='bbox 2045 2238 2120 2274; x_wconf 89' lang='lat' dir='ltr'>hoc</span> <span class='ocrx_word' id='word_1_662' title='bbox 2150 2238 2283 2276; x_wconf 82' lang='lat' dir='ltr'>ordine</span> <span class='ocrx_word' id='word_1_663' title='bbox 2309 2243 2367 2284; x_wconf 72' lang='lat' dir='ltr'>R„</span> <span class='ocrx_word' id='word_1_664' title='bbox 2392 2241 2439 2283; x_wconf 84' lang='grc' dir='ltr'>ὡς</span> 
     </span>
     <span class='ocr_line' id='line_1_91' title="bbox 1415 2267 2438 2348; baseline 0.001 -15"><span class='ocrx_word' id='word_1_665' title='bbox 1415 2322 1456 2327; x_wconf 86' lang='grc'><strong>-</strong></span> <span class='ocrx_word' id='word_1_666' title='bbox 1470 2311 1566 2348; x_wconf 87' lang='grc' dir='ltr'>φησι</span> <span class='ocrx_word' id='word_1_667' title='bbox 1585 2296 1761 2348; x_wconf 75' lang='grc' dir='ltr'>επίρρηυια</span> <span class='ocrx_word' id='word_1_668' title='bbox 1781 2325 1822 2330; x_wconf 88' lang='grc'>.-</span> <span class='ocrx_word' id='word_1_669' title='bbox 1840 2295 1997 2347; x_wconf 80' lang='grc' dir='ltr'>λέγομεν.</span> <span class='ocrx_word' id='word_1_670' title='bbox 2024 2296 2150 2334; x_wconf 80' lang='lat' dir='ltr'>Habet</span> <span class='ocrx_word' id='word_1_671' title='bbox 2171 2297 2283 2333; x_wconf 83' lang='lat' dir='ltr'>etiam</span> <span class='ocrx_word' id='word_1_672' title='bbox 2305 2267 2438 2334; x_wconf 82' lang='lat' dir='ltr'>Suidas</span> 
     </span>
     <span class='ocr_line' id='line_1_92' title="bbox 1416 2349 2437 2409; baseline -0.001 -16"><span class='ocrx_word' id='word_1_673' title='bbox 1416 2371 1442 2393; x_wconf 92' lang='lat' dir='ltr'>s.</span> <span class='ocrx_word' id='word_1_674' title='bbox 1460 2349 1509 2394; x_wconf 57' lang='lat'>&#39;⁶⁹1</span> <span class='ocrx_word' id='word_1_675' title='bbox 1533 2360 1563 2393; x_wconf 80' lang='grc' dir='ltr'>ὑ.</span> <span class='ocrx_word' id='word_1_676' title='bbox 1584 2385 1624 2388; x_wconf 82' lang='grc'><strong>-</strong></span> <span class='ocrx_word' id='word_1_677' title='bbox 1642 2357 1686 2392; x_wconf 92' lang='grc'>31</span> <span class='ocrx_word' id='word_1_678' title='bbox 1711 2355 1873 2409; x_wconf 80' lang='grc' dir='ltr'>συνηθεία</span> <span class='ocrx_word' id='word_1_679' title='bbox 1892 2371 1927 2392; x_wconf 85' lang='grc' dir='ltr'>αι</span> <span class='ocrx_word' id='word_1_680' title='bbox 1947 2359 2008 2403; x_wconf 93' lang='lat' dir='ltr'>V.</span> <span class='ocrx_word' id='word_1_681' title='bbox 2037 2356 2103 2406; x_wconf 93' lang='lat' dir='ltr'>qui</span> <span class='ocrx_word' id='word_1_682' title='bbox 2124 2369 2197 2393; x_wconf 86' lang='lat' dir='ltr'>om.</span> <span class='ocrx_word' id='word_1_683' title='bbox 2223 2357 2268 2397; x_wconf 85' lang='grc' dir='ltr'>ὡς</span> <span class='ocrx_word' id='word_1_684' title='bbox 2284 2387 2327 2394; x_wconf 85' lang='grc'>.-</span> <span class='ocrx_word' id='word_1_685' title='bbox 2342 2371 2437 2408; x_wconf 88' lang='grc' dir='ltr'>φησι.</span> 
     </span>
     <span class='ocr_line' id='line_1_93' title="bbox 1414 2414 1660 2467; baseline -0.004 -16"><span class='ocrx_word' id='word_1_686' title='bbox 1414 2414 1436 2461; x_wconf 85' lang='grc' dir='ltr'>ἢ</span> <span class='ocrx_word' id='word_1_687' title='bbox 1458 2416 1556 2467; x_wconf 85' lang='grc' dir='ltr'>ὀσφρ.</span> <span class='ocrx_word' id='word_1_688' title='bbox 1574 2414 1660 2452; x_wconf 77' lang='grc' dir='ltr'>ΛΙά.</span> 
     </span>
    </p>

    <p class='ocr_par' dir='ltr' id='par_1_14' title="bbox 1410 2476 2434 2759">
     <span class='ocr_line' id='line_1_94' title="bbox 1468 2476 2434 2529; baseline 0.001 -14"><span class='ocrx_word' id='word_1_689' title='bbox 1468 2481 1558 2527; x_wconf 85' lang='grc'>896,</span> <span class='ocrx_word' id='word_1_690' title='bbox 1580 2480 1626 2521; x_wconf 90' lang='grc'>34</span> <span class='ocrx_word' id='word_1_691' title='bbox 1646 2477 1869 2529; x_wconf 79' lang='grc' dir='ltr'>ὀσφραίνεται</span> <span class='ocrx_word' id='word_1_692' title='bbox 1898 2478 1942 2515; x_wconf 90' lang='grc' dir='ltr'>Θ.</span> <span class='ocrx_word' id='word_1_693' title='bbox 1973 2476 2217 2528; x_wconf 85' lang='grc' dir='ltr'>ὀσφραίνονται</span> <span class='ocrx_word' id='word_1_694' title='bbox 2244 2478 2328 2514; x_wconf 90' lang='lat' dir='ltr'>Ald.</span> <span class='ocrx_word' id='word_1_695' title='bbox 2355 2481 2434 2516; x_wconf 86' lang='lat' dir='ltr'>Re-</span> 
     </span>
     <span class='ocr_line' id='line_1_95' title="bbox 1413 2529 2432 2586; baseline -0.001 -12"><span class='ocrx_word' id='word_1_696' title='bbox 1413 2537 1497 2585; x_wconf 88' lang='lat' dir='ltr'>gius</span> <span class='ocrx_word' id='word_1_697' title='bbox 1523 2552 1529 2571; x_wconf 90' lang='lat'><strong>:</strong></span> <span class='ocrx_word' id='word_1_698' title='bbox 1556 2535 1814 2586; x_wconf 86' lang='grc' dir='ltr'>Ὀσφραίνομαι</span> <span class='ocrx_word' id='word_1_699' title='bbox 1834 2533 1874 2573; x_wconf 85' lang='grc' dir='ltr'>τὸ</span> <span class='ocrx_word' id='word_1_700' title='bbox 1901 2535 2022 2576; x_wconf 80' lang='grc' dir='ltr'>κοινῶς</span> <span class='ocrx_word' id='word_1_701' title='bbox 2041 2536 2226 2583; x_wconf 85' lang='grc' dir='ltr'>ὀσμῶμαι·</span> <span class='ocrx_word' id='word_1_702' title='bbox 2257 2533 2291 2578; x_wconf 81' lang='grc' dir='ltr'>ἐξ</span> <span class='ocrx_word' id='word_1_703' title='bbox 2311 2529 2349 2572; x_wconf 71' lang='grc' dir='ltr'>οῧ</span> <span class='ocrx_word' id='word_1_704' title='bbox 2376 2536 2432 2573; x_wconf 83' lang='grc' dir='ltr'>καὶ</span> 
     </span>
     <span class='ocr_line' id='line_1_96' title="bbox 1413 2591 2432 2644; baseline 0.001 -15"><span class='ocrx_word' id='word_1_705' title='bbox 1413 2594 1599 2644; x_wconf 76' lang='grc' dir='ltr'>ὄσφρησις·</span> <span class='ocrx_word' id='word_1_706' title='bbox 1633 2593 1650 2633; x_wconf 80' lang='grc' dir='ltr'><em>ὃ</em></span> <span class='ocrx_word' id='word_1_707' title='bbox 1670 2592 1808 2641; x_wconf 83' lang='grc' dir='ltr'>λέγεται</span> <span class='ocrx_word' id='word_1_708' title='bbox 1825 2591 1883 2628; x_wconf 83' lang='grc' dir='ltr'>καὶ</span> <span class='ocrx_word' id='word_1_709' title='bbox 1913 2591 1970 2628; x_wconf 76' lang='grc' dir='ltr'>ἐπὶ</span> <span class='ocrx_word' id='word_1_710' title='bbox 1995 2594 2055 2628; x_wconf 77' lang='grc' dir='ltr'>τοῦ</span> <span class='ocrx_word' id='word_1_711' title='bbox 2075 2593 2267 2644; x_wconf 72' lang='grc' dir='ltr'>ὀσφραντοῧ</span> <span class='ocrx_word' id='word_1_712' title='bbox 2295 2592 2355 2629; x_wconf 85' lang='grc' dir='ltr'>καὶ</span> <span class='ocrx_word' id='word_1_713' title='bbox 2377 2593 2432 2630; x_wconf 81' lang='grc' dir='ltr'>ἐπὶ</span> 
     </span>
     <span class='ocr_line' id='line_1_97' title="bbox 1411 2647 2433 2702; baseline -0.001 -15"><span class='ocrx_word' id='word_1_714' title='bbox 1411 2654 1470 2688; x_wconf 71' lang='grc' dir='ltr'>τοῦ</span> <span class='ocrx_word' id='word_1_715' title='bbox 1483 2649 1766 2702; x_wconf 82' lang='grc' dir='ltr'>ὀσφραινομένου.</span> <span class='ocrx_word' id='word_1_716' title='bbox 1785 2647 2028 2699; x_wconf 79' lang='grc' dir='ltr'>Ἀττικώτερον</span> <span class='ocrx_word' id='word_1_717' title='bbox 2046 2647 2083 2685; x_wconf 84' lang='grc' dir='ltr'>δέ</span> <span class='ocrx_word' id='word_1_718' title='bbox 2100 2649 2173 2686; x_wconf 84' lang='grc' dir='ltr'>ἐστι</span> <span class='ocrx_word' id='word_1_719' title='bbox 2192 2647 2230 2685; x_wconf 84' lang='grc' dir='ltr'>τὸ</span> <span class='ocrx_word' id='word_1_720' title='bbox 2241 2650 2433 2701; x_wconf 78' lang='grc' dir='ltr'>ὁσφρᾶσθαι</span> 
     </span>
     <span class='ocr_line' id='line_1_98' title="bbox 1410 2706 1769 2759; baseline -0.003 -15"><span class='ocrx_word' id='word_1_721' title='bbox 1410 2707 1430 2753; x_wconf 81' lang='grc' dir='ltr'>ἢ</span> <span class='ocrx_word' id='word_1_722' title='bbox 1452 2706 1490 2744; x_wconf 69' lang='grc' dir='ltr'>τὸ</span> <span class='ocrx_word' id='word_1_723' title='bbox 1515 2708 1769 2759; x_wconf 81' lang='grc' dir='ltr'>ὀσφραίνεσθαι.</span> 
     </span>
    </p>

    <p class='ocr_par' dir='ltr' id='par_1_15' title="bbox 1463 2769 1925 2818">
     <span class='ocr_line' id='line_1_99' title="bbox 1463 2769 1925 2818; baseline -0.002 -12"><span class='ocrx_word' id='word_1_724' title='bbox 1463 2772 1552 2818; x_wconf 79' lang='grc'>899,</span> <span class='ocrx_word' id='word_1_725' title='bbox 1577 2772 1623 2813; x_wconf 83' lang='grc'>43</span> <span class='ocrx_word' id='word_1_726' title='bbox 1648 2769 1724 2806; x_wconf 80' lang='grc' dir='ltr'>λίαν</span> <span class='ocrx_word' id='word_1_727' title='bbox 1747 2769 1861 2806; x_wconf 75' lang='lat' dir='ltr'>habet</span> <span class='ocrx_word' id='word_1_728' title='bbox 1880 2770 1925 2807; x_wconf 90' lang='grc' dir='ltr'>Θ.</span> 
     </span>
    </p>

    <p class='ocr_par' dir='ltr' id='par_1_16' title="bbox 1408 2827 2428 2996">
     <span class='ocr_line' id='line_1_100' title="bbox 1461 2827 2426 2881; baseline 0 -16"><span class='ocrx_word' id='word_1_729' title='bbox 1461 2842 1536 2877; x_wconf 89' lang='grc'>900</span> <span class='ocrx_word' id='word_1_730' title='bbox 1558 2828 1736 2880; x_wconf 85' lang='grc' dir='ltr'>φιλόπολις</span> <span class='ocrx_word' id='word_1_731' title='bbox 1758 2828 1868 2865; x_wconf 82' lang='grc' dir='ltr'>κοινὸν</span> <span class='ocrx_word' id='word_1_732' title='bbox 1882 2858 1891 2874; x_wconf 93' lang='grc'>,</span> <span class='ocrx_word' id='word_1_733' title='bbox 1913 2827 2116 2881; x_wconf 78' lang='grc' dir='ltr'>φιλόπατρις</span> <span class='ocrx_word' id='word_1_734' title='bbox 2136 2827 2288 2866; x_wconf 82' lang='grc' dir='ltr'>Ἀττικόν</span> <span class='ocrx_word' id='word_1_735' title='bbox 2311 2833 2356 2866; x_wconf 91' lang='lat' dir='ltr'>V.</span> <span class='ocrx_word' id='word_1_736' title='bbox 2381 2831 2426 2868; x_wconf 89' lang='grc' dir='ltr'>Θ.</span> 
     </span>
     <span class='ocr_line' id='line_1_101' title="bbox 1408 2885 2427 2938; baseline 0.001 -15"><span class='ocrx_word' id='word_1_737' title='bbox 1408 2887 1577 2936; x_wconf 78' lang='lat' dir='ltr'>Repetiit</span> <span class='ocrx_word' id='word_1_738' title='bbox 1597 2887 1732 2924; x_wconf 81' lang='lat' dir='ltr'>Suidas</span> <span class='ocrx_word' id='word_1_739' title='bbox 1753 2900 1779 2923; x_wconf 86' lang='lat' dir='ltr'>s.</span> <span class='ocrx_word' id='word_1_740' title='bbox 1799 2885 2027 2938; x_wconf 81' lang='grc' dir='ltr'>ψιλόπατρις.</span> <span class='ocrx_word' id='word_1_741' title='bbox 2051 2887 2125 2925; x_wconf 83' lang='lat' dir='ltr'>Sed</span> <span class='ocrx_word' id='word_1_742' title='bbox 2148 2887 2427 2938; x_wconf 78' lang='lat' dir='ltr'>transponenda</span> 
     </span>
     <span class='ocr_line' id='line_1_102' title="bbox 1408 2943 2428 2996; baseline 0.002 -17"><span class='ocrx_word' id='word_1_743' title='bbox 1408 2944 1595 2990; x_wconf 85' lang='lat' dir='ltr'>videntur,</span> <span class='ocrx_word' id='word_1_744' title='bbox 1617 2943 1820 2996; x_wconf 77' lang='grc' dir='ltr'>φιλόπατρις</span> <span class='ocrx_word' id='word_1_745' title='bbox 1840 2943 1952 2981; x_wconf 80' lang='grc' dir='ltr'>κοινὸν</span> <span class='ocrx_word' id='word_1_746' title='bbox 1965 2974 1974 2991; x_wconf 92' lang='grc'>,</span> <span class='ocrx_word' id='word_1_747' title='bbox 1997 2943 2286 2995; x_wconf 79' lang='grc' dir='ltr'>φιλόπολιςἍττ.</span> <span class='ocrx_word' id='word_1_748' title='bbox 2306 2949 2428 2983; x_wconf 75' lang='lat' dir='ltr'>Dum.</span> 
     </span>
    </p>

    <p class='ocr_par' dir='ltr' id='par_1_17' title="bbox 1401 3002 2423 3288">
     <span class='ocr_line' id='line_1_103' title="bbox 1459 3002 2423 3054; baseline 0.003 -16"><span class='ocrx_word' id='word_1_749' title='bbox 1459 3005 1533 3051; x_wconf 85' lang='lat'>903</span> <span class='ocrx_word' id='word_1_750' title='bbox 1564 3003 1616 3039; x_wconf 82' lang='lat' dir='ltr'>sic</span> <span class='ocrx_word' id='word_1_751' title='bbox 1647 3003 1685 3038; x_wconf 85' lang='lat' dir='ltr'>iu</span> <span class='ocrx_word' id='word_1_752' title='bbox 1707 3004 1772 3049; x_wconf 89' lang='grc' dir='ltr'>Θ.,</span> <span class='ocrx_word' id='word_1_753' title='bbox 1805 3002 1922 3048; x_wconf 80' lang='grc' dir='ltr'>ἐπειδὴ</span> <span class='ocrx_word' id='word_1_754' title='bbox 1958 3005 1989 3039; x_wconf 82' lang='grc' dir='ltr'>οἱ</span> <span class='ocrx_word' id='word_1_755' title='bbox 2014 3003 2308 3054; x_wconf 78' lang='grc' dir='ltr'>μελαγχολοῧντες</span> <span class='ocrx_word' id='word_1_756' title='bbox 2338 3013 2423 3054; x_wconf 85' lang='lat' dir='ltr'>(scr.</span> 
     </span>
     <span class='ocr_line' id='line_1_104' title="bbox 1403 3060 2423 3113; baseline 0.002 -16"><span class='ocrx_word' id='word_1_757' title='bbox 1403 3061 1561 3102; x_wconf 61' lang='lat' dir='ltr'>-G&#39;Jva-sql</span> <span class='ocrx_word' id='word_1_758' title='bbox 1595 3062 1628 3097; x_wconf 80' lang='grc' dir='ltr'>ἐν</span> <span class='ocrx_word' id='word_1_759' title='bbox 1651 3060 1778 3112; x_wconf 79' lang='grc' dir='ltr'>ἠρεμίᾳ</span> <span class='ocrx_word' id='word_1_760' title='bbox 1809 3065 1896 3110; x_wconf 78' lang='lat' dir='ltr'>(scr.</span> <span class='ocrx_word' id='word_1_761' title='bbox 1931 3061 2074 3113; x_wconf 76' lang='grc' dir='ltr'>ἐρημίᾳ)</span> <span class='ocrx_word' id='word_1_762' title='bbox 2101 3061 2274 3113; x_wconf 85' lang='grc' dir='ltr'>φεύγουσι.</span> <span class='ocrx_word' id='word_1_763' title='bbox 2306 3061 2364 3099; x_wconf 75' lang='grc' dir='ltr'>καὶ</span> <span class='ocrx_word' id='word_1_764' title='bbox 2393 3063 2423 3099; x_wconf 79' lang='grc' dir='ltr'>οἵ</span> 
     </span>
     <span class='ocr_line' id='line_1_105' title="bbox 1402 3119 2421 3172; baseline 0.002 -16"><span class='ocrx_word' id='word_1_765' title='bbox 1402 3120 1548 3171; x_wconf 81' lang='grc' dir='ltr'>γεωργοὶ</span> <span class='ocrx_word' id='word_1_766' title='bbox 1566 3119 1601 3156; x_wconf 83' lang='grc' dir='ltr'>δὲ</span> <span class='ocrx_word' id='word_1_767' title='bbox 1621 3119 1747 3170; x_wconf 76' lang='grc' dir='ltr'>ὁμοίιος</span> <span class='ocrx_word' id='word_1_768' title='bbox 1763 3120 1795 3156; x_wconf 80' lang='grc' dir='ltr'>ἐν</span> <span class='ocrx_word' id='word_1_769' title='bbox 1814 3120 1955 3172; x_wconf 74' lang='grc' dir='ltr'>ἐρήμοις</span> <span class='ocrx_word' id='word_1_770' title='bbox 1974 3120 2161 3170; x_wconf 87' lang='grc' dir='ltr'>διάγουσιν.</span> <span class='ocrx_word' id='word_1_771' title='bbox 2176 3145 2218 3152; x_wconf 89' lang='lat'>—-</span> <span class='ocrx_word' id='word_1_772' title='bbox 2233 3134 2253 3157; x_wconf 85' lang='lat'><strong>2</strong></span> <span class='ocrx_word' id='word_1_773' title='bbox 2271 3119 2421 3172; x_wconf 81' lang='grc' dir='ltr'>ἐρήμοις,</span> 
     </span>
     <span class='ocr_line' id='line_1_106' title="bbox 1405 3177 2420 3227; baseline 0.002 -13"><span class='ocrx_word' id='word_1_774' title='bbox 1405 3180 1424 3214; x_wconf 88' lang='grc'>3</span> <span class='ocrx_word' id='word_1_775' title='bbox 1446 3177 1630 3227; x_wconf 83' lang='grc' dir='ltr'>γινομένην</span> <span class='ocrx_word' id='word_1_776' title='bbox 1655 3181 1747 3227; x_wconf 83' lang='lat' dir='ltr'>Reg.</span> <span class='ocrx_word' id='word_1_777' title='bbox 1765 3203 1804 3208; x_wconf 91' lang='lat'><em>-</em></span> <span class='ocrx_word' id='word_1_778' title='bbox 1823 3178 1844 3213; x_wconf 84' lang='lat'><strong><em>5</em></strong></span> <span class='ocrx_word' id='word_1_779' title='bbox 1866 3177 2049 3227; x_wconf 90' lang='grc' dir='ltr'>μαίνεσθαι</span> <span class='ocrx_word' id='word_1_780' title='bbox 2071 3192 2146 3215; x_wconf 89' lang='lat' dir='ltr'>om.</span> <span class='ocrx_word' id='word_1_781' title='bbox 2167 3179 2213 3216; x_wconf 84' lang='grc' dir='ltr'>Θ.</span> <span class='ocrx_word' id='word_1_782' title='bbox 2230 3203 2271 3210; x_wconf 89' lang='grc'>-</span> <span class='ocrx_word' id='word_1_783' title='bbox 2291 3181 2313 3215; x_wconf 89' lang='grc'>6</span> <span class='ocrx_word' id='word_1_784' title='bbox 2330 3181 2420 3216; x_wconf 85' lang='grc' dir='ltr'>ἀπο-</span> 
     </span>
     <span class='ocr_line' id='line_1_107' title="bbox 1401 3235 1675 3288; baseline -0.004 -15"><span class='ocrx_word' id='word_1_785' title='bbox 1401 3235 1538 3288; x_wconf 81' lang='grc' dir='ltr'>τρύχειν</span> <span class='ocrx_word' id='word_1_786' title='bbox 1558 3237 1675 3272; x_wconf 73' lang='lat' dir='ltr'>Paris.</span> 
     </span>
    </p>

    <p class='ocr_par' dir='ltr' id='par_1_18' title="bbox 1398 3299 2417 3410">
     <span class='ocr_line' id='line_1_108' title="bbox 1453 3299 2417 3352; baseline 0.002 -16"><span class='ocrx_word' id='word_1_787' title='bbox 1453 3307 1542 3350; x_wconf 79' lang='grc'>904,</span> <span class='ocrx_word' id='word_1_788' title='bbox 1562 3300 1662 3337; x_wconf 79' lang='lat'>8-15</span> <span class='ocrx_word' id='word_1_789' title='bbox 1694 3301 1745 3337; x_wconf 77' lang='lat' dir='ltr'>sic</span> <span class='ocrx_word' id='word_1_790' title='bbox 1766 3301 1803 3336; x_wconf 88' lang='lat' dir='ltr'>in</span> <span class='ocrx_word' id='word_1_791' title='bbox 1826 3305 1866 3336; x_wconf 81' lang='lat' dir='ltr'>R.</span> <span class='ocrx_word' id='word_1_792' title='bbox 1888 3305 1931 3336; x_wconf 84' lang='lat' dir='ltr'>V.</span> <span class='ocrx_word' id='word_1_793' title='bbox 1960 3302 2018 3345; x_wconf 91' lang='grc' dir='ltr'>Θ.,</span> <span class='ocrx_word' id='word_1_794' title='bbox 2046 3299 2234 3352; x_wconf 83' lang='grc' dir='ltr'>Εὐφρόνιος</span> <span class='ocrx_word' id='word_1_795' title='bbox 2248 3301 2351 3352; x_wconf 79' lang='grc' dir='ltr'>φησὶν</span> <span class='ocrx_word' id='word_1_796' title='bbox 2373 3304 2417 3344; x_wconf 85' lang='grc' dir='ltr'>ὡς</span> 
     </span>
     <span class='ocr_line' id='line_1_109' title="bbox 1398 3357 2412 3410; baseline 0.002 -15"><span class='ocrx_word' id='word_1_797' title='bbox 1398 3361 1465 3395; x_wconf 71' lang='grc' dir='ltr'>τῶν</span> <span class='ocrx_word' id='word_1_798' title='bbox 1486 3358 1645 3409; x_wconf 68' lang='grc' dir='ltr'>ἐμπόρων</span> <span class='ocrx_word' id='word_1_799' title='bbox 1668 3357 1716 3407; x_wconf 77' lang='grc' dir='ltr'>μὴ</span> <span class='ocrx_word' id='word_1_800' title='bbox 1738 3357 1894 3401; x_wconf 78' lang='grc' dir='ltr'>ἐξιόντων</span> <span class='ocrx_word' id='word_1_801' title='bbox 1913 3358 1968 3395; x_wconf 76' lang='grc' dir='ltr'>ἐπὶ</span> <span class='ocrx_word' id='word_1_802' title='bbox 1989 3359 2048 3401; x_wconf 87' lang='grc' dir='ltr'>τὰς</span> <span class='ocrx_word' id='word_1_803' title='bbox 2067 3360 2249 3410; x_wconf 78' lang='grc' dir='ltr'>στρατείας</span> <span class='ocrx_word' id='word_1_804' title='bbox 2266 3358 2329 3407; x_wconf 87' lang='grc' dir='ltr'>(εἷς</span> <span class='ocrx_word' id='word_1_805' title='bbox 2357 3359 2412 3402; x_wconf 81' lang='grc' dir='ltr'>τὰς</span> 
     </span>
    </p>
   </div>
  </div>
 </body>
</html>
