2533 3808
223 177 294 208 22ss

219 255 279 290 οὐκ
297 250 386 290 ἰδίως
401 264 447 289 τις
462 247 549 298 ὅρνις
569 242 747 294 Περσικός.
771 241 855 283 τινὲς
873 239 908 276 δὲ
938 240 993 276 τὸν
1020 236 1243 288 ἀλεκτρυόνα.
1275 253 1278 264 ·

218 308 296 347 οἶδὲ
311 322 366 344 τον
381 308 464 342 ταῶ.
468 304 486 355 ]]

1002 155 1253 194 SCHOLIA
1292 154 1352 191 'IN
1387 153 1547 190 AVES.

1359 251 1421 276 733.
1450 238 1542 288 γάλα
1561 238 1589 275 τ’
1605 238 1744 290 ὀρνίθων
1764 240 1901 277 :Tot-co
1924 239 1962 275 ἐκ
1986 238 2172 290 παροιμίας
2193 239 2250 276 ἐπι
2270 242 2337 277 τῶν

1306 294 1383 332 λίαν
1397 295 1684 344 ευδαιμονούντων
1697 311 1756 332 και
1765 295 1879 333 πάντα
1893 295 2125 346 κεκτημένων.
2160 295 2337 355 (Ἄλλως.

269 379 330 404 709.
359 365 479 414 πρῶτα
498 359 559 411 μὲν
579 357 699 410 ὥραςὶ
722 355 827 407 Παρὰ
844 354 887 391 τὰ
907 352 1068 391 ἹΙσιόδου
1086 357 1160 399 [Op.
1178 355 1279 427 446]
1276 360 1279 385 !
1307 356 1406 388 τοῦτο
1426 351 1483 388 ἐπι
1501 355 1568 389 τῶν
1586 352 1739 389 σπανίων
1755 352 1907 390 ἔταττον.
1926 352 1970 390 τὰ
1994 353 2124 390 σπάνια
2143 356 2213 400 οὖν,
2236 354 2340 406 φησὶ,

357 457 531 500 ράζεσθαιδ’
542 456 603 487 εὖτ’
615 456 652 486 ἂν
662 453 789 495 γεράνου
802 453 902 492 φωνὴν
917 449 1091 490 ἐπακούσῃς

336 472 464 550 ἶὺψὸθεν
477 505 512 536 ἐκ
524 504 636 543 νεφέων
650 501 789 532 ἐνιαύσια
803 494 1029 556 κεκληγυίης,]

335 556 354 591 ἦ
365 555 390 585 τ’
408 550 529 592 ἀρότοιό
542 560 575 580 τε
590 552 676 588 σῆμα
689 548 767 588 φέρει
783 547 836 577 καὶ
849 545 996 587 χείματος
1009 546 1101 585 ὥρην.

265 648 328 674 711.
358 632 417 672 καὶ
430 631 598 678 πηδάλιον
617 629 694 666 τότε
713 641 721 666 :
741 626 814 666 Καὶ
829 628 928 664 τοῦτο
947 624 1045 676 παρὰ
1064 622 1103 660 τὸ
1125 620 1247 659 Ἡσιό-

216 696 302 731 δειον
320 693 376 743 [ib.
393 695 441 737 45]

334 783 445 815 αὐτίκα
457 781 603 819 πηδάλιον
626 779 679 819 μὲν
691 778 767 818 ὑπὲρ
779 779 898 808 καπνοῦ
914 775 1068 806 καταθεῖο.

162 874 192 898 10
211 866 270 905 καὶ
291 871 346 912 [ib.
359 869 424 910 627]

332 958 478 995 πηδάλιον
493 957 518 987 δ’
537 954 653 995 εὐεργὲς
668 953 743 993 ὑπὲρ
756 953 875 982 καπνοῦ
888 948 1111 990 κρεμάσασθαι.

263 1060 327 1084 712.
358 1049 430 1082 εἶτα
452 1043 479 1080 δ’
496 1040 676 1093 Ὀρέστη.
668 1053 677 1061 ·
705 1037 874 1090 Ὀρέστης
891 1034 1017 1086 μανίαν
1033 1030 1246 1085 προσποιού-

220 1120 318 1155 μενος
334 1105 368 1140 ἐν
385 1118 433 1154 τῳ
452 1100 566 1138 σκότει
585 1114 662 1141 τους
686 1095 883 1148 ἀνθρώπους
903 1092 1027 1130 ἀπέδυ
1017 1108 1060 1130 ν.

264 1176 328 1201 713.
358 1161 482 1202 ικτινος
508 1161 550 1195 αὐ
579 1155 667 1207 μετὰ
689 1170 798 1193 ταυτα
830 1167 839 1192 :
867 1153 929 1191 Ἐν
962 1149 1107 1189 Ελλάδι
1135 1148 1244 1200 καιρῷ

162 1232 192 1255 ¹5
212 1221 310 1273 ἔαρος
333 1218 489 1272 φαίνεται
506 1216 653 1262 ικτινος,
678 1229 734 1251 οτε
758 1209 958 1263 κουρεύεται
976 1207 1020 1246 τὰ
1047 1206 1244 1259 θρέμματα.

211 1279 360 1317 πέκειν
343 1277 426 1323 οὲ,
416 1274 589 1319 ποκάζειν.

263 1351 326 1376 715.
355 1334 543 1386 λῃδάριον;
557 1327 789 1382 Θερίστριον*
770 1345 792 1373 η
804 1325 959 1368 εὐτελὲςε
951 1323 1087 1375 ιμάτιον
1103 1320 1243 1374 θερινόν.

218 1394 411 1445 σημείωσαι
434 1391 469 1430 δὲ
488 1390 540 1429 ὅτι
559 1391 592 1427 ἐν
613 1388 763 1438 συστολῇ
780 1385 818 1423 τὸ
835 1383 1014 1436 πρίασθαι.

263 1466 326 1491 717.
358 1449 508 1491 ἐλθόντες
520 1446 587 1499 γὰρ
602 1457 763 1498 πρωτονῖ
780 1437 1142 1490 Μαντευσάμενοιγαρ
1153 1453 1245 1489 πρω-

131 1529 134 1533 ·
157 1525 191 1549 20
210 1527 264 1549 τον
287 1512 326 1548 ἐκ
342 1525 409 1547 των
428 1505 682 1559 ὀρνεομάντεων
699 1502 805 1542 οὕτως
830 1499 886 1537 ἔπι
911 1497 956 1537 τὰ
981 1498 1064 1550 ἔργα
1086 1501 1244 1548 χωρεῖτε.

262 1583 325 1608 719.
355 1567 445 1618 ὄρνιν
461 1579 498 1602 τε
508 1561 690 1613 νομίζετε,
682 1575 689 1583 ·
711 1559 836 1599 Πάντα
855 1558 922 1610 γὰρ
945 1555 1083 1600 οἷωνους
1098 1556 1244 1593 καλουσι

210 1644 268 1665 και
288 1626 331 1664 τὰ
353 1624 401 1675 μὴ
418 1623 531 1675 ὄρνεα.

262 1698 323 1725 721.
354 1681 540 1734 (σύμὸολον
571 1678 699 1731 ὄρνιν
729 1675 802 1714 Και
826 1673 892 1727 γὰρ
913 1689 1022 1711 ταυτα
1051 1671 1245 1723 συμὸόλους

210 1743 343 1782 ἐποίουν
368 1740 411 1779 τὰ
430 1741 552 1793 πρῶτα
584 1737 803 1775 συναντῶντα
823 1749 882 1770 και
899 1732 933 1777 ἐξ
961 1730 1186 1777 ἀπαντήσεως
1211 1746 1245 1768 τι

157 1814 190 1837 2»
209 1799 505 1854 προσημαίνοντα.
535 1810 646 1834 ταυτα
673 1792 705 1831 δὲ
732 1792 847 1830 πάντα
871 1790 1049 1841 Δημήτερι
1072 1789 1243 1836 ἀνέκειτο,

210 1862 255 1905 ι“’1ς
271 1875 355 1912 φησι
374 1854 595 1908 Φιλόχορος.)

262 1915 441 1970 θεράποντ’
457 1914 573 1966 ὄρνινε
592 1906 871 1950 Ἔπειπολλάκις
885 1906 1054 1954 εἷώθαμέν
1070 1922 1163 1949 τινας
1177 1907 1244 1943 τῶν

211 1974 426 2028 θεραπόντων
447 1969 640 2011 καλόποδας
657 1966 768 2017 λέγειν
784 1981 843 2003 και
858 1964 1129 2008 καλοιωνίστους.

262 2034 337 2072 ὄνον
356 2033 446 2085 ὄρνιν
470 2044 477 2069 :
500 2027 648 2078 Λέγεται
663 2025 730 2077 γάρ
746 2039 779 2061 τι
792 2037 956 2069 τοιουτον,
973 2026 1018 2066 ὡς
1038 2023 1246 2073 συμὸολικὸς

158 2101 192 2126 30
212 2091 428 2146 ἐρωτώμενος
456 2103 535 2140 περι
564 2084 762 2138 ἀρρώστου,
783 2076 869 2119 εἶδεν
900 2081 973 2119 ὄνον
1000 2083 1038 2120 ἐκ
1060 2082 1247 2133 πτώματος

217 2151 431 2198 ἀναστάντα,
464 2145 592 2192 ἀκήκοε
628 2141 663 2181 δὲ
692 2141 805 2194 ἑτέρου
834 2140 1009 2191 λέγοντος,
1039 2140 1145 2192 βλέπε
1174 2158 1247 2184 πως

210 2211 282 2254 ὄνος
299 2226 345 2247 ι1ν
364 2207 504 2251 ἀνέστη
527 2207 544 2242 ὃ
565 2202 599 2240 δὲ
626 2201 711 2254 ἔφη’,
738 2203 755 2237 ὃ
783 2215 890 2238 νοσων
917 2198 1163 2245 ἀναστήσεται.
1186 2198 1246 2236 καὶ

211 2268 348 2315 ἀνέστη.

262 2342 324 2366 723.
356 2325 416 2378 [ἢν
432 2328 488 2362 οὐν
509 2336 516 2361 :
530 2321 576 2359 E
579 2323 691 2362 κθεσις
707 2334 765 2355 του
778 2320 911 2370 μακροῦ
929 2318 968 2354 ἐκ
981 2316 1132 2356 κι·’1λων“
1120 2317 1246 2368 ομοίι1ν

159 2399 191 2422 3)
211 2385 467 2424 ἀναπαιστικων
490 2381 545 2418 ιδ.
565 2382 612 2416 ὡν
631 2376 675 2415 τὰ
696 2374 757 2427 μὲν
777 2375 820 2413 ιδ’
842 2375 985 2428 δίμετρα
1006 2377 1246 2424 ἀκατάληκτα

212 2445 250 2482 τὸ
272 2444 312 2493 ιγ’
332 2445 564 2483 αναπαιστικη
585 2436 702 2488 βάσις,
725 2433 742 2471 ὃ
762 2450 821 2471 και
846 2434 1140 2487 παρατέλευτον
1125 2438 1248 2488 ονομά-

212 2506 317 2546 ζεται.
343 2516 380 2537 το
396 2499 590 2536 τελευταῖον
615 2491 856 2545 ἑφθημιμερές.
874 2492 928 2544 υφ’
946 2491 963 2529 ὃ
988 2493 1247 2547 παράγραφος]

211 2576 287 2602 τους
300 2559 444 2610 ὄρνιθας.
466 2559 505 2593 R.
850 2577 869 2590 ..,

264 2630 329 2656 724.
363 2614 524 2665 μάντεσι,
547 2609 733 2650 Μούσαις.
755 2607 866 2646 Ώστε
893 2610 1044 2658 χρῆσθαι
1072 2611 1155 2659 ἡμῖν
1189 2611 1247 2648 καὶ

160 2688 194 2713 40
213 2678 258 2718 εἷς
276 2672 443 2724 αουσικην
467 2686 525 2708 και
555 2685 599 2711 εις
621 2666 795 2717 μαντείαν.
816 2663 931 2702 πολλὰ
951 2664 1016 2717 γὰρ
1035 2669 1101 2704 τῶν
1122 2668 1246 2720 ὀρνέων

215 2731 376 2783 μουσικά.

264 2805 327 2829 725.
340 2790 576 2840 ταῗςτροπαῖς.
592 2793 628 2822 1³..
647 2792 686 2820 V.
702 2793 924 2833 -χειμωνιῑ
937 2779 1021 2817 Οτι
1032 2797 1247 2834 καιανευιους

212 2850 271 2888 καὶ
289 2864 425 2900 καιρους
443 2844 750 2898 προσημαίνουσιν.
769 2838 953 2892 [μετρίιχΠ
935 2838 970 2876 οὲ
994 2839 1140 2894 πνίγει,]]
1159 2858 1247 2893 συμ-

215 2908 329 2960 μέτρω
349 2904 516 2979 καύματι.
541 2902 636 2953 λέγει
653 2900 688 2938 δὲ
705 2899 744 2937 τὸ
761 2898 835 2951 ἔαρ.

266 2979 328 3003 728.
357 2963 474 3015 ωσπερ
494 2966 511 2999 ὃ
532 2959 643 3003 Ὶεύςε
663 2955 946 3010 Νεφεληγερέτης
967 2956 1045 3009 γάρ

266 3036 330 3062 731.
360 3019 601 3071 πλουθυγιείαν
628 3031 635 3056 :
654 3014 780 3066 ’Έμιξε
797 3012 842 3051 τὰ
864 3013 942 3061 δύο,
964 3014 1015 3052 διὸ
1037 3014 1190 3065 μάλιστα
1215 3020 1246 3055 οἱ

215 3081 386 3133 ἅνθρωποι
401 3075 779 3145 χαίρουσικαιδοκοῧσι
798 3072 855 3111 τὸν
872 3072 942 3124 βίον
960 3075 1246 3126 ἐπανορθοῦσθαι,

214 3141 253 3177 ἐκ
269 3138 390 3177 τούτου
410 3137 560 3189 ἔμφασιν
581 3131 828 3183 εὐδαιμονίας
814 3130 1006 3183 εμφαίνων

267 3209 329 3233 732.
360 3194 495 3245 γέλωτα
518 3208 526 3232 ;
547 3191 618 3231 Καὶ
633 3190 694 3233 τὰς
720 3189 827 3231 ἄλλας
846 3187 1026 3235 ἡδονὰς,
1008 3191 1050 3227 οι’
1068 3194 1115 3227 ων
1140 3191 1247 3241 γέλως

164 3268 196 3291 ιιυ
216 3254 289 3292 ἐστι
305 3269 364 3290 και
381 3251 500 3304 χορεία
518 3251 575 3288 καὶ
593 3248 709 3287 θαλία.
728 3256 766 3285 V.
784 3255 815 3285 et
830 3256 867 3285 R
888 3254 942 3294 qui
961 3264 1019 3286 και
1034 3254 1168 3300 χορεῖαι
1187 3249 1246 3286 καὶ

161 2978 194 3003 45

216 3311 369 3362 εὖωχίαι.

1308 423 1368 445 και
1387 407 1571 460 δυσεύρετα
1591 411 1658 445 τῶν
1681 411 1818 460 ἀγαθων
1831 409 2048 460 παρέξομεν.)

1360 477 1424 504 734.
1453 472 1576 503 κοπιᾶν
1598 479 1607 504 :
1630 465 1690 504 Εν
1713 467 1896 518 πλησμονῃ
1920 466 2095 518 γενόμενοι
2113 469 2180 504 τῶν
2204 469 2340 518 ἀγαθῶν
2360 485 2378 510 5

1310 522 1533 574 ἀπειρηκέναι
1554 522 1709 572 μέλλετε.

1362 593 1424 618 737.
1456 580 1601 652 [Μοῦσα
1627 579 1784 631 λοχμαία
1810 593 1820 619 ;
1848 580 1892 618 Ἡ
1915 580 2044 632 στροφὴ
2070 581 2130 619 καὶ
2155 581 2248 641 ᾠδὴ
2254 582 2341 630 αυτη

1309 636 1428 675 κώλων
1459 637 1532 675 ἐστι
1558 636 1728 688 διαφόρων
1759 636 1819 674 καὶ
1855 637 2102 689 ἀσυναρτήτων
2135 639 2193 682 ις’.
2223 643 2271 677 ὡν
2303 639 2343 678 τὸ

1310 711 1444 746 πρωτον
1464 693 1730 744 πενθημιμερές.
1755 693 1844 744 τὸβ’
1867 694 2097 746 ἑφθημιμερὲς
2117 697 2222 734 τοῧα’
2240 697 2344 741 ποδὸς

1311 751 1529 804 ἑξαὸράχμος
1547 751 1585 789 τὸ
1608 751 1640 802 γ’
1661 751 1843 804 τροχαὶκὸν
1858 752 2073 822 εὐριπίδειον..ζ
2088 752 2128 790 τὸ
2143 753 2172 790 δ’
2193 754 2345 808 ἀσυνάρ-
2366 767 2399 793 10

1310 826 1413 857 τητον
1432 808 1672 862 προσῳδιακον
1693 808 1919 859 καλούμενον,
1941 825 2020 862 περι
2034 813 2073 847 οὗ
2087 809 2222 862 εἴρηται
2242 813 2277 849 ἐν
2286 815 2345 864 τῇ

1310 868 1510 917 παραὸάσει
1528 883 1586 905 του
1603 868 1766 919 Νεφελῶν
1786 866 1970 918 δράματος.
1993 866 2032 904 τὸ
2045 867 2070 905 ε’
2093 867 2210 918 ὅμοιον
2227 871 2277 921 τῶ
2297 871 2344 921 β’.

1310 926 1349 964 τὸ
1365 926 1396 969 ς’
1420 925 1536 976 ὅμοιον
1555 928 1605 977 τῷ
1625 925 1653 963 δ’
1666 955 1675 971 ,
1697 926 1760 962 οὐκ
1783 926 1822 962 ἐκ
1841 924 1992 968 παίωνος
2014 925 2173 978 δευτέρου
2194 927 2347 979 ἀρχόμε-

1310 999 1365 1021 νον
1384 986 1429 1026 ὡς
1452 985 1579 1030 ἐκεῖνο,
1600 983 1676 1020 ἀλλ’
1699 984 1737 1020 ἐκ
1765 982 1947 1020 δακτύλου.
1969 982 2008 1020 τὸ
2039 983 2066 1027 ζ’
2093 983 2210 1034 ὅμοιον
2229 971 2278 1022 τῶ
2296 986 2348 1037 β’,

1308 1040 1400 1087 πλὴν
1421 1041 1768 1093 βραχυκατάληκτον.
1792 1040 1831 1078 τὸ
1857 1041 1890 1086 η’
1913 1040 2164 1079 ἀναπαιστικὸν
2187 1025 2345 1095 δίμέτρον
2367 1059 2400 1085 15

1310 1099 1566 1144 ἀκατάληκτον.
1586 1097 1697 1136 καὶτὸ
1717 1098 1774 1136 ιδ’.
1789 1098 1828 1135 τὸ
1848 1099 1877 1135 θ’
1896 1099 2132 1151 ἀσυνάρτητον
2145 1098 2262 1150 ὅμοιον
2276 1103 2347 1146 τοῖς

1310 1159 1452 1208 ῥηθεῖσι.
1492 1155 1532 1194 τὸ
1548 1156 1568 1192 ι’
1602 1155 1730 1205 ὅμοιον.
1762 1155 1801 1193 τὸ
1842 1157 1886 1193 ια’
1926 1157 2157 1208 χοριαμὸικὸν
2188 1157 2346 1212 δίμετρον

1309 1214 1563 1262 ἀκατάληκτον,
1605 1216 1644 1251 ἐκ
1675 1214 1928 1264 διαλελυμένων
1970 1215 2189 1267 χοριάμὸων,
2219 1222 2279 1256 τοῦ·
2312 1218 2346 1256 α’

1307 1271 1556 1319 ἓξασυλλάὸου,
1582 1275 1642 1309 τοῦ
1670 1271 1706 1309 δὲ
1732 1271 1889 1325 δευτέρου
1917 1273 2214 1314 πεντασυλλάῦου.
2235 1278 2274 1313 τὸ
2300 1276 2345 1313 ιδ’

1306 1329 1492 1382 τροχαϊκὸν
1521 1329 1680 1382 δίμετρον
1713 1329 1967 1376 ἀκατάληκτον.
2001 1333 2040 1369 τὸ
2067 1332 2110 1382 ιγ’
2140 1334 2345 1372 δακτυλικὸν
2365 1356 2401 1381 20

1306 1387 1547 1441 ἑφθημιμερές.
1564 1387 1602 1425 τὸ
1620 1387 1658 1424 ιε’
1675 1387 1838 1437 ἷαμὸικὸν
1855 1389 2096 1441 ἑφθημιμερές.
2112 1389 2151 1428 τὸ
2172 1391 2215 1435 ις’
2230 1390 2346 1442 ὅμοιον

1306 1462 1355 1498 τῳ
1378 1444 1507 1498 πρώτῳ
1530 1444 1782 1497 πενθημιμερὲς
1802 1447 1841 1483 ἐκ
1870 1446 2116 1496 διαλελυμένου
2137 1447 2346 1501 χοριάμὸου.

1306 1503 1363 1542 ἐπι
1385 1506 1434 1557 τῷ
1464 1503 1554 1542 τέλει
1581 1503 1727 1549 διπλη”
1708 1519 1776 1541 εσω
1798 1505 1977 1542 νενευκυῖα
1997 1504 2054 1542 διὰ
2072 1505 2135 1552 τὴν
2155 1506 2348 1546 ἀνταπόδο-

1306 1576 1373 1601 σιν.
1393 1561 1459 1600 εἶσὶ
1484 1561 1520 1599 δὲ
1540 1560 1600 1599 καὶ
1614 1577 1726 1599 ταυτα
1743 1562 2072 1613 πολυσχημάτιστα.
2075 1562 2094 1615 ]Ι

1359 1622 1486 1659 Μοῦσα
1523 1619 1678 1672 λοχμαία
1714 1633 1723 1658 :
1763 1619 1852 1670 (Τὴν
1885 1621 2018 1658 ἑαυτῶν
2051 1619 2163 1671 λέγει,
2198 1625 2267 1660 οἱον
2288 1623 2347 1661 λο-
2367 1640 2401 1666 25

1308 1678 1434 1730 χμίδα.
1467 1678 1639 1729 Δίδυμος,
1670 1677 1762 1716 ὅτι’
1747 1676 2019 1730 εγκεκρυμαένοι
2042 1680 2076 1716 ε’ν
2095 1679 2172 1723 ταῖς
2199 1680 2349 1731 λόχμαις

1306 1736 1592 1790 εἷώθασιφωνεῖν.
1635 1735 1763 1787 ὁλόγος
1773 1735 1808 1774 δὲ
1818 1736 1888 1774 ἀπὸ
1898 1740 1958 1774 τοῦ
1972 1740 2127 1783 ποιητοῦ.
2184 1736 2346 1790 Ἄλλως.)

1306 1795 1382 1833 ἀντὶ
1406 1799 1466 1834 τοῦ
1491 1794 1593 1846 μέλος
1615 1796 1662 1838 ὡς
1686 1794 1827 1848 ὄρνιθος.
1847 1793 1979 1838 οἰκείως
2001 1795 2179 1846 λοχμαίαν
2198 1797 2346 1835 Μοῦσαν

1305 1856 1464 1892 καλοῦσι.
1487 1853 1542 1891 διὰ
1563 1853 1670 1904 μέσου
1690 1853 1729 1891 τὸ
1757 1856 1818 1899 τῆς
1842 1856 1956 1906 φωνῆς
1979 1852 2125 1904 μίμημα
2145 1854 2205 1892 καὶ
2230 1856 2348 1906 ε’πιμί-

1305 1928 1403 1963 γνυσι
1419 1914 1469 1950 τῶ
1482 1915 1543 1958 τ’ἧς
1557 1911 1781 1964 ἀνθρωπείας.
1797 1911 1870 1950 ἔστι
1885 1910 1921 1949 δε
1936 1911 1975 1949 τὸ
1991 1911 2117 1958 ἑξης“’
2080 1928 2197 1956 ουτως·
2217 1915 2345 1953 Μοῦσα
2366 1937 2400 1964 3„

1306 1951 1462 2022 λοχμαίά
1480 1970 1642 2030 ποικίλη,
1664 1970 1737 2020 μεθ’
1754 1965 1828 2017 ἧς’
1814 1985 1882 2021 εγω
1894 1969 2016 2020 νόμους
2029 1969 2139 2023 ἱερους
2154 1972 2344 2024 ἀναφαίνω.

1307 2027 1426 2075 ξουθης
1452 2028 1487 2066 δὲ
1514 2032 1587 2066 εἰπε
1608 2028 1760 2081 παρόσον
1785 2027 1829 2065 τὰ
1848 2028 1995 2065 πλεῖστα
2012 2030 2080 2066 τῶν
2100 2028 2225 2081 ὀρνέων
2247 2030 2348 2075 ξουθὰ

1306 2086 1477 2137 φαίνεται.

1359 2159 1423 2184 745.
1455 2145 1548 2184 Πανὶ
1565 2145 1688 2196 νόμους
1712 2159 1720 2184 :
1741 2144 1844 2184 Ἐπεὶ
1867 2144 1983 2194 νόμιος
2007 2147 2025 2181 ὃ
2044 2145 2117 2189 θεὸς
2136 2145 2197 2183 καὶ
2218 2146 2346 2200 ὄρειος,

1307 2203 1367 2241 καὶ
1388 2205 1455 2241 τῶν
1473 2202 1595 2256 ὀρνέων
1614 2202 1649 2241 δὲ
1682 2205 1715 2241 ἐν
1739 2202 1850 2255 ὄρεσιν
1874 2204 1909 2240 αἱ
1937 2203 2125 2256 διατριὸαί.
2154 2203 2286 2257 [σεμνᾶ
2310 2206 2345 2245 δὲ
2366 2226 2400 2252 35

1307 2261 1458 2314 μητρὶι]
1475 2265 1517 2314 τῇ
1535 2261 1633 2314 Ῥέᾳ·
2272 2245 2279 2259 ’

1359 2332 1422 2359 749.
1453 2319 1545 2357 ἔνθεν
1565 2334 1574 2359 2
1593 2319 1675 2359 Ἀπὸ
1688 2320 1756 2358 τῶν
1772 2321 1863 2370 ἐμῶν
1879 2319 2085 2370 ποιημάτων
2101 2319 2219 2374 ὥσπερ
2238 2324 2260 2368 ἡ
2281 2322 2348 2373 μέ-

1307 2379 1408 2416 λιττα
1429 2378 1657 2417 ἀπεὸόσκετο.

1359 2451 1422 2476 750.
1453 2436 1630 2489 Φρύνιχος
1660 2435 1862 2489 ἀμὸροσίων
1897 2450 1905 2476 :
1946 2436 2123 2489 Φρύνιχος
2153 2440 2348 2493 τραγῳδίας

1306 2511 1470 2542 ποιητης,
1500 2494 1535 2537 ὃς
1558 2495 1614 2532 επὶ
1637 2493 1851 2545 μελοποιίαις
1875 2494 2101 2544 εθαυμάζετο.
2125 2495 2290 2549 τέσσαρες
2311 2499 2345 2536 δὲ
2365 2525 2398 2550 40

1307 2552 1460 2603 ἐγένοντο
1477 2551 1661 2604 Φρύνιχοι.
1681 2554 1698 2589 ὁ
1716 2550 1778 2601 μὲν
1795 2555 1840 2594 εἱς
1856 2555 1895 2589 οὓ
1911 2555 1969 2588 νῦν
1988 2552 2214 2601 μνημονεύει,
2226 2556 2346 2592 Πολυ-

1307 2611 1500 2664 φράδμονος
1518 2614 1611 2657 παῒς,
1623 2609 1768 2656 ποιητὴς
1781 2609 1891 2655 ἢδὺς’
1876 2626 1910 2647 εν
1923 2615 1993 2653 τοῖς
2012 2609 2164 2660 μέληεσιν
2182 2611 2237 2649 6⁶
2217 2628 2345 2665 ετερος,

1308 2668 1539 2742 Χοροκλέους
1540 2674 1639 2714 παῖς,
1662 2666 1861 2719 ὑποκριτής.
1885 2666 2015 2719 τρίτος,
2037 2667 2214 2721 Φρύνιχος
2235 2673 2253 2708 ὁ
2273 2687 2345 2710 κω-

1307 2727 1421 2777 μικὸς,
1437 2730 1475 2764 οὓ
1495 2726 1669 2776 μέμνηται
1687 2724 1922 2777 (Ἐρμιππος’
1907 2741 1941 2764 εν
1957 2726 2231 2797 Φορμοφόροις“
2214 2746 2260 2772 ως
2279 2731 2346 2770 ἀλ-

1306 2785 1425 2837 λότρια
1454 2783 1682 2834 υποὸαλλομέ
1684 2799 1741 2821 νου
1770 2782 1965 2833 ποιήματα.
1996 2784 2158 2837 τέταρτος
2188 2787 2224 2824 δέ
2252 2789 2344 2826 ἐστιν
2363 2814 2396 2839 ⁴5

1307 2843 1482 2888 Ἀθηναῖος
1498 2841 1536 2879 τὸ
1552 2841 1646 2891 γένος
1663 2843 1680 2878 ὁ
1707 2841 1951 2893 στρατηγήσας
1970 2841 2013 2879 τὰ
2030 2842 2109 2895 περὶ
2127 2843 2249 2895 Σάμον
2269 2846 2344 2897 (και

1307 2900 1484 2952 Ἀστυόγῳ
1502 2899 1749 2959 προσθέμενος,
1778 2899 2003 2952 επιχειρήσας
2023 2898 2058 2938 δὲ
2084 2903 2126 2953 τῇ
2151 2906 2212 2940 τοῦ
2232 2903 2343 2954 δήμου

1307 2957 1504 2996 καταλύσει.
1524 2957 1603 3009 περὶ
1624 2961 1670 2994 ὡν
1691 2959 1724 2995 ἐν
1741 2962 1809 3000 τοῖς
1830 2957 2023 3010 Βατράχοις
2039 2959 2101 3009 [ad
2120 2961 2202 3012 1299]
2219 2963 2344 3007 ἱκανῶς

1307 3018 1505 3070 εἰρήκαμεν.
1499 3017 1555 3066 ·)..2

1358 3088 1422 3114 752.
1453 3074 1501 3126 [si
1520 3073 1594 3123 μετ’
1619 3074 1760 3125 ὀρνίθων
1784 3088 1792 3113 :
1817 3076 1859 3113 Εἰ
1880 3077 1956 3125 μετ’
1975 3074 2116 3128 ὀρνίθων
2141 3091 2192 3120 τις
2213 3076 2342 3128 διάγειν
2361 3104 2394 3130 50

1309 3132 1469 3185 βούλεται
1485 3131 1613 3183 ἡδέως,
1633 3132 1672 3170 τὸ
1688 3132 1807 3170 λοιπὸν
1827 3135 1872 3176 ὡς
1886 3136 1978 3183 ἡμᾶς
1997 3132 2156 3186 ἐλθέτω]

1359 3204 1422 3230 754.
1453 3189 1669 3242 [διαπλέκειν
1686 3204 1694 3229 :
1712 3189 1762 3229 Ἢ
1783 3190 2030 3229 διαποικίλλειν
2052 3189 2074 3238 ἢ
2090 3191 2254 3245 διάγειν]

1359 3262 1423 3287 755.
1455 3248 1522 3300 [τῷ
1538 3249 1632 3301 νόμῳ
1655 3261 1664 3287 :
1683 3248 1804 3298 Νόμον
1823 3252 1882 3286 νῦν
1909 3251 1948 3287 οὐ
1968 3249 2083 3287 πάντα
2107 3249 2165 3288 τὸν
2187 3265 2340 3302 γεγραμ-

1307 3307 1407 3358 μένον
1427 3307 1541 3360 φησὶν,
1559 3306 1648 3344 ἀλλὰ
1669 3308 1707 3344 τὸ
1724 3307 1826 3360 ἔθος]
