2453 3808
1107 233 1150 269 G.
1182 235 1448 274 DlNDORFll.

2258 263 2315 290 xli

225 320 313 352 sutis
345 319 412 352 levi
435 330 546 366 opera
577 320 774 354 nonnullas
806 321 1063 369 Aristophanis
1079 321 1243 367 fabulas
1268 328 1283 342 ⁹
1304 336 1371 372 per
1394 323 1520 375 τυφλόν
1540 339 1717 376 perverse
1740 338 1795 367 est
1825 330 2118 381 interpretatus,
2145 348 2221 384 quo
2241 350 2316 375 uno

225 377 480 422 interpretatus
505 377 570 420 sit,
590 377 644 411 ad
662 377 807 412 modum
819 376 911 422 fere
937 380 970 413 T
966 379 1087 414 lmmoe
1108 381 1239 427 illogi-

223 436 310 475 ,τη-ι’,
338 436 359 467 ι’.
391 446 423 468 e.
450 432 633 469 codicibus
667 435 945 483 Aristophaneis
975 451 1079 481 usus,
1114 437 1244 485 quibus

222 499 394 538 excerpta
430 501 558 527 vetera
585 505 604 527 e
635 492 853 535 Symmacho
886 499 1054 542 apposita
1071 494 1240 542 fuerin&

221 562 307 596 quoe
321 562 431 597 quum
445 578 454 595 ,
475 550 609 596 utsi're
625 564 701 586 mos
712 550 795 597 ficit
809 556 954 588 istorum
977 558 1239 601 grammatico-

222 619 301 642 rum
316 636 328 652 ‚
350 621 452 656 soepe
473 608 726 655 „ciffus-aretur
746 614 890 659 integra
918 620 954 646 ct
970 626 1038 659 pro
1059 617 1132 647 suis
1150 626 1243 647 1·ιή-

219 665 365 710 ditaret,
373 666 495 712 sctcile
503 676 654 714 poterat
668 673 809 704 evenire
829 679 870 705 ut
886 674 922 704 in
939 671 1083 705 scholiis
1097 672 1243 705 Aldfnis

215 725 433 772 plerumque
451 727 679 761 omitteretur
694 727 833 761 Pltaim'
851 740 982 762 nomen
991 754 1003 770 ,
1035 732 1070 761 in
1094 729 1241 772 Etsmo-

220 784 330 830 logico
359 793 479 819 autem
516 785 658 832 Allagno
702 784 753 832 (1)
795 784 844 819 ab
879 787 1001 832 aliquo
1040 789 1240 820 recentiore

219 844 395 888 magistro
416 842 633 887 Symmachi
653 846 857 885 memorioe,
882 856 992 889 quam
1021 845 1136 878 solam
1154 857 1241 890 pro-

214 909 422 946 pagaverat
444 901 556 943 Orus,
591 901 799 936 adderetur.
829 900 917 936 Illos
945 908 1072 936 autem
1099 901 1240 937 codicis

218 957 353 992 Veneti
377 955 504 999 ἄλλους
519 955 611 998 τινάς
629 958 680 993 113
701 970 900 994 removere
919 958 1044 994 studet
1060 958 1113 1008 (sp.
1138 960 1238 1008 122),

219 1021 280 1057 ut,
311 1014 382 1050 nisi
416 1015 601 1051 simulatae
629 1016 861 1052 scholiorum
892 1017 1012 1065 copiae
1035 1018 1238 1053 ostentatio

217 1069 339 1121 subsit
361 1100 371 1117 ,
402 1081 506 1109 certe
550 1074 814 1122 grammaticos
858 1074 1126 1123 intelligendos
1159 1089 1238 1112 esse

216 1127 378 1166 affirmet
412 1131 644 1178 Symmacho
671 1133 923 1174 recentiores,
949 1146 1043 1182 quos
1081 1133 1238 1169 fortasse

216 1186 299 1223 fore
309 1188 374 1236 qui
387 1188 573 1225 Thomam
586 1191 813 1238 Magistrum
823 1219 831 1234 ,
846 1194 1032 1227 Joannem
1045 1195 1237 1236 Tzetzam‚

216 1246 434 1282 Manuelem
463 1247 759 1297 Moschopulum
782 1249 839 1285 vel
873 1250 1112 1286 Demetrium
1149 1250 1236 1286 Tri-

215 1303 373 1341 clinium
405 1317 486 1341 esse
511 1306 776 1355 suspicentur,
807 1308 854 1344 de
879 1322 957 1357 quo
985 1309 1045 1344 vel
1077 1317 1237 1358 propter

215 1370 363 1398 aetatem
391 1375 466 1411 qua
494 1364 660 1413 scriptus
692 1365 814 1401 codex
837 1368 1008 1402 Venetus
1041 1376 1096 1403 est
1123 1380 1236 1403 nemo

215 1420 288 1456 nisi
309 1429 524 1470 temporum
556 1423 714 1459 rationis
751 1423 862 1472 plane
894 1424 1046 1473 ignarus
1069 1425 1235 1474 cogitare

215 1481 377 1530 poterit,
402 1495 449 1518 110
475 1481 567 1531 quid
588 1482 635 1518 de
656 1483 826 1532 ipsorum
852 1483 1086 1520 scholiorum
1105 1488 1235 1521 Vene—

217 1549 342 1576 torum
364 1539 495 1579 indole
515 1540 636 1577 dicam
657 1541 706 1578 ab
725 1541 874 1577 illorum
891 1542 1009 1578 intimi
1026 1543 1094 1578 aevi
1111 1556 1236 1592 gram—

217 1600 442 1635 maticorum
469 1600 750 1636 commentandi
772 1613 909 1649 genere
933 1613 1045 1648 quam
1074 1602 1234 1637 maxime

214 1658 350 1694 aliena.
383 1661 479 1704 Quae
515 1658 643 1694 omnia
677 1659 787 1694 facile
816 1667 977 1707 apparet
1015 1673 1126 1707 quam
1161 1660 1234 1696 sint
1262 1655 1266 1668 ⁸

214 1716 362 1752 infirma
384 1717 432 1752 ad
460 1716 684 1753 Schneideri
707 1718 932 1753 sententiam
956 1717 1233 1755 defendendam

214 1784 448 1824 argumenta.
462 1780 517 1813 Ac
537 1777 661 1826 primo
677 1776 830 1826 quidem
851 1776 914 1813 illa
929 1791 1013 1826 quae
1028 1777 1074 1814 de
1090 1778 1232 1815 Phaino

211 1833 304 1870 dicit
323 1834 577 1872 Schneiderus
594 1835 706 1885 plane
730 1848 800 1885 pro
827 1835 987 1872 arbitrio
1011 1835 1107 1872 dicta
1127 1845 1232 1883 sunt,

213 1906 284 1930 nec
309 1893 412 1943 quod
439 1894 605 1931 Phainus
634 1892 762 1943 μολγόν
789 1894 826 1930 in
858 1894 1063 1943 Equitibus
1089 1907 1124 1932 v·
1157 1896 1231 1943 963

255 1979 297 2017 (1)
313 1978 520 2018 etymologici
539 1979 630 2010 locus
651 1979 702 2010 hic
726 1981 774 2009 est
794 1988 826 2019 p.
848 1979 924 2017 200,
944 1981 983 2009 46
1001 1988 1007 2008 z
1024 1979 1184 2019 Β).·.μάζειν
1197 1980 1232 2010 τὸ

210 2026 397 2057 τιτθολαὸεῖν
409 2044 450 2050 -
464 2046 506 2051 -
521 2027 562 2061 ὥς
579 2037 652 2066 φησι
671 2027 819 2067 Κρατῖνος
834 2044 874 2051 ——
894 2038 908 2051 u
921 2027 982 2056 Καὶ
1001 2026 1058 2067 γὰρ
1075 2027 1232 2066 ἐὸλίμαζον

210 2074 305 2110 αὐτὴν
323 2087 338 2101 u
353 2093 394 2100 --
405 2074 520 2114 εἴρηται
537 2074 569 2104 δὲ
584 2073 667 2114 wip&
679 2073 714 2103 τὸ
730 2074 824 2112 φλίὸω
837 2092 878 2099 -
889 2073 956 2103 ὅθεν
970 2074 1021 2103 καὶ
1038 2073 1117 2112 qimi.
1138 2074 1234 2115 παρά-

211 2131 314 2160 γωγον
326 2120 474 2160 φλιμάζω,
487 2122 540 2151 καὶ
551 2122 592 2156 ὡς
607 2121 703 2160 φλίὸω
720 2121 824 2158 (stigo),
837 2121 917 2150 οὑτω
930 2120 1066 2159 φλιμάζω
1084 2121 1230 2161 βλιμάζω.

211 2167 343 2203 Φαεινὸς
369 2168 402 2198 δὲ
425 2168 479 2198 καὶ
503 2167 667 2207 Σύμμαχος
682 2190 690 2204 ,
715 2167 798 2207 παρὰ
823 2167 858 2197 τὸ
888 2166 1041 2206 βλιμάζειν
1063 2171 1116 2198 τοῦ
1138 2173 1232 2208 μαζοῦ

211 2213 400 2253 ἐγκειμένου.
413 2217 504 2252 Quae,
513 2213 624 2244 nisiex
633 2212 762 2243 scholiis
770 2212 801 2242 in
810 2212 974 2243 Cratinum
985 2215 1059 2244 sunt
1071 2218 1230 2253 excerpta,

210 2259 246 2290 111
269 2268 334 2298 quo
350 2261 446 2299 poeta
467 2259 655 2299 explicando
671 2259 898 2297 Symmachum
917 2263 1002 2288 certe
1022 2268 1151 2298 operam
1177 2269 1230 2299 po-

209 2305 312 2336 suisse
325 2305 408 2346 infra
419 2305 643 2342 ostendemus,
659 2312 698 2334 ex
712 2304 834 2334 scholio
853 2303 892 2334 ad
911 2304 1072 2343 Aristoph.
1088 2310 1146 2336 Av.
1173 2310 1231 2337 530

211 2353 344 2392 repetita
363 2352 450 2383 credi
473 2354 623 2391 possunt,
651 2351 723 2381 11001
745 2351 810 2381 11110
834 2360 919 2381 nunc
941 2352 1065 2382 nullum
1094 2354 1232 2392 supersit

210 2399 321 2430 Phaini
336 2399 584 2438 symmachique
598 2398 764 2429 nominum
782 2399 954 2437 vestigium
968 2424 976 2437 ,
990 2399 1045 2430 sed
1063 2400 1231 2431 Cailistrati

208 2446 314 2476 solum
328 2445 520 2486 Didymique
540 2445 768 2485 explicationes
781 2449 1010 2484 proponantur.
1030 2447 1230 2487 Omninoque
1257 2424 1262 2466 i

209 2492 349 2523 Phainus
372 2493 404 2523 in
426 2491 556 2522 scholiis
575 2491 693 2522 nostris
713 2500 870 2530 nusquam
896 2492 1080 2523 nominatur
1100 2493 1161 2523 nisi
1190 2493 1229 2523 ad
1257 2467 1262 2514 i

209 2539 352 2578 quinque
376 2539 527 2579 Equitum
550 2547 664 2569 versus
687 2541 760 2576 963,
784 2541 874 2575 1129,
899 2542 988 2576 1150,
1016 2543 1106 2577 1220,
1138 2544 1227 2570 1256.
1256 2515 1261 2589 i

208 2586 268 2617 Sed
282 2586 437 2617 Pliainum
452 2594 516 2616 non
531 2586 613 2616 hauc
627 2593 723 2615 unam
740 2584 893 2623 fabulam,
911 2585 966 2615 sed
979 2586 1106 2616 easdem
1120 2595 1230 2617 01111105
1255 2591 1261 2609 ²

208 2641 288 2672 quas
313 2632 541 2672 Symmachum
564 2634 775 2671 pertractasse
800 2640 839 2661 ex
862 2631 1152 2671 subscriptionibus
1174 2642 1228 2663 co·
1255 2613 1261 2680 i

208 2678 290 2710 dicis
302 2679 412 2710 Veneti
433 2679 512 2709 satis
527 2680 600 2709 tuto
620 2678 725 2717 colligi
740 2680 855 2717 potest.
874 2678 966 2716 Quod
989 2678 1084 2717 igitur
1105 2680 1178 2709 solis
1196 2679 1228 2709 in

207 2727 338 2758 scholiis
371 2726 521 2766 Equitum
547 2734 631 2755 nunc,
664 2725 864 2756 nominatum
890 2725 1037 2756 videmus
1072 2726 1228 2758 Phainum

207 2773 295 2804 casui
310 2781 373 2803 non
387 2773 492 2803 minus
511 2773 558 2802 051
577 2771 803 2811 imputandum
818 2780 916 2811 quam
937 2772 1023 2811 quod
1046 2772 1080 2802 in
1097 2773 1227 2803 scholiis

208 2819 249 2850 ad
265 2824 349 2851 Aves
364 2822 510 2851 veterum
529 2819 740 2859 interpretum
760 2819 890 2849 nomina
915 2819 1114 2858 frequentius
1132 2829 1227 2859 quam

208 2866 243 2897 in
264 2867 331 2898 ulla
352 2870 529 2898 ceterarum
554 2866 734 2897 fabularum
760 2867 836 2896 sunt
860 2868 994 2896 servata.
1016 2866 1065 2896 Sic
1087 2866 1127 2897 de
1151 2867 1228 2897 10015

208 2912 516 2953 undequadraginta,
532 2912 586 2943 ubi
606 2912 834 2951 Symmachum
851 2912 1010 2947 nominari
1027 2921 1122 2951 supra
1145 2913 1226 2943 dice·

208 2958 304 2996 bam,
330 2959 443 2998 viginti
468 2958 509 2989 ad
536 2959 636 2989 solam
659 2959 775 2989 Avium
804 2958 944 2989 fabulam
971 2958 1154 2997 pertinent,
1186 2958 1227 2989 ad

208 3008 323 3035 Pacem
351 3013 457 3043 unus,
483 3004 524 3035 ad
557 3005 706 3042 Plutum,
735 3004 861 3043 Nubes,
893 3008 1015 3041 1131135,
1045 3008 1166 3044 Vespas
1195 3007 1227 3036 et

208 3050 550 3089 Thesmophoriazusas
562 3049 626 3080 duo
638 3074 646 3088 ,
664 3049 703 3080 ad
726 3050 853 3089 Equites
869 3058 925 3080 sex
935 3073 944 3087 ,
958 3050 997 3080 ad
1011 3051 1227 3081 Acharnenses

208 3100 286 3129 tres.
311 3097 428 3128 Eadem
451 3097 517 3128 fere
542 3097 670 3137 Didymi
695 3097 931 3136 Euphroniique
953 3098 1121 3128 nominum
1145 3099 1225 3129 ratio

209 3146 268 3175 est.
294 3143 450 3183 Didymus
474 3143 558 3174 enim
584 3152 685 3183 quum
701 3143 779 3174 10015
805 3143 922 3174 citetur
944 3143 1008 3174 duo
1035 3143 1074 3174 de
1098 3147 1225 3183 septua-

209 3193 312 3232 ginta,
336 3191 536 3231 Euphronius
559 3194 666 3222 autem
697 3191 810 3230 viginti
838 3194 961 3231 septem
974 3216 982 3230 ,
1014 3192 1053 3223 de
1075 3192 1138 3223 illis
1163 3192 1224 3223 loci

208 3239 338 3278 triginta
348 3239 511 3277 quattuor,
525 3237 567 3268 de
576 3238 625 3268 his
638 3238 893 3277 quattuordecim
907 3239 945 3269 ad
955 3244 1037 3269 Aves
1051 3239 1222 3278 pertinent.

209 3288 328 3316 Contra
339 3284 526 3325 Apollonius
539 3283 712 3315 duodecies
727 3285 844 3315 citatur
859 3285 892 3315 in
908 3285 1036 3316 scholiis
1050 3289 1222 3324 Ranarum,

210 3331 381 3371 quinquies
394 3330 434 3361 ad
449 3333 599 3369 quattuor
611 3329 688 3360 alias
707 3330 841 3370 fabulas,
853 3332 1053 3362 Timachidas
1071 3332 1110 3362 ad
1123 3333 1223 3363 solam

209 3384 370 3410 Ranarum
394 3376 534 3408 fabulam
552 3375 629 3405 locis
644 3376 753 3407 decem
766 3401 774 3414 ,
789 3381 969 3409 Demetrius
991 3379 1081 3409 Ixion
1103 3379 1141 3409 ad
1168 3389 1221 3410 sex
1248 3395 1255 3436 1

208 3426 296 3457 locos
310 3429 469 3456 Ranarum
483 3446 490 3459 ‚
505 3422 602 3453 semel
615 3422 654 3452 ad
668 3425 787 3461 Vespas
801 3426 831 3453 et
847 3428 935 3455 Aves.
1247 3438 1255 3464 ἰ

1303 379 1532 419 11001111101110
1552 385 1774 423 Schneidcri
1791 387 1838 424 de
1857 401 1902 425 co
1917 390 2050 439 opinio
2065 391 2210 438 nititur,
2229 397 2317 433 satis

1302 451 1441 477 caussae
1457 450 1511 478 est
1532 451 1573 478 ut
1597 457 1642 479 ne
1661 446 1793 493 dignus
1807 448 1950 494 quidem
1971 449 2190 494 Symmacho
2210 456 2313 489 inter-

1297 507 1401 544 prete
1426 501 1526 536 docto
1560 512 1662 538 cauto
1696 513 1734 538 et
1764 515 1934 542 accurato
1970 511 2086 543 socias·
2117 507 2316 557 judicetur

1302 556 1486 603 Phainus,
1516 573 1632 607 quum
1658 564 1895 609 grammatici
1922 574 2086 614 utroque
2109 567 2174 603 illo
2206 569 2316 619 longe

1302 622 1339 649 et
1365 617 1590 653 vetustiores
1621 626 1657 653 et
1680 619 1869 657 doctiores
1903 636 1978 658 non
2006 637 2090 660 raro
2119 627 2253 663 similia
2281 638 2318 664 et

1302 673 1474 720 graviora
1495 674 1590 711 adeo
1613 676 1650 711 in
1678 677 1966 726 interpretando
1986 691 2137 729 peccata
2164 686 2326 722 commi-

1302 731 1440 776 serint,
1471 733 1570 770 inter
1599 747 1683 783 quae
1709 736 1801 772 illud
1831 750 1986 786 quoque
2017 739 2064 774 de
2093 743 2317 789 Symmacho

1301 799 1377 834 est,
1398 790 1434 826 in
1453 791 1565 828 Pluto
1589 806 1624 829 ν.
1646 806 1713 828 101
1728 807 1739 828 1
1765 794 1954 832 Nitarium
1973 804 2009 832 ct
2035 800 2184 835 Battum
2206 802 2311 838 cinae-

1301 847 1369 884 dos
1389 850 1626 886 somniante:
1646 851 1749 899 quod
1777 862 2046 891 commentum.
2076 854 2123 891 ab
2156 858 2313 896 Schnei-

1301 905 1394 942 dero
1412 920 1447 956 p.
1467 908 1511 943 61
1533 916 1726 957 utcunque
1739 919 1974 956 excusatum,
1990 912 2317 962 interpretationis

1300 965 1407 1000 istius
1424 965 1598 1002 vocabuli
1616 966 1743 1017 μολγόν
1756 981 1776 1004 3
1788 969 1933 1005 Phaino
1950 972 2173 1020 excogitatae
2185 973 2311 1011 absur-

1300 1023 1455 1059 ditatem
1491 1025 1685 1073 aliquanto
1720 1036 1886 1075 superat.
1919 1028 2050 1065 Nihilo
2090 1032 2316 1070 certioribus

1300 1081 1511 1118 rationibus
1529 1083 1644 1118 altera
1660 1083 1796 1120 nititur
1812 1086 1942 1134 opinio
1958 1087 2181 1124 Schneideri
2196 1089 2316 1133 ἄλλους,

1298 1137 1390 1180 τινὰς
1422 1152 1517 1188 quos
1556 1140 1677 1176 codex
1706 1143 1874 1178 Venetus
1909 1143 2016 1179 addit
2051 1148 2315 1193 grammaticos

1299 1209 1377 1233 esse
1396 1197 1663 1247 intelligendos
1689 1200 1916 1248 Symmacho
1940 1204 2191 1250 recentiores,
2215 1208 2315 1255 quod

1298 1255 1477 1292 affirmari
1501 1270 1577 1292 non
1609 1257 1725 1306 magis
1758 1271 1870 1306 quam
1898 1260 2027 1308 negari
2054 1270 2191 1309 potest.
2222 1267 2315 1300 Nam

1298 1328 1415 1364 quum
1446 1317 1601 1353 nomina
1623 1317 1776 1353 illorum
1806 1318 2043 1367 ignoremus,
2067 1322 2149 1369 pari
2167 1322 2255 1370 jure
2280 1333 2316 1360 et

1297 1374 1533 1423 antiquiores
1551 1384 1587 1411 et
1607 1376 1769 1424 aequales
1784 1384 1820 1412 et
1837 1378 2066 1414 recentiores
2089 1382 2316 1427 Symmacho

1298 1431 1430 1469 haberi
1453 1442 1623 1482 possunt.
1641 1434 1818 1483 Denique
1844 1448 1892 1471 ne
1912 1436 2005 1471 illud
2035 1438 2189 1486 quidem
2212 1450 2315 1477 extra

1298 1490 1577 1528 dubitationem
1615 1493 1778 1541 positum
1815 1501 1870 1530 est
1911 1495 2013 1542 quod
2057 1496 2316 1535 Schneiderus

1296 1561 1333 1598 p.
1363 1550 1409 1595 57
1439 1558 1476 1586 et
1502 1553 1548 1587 23
1569 1551 1785 1596 contendit,
1810 1552 1961 1600 quoties
1990 1553 2027 1588 in
2058 1554 2213 1591 scholiis
2231 1555 2315 1593 ὑπό-

1297 1623 1418 1658 μνημα
1442 1607 1754 1657 1·01τὸὺπο’μνημκ
1777 1619 2020 1656 memoretur,
2041 1612 2144 1660 quod
2165 1612 2315 1650 duobus

1299 1675 1439 1703 tantum
1476 1667 1566 1702 locis
1593 1667 1736 1703 factum
1762 1675 1816 1703 est
1848 1668 1922 1717 (1),
1959 1670 2174 1717 Symmachi
2204 1672 2314 1719 signi-

1296 1724 1399 1759 ficari
1429 1725 1772 1770 commentarium3
1808 1726 1958 1774 quoties
1998 1736 2123 1763 31110111
2156 1742 2314 1766 nurnero

1296 1781 1435 1829 plurali
1454 1779 1496 1817 τὰ
1513 1781 1747 1831 ὑπομνήματα
1772 1784 1832 1819 vel
1860 1783 1932 1819 ἔνια
1957 1787 2025 1821 τῶν
2055 1786 2314 1836 ὑπομνημάτων

1295 1839 1461 1876 citeutur
1490 1840 1566 1891 (2),
1600 1841 1834 1890 antiquiores
1867 1843 2095 1892 interpretes
2125 1844 2172 1880 ab
2199 1850 2314 1895 Sym—

1296 1899 1430 1935 macho
1455 1909 1654 1949 excerptos
1681 1901 1852 1949 intelligi.
1879 1904 1972 1947 Quae
2000 1901 2216 1951 conjectura
2242 1904 2315 1940 du-

1295 1956 1384 2006 plici
1404 1958 1592 2006 premitur
1611 1958 1868 1996 incommodo.
1885 1962 1980 1996 Nam
2005 1974 2123 2009 quum
2145 1962 2179 1997 in
2199 1962 2312 1998 scho—

1296 2015 1354 2051 liis
1379 2016 1492 2052 modo
1517 2018 1764 2065 Symmachus
1795 2017 1904 2054 aliive
1927 2018 2157 2067 interpretes
2186 2021 2313 2056 nomi-

1294 2082 1454 2118 nentur,
1490 2075 1606 2111 modo
1636 2076 1775 2111 omisso
1809 2076 2044 2125 grammatici
2089 2078 2241 2114 nomine
2274 2077 2313 2115 τὸ

1293 2132 1483 2181 ὑπόμνημα
1515 2133 1571 2169 vel
1597 2131 1641 2169 τὰ
1675 2133 1934 2183 ὑπομνήματα,
1967 2148 2151 2184 nusquam
2186 2144 2313 2173 autem

1294 2189 1491 2241 Σομμοίχου
1529 2189 1719 2241 ὑπόμνημα
1763 2192 1898 2228 citetur
1919 2222 1929 2239 ,
1966 2206 2036 2229 1100
2083 2193 2235 2231 scholiis
2273 2195 2310 2231 in

1333 2306 1377 2343 (l)
1393 2305 1440 2336 Ad
1453 2305 1536 2336 Pluti
1552 2315 1581 2336 V.
1602 2309 1691 2344 1037,
1706 2306 1736 2336 ἐν
1752 2307 1783 2337 δὲ
1795 2309 1839 2346 τῷ
1852 2306 2046 2346 ὑπομνήματ’.
2063 2308 2169 2343 οὕτως·
2186 2308 2224 2338 ad
2237 2312 2309 2341 Pac.

1292 2352 1364 2389 758,
1382 2353 1477 2387 οὕτως
1500 2353 1584 2394 εὖρον
1603 2353 1632 2383 ἐν
1646 2354 1853 2392 ὑπομνήματ’..
1882 2352 2031 2384 Similiter
2049 2354 2146 2384 Orion
2175 2356 2310 2394 Etymol.

1291 2407 1320 2437 p.
1339 2402 1374 2430 18
1390 2407 1396 2426 :
1416 2399 1510 2434 οὕτως
1525 2399 1608 2440 εὗρον
1619 2400 1649 2429 ἐν
1664 2401 1858 2438 ὑπομνήματ’.
1876 2400 1916 2434 εἷς
1932 2399 2154 2440 Ἀριστοςάνην.
2167 2401 2203 2432 Ὁ
2216 2413 2310 2441 κωμι-

1290 2446 1342 2481 κὸς
1366 2447 1418 2476 καὶ
1441 2447 1457 2477 ὁ
1482 2448 1548 2476 κατ’
1566 2447 1656 2477 αὑτὸν
1681 2447 1956 2486 ὑπομνηματισμὸς
1981 2447 2011 2477 ἐν
2038 2451 2082 2486 τῷ
2106 2449 2237 2487 Πλούτῳ
2262 2452 2306 2487 (v.

1291 2495 1363 2531 322)
1382 2492 1421 2523 ab
1442 2493 1604 2524 Eustatliio
1621 2494 1738 2523 citatur
1763 2493 1801 2523 ad
1819 2497 1945 2523 Homer.
1966 2502 1997 2532 p.
2020 2496 2092 2531 745,
2111 2496 2143 2524 et
2167 2496 2184 2524 ό
2208 2495 2310 2534 ἐξηγη·

1290 2539 1419 2578 σάμενος
1443 2540 1513 2580 παρ’
1536 2539 1740 2579 Ἀριστοφάνει
1756 2540 1790 2570 τὸ
1814 2539 1909 2575 (Plus.
1928 2547 1959 2568 V.
1980 2543 2048 2577 159)
2080 2540 2205 2579 ὀνόματι

1289 2586 1431 2616 πέττουσι
1463 2588 1517 2623 τὴν
1545 2586 1711 2626 μοχθηρίαν
1740 2595 1770 2625 p.
1800 2588 1857 2616 722
1883 2598 1889 2613 ;
1916 2594 1988 2624 quae
2019 2586 2086 2625 ipsa
2113 2595 2241 2626 quoque
2267 2588 2307 2618 ad

1289 2633 1469 2672 Symmachi
1482 2633 1748 2664 commentarium
1763 2633 1858 2663 refert
1875 2633 2084 2664 Schneiderus
2103 2643 2133 2673 p.
2153 2638 2201 2665 29.

1332 2680 1376 2717 (2)
1400 2680 1451 2710 Ἑν
1479 2683 1542 2715 τοῖς
1572 2680 1789 2719 ὑπομΨί-,μαο-ιν
1816 2680 1896 2709 οὕτω
1924 2679 1988 2718 (vel
2015 2681 2113 2718 ταυτὶ)
2141 2681 2306 2721 γέγραπται

2233 2552 2310 2582 iai-fa?

1288 2727 1387 2758 schol.
1403 2726 1443 2756 ad
1456 2729 1550 2764 Yesp.
1569 2727 1640 2763 544,
1653 2729 1724 2762 908,
1737 2730 1795 2756 AV.
1817 2728 1906 2756 1075.
1919 2727 2048 2765 Λέγεται
2065 2728 2306 2766 καταψεύδεσθαι

1287 2779 1348 2805 τῶν
1370 2773 1598 2813 ὑπομνημάτων
1620 2773 1720 2803 schol.
1747 2773 1787 2803 ad
1801 2778 1858 2803 AV.
1884 2776 1952 2804 283.
1975 2774 2027 2804 Ἐν
2045 2774 2133 2809 ἐνίοις
2150 2777 2212 2803 τῶν
2233 2776 2305 2805 ὑπο-

1289 2820 1453 2860 μνημάτων
1469 2819 1507 2849 ad
1521 2823 1579 2849 AV.
1597 2823 1667 2849 556.
1686 2819 1737 2849 Ἐν
1760 2819 1848 2853 ἐνίοις
1864 2819 2081 2857 ὑπομνήμασιν
2099 2818 2139 2848 ad
2158 2824 2214 2848 AV.
2232 2822 2303 2850 281.

1286 2868 1338 2897 Ἔν
1366 2867 1453 2901 ἐνίοις
1476 2869 1537 2895 τῶν
1565 2867 1720 2905 σχολικῶν
1747 2865 1963 2904 ὑπομνήμασιν
1991 2865 2029 2895 ad
2061 2869 2116 2895 AV.
2145 2867 2231 2896 1242.
2259 2867 2304 2896 Τὰ

1286 2914 1351 2943 λίαν
1368 2912 1622 2951 ἐπιτετηδευμένα
1649 2912 1854 2950 ὑπομνήματα
1881 2911 1920 2941 ad
1947 2911 1990 2941 Pl.
2021 2914 2092 2942 385.
2122 2912 2167 2942 T&
2189 2912 2304 2943 παλαιὰ

1286 2961 1317 2990 et
1342 2960 1380 2989 τὰ
1407 2959 1538 2997 νεώτερα
1556 2957 1723 2997 ἀντίγραφα
1747 2957 1893 2987 nominat
1919 2957 2019 2987 schol.
2044 2957 2085 2987 ad
2109 2958 2190 2988 Nub.
2218 2962 2277 2990 508
2293 2983 2301 2997 ,

1286 3007 1411 3037 codices
1437 3005 1616 3043 intelligens
1635 3005 1756 3036 scholia
1780 3006 1831 3036 vel
1855 3008 1962 3036 vetera
1982 3006 2033 3036 vel
2055 3006 2196 3036 recentia
2213 3015 2303 3037 com·

1285 3054 1407 3093 plexos.
1428 3051 1591 3089 (Similiter
1612 3051 1656 3082 ih.
1682 3052 1721 3082 ad
1736 3061 1766 3082 ι’.
1787 3054 1864 3082 1423
1884 3061 1891 3081 z
1917 3052 2000 3092 παρὰ
2026 3053 2058 3083 δέ
2081 3064 2138 3082 τινι
2155 3056 2216 3083 τῶν
2233 3065 2302 3084 vam-

1283 3101 1378 3141 τέρων
1404 3099 1485 3129 κατὰ
1512 3098 1589 3131 λέξιν
1616 3098 1728 3133 οὕτως’
1758 3119 1799 3123 -
1823 3107 1886 3137 quo
1903 3098 2026 3128 schoiio
2049 3101 2158 3129 carent
2179 3099 2302 3130 codices

1284 3146 1411 3182 nostri.)
1435 3149 1581 3183 Quocum
1609 3145 1859 3183 comparandum
1882 3145 1967 3183 quod
1990 3145 2022 3174 in
2044 3144 2144 3174 schol.
2163 3145 2298 3175 Achai-n.

1288 3196 1363 3223 1182
1380 3191 1492 3230 legitur
1507 3192 1651 3232 γᾳίιςεται
1673 3192 1705 3222 δὲ
1721 3192 1817 3227 οὕτως
1832 3200 1896 3221 11011
1923 3191 1962 3221 de
1986 3191 2160 3230 scriptura,
2186 3191 2242 3221 sed
2262 3190 2300 3221 de

1283 3238 1547 3278 interpretatione
1570 3237 1704 3268 dicium.
1736 3239 1783 3268 Τὰ
1818 3238 2063 3279 ἐπιγεγραμμένα
2097 3237 2298 3267 Ἀπολλωνίου

1282 3285 1486 3325 ὑπομνήματα
1501 3285 1579 3315 citat
1595 3284 1695 3315 schol.
1712 3289 1768 3315 AV.
1789 3286 1875 3314 1242.
1901 3284 2092 3324 Ἀντίπατρον
2112 3283 2164 3312 καὶ
2188 3282 2299 3321 Edepo-

1282 3343 1343 3362 νιον
1361 3332 1390 3362 ἐν
1414 3334 1476 3366 τοῖς
1492 3331 1708 3370 ὑπομνήμασιν
1728 3330 1804 3361 ibid.
1824 3339 1855 3359 v.
1881 3332 1972 3360 1403.
1991 3330 2068 3364 Τοὺς
2093 3329 2298 3366 ὑπομνηματι-

1282 3380 1355 3414 στοὶς
1367 3379 1466 3410 schol.
1486 3383 1558 3417 LyS.
1572 3382 1643 3409 486.
1661 3379 1738 3413 Τοὺς
1762 3381 1815 3409 τοῦ
1830 3381 1970 3417 κωμικοῦ
1987 3375 2170 3416 σχολιαστάς
2186 3376 2297 3404 Eusta-

1282 3427 1365 3457 thius
1376 3426 1415 3456 ad
1428 3430 1593 3464 1101110111.
1611 3427 1697 3461 1483,
1711 3429 1760 3462 32,
1770 3424 1808 3455 311
1818 3424 1915 3454 schol.
1928 3423 2029 3462 Equit.
2041 3426 2099 3452 526
2110 3419 2292 3458 respiciens.
