2485 3808
878 247 1131 286 SCHOLIA
1167 248 1225 286 ΙΝ
1261 249 1527 297 EQUITES.

262 338 356 376 γῆρας
371 333 542 369 ἀποξύσασ·
560 333 689 373 εἰδυίῃσι
706 333 906 373 πραπίδεσσι,

261 380 407 421 φάρμακα
423 380 508 411 πόλλ’
524 380 630 419 ἒψουσ’
646 379 693 410 ἐπὶ
705 380 875 420 χρυσείοισι
893 380 1009 417 ὶεῧησι.

139 447 339 501 Φερεκύδης
352 447 388 485 δὲ
406 447 466 485 καὶ
485 447 680 497 Σιμωνίδης
693 448 749 485 τὸν
771 448 935 499 Ἰάσονα].

195 519 272 545 1323.
303 505 513 558 ἰοστεφάνοις
541 519 549 544 :

102 573 119 598 δ
138 564 260 603 λευκὸν
282 563 379 607 ἄνθος
397 564 456 601 καὶ
474 563 592 613 μέλαν.

194 636 271 661 1325-
303 621 492 675 Ἀριστείδῃ
521 622 727 674 πρότερον.
719 635 727 642 ·

139 679 296 734 φότεροι,
321 679 529 732 Ἀριστείδης
557 695 594 717 τε
616 683 633 717 ὁ
660 679 788 723 δίκαιος
814 680 1029 729 επικαλούμε
1016 695 1086 722 ενος
1111 695 1173 716 και

140 737 334 784 Μιλτιάδης
350 741 367 774 ὁ
387 753 534 789 στρατη
530 738 586 781 ός.
607 742 703 781 οὗτος
722 740 756 775 ἐν
784 741 973 790 Μαραθῶνι
999 737 1173 789 ἐστρατη-

138 810 236 846 γησε.
256 799 404 838 τοιοῦτος
422 799 497 842 οὐν,
516 796 631 848 φησὶν,
653 797 709 833 6³
691 799 798 846 οῆμος
814 796 872 834 καὶ
891 797 925 832 ἐν
946 794 1088 845 τοιαύτη
1109 810 1174 832 κα-

91 861 124 886 ¹0
138 853 327 903 ταστάσει,
349 857 452 897 οἱος’
435 870 477 900 ην
497 853 801 903 πολιτευομένι)’ν
786 853 934 891 εκείνων.

194 925 272 950 1327.
317 912 394 949 ἀλλ’
424 911 607 955 ὀλολύξατε
648 911 864 957 ;Εὔξασθε,
894 909 1173 962 ἀνευφημησατε·

139 969 199 1007 καὶ
213 967 374 1029 Ὅμηρος
395 975 455 1016 [ΙΙ.
475 978 511 1015 Ζ,
526 974 600 1015 301]
621 987 634 1002 «
650 968 687 1005 αι
706 969 734 1005 δ’
750 970 898 1020 ὀλολυγῇ
919 974 1079 1005 πᾶσαι.»

194 1041 270 1066 1329.
301 1031 343 1074 [ὠ
360 1027 417 1065 ταὶ
432 1027 606 1079 λιπαραὶ;
628 1027 711 1064 Ἀπὸ
729 1026 898 1079 Πινδάρου
921 1028 970 1076 (fr.
987 1027 1032 1076 46)
1050 1024 1174 1077 παρῴ-

140 1085 271 1136 δηται.]

192 1142 398 1196 ἀριζήλωτοι
430 1154 440 1181 :

137 1216 216 1238 των.

190 1271 269 1297 1331.
296 1257 534 1312 τεττιγοφόρος
566 1271 576 1298 1
620 1257 725 1302 Ἐθος
753 1252 794 1305 ἦν
825 1264 895 1302 τοῖς
923 1258 1110 1305 Ἀθηναίοις
1135 1256 1174 1295 τὸ

136 1316 298 1364 παλαιὸν,
319 1315 445 1361 τέττιξι
474 1319 615 1369 χρυσοῖς
645 1317 842 1354 ἀναδεῖσθαι
878 1316 940 1362 τὴν
973 1316 1103 1366 κόμην,
1129 1317 1174 1358 ὡς

135 1374 351 1421 Θουκυδίδης
368 1379 410 1422 [1,
427 1380 470 1422 6].
489 1374 577 1412 οὕτω
594 1373 629 1412 δὲ
650 1376 680 1412 οἱ
698 1375 842 1425 εὐγενεῖς
863 1374 1003 1427 ἐφόρουν
1017 1374 1076 1412 καὶ
1095 1374 1175 1411 παῖ-

83 1441 119 1467 20
135 1434 190 1477 δες
206 1433 265 1471 καὶ
284 1432 404 1485 ἄνδρες
418 1431 601 1475 πλέκοντες
619 1431 681 1478 τὴν
696 1432 862 1484 κεφαλήν.

190 1505 267 1530 1332.
295 1492 333 1528 οὗ
360 1494 518 1543 χοιρινῶν
551 1491 638 1535 ὄζων
674 1505 682 1530 :
710 1489 795 1529 ζὈτι
825 1490 992 1543 χοιρίναις
1020 1492 1173 1542 ἐχρῶντο

134 1549 301 1602 πρότερον
322 1550 390 1601 πρὸ
409 1552 477 1587 τῶν
498 1549 634 1602 ψήφων.
650 1549 716 1586 εἰσὶ
736 1549 772 1586 δέ
790 1565 876 1592 τινες
895 1548 1021 1599 κόγχαι
1038 1547 1172 1586 θαλάσ-

136 1623 220 1646 σιαι.
240 1608 396 1645 σπονδῶν
420 1607 474 1652 δὲ,
497 1609 559 1653 τῆς
578 1606 721 1659 εἰρήνης.
738 1631 790 1635 -
811 1606 1066 1649 κατάλειπτοςζ
1091 1608 1171 1644 Κα-

135 1665 343 1709 τάστακτος,
364 1665 506 1703 ἀπὸτοῦ
525 1665 734 1703 καταλείὸω.
759 1673 887 1703 Victor.

191 1735 268 1762 1:134.
297 1722 357 1760 καὶ
372 1724 451 1760 τούν
470 1725 661 1774 Μαραθῶνι
681 1736 690 1761 :
714 1722 863 1765 Εἰκότως
879 1721 1000 1760 τούτου
1015 1720 1171 1771 ε’μνημό-

135 1795 272 1827 νευσεν,
307 1781 424 1826 ἐπειδὴ
457 1780 629 1826 Ἀθηναῖοι
665 1780 761 1830 μόνοι
795 1781 830 1817 ἐν
862 1781 1053 1831 Μαραθωνι
1088 1794 1168 1820 τους

138 1837 336 1890 βαρὸάρους
363 1837 536 1883 ἐνίκησαν.
564 1841 586 1883 ἡ
606 1837 674 1890 γὰρ
697 1839 731 1874 ἐν
761 1839 938 1885 Σαλαμῖνι
962 1837 1037 1882 νίκη
1063 1853 1122 1874 και
1149 1839 1170 1881 ἧ

136 1897 172 1934 ἐν
191 1897 420 1938 Πλαταιαῖς’
405 1894 515 1933 εδόκει
529 1894 669 1933 κοινὸν,
654 1894 751 1947 ἔργον
772 1899 859 1932 εἰναι
878 1895 968 1932 πάντ
970 1911 1016 1931 ω]
1042 1893 1173 1939 ‘FU-rj—

135 1970 214 1992 νων.
293 1952 437 2002 Ἄλλως.
468 1952 570 2004 μόνον
603 1954 724 1991 τούτου
754 1952 946 2003 μέμνηται,
973 1953 1025 1991 ὅτι
1042 1951 1086 1990 τὰ
1110 1952 1171 2003 μὲν

85 2025 121 2051 3ο
136 2012 226 2050 ἄλλα
242 2011 496 2064 κατορθώματα
509 2014 605 2063 κοινῇ
624 2017 721 2049 πᾶσα
740 2014 761 2056 ἡ
781 2010 910 2054 Ἑλλὰς
926 2011 1067 2057 ἐποίησε
1081 2009 1173 2047 κατὰ

135 2072 203 2107 τῶν
224 2068 480 2121 βαρὸάρο)ν,“τὰ
498 2070 526 2107 δ’
541 2070 575 2106 ἐν
596 2071 787 2121 Μαραθῶνι
809 2068 905 2119 μόνοι
921 2069 1103 2114 Ἀθηναῖοι.

187 2126 387 2186 τροπαίου;
408 2129 481 2173 Τῆς
506 2126 596 2164 κατὰ
620 2129 688 2163 τῶν
716 2126 901 2178 βαροάρων
923 2126 1018 2171 νίκης
1035 2126 1094 2164 καὶ
1113 2141 1170 2164 του

136 2184 302 2237 τροπαίου
324 2189 430 2237 ουπερ
453 2184 603 2230 ἔστησαν
624 2186 657 2221 ἐν
688 2187 877 2236 Μαραθωνι
897 2199 1174 2235 καταναυμαχη-

138 2257 259 2286 σαντες
275 2241 395 2284 αὐτους
413 2241 487 2292 [και
506 2241 731 2287 νικήσαντες].

193 2313 274 2338 1335.
304 2293 333 2337 ‹f›
350 2299 485 2352 φίλτατ’
505 2300 640 2349 ἀνδρῶν
670 2311 679 2337 z
704 2299 764 2336 Ἐν
789 2297 919 2335 ἐκθέσει
945 2298 1067 2348 ἴαμὸοι
1098 2298 1171 2350 τρί-

139 2373 257 2429 μετροι
278 2357 527 2403 καταληκτικοι
547 2357 594 2394 οδ’
604 2387 614 2404 ,
642 2357 699 2394 καὶ
720 2356 808 2407 μετὰ
832 2356 872 2393 τὸ
899 2358 1094 2394 τελευταῖον
1113 2372 1172 2394 κο-

140 2431 240 2468 ρωνις
255 2417 277 2461 ἡ
297 2430 356 2452 του
374 2414 560 2485 δράματος.

191 2485 269 2511 1337.
299 2474 374 2510 ἀλλ’
391 2475 420 2510 ὠ
440 2472 553 2522 μέλε.
545 2485 553 2493 ·

136 2529 287 2569 ἔταττον.

191 2601 269 2626 1340.
298 2590 333 2626 ἐν
355 2590 398 2639 τῇ
419 2587 584 2640 ἐκκλησία
602 2601 610 2626 :
630 2586 678 2626 Εἴ
690 2603 741 2630 τις
762 2586 848 2640 πρὸς
865 2586 969 2638 χάριν
989 2586 1098 2638 λέγων
1112 2604 1171 2626 κο-

136 2645 314 2684 λακεύσειέ
331 2650 369 2683 σε
383 2647 463 2695 ἐρᾶν
476 2661 536 2684 σου
554 2645 858 2697 προσποιούμενος.
873 2644 1039 2689 τοιούτοις
1054 2645 1120 2698 γὰρ
1138 2648 1169 2684 οἱ

137 2703 324 2754 στρατηγοὶ
339 2703 542 2741 ἐκολάκευον
559 2703 615 2741 τὸν
636 2704 744 2753 δῆμον
766 2702 927 2755 ῥήμασιν.

189 2773 268 2799 1344.
296 2760 523 2812 ἀνωρτάλιζες
554 2761 836 2812 εἘμετεωρίζου
866 2760 925 2797 καὶ
946 2759 1037 2811 μέγα
1064 2761 1168 2813 ἐφρό-

138 2832 215 2861 νεις.
234 2817 257 2864 ἢ
275 2818 350 2856 ἀντὶ
362 2821 422 2856 τοῦ
439 2818 678 2871 ἀνεκουφίζου,
695 2820 830 2870 ὠρχοῦ,
851 2818 1002 2870 ἐπῄρου,
1022 2818 1081 2855 καὶ
1101 2834 1168 2856 τα-

88 2883 124 2907 ⁴5
139 2874 228 2926 χέως
246 2875 418 2918 ἐπίστευες
439 2876 519 2928 πρὶν
540 2876 739 2926 δοκιμάσαι.
758 2876 948 2929 ὄρταλίζειν
974 2876 1010 2913 δὲ
1032 2876 1170 2926 λέγεται

141 2931 198 2969 ἐπὶ
221 2934 288 2969 τῶν
307 2933 505 2984 ἀρχομένων
531 2932 851 2986 ἀναπτερύσσεσθαι
875 2934 1028 2986 ὀρνίθων·
1084 2933 1169 2972 Ἄλ-

140 2989 218 3031 λως.
249 2988 318 3040 ὅρω
349 2989 421 3026 ἐστὶ
441 2992 535 3041 ῥῆμα
567 2993 764 3043 βαρυτονον.
787 2990 878 3028 ἔνθεν
897 2997 908 3037 [
928 2999 1021 3028 Hom.
1051 2997 1090 3030 11.
1119 2993 1169 3038 M,

140 3050 216 3091 279]
252 3063 268 3079 «t
303 3043 358 3082 ὅτε
388 3046 417 3082 τ’
435 3045 542 3098 ὤρετο
565 3047 712 3097 μητιέτα
743 3047 838 3090 Ζεύς.
865 3066 881 3080 »
902 3049 960 3101 ἀφ’
994 3043 1032 3086 οὗ
1061 3048 1169 3098 ὄνομα

143 3101 332 3154 ῥηματικὸν
348 3101 468 3154 ὄρτος,
495 3104 554 3141 καὶ
575 3106 664 3156 ὄρτῶ
690 3108 796 3157 ῥῆμα.
824 3105 863 3143 τὸ
894 3105 930 3142 δὲ
962 3107 1051 3157 ὀρτῶ
1075 3109 1169 3156 ῥῆμα

90 3174 125 3199 50
140 3163 233 3198 ποιεῖ
251 3160 290 3197 τὸ
321 3159 460 3212 ὀρτίζω,
483 3161 581 3198 καὶ’
566 3178 601 3199 εν
619 3164 828 3215 πλεονασμῶ
847 3166 909 3209 τῆς
928 3164 974 3201 αλ
997 3164 1171 3209 συλλαὸἧς

141 3218 320 3271 ὃρταλίζω.
351 3219 448 3264 δηλοῖ
475 3217 510 3255 δὲ
540 3219 579 3256 τὸ
607 3222 666 3271 ὀρτ
654 3221 745 3265 αλιΓ
747 3237 794 3258 ειν
818 3222 858 3258 τὸ
886 3224 1109 3274 ἀναρριπτεῖν
1126 3221 1170 3259 τὰ

142 3275 248 3322 νήπια
267 3278 334 3313 τῶν
349 3275 514 3320 παιδίων,
545 3280 651 3314 otov’
635 3277 766 3328 ορούειν
790 3282 899 3316 ποιεῖν
919 3282 964 3322 εἷς
981 3279 1075 3332 ὕψος.
1102 3295 1170 3317 κα-

140 3348 312 3385 τεχρωντο
330 3331 366 3370 δὲ
385 3335 427 3384 τῇ
451 3332 539 3377 λέξει
566 3334 624 3371 καὶ
649 3334 705 3373 ἐπὶ
721 3335 829 3382 ἄλλης
844 3337 1027 3384 κινήσεως,
1049 3337 1170 3383 ἥντινα

145 3389 212 3428 ἔδει
224 3391 402 3429 κινεῖσθαι.

571 503 635 558 Ἴῳ
655 506 954 558 στεφανουμέναις.
974 507 1024 544 ἴον
1051 505 1087 544 δὲ
1114 505 1174 543 καὶ

746 621 896 674 Αριστοι
925 622 1079 673 ἐγένοντο
1099 624 1172 671 ἀμ-

474 1141 645 1194 Πλήρεις,
680 1141 702 1189 ἢ
739 1142 909 1193 γέμουσαι
941 1139 1174 1194 κατορθωμά-

89 1155 120 1180 15

83 1729 118 1754 25

87 2312 121 2336 35

571 2471 658 2511 Τὸ
639 2465 666 2509 ῶ
688 2471 772 2522 με’λε
789 2473 850 2510 οὐκ
871 2471 927 2509 ἐπὶ
949 2471 1172 2523 βλασφημίας

84 2599 120 2623 ⁴0

2218 262 2263 293 75

1287 336 1511 389 κάκερουτίας
1545 336 1650 383 ;Τὴν
1686 338 1838 390 κεφαλὴν
1870 338 2034 382 ἀνέτεινες
2066 339 2164 386 δίκην
2197 343 2264 378 τῶν

1233 394 1471 446 κερατοφόρων
1495 394 1602 447 ζῴων,
1632 394 1683 432 ὅτι
1717 397 1829 443 εὐειδῆ
1860 397 1988 448 γίνεται
2019 397 2264 450 μετεωρίζοντα

1233 450 1295 496 τὴν
1314 452 1477 504 κορυφήν.
1500 453 1600 498 δηλοῖ
1626 453 1661 490 δὲ
1692 454 1730 491 τὸ
1750 470 1906 506 γαυριαν.
1928 457 1972 498 ὡς
1990 455 2131 508 ἔλαφος,
2149 472 2264 508 φησιν,

1232 509 1386 558 ἠγάλλου
1419 513 1490 552 τοῖς
1521 509 1672 561 κέρασιν.
1702 512 1770 550 ἀπὸ
1804 512 1838 550 δὲ
1862 515 1929 550 τῶν
1962 513 2262 574 κερατοφυούντων

1232 569 1254 611 ἡ
1289 566 1343 604 λέ’
1330 582 1386 611 ς.ις
1419 567 1494 614 ἑξης
1525 572 1581 606 οὖν
1613 574 1671 607 τοῦ
1705 570 1914 623 πτερόφυτον
1949 575 2023 608 εἰπε
2048 572 2086 609 τὸ
2121 588 2262 625 κερατο-
2281 590 2297 612 5

1233 627 1339 676 φυεῖν.

1288 695 1364 720 1317.
1394 681 1637 726 ἐξεπετάννυτο
1659 697 1666 722 :
1690 685 1779 722 Ἀντὶ
1801 688 1858 722 τοῦ
1880 685 2086 736 ἐξηνοίγετο,
2108 687 2264 726 τουτέστι

1235 739 1357 791 ῥαδίως
1378 740 1512 777 ἐπείθου
1529 746 1599 784 τοῖς
1617 741 1767 792 λέγουσι.

1287 811 1364 835 13⁴8.
1394 797 1547 836 σκιάδιον
1581 812 1589 837 :
1617 800 1815 851 Σκέπασμά
1848 817 1898 846 τι,
1929 800 2013 853 ὅπερ
2039 803 2073 838 αἱ
2102 804 2263 852 γυναῖκες

1233 854 1290 904 [αἱ
1313 854 1500 907 κανηφόροι
1515 861 1596 894 Vict.
1600 858 1638 907 ]
1628 873 1724 909 παρα
1740 862 1795 895 τοῒ
1795 875 1809 902 ς
1826 859 2013 905 Αθτναίοις
2041 859 2159 910 ἔχουσι
2180 865 2263 898 θεω-

1234 927 1355 963 ρουσαι
1381 915 1451 959 [εἷς
1467 913 1510 951 τα
1531 915 1729 953 Ἐλευσίνια
1748 919 1866 953 Victor.
1880 921 1891 963 ]
1919 918 2004 971 ὑπὲρ
2023 923 2080 956 τοῦ
2107 920 2154 970 μὴ
2176 920 2265 958 καίε-

1233 973 1311 1007 σθαι
1328 986 1388 1014 τας
1402 971 1494 1024 ὄφεις
1508 972 1573 1010 ὑπὸ
1590 989 1649 1012 του
1667 974 1764 1021 ηλίου
1794 976 1979 1014 ἐκτείνεται
1996 977 2032 1014 δὲ
2049 994 2107 1015 και
2125 994 2227 1016 συστε
2222 978 2264 1015 ’λ-

1232 1029 1329 1066 λεται
1343 1029 1426 1081 πρὸς
1442 1046 1499 1068 τον
1521 1033 1768 1082 κατεπείγοντα
1788 1034 1920 1086 καιρόν.

1288 1100 1370 1127 1352.
1401 1093 1786 1143 καταμισθοφορησαι·

2283 873 2316 898 10

1817 1095 1879 1136 Εἷς
1910 1093 2029 1143 μισθον
2067 1095 2263 1145 ἀναλῶσαι,

1234 1145 1354 1194 μισθὸν
1376 1147 1506 1185 διδόναι
1527 1149 1560 1185 ἐν
1588 1152 1631 1199 τῇ
1653 1150 1821 1203 ἐκκλησία
1848 1167 1907 1188 και
1927 1157 1996 1195 τοῖς
2015 1153 2262 1204 δικαστηρίοις,

1231 1218 1288 1241 τον
1314 1205 1510 1243 δικαστικον
1529 1206 1587 1244 καὶ
1607 1208 1904 1254 ἐκκλησιαστικόν.
1929 1210 2225 1263 [παραδραμὼν
2208 1226 2263 1258 οε,

1232 1263 1548 1313 παρευδοκιμησας.
1552 1263 1567 1318 ]

1288 1334 1366 1360 1354.
1396 1321 1430 1359 τί
1454 1321 1595 1366 κύπτεις
1617 1337 1626 1362 t

2284 1165 2316 1189 15

1649 1323 1711 1367 Ὡς
1739 1325 1977 1394 αἰσχυνθέντος
2006 1326 2122 1364 αὐτοῦ.
2153 1327 2203 1363 δεῖ
2227 1325 2263 1364 δὲ

1231 1392 1319 1415 νοειν
1335 1394 1386 1416 οτι
1414 1381 1470 1418 ὃ
1452 1395 1558 1430 οημος
1583 1381 1740 1427 ἀκηκοὼς
1765 1386 1874 1420 ταῦτα
1897 1383 1962 1420 ὑπὸ
1982 1385 2094 1427 αἰδοῦς
2113 1383 2263 1421 κατέκυ-

1231 1451 1295 1473 πτε
1312 1437 1370 1474 καὶ
1390 1439 1437 1481 εἰς
1461 1454 1523 1484 την
1549 1455 1612 1489 γην
1634 1441 1760 1483 ἀτενῶς
1779 1439 1907 1478 οἰπέὸλς
1895 1456 1974 1478 επεν
1994 1440 2192 1491 αἰδούμενος
2214 1441 2264 1494 ἐφ’

1231 1487 1310 1536 ῑος’
1296 1493 1404 1532 εδόκει
1422 1495 1470 1546 μὴ
1491 1497 1585 1533 καλ
1561 1513 1606 1540 ως
1624 1496 1798 1550 πράττειν.

1284 1552 1361 1603 οὐχὶ
1391 1557 1481 1591 κατὰ
1508 1553 1625 1606 χώραν
1648 1556 1743 1606 μενεῖ
1744 1569 1790 1598 ς;

1231 1609 1290 1648 καὶ
1309 1611 1458 1662 ἡσυχίαν
1478 1612 1636 1663 σχήσεις

1286 1681 1364 1707 1358.
1407 1669 1586 1723 ξυνήγορος
1613 1683 1621 1710 :

1239 1732 1366 1765 Ποῖον.

1287 1797 1364 1823 1360.
1395 1786 1424 1822 εἰ
1463 1784 1511 1835 μὴ
1540 1785 1802 1838 καταγνώσεσθε

1231 1842 1290 1879 καὶ
1319 1843 1582 1881 καταδικάσετε.

1286 1913 1362 1937 1362.
1398 1902 1445 1943 εἰς
1474 1900 1513 1938 τὸ
1547 1900 1716 1953 βάραθρον
1751 1915 1760 1941 :
1795 1901 1910 1944 Τόπος
1943 1900 2105 1948 Ἀθήνησι
2137 1901 2260 1953 βαθὺς,

1231 1956 1316 1995 ὅπου
1336 1958 1394 1995 καὶ
1414 1958 1492 2002 τοὺς
1514 1959 1662 2010 Δαρείου
1681 1959 1842 2010 πρέσὸεις
1863 1959 1999 1998 ἔὸαλον.
2020 1959 2136 1997 πάντα
2162 1960 2198 1997 δὲ
2219 1959 2262 1997 τὰ

1232 2015 1303 2052 ἐκεῖ
1322 2016 1519 2066 βαλλόμενα
1540 2018 1653 2069 ἀφανῗΙ
1671 2016 1790 2054 ἐποίει.
2280 2032 2314 2056 3ο

1286 2086 1365 2112 1363.
1395 2075 1433 2111 ἐκ
1466 2077 1525 2111 τοῦ
1558 2074 1727 2125 λάρυγγος
1762 2088 1777 2112 :⁷
1802 2073 1892 2113 ”Οτε
1929 2073 1995 2126 γὰρ
2032 2074 2261 2112 κατεπόντουν

1230 2146 1341 2176 τινας,
1358 2131 1462 2183 βάρος
1481 2131 1549 2169 ἀπὸ
1565 2148 1634 2169 των
1653 2131 1868 2203 τραχηλων’
1853 2131 2018 2183 εκρέμων.
2037 2132 2129 2182 [ἀντι
2148 2131 2183 2169 δὲ
2203 2136 2261 2170 τοῦ

1232 2188 1389 2225 εἶπεῖνλί
1381 2192 1460 2235 flou,
1481 2189 1526 2227 Ὗ
1532 2212 1551 2226 ι.
1528 2189 1696 2241 -έρὲολον
1717 2193 1823 2227 εἶπεν.
1828 2194 1839 2234 ]
1856 2189 2012 2240 φαίνεται
2034 2188 2068 2226 δε
2087 2193 2104 2227 ὁ
2125 2189 2261 2241 Ὑπέρ-

1232 2244 1365 2287 mm*
1343 2261 1410 2291 ηοη
1431 2219 1549 2289 είσὲας
1569 2248 1615 2290 εἷς
1631 2246 1694 2292 τὴν
1713 2247 1899 2284 πολιτείαν.
1920 2246 2097 2297 λέγεται
2079 2246 2113 2284 οὲ
2133 2246 2262 2298 ὶάρυγξ

1231 2302 1289 2339 καὶ
1309 2303 1450 2355 φάρυγξ.
2279 2317 2312 2342 35

1290 2374 1369 2400 1366.
1399 2365 1480 2404 ναῦς
1519 2361 1698 2399 ἐλαύνουσι
1745 2360 1881 2413 μακρὰς
1920 2374 1928 2400 :
1972 2361 2162 2412 Πολεμίας.
2200 2361 2261 2405 τὰς

1231 2417 1379 2471 τριήρεις
1412 2418 1449 2456 δέ
1480 2435 1576 2471 φησι.
1601 2419 1646 2457 τὰ
1675 2418 1710 2457 δὲ
1743 2418 1937 2472 στρογγύλα
1970 2420 2075 2456 πλοῖα
2106 2419 2260 2471 φορτηγά

1231 2478 1326 2513 εἰσιν.

1284 2547 1364 2572 1368.
1395 2534 1600 2578 ὗπολίσποις
1633 2547 1642 2573 :
1678 2536 1724 2573 Οἱ
1752 2533 1818 2586 γὰρ
1848 2534 2018 2580 Ἀθηναῖοι
2045 2533 2170 2578 πάντες
2199 2535 2259 2571 λε-

1230 2591 1309 2629 πτοὶ
1329 2590 1516 2643 ἐτύγχανον
1536 2592 1579 2629 τὰ
1599 2592 1740 2630 ὀπίσθια
1761 2592 1828 2629 ἀπὸ
1849 2591 2006 2637 Θησέως.
2028 2591 2203 2629 ὑπόλισπα
2223 2591 2258 2629 δὲ
2276 2602 2330 2627 40v

2282 1456 2316 1482 20

1813 1557 1890 1595 Οὐκ
1916 1556 1973 1594 ἐπὶ
2003 1559 2128 1594 σαυτοῦ
2152 1563 2263 1607 μενεῖς

1653 1670 1862 1723 Προστάτης
1893 1670 1979 1724 ὑπέρ
2010 1687 2110 1709 τινων
2138 1671 2260 1722 λέγων.

2281 1745 2315 1769 25

1835 1799 1844 1825 2
1873 1788 1918 1825 Εἰ
1951 1785 1998 1837 μὴ
2026 1788 2261 1839 κατακρινεῖτε

1229 2648 1274 2686 τὰ
1312 2649 1536 2702 τετριμμένα.
1580 2653 1700 2692 κοινῶς
1735 2653 1816 2700 γοῦν
1854 2649 1932 2692 τοὺς
1967 2650 2162 2695 Ἀθηναίους
2201 2651 2259 2686 λι-

1231 2706 1413 2758 σπόπυγοίς
1446 2723 1542 2759 φασι.
1578 2708 1636 2745 καὶ
1665 2707 1876 2744 πλάττονται
1906 2706 1962 2744 τὸν
2000 2706 2080 2757 περὶ
2112 2706 2257 2752 Θησέως

1232 2769 1349 2815 μ’ὗθον,
1381 2765 1432 2802 ὅτι
1467 2766 1652 2814 ἑλκόμενος
1681 2765 1747 2803 ὑπὸ
1784 2769 1844 2803 τοῧ
1881 2765 2092 2817 Ἡρακλέους
2121 2764 2259 2802 κατέλι-

1230 2837 1293 2859 πεν
1314 2822 1370 2859 ἐπὶ
1389 2822 1451 2868 τὴν
1476 2822 1604 2874 πέτραν
1625 2823 1687 2868 τὴν
1716 2823 1843 2872 πυγήν.
1864 2826 1921 2859 νῦν
1943 2822 1977 2860 δὲ
2007 2822 2137 2865 οἰκείως
2165 2817 2256 2859 εἶπεν

1230 2880 1287 2916 ε’πὶ
1315 2882 1382 2917 τῶν
1413 2879 1622 2931 ἐρεσσόντων
1655 2880 1711 2917 διὰ
1742 2880 1804 2925 τὴν
1839 2879 2006 2931 καθέδραν
2031 2879 2256 2929 λεπτοπύγων
2273 2891 2309 2916 45

1229 2936 1348 2975 ὄντων.
1428 2935 1570 2978 Ἄλλως.
1605 2936 1858 2986 ἐστενωμένοις.
1886 2940 2043 2973 τοιαῦται
2068 2936 2102 2974 δὲ
2132 2938 2167 2973 αἱ
2191 2952 2258 2974 πυ-

1229 3010 1288 3044 γαι
1305 3010 1373 3031 των
1388 3009 1518 3031 ναυτων
1535 2993 1591 3031 διὰ
1607 3010 1669 3040 την
1686 2998 1811 3045 συνεχῆ
1827 2993 1927 3045 ἕδραν
1942 2993 2000 3031 καὶ
2019 2993 2178 3045 εἰρεσίαν.

1285 3064 1363 3089 1369.
1392 3052 1427 3088 ἓν
1454 3051 1637 3103 καταλόγω
1670 3065 1678 3090 ;
1712 3052 1774 3090 Ἔν
1806 3055 1854 3089 τῶ
1885 3051 2028 3089 καταλό
2018 3067 2087 3104 tq),
2117 3055 2151 3090 ἐν
2184 3055 2254 3094 τοῖς

1229 3107 1330 3144 πίναΣ
1316 3124 1374 3154 ιν,
1403 3108 1453 3159 ἐφ’
1483 3112 1530 3145 ὡν
1562 3108 1742 3160 ἐνέγραφον
1773 3124 1841 3146 των
1871 3108 2188 3161 ἐκστρατευομένων
2213 3109 2256 3147 τὰ

1230 3165 1396 3215 ὀνόματα.
1429 3167 1613 3203 ἐκαλουντο
1627 3165 1710 3235 γὰρ
1740 3166 1940 3217 κατάλογοι.
1972 3165 2077 3217 [κατὰ
2107 3166 2255 3209 σπουδας
2274 3176 2307 3200 ⁵0

1231 3221 1284 3269 δὲ,
1302 3222 1392 3259 κατὰ
1409 3222 1514 3259 ἄλλου
1532 3223 1696 3268 σπουδήν.
1699 3224 1713 3273 ]

1285 3293 1364 3318 1372.
1393 3279 1450 3316 τὸν
1480 3278 1684 3330 πόρπακα.
1714 3281 1834 3324 Δειλὸς
1863 3279 1930 3332 γὰρ
1959 3280 2018 3317 καὶ
2056 3279 2218 3331 ῥίψασπις
2237 3281 2255 3316 ὁ

1232 3335 1449 3385 Κλεώνυμος.
1467 3331 1522 3386 [οὑ
1541 3337 1600 3374 καὶ
1620 3338 1654 3374 ἐν
1676 3337 1858 3408 Νεφέλαιςῖ
1866 3336 2065 3387 μέμνηται]

1284 3407 1360 3432 1373.
1389 3395 1458 3430 οὐδ’
1478 3393 1669 3445 ἀγοράσει·
1692 3397 1745 3433 Οὐ
1764 3398 1823 3431 νῦν
1843 3396 1876 3432 3v
1894 3396 2003 3445 ἀγορα
2021 3393 2200 3444 διατρίψει.
