2533 3808
241 191 313 223 210

238 265 462 316 λοκοκκυγίαν
479 262 677 313 ὠνόμασαν.
699 259 772 297 ἀλλ’
794 256 871 295 οὐδὲ
891 256 1019 301 ταύτην
1043 253 1188 305 ἀνενόχλ
1181 268 1270 300 ητον
1299 262 1306 270 “

239 335 338 370 ἐῶσιν
361 333 391 367 οἱ
413 328 595 373 Ἀθηναῖοι.
622 323 760 374 μάντεις
781 321 865 398 γὰρ
867 320 926 358 καὶ
942 317 1212 371 χρησμολόγοι
1198 332 1275 354 <002-

239 409 343 439 τωσι,
357 390 475 429 λαέεῖν
496 405 529 426 τι
549 386 651 440 βου)
634 400 760 436 ομενοι·
781 386 815 421 ἐν
831 387 878 426 οῖς
898 398 957 420 και
978 380 1113 419 Μέτων.
1132 383 1224 417 οὗτοι
1242 377 1277 416 δὲ

239 458 363 498 πάντες
380 453 646 503 ἀποπέμπονται
667 450 849 501 ἄπρακτοι.
861 445 1092 484 τελευταῖον
1074 459 1109 482 05
1120 442 1277 489 καὶθεοι,

203 536 219 560 5
240 519 295 558 διὰ
324 519 362 556 τὸ
387 517 433 568 μὴ
458 518 579 554 ἐᾶσθαι
613 514 670 552 τὸν
701 527 832 551 καπνον
864 526 930 548 Ιτων
963 508 1093 583 ἱερείων
1127 506 1278 551 ἀνιέναι,

238 585 330 620 λιυ.ω
350 579 563 633 φθειρόμενοι
579 574 828 630 πρεσδεύονται
848 589 932 626 προς
947 588 1021 615 τους
1037 571 1182 623 ὄρνιθας.
1206 573 1223 607 ὁ
1241 568 1278 606 δὲ

239 644 365 687 σκοπὸς
380 647 438 681 τοῦ
459 642 633 695 δράματος
647 670 656 686 ,
674 641 834 690 διασῦραι
859 636 964 674 πάλιν
984 651 1062 678 τους
1083 632 1279 679 Ἀθηναίους

238 711 283 751 ὡς
320 705 523 760 φινοδίκους.
553 707 574 750 ἡ
604 703 640 741 δὲ
675 700 784 748 σκηνὴ
815 703 848 739 ἐν
876 698 1017 751 πέτραις
1048 697 1107 734 καὶ
1139 695 1278 748 ὀρνέοις.

238 771 382 847 ἐγράφη
400 769 437 807 δὲ
467 767 554 819 μετὰ
582 766 639 804 τὸν
672 763 893 810 Ἀλκιὸιάδην
930 762 996 799 υπὸ
1024 777 1086 807 της
1120 761 1281 808 Σαλαμι-

189 846 221 871 10
240 834 313 876 νίας
328 848 411 876 νεως
432 847 593 882 μεταπεμ
596 832 741 881 φθῆναι,
759 826 814 865 δια
829 826 891 872 τὴν
902 840 1051 878 περικοπ
1054 823 1094 871 ὴν
1111 839 1179 861 των
1197 822 1280 873 Ἕρ-

241 900 328 947 μῶν,
347 911 407 933 και
427 900 543 947 φυγεῖν
560 895 605 936 εἷς
620 891 875 941 Λακεδαίμονα,
879 889 897 942 ]]

726 998 790 1035 IV.

450 1106 1076 1163 ΑΡΙΣΤΟΦΑΝΟΥΣ

569 1237 869 1276 ΓΡΑΜΜΑΤΙΚ
876 1235 955 1273 ΟΥ.

351 1344 418 1383 Διὰ
439 1343 501 1386 τὰς
524 1343 619 1385 δίκας
639 1341 819 1394 φεύγουσιν
837 1339 979 1385 Ἀθήνας
999 1337 1058 1375 δύο
1077 1337 1175 1380 τινές·

353 1408 385 1446 οἳ
403 1408 488 1459 πρὸς
504 1407 560 1444 τὸν
580 1407 712 1452 ἔποπα,
732 1405 789 1442 τὸν
809 1403 993 1453 λεγόμενον
1014 1401 1152 1454 Τηρέα,

353 1472 505 1514 ἐλθόντες
523 1470 667 1523 ἠρώτων
684 1467 918 1522 ἀπραγμόνων
939 1466 1052 1505 πόλιν.

197 1563 228 1587 15
354 1531 400 1580 εἷς
420 1537 447 1574 δ’
458 1536 546 1588 ὅρνις
563 1535 667 1572 ἔποπι
688 1536 880 1585 συμπαρὼν
902 1531 990 1581 μετὰ
1009 1530 1176 1569 πλειόνων

352 1602 490 1645 πτηνῶν
509 1598 682 1644 διδάσκει,
702 1596 734 1633 τί
752 1595 865 1633 δύνατ’
884 1594 1024 1647 ὀρνίθων
1044 1593 1160 1645 γένος,

353 1662 412 1699 καὶ
431 1664 504 1704 πῶς
520 1661 578 1698 ἐάν
597 1676 663 1712 περ
678 1658 770 1697 κατὰ
791 1659 895 1709 μέσον
911 1658 968 1695 τὸν
986 1656 1071 1709 ἀέρα

353 1726 451 1764 πόλιν
466 1725 629 1770 κτίσωσι,
648 1726 716 1761 τῶν
737 1725 821 1760 θεῶν
840 1721 884 1759 τὰ
901 1721 1094 1774 πράγματα

355 1790 451 1827 αὐτοὶ
466 1788 720 1841 παραλήψοντ’.
740 1789 778 1825 ἐκ
797 1786 833 1825 δὲ
848 1787 946 1824 τοῦδε
969 1785 1153 1839 φαρμάκου

197 1873 231 1897 :0
354 1852 525 1904 πτέρυγάς
541 1853 570 1888 τ’
587 1850 732 1889 ἐποίουν·
749 1849 900 1896 ἠξίωσαν
914 1849 942 1886 δ’
962 1850 992 1886 οἱ
1012 1848 1100 1895 θεοὶ,

358 1915 510 1952 ἐπίθεσιν
532 1916 570 1952 οὗ
592 1913 718 1966 μικρὰν
732 1915 875 1965 δρῶντες
893 1911 1093 1963 γενομένην.

659 2027 848 2049 ——eqwo—
868 2032 873 2035 .

494 2107 751 2151 SCHOLIA
786 2108 842 2149 IN
877 2106 1043 2149 AVES.

326 2222 492 2271 ,Ὀρθὴν
515 2220 664 2264 κελεύεις
680 2234 687 2259 ;
707 2219 773 2272 [Ἥ
791 2220 934 2262 εἴσθεσις
946 2222 1005 2256 τοῦ
1021 2218 1187 2269 παρόντος
1205 2218 1289 2271 δρά-

256 2297 361 2332 ματος
381 2280 504 2324 εὒθυςε

254 2355 311 2391 χοι
330 2339 413 2377 εἶσιν
425 2338 583 2388 ιαμὸικοι
599 2336 1024 2390 τρίμετροιάκατάληκτοι
1041 2351 1084 2382 ση
1101 2340 1166 2383 ,ὡν
1182 2337 1241 2373 τελ
1244 2351 1293 2373 ευ-

203 2419 237 2443 25
257 2401 351 2440 ταῖΟς

506 2278 769 2330 ξᾶμοῑεαίων
747 2294 892 2330 αρΙΞταΙ.
902 2293 1110 2324 ΤᾫΟσωπων.
1127 2280 1156 2314 01.
1168 2277 1202 2314 δε
1218 2293 1291 2314 στι·-

531 2487 821 2528 ἔσὸαινεκάνέγειρε
831 2488 885 2524 τὴν
900 2487 1026 2524 ἀηδόνα.

261 2578 294 2613 ἐν
313 2574 457 2613 εἷσθέσει
472 2573 507 2612 δὲ
525 2572 614 2623 μετὰ
628 2572 686 2610 τὸν
703 2572 772 2626 ρξα’
791 2571 909 2623 στίχον
930 2574 1041 2609 κῶλον
1059 2572 1220 2621 ἷαμὸικὸν
1233 2589 1296 2622 μο-

260 2633 424 2685 νόμετρον
451 2631 796 2684 βραχυκατάληκτον,
821 2630 880 2667 καὶ
901 2630 988 2680 μετὰ
1007 2630 1064 2667 τὸν
1088 2631 1158 2682 pq(
1183 2630 1295 2682 ἕτερον

261 2691 378 2740 ὅμοιον
410 2690 618 2742 μονόμετρον
647 2688 900 2735 ἀκατάληκτον.
931 2688 987 2725 ἐπὶ
1012 2691 1061 2740 τῷ
1081 2687 1171 2725 τέλει
1192 2689 1297 2733 διπλῆ

210 2771 245 2799 30
264 2749 327 2793 ἔξω
346 2748 554 2800 νενευκυῖα]
608 2751 708 2785 τοῦτο
723 2746 815 2796 λέγει
830 2745 913 2783 δτδν
931 2746 1062 2783 κολοιὸν
1079 2745 1188 2797 φέρων
1203 2747 1247 2788 ὡς
1264 2747 1297 2782 ἐν

266 2806 412 2858 ἀπόπτῳ
427 2805 564 2857 δένδρου
582 2805 670 2848 τινὸς
689 2804 783 2846 ὄντος
801 2804 860 2841 καὶ
883 2807 943 2840 τοῦ
961 2804 1094 2841 κολοιοῦ
1112 2803 1299 2852 σημαίνον-

265 2880 320 2908 τος
339 2865 414 2902 κατ’
443 2865 552 2902 ἐκεῖνο
574 2861 792 2916 πορεύεσθαι.
813 2860 1000 2907 πεποίηται
1026 2860 1061 2898 δὲ
1081 2860 1124 2898 τὰ
1146 2861 1299 2910 ὀνόματα

266 2926 333 2960 τῶν
361 2922 617 2974 πρεσὸυτέρων,
636 2923 684 2973 τῷ
703 2919 763 2970 μὲν
787 2919 884 2973 παρὰ
906 2919 944 2956 τὸ
963 2919 1160 2968 πείθεσθαι,
1190 2921 1238 2970 τῷ
1265 2918 1299 2955 δὲ

267 2979 364 3031 παρὰ
379 2980 417 3017 τὸ
436 2974 472 3016 εῧ
493 2979 582 3031 ἔχειν
601 2981 669 3017 τῶν
685 2977 846 3017 ἐλπίδων.
871 2998 915 3003 -
930 2980 976 3020 ὡς
994 2979 1026 3014 ἐν
1049 2977 1196 3029 ἀπόπτῳ
1214 2976 1301 3020 τινὸς

217 3058 251 3085 35
271 3038 408 3089 δένδρου
428 3040 541 3083 ὄντος,
560 3037 620 3075 καὶ
638 3040 698 3075 τοῦ
718 3037 852 3074 κολοιοῦ
873 3035 1100 3086 σημαίνοντος
1114 3036 1201 3081 δῆτα
1226 3036 1301 3085 μετ’

271 3098 379 3133 ἐκεῖνο
396 3098 618 3147 πορευθῆναι.
637 3104 695 3133 Br.

324 3168 351 3191 2.
379 3152 441 3198 ἥδε
460 3153 488 3189 δ’
509 3147 551 3190 αῧ
572 3152 695 3205 κρώζει
713 3166 722 3190 :
747 3154 862 3190 Τοῦτο
880 3153 898 3188 ὁ
919 3150 982 3197 τὴν
1001 3150 1157 3203 κορώνην
1176 3150 1300 3203 φέρων,

273 3213 379 3254 ὡςεῖς
394 3210 586 3247 τούναντίον
603 3213 651 3262 τῷ
667 3211 791 3261 κολοιῷ
815 3208 1139 3260 παρακελευομένης
1157 3208 1303 3259 πορεύε-

274 3271 364 3307 σθαι.
384 3267 423 3305 τὸ
441 3267 506 3320 γὰρ
522 3268 625 3305 πάλιν
646 3267 720 3305 ἀντὶ
736 3271 794 3304 τοῦ
812 3269 857 3310 εἷς
876 3267 1040 3304 τούπίσω.
1054 3267 1112 3304 καὶ
1129 3268 1162 3303 ἐν
1176 3267 1302 3308 ἄλλοις.

224 3351 257 3378 40
276 3325 391 3378 κράζει
413 3327 459 3368 εἷς
477 3325 628 3362 τούπίσω
651 3325 787 3362 ἄπελθε.
843 3324 1081 3374 πλανύττομεν
1112 3338 1121 3362 t
1151 3323 1302 3362 Πλανώ-

1024 167 1285 213 SCHOLIA
1321 167 1379 205 IN
1414 167 1576 206 AVES.

1335 257 1434 303 μεθα.
1456 255 1617 302 κωμικῶς
1635 252 1669 290 δὲ
1684 252 1875 290 ἐκτέταται.
1897 277 1948 281 --
1973 253 2034 299 ἥδε
2054 252 2081 290 δ’
2115 248 2158 290 αὖ
2186 266 2194 291 :
2223 252 2367 305 Κορώνη

1335 310 1543 360 κελευομένη
1555 312 1602 353 εἷς
1620 311 1827 349 τούναντίον.
1850 322 1911 351 Br-

1389 382 1416 406 4.
1446 368 1713 420 προφορουμένω
1741 384 1749 408 :
1774 374 1882 423 Δεῦρο
1908 373 2047 408 κάκεῖσε
2075 368 2298 422 πορευόμενοι
2324 366 2379 412 εἶς’

1336 426 1514 465 τάναντία.
1532 431 1780 478 προφορεῖσθαι
1790 429 1856 482 γὰρ
1870 430 2009 479 λέγεται
2026 429 2063 466 τὸ
2080 428 2292 480 παραφέρειν
2312 427 2369 465 τὸν

1338 498 1493 534 στημονα
1511 490 1578 527 τοῖς
1596 485 1816 535 διαζουένοις.
1840 510 1890 515 -
1945 488 2056 530 ἄλλως
2078 500 2086 524 :
2106 486 2231 536 μάτην.
2253 494 2291 522 R.
2308 493 2369 525 ΒΓ.
2390 498 2406 521 5

1336 557 1554 612 προςρορρυμε
1541 542 1630 581 ζῑνω
1648 536 1734 581 ’Ὧδε
1748 548 1888 583 κάκεῖσε
1905 546 2138 598 πορευόμενοι.
2153 555 2212 585 Br.

1391 614 1417 637 5.
1447 600 1486 637 τὸ
1506 600 1533 638 δ’
1556 599 1640 649 ἐμεε
1663 602 1741 639 Οὐκ
1763 601 1892 648 εὔηθες.
1911 612 1971 640 Br-

1391 671 1418 695 6.
1452 659 1570 708 (πλεῖν
1600 658 1621 704 ἢ
1653 658 1749 710 χίλια
1786 673 1795 698 2
1829 659 1966 706 Ἀττικὴ
1995 663 2017 706 ἦ
2048 667 2168 712 κρᾶσις
2194 663 2252 697 τοῦ
2269 659 2373 696 πλέον

1338 717 1470 765 πλεῖν.)
2270 758 2280 766 „

1393 774 1554 846 7.[το’
1527 791 1544 812 0
1573 773 1634 825 ἐμὲ
1655 777 1779 814 κολοιι)
1803 790 1811 815 :
1832 774 1946 815 ‘'‘Ott
1934 792 1951 813 ο
1974 775 2037 826 μὲν
2054 776 2190 813 κολοιον
2216 775 2370 827 ἐκράτει,
2394 793 2426 817 ιο

1339 849 1429 870 ωστε
1450 833 1556 877 δεῖξαι
1577 836 1668 886 αυτῷ
1691 817 1789 881 δῆθέν
1810 851 1872 881 την
1895 833 1981 887 πρὸς
2001 833 2045 871 τὰ
2069 834 2172 887 ὄρνεα
2191 833 2280 871 ὁδόν·
2305 836 2322 870 ὃ
2340 833 2374 870 δὲ

1341 906 1493 942 κορωνην
1519 891 1575 928 διὰ
1602 891 1664 938 τὴν
1690 892 1824 944 χρείαν.
1855 892 1905 930 διὸ
1925 908 1985 930 και
2006 891 2204 967 μέμφονται
2221 893 2377 941 ἑαυτοῖς,

1341 964 1394 986 οτι
1416 949 1456 995 δὴ
1473 951 1541 993 τοῖς
1558 951 1682 1003 ὀρνέοις
1702 951 1947 995 πιστεύσαντες
1968 951 2106 1004 μακρὰν
2135 950 2297 997 διηνυσαν
2317 950 2376 988 καὶ

1341 1007 1438 1045 οὔπω
1471 1008 1510 1046 τὸ
1530 1009 1736 1060 ζητούμενον
1767 1014 1876 1062 ευρον.
1911 1011 2054 1048 Ἀττικω
2087 1009 2122 1047 δὲ
2154 1009 2220 1047 ἔθει
2243 1010 2377 1061 εἴρηται

1341 1069 1452 1103 ταῦτα
1480 1068 1693 1114 ἀναπόδοτα,
1714 1071 1759 1111 ὣς
1776 1069 1835 1106 καὶ
1853 1070 1886 1106 ἐν
1904 1050 2075 1120 Νεφέλαις
2097 1072 2174 1114 [268]
2399 1087 2432 1112 15

1393 1130 1427 1161 τὸ
1442 1131 1473 1161 δὲ
1485 1132 1526 1170 μὴ
1540 1135 1631 1168 κυνῆν
1645 1132 1762 1163 οἴκοθεν
1776 1132 1928 1172 ἐλθεῖνέμὲ
1938 1133 1990 1163 τὸν
2001 1130 2200 1171 κακοδαίμον’
2214 1131 2336 1171 ἔχοντα.

1341 1182 1467 1218 νοεῖται
1484 1182 1550 1234 γὰρ
1567 1183 1687 1227 ἔξωθεν
1707 1183 1746 1220 τὸ
1763 1185 1823 1220 οὐκ
1843 1181 2009 1230 εὔηθες,ἢ
2024 1184 2061 1219 οὗ
2072 1181 2203 1234 μωρίας
2220 1180 2337 1228 πλέον,
2355 1181 2378 1227 ἤ

1340 1254 1373 1276 τι
1388 1244 1531 1279 τοιοῦτο.
1552 1261 1597 1266 --
1613 1240 1650 1277 τὸ
1668 1241 1696 1277 δ’
1718 1239 1778 1290 ἐμὲ
1797 1255 1805 1279 :
1824 1243 1875 1279 Οὐ
1897 1241 2028 1293 μωρίας
2045 1240 2171 1278 πλέων.
2194 1239 2272 1292 Dr]

1394 1310 1423 1335 8.
1455 1299 1718 1343 ἀποσποδῆσαιε
1730 1298 1819 1336 Αντι
1811 1303 1889 1336 ιτοῦ
1902 1299 2078 1351 ἀφανίσαι.
2089 1299 2225 1343 ἀπὸτῆς
2239 1299 2379 1336 σποδοῦ·

1343 1354 1430 1400 αὕτη
1444 1354 1510 1407 γὰρ
1527 1355 1681 1407 ἀφανίζει
1699 1355 1760 1401 τὴν
1775 1356 2047 1408 προϋπάρξασαν
2067 1357 2151 1403 ύλην
2169 1359 2236 1394 τῶν
2255 1355 2374 1399 ξύλων.
2395 1371 2432 1396 20

1345 1412 1378 1462 (ἢ
1399 1414 1637 1464 ἀποκροῦσαι,
1659 1413 1842 1466 ἀφανίσαι,
1860 1413 2071 1464 τυπτόμενον
2088 1414 2198 1451 ἐκὸαλ
2201 1419 2261 1451 εῖν.
2273 1416 2283 1463 )

1398 1484 1439 1508 10.
1470 1471 1635 1508 ἐντευθενὶ
1654 1471 1716 1518 τὴν
1736 1471 1873 1523 πατρίδ’
1904 1486 1913 1511 1
1933 1473 2241 1525 Ἐρωτηματικῶς.
2266 1471 2383 1510 δύναιο

1344 1528 1372 1565 δ’
1396 1528 1435 1565 ἂν
1457 1530 1607 1567 ἐντεῦθεν
1627 1529 1690 1575 τὴν
1709 1530 1860 1583 πατρίδα
1881 1532 1982 1577 ἰδεῖν,
2004 1531 2191 1582 (τουτέστι)
2203 1530 2264 1573 τὰς
2281 1530 2380 1577 Ἀθή-

1343 1603 1414 1630 νας.
1432 1590 1476 1630 ὡς
1496 1586 1584 1625 πολὺ
1602 1587 1637 1625 δὲ
1657 1588 1901 1640 ἀφεστηκότων
1917 1589 2029 1627 ταῦτά
2046 1604 2162 1642 φησιν.

1399 1659 1441 1682 11.
1471 1644 1717 1693 Ἐξηκεστίδης
1738 1659 1746 1685 :
1763 1649 1894 1685 Τοῦτον
1912 1650 1957 1690 ὣς
1976 1646 2066 1691 ξένον
2081 1646 2306 1685 διαὸάλλουσι
2323 1646 2382 1684 καὶ
2400 1658 2436 1684 25

1344 1702 1473 1740 πλάνον
1498 1702 1579 1751 (τὰς
1605 1703 1700 1747 ὁδοὺς
1731 1703 1948 1754 γινώσκειν).
1985 1706 2017 1742 οἱ
2043 1703 2110 1756 γὰρ
2139 1703 2224 1748 ξένοι
2250 1705 2382 1754 μᾶλλον

1344 1761 1441 1798 ἴσασι
1470 1761 1530 1804 τὰς
1555 1761 1661 1805 ὁδούς.
1693 1764 1812 1812 (τοῦτο
1845 1764 1873 1800 δ’
1895 1762 1935 1800 ἂν
1957 1763 2010 1809 εἴη
2031 1762 2246 1814 μεμνημένος
2270 1763 2329 1800 καὶ
2349 1764 2383 1800 ἐν

1345 1821 1415 1862 τοῖς
1434 1819 1570 1866 ἔπειτα,
1589 1819 1645 1857 διὰ
1664 1820 1792 1857 τούτων
1811 1822 1890 1871 [764]

1489 1879 1514 1909 εὶ
1531 1879 1563 1909 δὲ
1576 1878 1678 1914 δεῦλὸς
1695 1879 1759 1909 ἐστι
1773 1880 1825 1910 καὶ
1842 1880 1921 1920 Καρ,
1936 1880 2040 1920 ὥσπερ
2056 1879 2280 1916 Ἐξηκεστίδης.

1347 1924 1420 1962 ἔστι
1437 1924 1472 1962 δὲ
1489 1924 1549 1962 καὶ
1568 1924 1679 1976 ἕτερος
1697 1926 1759 1944 *⁴¹*
1780 1944 1794 1958 «
1812 1925 1901 1976 ἔχων
1921 1925 2028 1978 λύραν
2045 1925 2142 1978 ἔργον
2159 1924 2306 1969 Εὐδόξου
2330 1940 2385 1962 τι-
2405 1942 2439 1967 30

1347 1981 1455 2019 ταίνει
1477 1982 1616 2034 ψίθυρον
1643 1982 1747 2029 εὐήθη
1770 1982 1887 2032 νόμον.
1907 2002 1922 2016 u
1945 1983 2118 2033 μέμνηται
2138 1982 2174 2021 δὲ
2194 1984 2298 2021 αὐτοῦ
2327 1984 2386 2021 καὶ

1349 2041 1521 2090 Πολέμων
1547 2042 1581 2077 ἐν
1601 2043 1650 2091 τῷ
1667 2040 1814 2092 δευτέρῳ
1839 2040 1919 2093 περὶ
1945 2045 2006 2087 τῆς
2034 2041 2214 2087 Ἀθήνησιν
2239 2041 2387 2093 Ἐρατο-

1349 2097 1484 2140 σθένους
1513 2097 1699 2147 ἐπιδημίας
1725 2097 1849 2149 λέγων.
1872 2101 1889 2136 ὃ
1909 2097 1944 2136 δὲ
1962 2098 2221 2145 Ἐξηκεστίδης,
2238 2102 2388 2151 κιθαρῳ-

1350 2154 1404 2197 δὸς
1420 2154 1628 2201 πυθιονίκης.
1648 2161 1725 2207 νικᾷ
1746 2155 1780 2192 δὲ
1802 2155 1862 2193 καὶ
1888 2156 1945 2193 τὸν
1971 2159 2040 2194 τῶν
2073 2156 2252 2209 Καρνείων
2273 2158 2392 2207 ἀγῶνα

1349 2211 1406 2249 τὸν
1424 2214 1458 2249 ἐν
1475 2212 1733 2263 Λακεδαίμονι,
1753 2213 1813 2250 καὶ
1827 2213 2058 2260 Παναθήναια
2074 2214 2135 2258 δίς.
2207 2212 2350 2258 Ἄλλως.
2370 2217 2387 2252 ὃ
2407 2227 2442 2253 35

1352 2270 1598 2318 Ἐξηκεστίδης
1614 2273 1660 2313 ὡς
1680 2270 1769 2315 ξένος
1787 2272 2019 2324 κωμῳδεῖται.
2037 2272 2097 2310 καὶ
2116 2271 2292 2326 Φρύνιχος
2310 2275 2388 2311 Μο-

1351 2328 1507 2381 νοτρόπῳ

1477 2392 1626 2432 μεγάλους
1643 2393 1790 2430 πιθήκους
1803 2394 1860 2424 οἶδ’
1876 2394 1994 2435 ἑτέρους
2004 2395 2086 2431 τινὰς
2096 2395 2205 2434 λέγειν,

1476 2440 1610 2477 Λυκέαν,
1622 2440 1747 2478 Τελέαν,
1761 2440 1962 2480 Πείσανδρον,
1981 2441 2206 2478 Ἐξηκεστίδην.

1478 2485 1656 2524 ἀνωμάλους
1677 2486 1764 2521 εἶπας
1777 2487 1922 2522 πιθήκους
1936 2488 1991 2502 ***
2409 2494 2445 2520 40

1477 2531 1494 2560 ὁ
1511 2531 1564 2569 μέν
1575 2541 1609 2569 γε
1625 2531 1736 2569 δειλὸς,
1751 2532 1767 2562 ὁ
1780 2532 1811 2562 δὲ
1823 2532 1936 2570 κόλαξ,
1954 2532 2010 2548 ”*

1477 2577 1494 2606 ὁ
1509 2577 1540 2606 δὲ
1553 2577 1669 2614 νόθος.)

1411 2647 1454 2671 12.
1485 2632 1527 2669 σὺ
1556 2632 1617 2682 μὲν
1644 2627 1672 2670 δ’)
1691 2640 1754 2670 τᾶν

1356 2689 1394 2727 τὸ
1410 2690 1501 2739 οἴμοι
1518 2690 1594 2728 ὁδὸν
1616 2691 1744 2741 βάδιζε.

1414 2761 1456 2786 13.
1490 2749 1570 2797 (οὑκ
1588 2751 1655 2785 τῶν
1686 2747 1811 2800 ὀρνέων
1840 2762 1849 2787 t

1778 2648 1786 2672 :
1808 2633 1950 2678 Παίζων
1977 2634 2073 2686 φησί.
2096 2635 2251 2673 τουτέστι
2267 2635 2328 2686 τὴν
2347 2639 2393 2680 εἷς

1875 2748 1966 2786 Ἀντὶ
1986 2753 2046 2787 τοῦ
2068 2749 2304 2801 ὀρνεοπώλων.
2328 2750 2392 2789 Δί-
2411 2764 2446 2789 45

1358 2807 1462 2855 δυμος
1483 2805 1537 2851 δὲ,
1563 2805 1656 2843 δεινὰ
1675 2806 1819 2858 φάσκειν
1837 2806 1959 2849 αὐτοὺς
1977 2809 2016 2844 ἐκ
2034 2810 2102 2845 τῶν
2123 2808 2247 2860 ὀρνέων
2263 2824 2393 2846 πεπον-

1359 2863 1469 2909 θέναι,
1491 2863 1564 2900 ἐπει
1584 2863 1725 2916 Ὀρνεαι
1749 2867 1808 2909 τῆς
1833 2867 2039 2911 Λακωνικης
2064 2867 2142 2905 εἰσι.
2164 2864 2232 2904 mii>
2251 2867 2323 2904 δὲ’
2308 2869 2392 2904 ετῶν

1359 2921 1387 2958 δ’
1418 2923 1532 2964 κακῶς
1557 2921 1670 2972 περὶι
1661 2921 1870 2959 Μαντίνειαν
1903 2921 2128 2970 ἀπήλλαξαν,
2157 2925 2203 2967 ὡς
2234 2924 2294 2962 καὶ
2318 2941 2395 2968 τους

1360 2977 1572 3049 στρατηγούς
1589 2978 1778 3017 ἀποὸαλειν
1793 2979 1942 3031 Λάχητα
1957 2981 2016 3018 καὶ
2036 2980 2286 3034 Νικόστρατον,
2303 2984 2394 3021 καθὰ

1360 3051 1419 3073 και
1439 3035 1636 3087 Ἀνδροτίων
1657 3037 1771 3089 φησίν.
1839 3036 1983 3082 Ἄλλως
2002 3037 2054 3076 ὅτι
2073 3054 2180 3083 ουτως
2201 3038 2315 3090 ἔλεγον
2335 3041 2394 3079 καὶ
2413 3058 2449 3084 ⁶0

1361 3093 1419 3132 ἐπὶ
1437 3096 1504 3131 τῶν
1515 3093 1642 3140 τόπων,
1657 3094 1732 3131 ἀντι
1745 3100 1803 3133 τοῦ
1820 3095 2067 3147 ὀρνεοπωλίων,
2083 3097 2149 3147 [ὥς
2162 3100 2229 3135 τῶν
2247 3101 2396 3152 χυτρῶν,

1362 3151 1438 3188 ἀντι
1453 3155 1511 3188 τοῦ
1531 3152 1812 3204 χυτροπωλίι)ν].
1834 3157 1855 3199 ἡ
1873 3153 1944 3191 δὲ’
1925 3153 2082 3206 αναφορὰ
2099 3153 2165 3206 πρὸ
2180 3154 2220 3192 τὸ
2240 3155 2395 3208 Ὁμηρι-

1361 3208 1420 3246 κὸν
1438 3209 1521 3258 [Οά.
1543 3211 1586 3255 N,
1604 3222 1655 3247 ⁴07
1674 3215 1721 3256 ]«
1707 3211 1831 3257 «δήεις
1856 3210 1914 3249 τόν
1939 3227 1977 3262 γε
1997 3211 2116 3249 σύεσσι
2139 3211 2356 3263 παρήμενον,
2379 3233 2393 3248 n

1360 3266 1516 3304 τούτεστι
1531 3268 1677 3318 συφεοῖς.
1697 3268 1772 3315 ἓξῆς
1788 3273 1844 3307 οὐν
1863 3269 1983 3319 ἐπάγει
2003 3287 2018 3302 κ
2037 3271 2073 3306 αἱ
2093 3268 2127 3307 δὲ
2140 3268 2302 3319 νέμονται
2322 3270 2395 3324 πὰρ

1361 3323 1506 3375 κόρακος
1522 3324 1642 3376 πέτρη
1663 3326 1692 3375 υ)
