2533 3808
205 233 279 266 572

202 317 300 361 Reg.
317 308 429 359 Apud
450 305 691 344 Aristotelem
708 330 716 344 ‚
741 300 867 346 ταύτης
894 300 1008 338 πάντα
1029 300 1071 338 τὰ
1097 301 1208 354 φύλλα

202 375 276 411 ταῖς
297 371 433 406 λοιπαῖς
449 363 579 405 ἐλαίαις
607 360 744 398 ἐναντία
773 359 935 410 πέφυκεν.
957 381 1007 387 --
1026 374 1072 395 2ο
1093 359 1209 403 ἕξω-

200 426 306 463 λευκοί
323 424 450 461 addita
472 434 518 457 ex
536 423 580 456 V.
600 427 636 455 et
656 418 783 455 Suida.
803 440 853 446 —·
877 432 919 453 21
957 418 1078 470 χλωρά
1106 419 1210 468 apud

200 482 455 521 Aristotelem.
474 501 526 506 —-
544 491 591 513 22
616 475 833 528 συμμέτρους
862 490 938 512 om.
967 477 1082 513 Paris.
1117 480 1208 527 Reg.

199 540 311 590 Apud
330 536 573 574 Aristotelem
593 532 799 584 συμμέτρως
813 562 822 580 ,
849 533 956 569 libris
982 534 1209 582 quibusdam

200 596 417 648 συμμέτρους
435 592 706 645 praebentibus.
727 615 767 621 —
785 594 832 627 23
863 590 994 642 καρπὸν
1025 595 1071 629 R.
1096 596 1143 630 V.
1165 593 1209 629 Θ.

200 657 345 701 Suidas,
368 668 443 690 om.
468 652 552 689 Ald.
572 651 686 688 Paris.
706 654 798 698 Reg.
824 649 927 702 φυτὸν
948 648 1065 686 λαβὼν
1093 652 1109 686 ὃ
1131 649 1208 701 Ἡρ.

199 713 433 752 Aristoteles.
449 736 489 741 -
507 717 554 754 24
575 707 762 746 πλέκονται
783 708 898 744 Paris.
924 711 1029 757 Reg,
1050 709 1114 757 qui
1139 708 1209 744 ad—

199 774 294 809 dunt
312 770 375 814 ἔξω
396 768 431 806 δὲ
444 799 453 816 ,
475 770 537 805 οὐκ
558 766 651 808 ἐντὸς
670 767 737 802 τῶν
756 763 894 817 φύλλων
922 763 994 815 ἔχει
1012 763 1050 801 τὸ
1075 764 1210 813 λευκόν,

199 830 333 866 ceteris
349 824 668 864 οιηί55ἰ5.ἐδίδοντο
689 823 837 859 Suidas.
856 821 947 860 ἔστιν
966 823 1116 859 R.—25
1133 823 1211 873 περὶ

197 886 255 924 τὸν
276 890 323 924 G.
345 886 391 923 Θ.
413 884 492 920 Ald.
519 881 680 920 Ἰλισσόν.
704 885 746 917 In
770 882 839 917 hac
861 882 1051 930 scriptura
1074 881 1209 917 vitiosa

197 944 439 981 consentiunt
459 941 547 978 libri
567 939 782 978 Aristotelis
800 947 837 975 et
860 939 1009 976 Snidas.
1033 939 1212 976 Scriben-

197 1004 286 1039 dum
312 1015 398 1038 cum
414 1003 558 1036 Hemst.
578 997 765 1035 Ἐλίσσονα
784 998 841 1033 vel
862 997 992 1046 potius
1006 997 1211 1043 Ἑλίσσονα,

197 1074 310 1110 quem
342 1059 500 1095 fluvium
532 1058 570 1093 in
596 1057 783 1106 Alpheum
813 1055 972 1091 influere
999 1063 1146 1091 constat
1167 1069 1211 1091 ex

197 1121 383 1156 Pausania
405 1131 440 1163 2,
468 1130 526 1162 12,
549 1130 586 1162 2,
604 1115 671 1151 ubi
692 1112 867 1152 Ἑλισσών
892 1113 1072 1149 scribitur
1092 1112 1211 1157 ὀξυτό-

197 1192 273 1218 νως.
296 1174 469 1212 Ἓλίσσων
486 1172 508 1218 ἢ
526 1172 680 1210 ἽΞλισσα
701 1180 857 1207 vocatur
882 1170 930 1207 ab
959 1171 1147 1208 Strabone
1168 1170 1210 1220 82,

198 1249 235 1285 p.
259 1233 345 1270 338.
380 1236 498 1269 D1Nn.
523 1228 918 1280 σταδίους-ἀπέχουσα
950 1243 1026 1265 om.
1064 1230 1210 1266 Suidas.

198 1292 339 1330 σταδίου
363 1295 408 1328 R.
438 1293 501 1335 V.‚
525 1302 601 1324 non
623 1289 667 1326 Θ.
698 1304 712 1319 «
735 1286 929 1338 ςΕξ-ίριοῖντα
961 1288 1073 1323 etiam
1110 1287 1212 1337 apud

197 1351 455 1389 Aristotelem.
473 1352 513 1385 In
534 1348 744 1384 stadiorum
760 1359 920 1382 numero
937 1346 1100 1382 finiendo
1118 1346 1213 1381 mul-

199 1418 276 1445 tum
299 1409 378 1445 abit
397 1408 515 1444 schol.
539 1406 734 1443 Theocriti
760 1409 796 1451 4,
821 1418 838 1450 7

198 1461 294 1508 οἶτος
311 1469 342 1516 <5
364 1464 606 1515 Ὀλυμπιακὸς
626 1463 805 1514 στέφανος)
828 1463 867 1498 ἐκ
888 1464 948 1506 τῆς
968 1462 1174 1503 καλλιστοῦς
1191 1460 1212 1505 ἢ

864 1419 871 1440 :
895 1405 1054 1452 ἀγνοοῦσι
1081 1401 1115 1439 δὲ
1132 1433 1140 1448 ,
1163 1402 1214 1439 ὅτι

198 1525 473 1576 καλλιστεςράνου
496 1523 612 1564 ἐλαίας
629 1521 810 1571 γενόμενος
829 1520 981 1566 δίδοται,
1000 1519 1075 1565 ἥτις
1093 1519 1215 1569 ἀπέχει

199 1582 347 1620 σταδίων
372 1580 480 1628 ὀκτὼ,
502 1579 547 1622 ὥς
567 1595 669 1632 φησιν
689 1576 938 1630 Ἀριστοτέλης.
962 1578 1065 1624 Quin
1087 1586 1215 1614 autem

198 1642 260 1677 hic
274 1642 492 1678 scholiastes
507 1652 551 1676 ex
563 1638 768 1675 Aristotele
784 1638 831 1673 sit
843 1636 1114 1682 emendandus,
1132 1637 1215 1673 ideo

199 1714 275 1736 non
293 1699 442 1735 dubitat
464 1702 676 1742 Kusterus,
702 1695 806 1746 quod
825 1694 990 1740 ἑξήκοντα
1020 1695 1134 1730 ctiam
1162 1695 1215 1730 le-

199 1766 310 1808 gatur
324 1758 425 1807 apud
445 1756 686 1793 scholiastam
702 1754 980 1803 Aristophanis.
1005 1753 1100 1789 Mihi
1126 1766 1214 1789 sen-

201 1817 318 1852 tentia
337 1816 449 1864 longe
466 1815 537 1851 alia
556 1814 659 1850 sedet
680 1828 687 1849 ε
712 1821 752 1849 ut
774 1813 876 1848 enim
896 1812 1090 1848 Theocriti
1108 1812 1216 1848 seho-

201 1875 316 1910 liastae
330 1887 438 1910 suum
452 1871 542 1909 ὂκτὼ
556 1872 721 1908 libenter
735 1871 923 1919 relinquo,
938 1869 989 1905 sic
1006 1869 1215 1905 stadiorum

199 1945 400 1968 numerum
421 1931 458 1966 in
475 1939 606 1966 nostro
623 1938 736 1978 atque
751 1928 951 1964 Aristotele
967 1928 1086 1975 magis
1105 1928 1214 1963 etiam

199 1991 444 2026 imminutum
485 1989 611 2024 velim.
645 1986 832 2036 Equidem
863 1986 972 2022 valde
1001 1986 1092 2021 mihi
1124 1998 1215 2034 per-

199 2049 360 2093 suadeo,
385 2062 404 2084 a
427 2047 657 2097 philosopho
678 2046 826 2098 venisse
846 2044 1002 2086 σταδίους
1022 2043 1054 2087 §i
1074 2074 1083 2091 ,
1111 2044 1218 2093 cujus

199 2108 343 2144 voculae
366 2108 489 2157 prima
518 2106 625 2141 litera
654 2117 770 2153 quum
800 2104 900 2139 sorte
927 2104 1169 2149 evanuisset,
1203 2101 1218 2145 ξ

200 2179 272 2216 pro
292 2166 440 2202 numeri
462 2165 569 2213 siguo
591 2163 661 2199 suit
675 2171 896 2211 acceptum,
919 2170 956 2198 et
974 2162 1125 2211 peperit
1140 2160 1219 2206 ἑξή-

199 2239 317 2261 κοντα.
337 2228 418 2261 Jam
436 2224 466 2259 si
490 2237 533 2259 ex
553 2222 774 2272 propinquo
792 2229 960 2270 notoque
978 2221 1064 2256 loco
1093 2221 1220 2256 deter-

200 2282 380 2319 minanda
395 2282 442 2318 sit
465 2280 621 2317 oleastri
639 2279 833 2328 Olympici
853 2279 961 2315 sedes
974 2308 983 2325 ,
1007 2287 1131 2314 utram
1150 2285 1220 2314 sta—

200 2341 352 2377 diorum
403 2339 706 2389 designationem
757 2337 997 2373 commodius
1045 2338 1220 2374 instituto

200 2399 432 2449 respondere
458 2399 581 2442 dicas,
607 2411 671 2434 sex
692 2410 737 2433 au
760 2397 978 2445 sexaginta?
997 2409 1079 2432 eam
1103 2397 1220 2432 ratio-

200 2472 287 2494 nem
317 2458 441 2506 quivis
476 2457 606 2502 facile,
630 2456 690 2491 vel
717 2468 775 2490 me
808 2463 953 2490 tacente
971 2483 980 2501 ,
1013 2455 1220 2504 collegerit.

201 2521 344 2552 HEMST.
370 2519 429 2551 τοῦ
456 2518 614 2562 ποταμοῦ
641 2513 740 2559 Ald.,
766 2521 809 2548 ut
837 2513 937 2561 apud
965 2514 1219 2550 Aristotelem.

201 2597 252 2603 —
269 2587 315 2620 27
335 2572 574 2610 scribebatur
593 2570 735 2620 θίγοντι.
751 2593 799 2598 -
813 2584 861 2618 29
881 2580 917 2606 et
932 2573 1128 2620 sequentia
1147 2585 1222 2608 om.

203 2633 316 2668 etiam
349 2633 393 2668 Θ.
414 2652 465 2658 ——-
495 2631 541 2666 32
578 2629 757 2665 Gelenius
783 2629 1119 2679 καταρρητορευΟείς.
1148 2630 1221 2667 Sed

202 2686 517 2741 καταρρητορεύσει
546 2689 596 2722 ita
619 2686 801 2735 explicari
828 2694 953 2735 potest
976 2700 982 2721 :
1003 2700 1090 2721 nam
1111 2689 1221 2734 figu-

203 2763 284 2784 ram
319 2753 425 2784 istam
460 2747 675 2791 Chremylus
689 2749 883 2780 oratoriam
924 2746 1093 2780 adversus
1121 2747 1223 2780 Pau—

200 2816 380 2856 pertatem
413 2804 658 2852 intorquebic,
705 2813 740 2839 el
772 2813 963 2851 superatus
1004 2805 1097 2839 diret
1126 2818 1136 2837 .·
1171 2804 1223 2839 sic

204 2874 329 2902 autem
360 2864 527 2913 intellige
547 2892 556 2909 ,
575 2865 634 2907 τῆς
668 2862 815 2904 Πενίας·
843 2862 900 2897 sin
932 2870 1108 2911 quartum
1156 2875 1222 2897 ca-

205 2938 285 2960 sum
303 2923 519 2967 addideris,
547 2920 861 2973 καταρρητορεύσει
885 2920 945 2966 τὴν
976 2921 1104 2958 Πενίαν
1122 2951 1130 2967 ,
1158 2935 1223 2958 ca-

206 2983 385 3031 piendum
414 2982 486 3017 erit
511 2981 581 3017 hoc
603 2989 713 3030 pacto
739 2980 911 3016 :artibus
943 2989 980 3016 et
1011 2994 1114 3017 more
1135 2994 1223 3016 ora—

208 3049 331 3076 torum
350 3040 501 3076 Peniam
524 3038 687 3087 depellet
703 3052 745 3075 ac
767 3038 923 3087 rejiciet.
947 3041 1093 3074 HEMST.
1115 3067 1155 3071 -
1177 3039 1223 3082 48

210 3112 265 3147 sq.
288 3097 378 3135 οὕτω
398 3097 456 3134 καί
477 3112 526 3138 τις
554 3099 599 3134 Π.
624 3098 794 3134 Eustath.
819 3097 865 3133 ad
886 3098 1044 3146 Dionys.
1074 3097 1219 3145 Perieg.

208 3170 244 3192 v.
266 3157 353 3202 463,
371 3154 435 3191 ubi
458 3155 569 3190 ducta
587 3156 758 3191 locorum
774 3169 792 3191 a
816 3156 957 3204 plantis
973 3155 1225 3192 arboribusve

210 3215 361 3250 uomina
377 3221 560 3261 recenset,
578 3213 666 3248 dum
684 3215 759 3250 l'ere
777 3222 947 3250 nostrum
966 3222 1223 3250 enarratorcm

210 3272 392 3308 exscribit
413 3272 506 3320 [imo
526 3271 727 3308 scholiasta
747 3273 986 3309 Eustathium
1006 3272 1219 3321 exscripsit.

211 3331 369 3380 Dmn.]‚
396 3331 474 3367 haec
501 3340 644 3376 tamen,
675 3333 710 3366 iu
747 3332 884 3381 quihus
912 3331 1053 3382 aliquid
1083 3332 1225 3367 haerere

217 3387 295 3426 vitii
326 3389 564 3426 manifestum
593 3398 669 3436 est,
692 3391 827 3426 omisit.
862 3393 1036 3440 Auguror
1066 3390 1219 3427 iuterciv

947 214 1243 253 ADNOTATIO
1272 214 1323 251 ΙΝ
1354 213 1526 252 SCHOL.

1270 303 1370 339 disse
1390 315 1522 338 vocem
1545 295 1630 343 οἶνος
1653 317 1660 338 ;
1682 301 1770 339 οὕτω
1787 303 1846 341 καί
1865 320 1914 347 τις
1943 297 2029 346 οἶνος
2050 301 2254 344 Πιτυοῦσιος
2273 318 2280 325 ·

1269 361 1465 397 Πιτυοῦντα
1484 372 1575 395 vero
1590 359 1760 409 intelligo
1777 363 1837 406 τῆς
1852 364 2043 414 Παριανῆς,
2059 362 2165 411 cujus
2180 360 2284 410 apud

1271 417 1494 454 Strabonem
1517 418 1662 453 mentio
1689 418 1746 461 13,
1767 431 1801 467 p.
1822 421 1909 466 880,
1924 424 1965 467 C,
1987 422 2024 456 in
2047 434 2124 469 quo
2150 427 2283 464 tractu,

1270 476 1335 525 qui
1367 476 1501 511 vitium
1536 475 1625 511 satis
1660 475 1786 521 ferax,
1817 477 1907 514 urbs
1933 492 2086 528 quoque
2122 475 2282 515 Πιτύεια.

1271 534 1374 580 Quin
1398 542 1434 569 et
1456 538 1689 583 Lampsacus
1710 534 1747 569 in
1770 535 1993 584 propinquo
2013 537 2083 572 sita
2102 536 2191 572 olim
2213 548 2285 584 ap-

1271 592 1516 642 pellationem
1537 591 1671 627 habuit
1693 593 1911 628 Ηιτυοῦσσαν
1928 607 1935 615 ·
1964 607 2086 642 neque
2114 595 2284 643 ignotum

1271 659 1328 686 est
1358 651 1490 686 vinum
1528 653 1856 708 Lampsacenum&
1890 650 2060 699 illudque
2099 651 2286 701 oppidum

1271 708 1515 745 Themistocli
1538 707 1720 744 tributum
1740 709 1786 749 εἷς
1806 710 1909 744 οἶνον.
1926 709 2050 744 Multo
2068 709 2195 758 plures
2215 721 2286 744 au-

1273 776 1345 804 tem
1368 775 1404 803 et
1424 768 1597 815 regiones
1620 774 1657 802 et
1674 765 1788 802 urbes
1809 779 1856 802 ex
1878 767 1988 816 copia
2010 767 2169 816 pinuum
2188 766 2286 803 idem

1272 826 1440 863 induisse
1459 838 1596 861 nomen
1618 832 1777 860 constat.
1804 827 1951 861 HEMST.
2298 816 2307 823 ⁵

1329 885 1415 932 589.
1436 887 1517 920 Hoc
1535 896 1690 932 quoque
1713 882 1885 918 scholion
1906 882 2009 933 (quo
2039 890 2142 918 caret
2173 882 2287 918 etiam

1273 943 1333 992 Θ.)
1353 942 1603 979 recentissimi
1625 949 1680 977 est
1699 941 1961 989 grammatici,
1991 941 2148 977 sortasse
2169 941 2289 990 ipsius

1273 1003 1419 1038 Musuri
1434 1030 1443 1047 ,
1476 1009 1516 1037 ut
1546 1001 1616 1036 alia
1648 999 1878 1048 hujusmodi.
1923 1003 2125 1050 Sumptum
2161 1007 2286 1035 autem

1274 1061 1476 1096 maximam
1506 1068 1652 1109 partem
1674 1066 1729 1093 est
1747 1071 1794 1093 ex
1827 1058 2026 1094 Eustathio
2051 1057 2098 1094 ad
2133 1060 2288 1094 Homer.

1273 1133 1310 1168 p.
1338 1120 1423 1155 125.
1457 1122 1578 1155 Dum.
1611 1118 1753 1166 Regius
1774 1118 1852 1153 haec
1873 1131 1880 1152 :
1903 1117 1955 1154 Τὸ
1981 1115 2098 1168 λήροις
2127 1133 2149 1163 η
2180 1116 2289 1168 γράφε

1272 1175 1331 1212 καὶ
1353 1176 1401 1226 μὴ
1421 1175 1600 1227 δίφθογγον
1617 1204 1627 1224 ,
1648 1176 1693 1217 ὡς
1707 1174 1835 1211 οἴονταί
1848 1189 1954 1219 τινες,
1970 1173 2125 1223 λέγοντες
2145 1175 2192 1218 ὡς
2213 1175 2289 1223 λειή

1275 1233 1355 1285 ρίοις
1380 1228 1441 1279 ἦν,
1472 1232 1549 1278 ἤτοι
1574 1232 1689 1268 ἄνθεσι
1705 1261 1715 1281 ,
1751 1230 1809 1268 καὶ
1841 1231 1931 1268 κατὰ
1969 1231 2145 1281 συγκοπὴν
2170 1230 2289 1282 γέγονε

1274 1291 1410 1342 λείροις.
1431 1293 1533 1342 λῆρος
1552 1289 1617 1342 γὰρ
1635 1293 1656 1335 ἡ
1680 1289 1844 1341 φλυαρία.
1880 1287 1972 1338 λέγει
1994 1288 2030 1325 δὲ
2060 1291 2206 1326 ἐνταῦθα
2231 1290 2289 1327 τὸν

1275 1349 1308 1392 ἐξ
1327 1349 1445 1390 ἐλαίας
1481 1347 1647 1399 στέφανον
1680 1349 1786 1398 λῆρον
1805 1377 1814 1394 ,
1846 1348 1892 1389 ὡς
1911 1348 2040 1399 φαῦλον
2069 1347 2127 1384 καὶ
2157 1347 2290 1389 οὐδενὸς

1275 1407 1378 1451 ἄξιον.
1392 1433 1434 1438 --
1452 1408 1496 1443 16
1518 1406 1804 1459 ε’κφλαυρίζεσθαι
1832 1409 2032 1442 Kusterus.
2068 1407 2292 1458 ἐκτρλυαρίζεω

1275 1469 1352 1504 σθαι
1370 1467 1450 1502 Α1(Ι.
1466 1495 1505 1498 -
1524 1467 1569 1502 35
1589 1465 1631 1502 δι’
1645 1463 1726 1502 ὅλου
1744 1463 1915 1513 σώματος.
1932 1464 2044 1510 Illud,
2060 1465 2210 1514 opinor,
2230 1476 2292 1500 vo—

1276 1526 1346 1561 luit
1378 1525 1617 1570 scholiastes,
1643 1524 1796 1560 fasciam
1827 1522 2029 1559 candidam
2063 1535 2141 1559 non
2176 1522 2292 1573 capiti

1277 1591 1422 1619 tantum
1447 1582 1761 1619 circumvolutam
1778 1610 1787 1627 ,
1810 1581 1874 1617 sed
1895 1593 2134 1630 quacumque
2154 1580 2293 1630 corpo-

1277 1644 1327 1679 ris
1348 1650 1457 1692 parte
1475 1641 1751 1689 adstringatur,
1774 1639 1849 1676 dici
1870 1639 2044 1676 diadema
2071 1654 2079 1675 τ
2099 1637 2292 1688 quomodo

1277 1701 1458 1750 Pompeio
1482 1700 1546 1735 tali
1571 1699 1683 1735 fascia
1707 1711 1792 1734 crus
1813 1698 2005 1747 alligatum
2032 1696 2189 1733 habenti
2221 1699 2293 1733 Fa-

1276 1760 1413 1796 vonius
1428 1788 1436 1803 ,
1454 1760 1533 1794 Non
1551 1755 1675 1805 refert,
1695 1757 1885 1806 inquiens,
1906 1770 1979 1804 qua
1994 1760 2030 1791 in
2041 1765 2150 1804 parte
2163 1768 2291 1803 corpo-

1277 1822 1326 1852 ris
1341 1821 1388 1852 sit
1404 1819 1576 1852 diadema
1592 1845 1603 1864 ,
1628 1814 1749 1864 regias
1773 1815 1872 1850 vires
1898 1813 2167 1863 exprobravit,
2200 1819 2293 1848 teste

1277 1876 1399 1912 Valer.
1419 1875 1571 1912 Maxim.
1596 1875 1631 1919 6,
1655 1886 1689 1917 2,
1714 1887 1745 1919 7.
1773 1871 1967 1921 Ἀναδέσμη
1990 1871 2091 1921 apud
2112 1870 2266 1908 Suidam
2285 1885 2292 1906 :

1278 1938 1448 1970 Damaso.
1466 1933 1504 1969 in
1523 1932 1631 1968 Phot.
1650 1930 1829 1967 Biblioth.
1854 1944 1890 1980 p.
1916 1930 1984 1965 561
2009 1957 2018 1975 ‚
2048 1929 2109 1974 35,
2129 1929 2294 1965 ἀναδεδε-

1279 1990 1364 2039 μένη
1385 1988 1446 2034 τὴν
1467 1988 1620 2041 κεφαλὴν
1639 1987 1815 2038 ἀναδέσμῃ
1830 2003 1837 2010 ·
1858 1992 2050 2037 γυναικεῖος
2063 1988 2122 2030 τῆς
2143 1985 2294 2036 κεφαλῆς

1278 2047 1469 2097 ἀνάδεσμος
1484 2047 1584 2097 apud
1603 2047 1778 2095 Etymol.,
1801 2046 1866 2095 qui
1888 2047 1941 2081 sic
1961 2043 2086 2095 μίτραν
2106 2044 2293 2093 interpre-

1280 2115 1390 2142 tatur.
1415 2109 1561 2142 HmisT.

1335 2165 1408 2212 590
1427 2177 1499 2200 om.
1518 2164 1630 2200 etiam
1652 2163 1697 2200 Θ.
1714 2167 1806 2212 Reg.
1824 2191 1872 2197 —
1892 2168 1940 2210 [29
1958 2174 2017 2211 sq.
2033 2155 2082 2202 οἷς
2100 2159 2294 2202 ἐλπίζουσιν

1279 2223 1333 2260 ἐπ’
1364 2222 1465 2259 αὐτά.
1494 2225 1583 2259 Haec
1605 2221 1811 2259 Christiani
1838 2221 2004 2257 hominis
2039 2219 2232 2269 ingenium
2253 2230 2297 2254 ac

1280 2282 1418 2331 stylum
1439 2280 1633 2326 redolent,
1651 2293 1734 2329 quae
1750 2278 1841 2315 alibi
1859 2292 2013 2328 quoque
2029 2308 2038 2325 ‚
2059 2277 2207 2314 tametsi
2234 2276 2296 2313 lo·-

1281 2354 1346 2377 cus
1367 2353 1443 2376 non
1473 2347 1689 2383 succurrat,
1722 2351 1782 2374 me
1806 2338 1940 2387 legisse
1969 2337 2135 2373 memini.
2166 2338 2298 2383 Poste-

1281 2399 1382 2435 riora
1402 2397 1616 2434 claudicant
1638 2411 1645 2432 :
1666 2396 1802 2433 vitium
1824 2395 2037 2441 sustuleris,
2071 2395 2101 2431 si
2132 2392 2297 2438 scribas,

1281 2452 1329 2500 οἷς
1351 2456 1575 2499 ἐπελπίζουσι
1591 2484 1601 2500 ,
1625 2455 1709 2501 vel,
1733 2453 1784 2490 ὅτι
1802 2484 1812 2500 ,
1832 2455 1911 2490 sive
1931 2452 2008 2490 ὅσον
2030 2451 2223 2493 ἐλπίζουσιν
2244 2449 2297 2488 ἐπ’

1283 2515 1383 2552 αὐτά.
1407 2519 1545 2550 Sensus
1563 2522 1640 2559 est,
1660 2511 1838 2564 περίαπτα
1860 2514 1943 2555 dici,
1972 2512 2070 2558 quod
2091 2514 2133 2545 iis
2151 2522 2297 2557 appen-

1281 2578 1328 2608 sis
1345 2576 1436 2608 mali
1454 2572 1523 2607 sibi
1540 2573 1802 2619 persuadeant,
1824 2583 1862 2604 se
1874 2571 2003 2604 melius
2021 2567 2207 2603 habituros
2217 2581 2231 2610 ;
2248 2570 2298 2601 sic

1283 2641 1321 2666 ut
1335 2635 1402 2678 ipsi
1409 2634 1532 2677 potiits
1551 2631 1696 2663 (licendi
1714 2632 1787 2663 sint
1803 2641 1851 2662 ex
1871 2629 1940 2662 illis
1950 2627 2112 2674 pendere
2124 2652 2136 2668 ,
2158 2628 2194 2659 in
2215 2628 2297 2671 qui—

1285 2688 1348 2723 bus
1365 2701 1464 2735 spem
1479 2700 1672 2735 prosperoe
1690 2687 1913 2721 valetudinis
1925 2683 2165 2730 autforttmoe
2187 2684 2297 2717 collo—

1283 2755 1364 2780 cent
1381 2760 1391 2779 .·
1413 2745 1511 2788 sive,
1532 2748 1618 2791 quia
1638 2757 1737 2791 spem
1759 2745 1886 2778 salutis
1900 2746 1935 2777 in
1957 2746 1998 2777 iis
2017 2741 2180 2777 habeant
2198 2754 2299 2788 repo-

1283 2808 1401 2838 sitam.
1431 2806 1486 2839 De
1519 2800 1721 2852 περιάπτοις
1753 2809 1880 2836 autem
1900 2829 1908 2845 ,
1945 2813 2108 2849 quorum
2146 2799 2298 2835 virtutis

1285 2862 1415 2911 opinio
1434 2859 1656 2897 Christianae
1672 2871 1825 2907 quoque
1844 2857 1967 2908 plebis
1989 2856 2124 2893 animis
2143 2856 2217 2892 alte
2239 2856 2298 2892 in-

1284 2921 1461 2964 haeserat,
1482 2917 1571 2966 quid
1602 2917 1817 2953 censuerint
1836 2920 1965 2953 Patres
1981 2944 1989 2960 ‚
2019 2917 2231 2966 exponunt*
2247 2916 2296 2953 IS.

1285 2977 1444 3015 Casaub.
1461 2977 1506 3012 ad
1522 2977 1707 3025 Spartian.
1726 2975 1906 3011 Caracall.
1919 2989 1956 3024 p.
1981 2988 1993 3009 1
2005 2975 2023 3010 3
2035 2987 2065 3016 ι,
2084 2972 2294 3011 Lindenbr.

1285 3037 1331 3073 ad
1344 3043 1462 3073 Amm.
1482 3034 1650 3071 Marcell.
1678 3047 1735 3081 19,
1756 3047 1792 3082 p.
1811 3033 1899 3078 251,
1914 3036 1990 3068 JaC.
2012 3030 2234 3068 Gothosred.
2251 3029 2298 3067 ad

1285 3100 1326 3133 L.
1360 3097 1378 3131 3
1409 3097 1448 3130 C.
1477 3093 1547 3129 Th.
1578 3092 1623 3128 de
1659 3092 1749 3128 Mal.
1781 3099 1818 3127 et
1850 3091 2033 3127 Mathem.
2072 3091 2113 3125 ln
2132 3088 2293 3126 Constit.

1284 3158 1417 3205 Apost.
1438 3153 1473 3197 8,
1491 3152 1551 3194 32,
1572 3159 1722 3187 cautum
1741 3158 1809 3195 est,
1826 3163 1898 3198 qua
1917 3147 2135 3184 conditione
2150 3146 2299 3198 περιάμ-

1285 3226 1379 3262 ματα
1400 3211 1529 3256 ποιῶν,
1557 3208 1713 3257 ejusque
1743 3208 1872 3244 sarinae
1903 3207 1964 3243 alii
1983 3205 2029 3242 ad
2062 3204 2296 3254 baptismum

1285 3269 1433 3306 admitti
1458 3268 1634 3304 debeant.
1664 3264 1903 3317 Περιάμματα
1929 3277 2020 3301 vero
2049 3271 2158 3307 sunt,
2194 3270 2236 3298 ut
2255 3261 2295 3298 in

1286 3328 1424 3365 Lexico
1443 3327 1561 3363 veteri
1583 3329 1649 3362 ΜΞ..
1679 3339 1739 3375 ap.
1765 3328 1933 3372 Ducang.
1961 3322 2198 3372 explicantur
2215 3349 2224 3365 ‚
2254 3319 2296 3359 τὰ

1284 3385 1371 3425 κατὰ
1390 3384 1464 3428 τοὺς
1489 3383 1702 3434 τραχήλους,
1725 3384 1782 3419 καὶ
1804 3380 1860 3423 τὰς
1889 3386 2026 3432 χεῖρας,
2049 3377 2106 3416 καὶ
2133 3376 2208 3419 τοὺς
2232 3379 2293 3417 πό-
