2533 3808
182 239 203 270 8
823 227 1087 266 SCHOLIA
1125 226 1189 265 IN
1225 227 1664 268 ACHARNENSES.

183 326 425 366 συνάπτονται.

183 385 251 423 ἀπὸ
269 388 327 423 τοῦ
348 381 546 428 umigatus
526 397 543 418 0
563 382 634 418 ἐστι
653 385 817 434 πατεῖν.)

232 441 376 494 πρίνινοι
407 453 416 478 2
449 438 588 490 Στερεοὶ
610 437 669 474 καὶ
692 436 848 489 σκληροί.
907 432 1061 486 (ἰσχυρὸν
1083 430 1151 503 γὰρ
1179 430 1218 468 τὸ

178 503 239 546 τῆς
258 498 378 552 πρίνου
402 496 510 541 ξύλον.
531 495 602 545 καὶ)
628 495 784 539 Ησίοδος
808 500 883 543 [Op.
911 498 977 539 434]
1004 511 1021 526 (ι
1042 489 1161 543 πρίνου
1182 488 1248 529 δὲ]

143 577 159 601 5
179 558 313 609 γύην.»
331 556 390 594 καὶ
408 554 512 592 πάλιν
536 559 613 600 [427]

470 322 513 372 (ἢ
546 322 620 360 ἀντὶ
649 325 708 359 τοῦ
737 321 868 374 στερεοὶ
896 321 955 359 καὶ
986 320 1217 372 πεπιλημένοι

298 646 445 687 πρίνινον,
460 646 491 681 ὃς
505 645 562 685 γὰρ
577 645 683 685 βουσὶν
697 644 788 685 ἀροῦν
802 641 995 685 ὀχυρώτατός
1009 641 1104 672 ἐστιν.

178 722 385 774 ἀτεράμονες
409 719 463 767 δὲ,
482 719 562 758 λίαν
588 719 749 772 σκληροὶ,
777 717 824 769 μὴ
851 716 1060 769 τειρόμενοι,
1081 713 1217 751 ἀνένδο·

175 797 240 820 τοι.
262 779 404 838 κυρίως
404 776 498 816 δὲτὰ
521 777 569 829 μὴ
588 777 738 830 ἑψόμενα
761 793 829 815 των
846 775 997 830 ὀσπρίων
1021 773 1217 826 ἀτεράμονα

175 839 331 890 λέγεται,
358 839 438 887 (οἷον
461 852 498 874 ου
501 852 526 887 χ
545 836 695 886 ἁπαλά).

125 915 158 939 10
231 910 292 936 181.
324 894 564 949 σφενδάμνινοι
592 908 601 933 :
624 893 789 946 Ἰσχυροί.
821 907 971 931 τοιουτον
1000 890 1066 942 γὰρ
1093 889 1132 927 τὸ
1156 890 1217 934 τ’ἧς

177 954 390 1008 σφενδάμνου
413 952 522 997 ξύλον.
546 967 621 989 αντι
636 967 694 989 του
693 952 948 1022 Ὴσςρενδονηται.
1007 948 1160 998 (”.Αλλως
1178 946 1216 983 τὸ

176 1012 415 1065 σφενδάμνινοι
434 1009 557 1048 ταυτόν
579 1011 651 1047 ἐστι
669 1026 718 1047 τι)
735 1009 894 1069 πρίνινοι.
914 1006 1130 1060 σφένδαμνος
1149 1004 1216 1056 γὰρ

176 1052 298 1114 εἰδος’
290 1085 437 1143 ισχυρουε
458 1068 571 1112 ξύλου.
603 1067 675 1104 ἔστι
696 1048 731 1105 δὲ
758 1066 818 1105 καὶ
844 1067 930 1108 εἶδος
965 1063 1163 1106 καννάὸεως
1193 1065 1217 1108 ἡ

176 1145 239 1182 σεφ
225 1129 402 1179 ’νδαμνος.
420 1130 441 1173 ἡ
459 1125 525 1178 γὰρ
546 1124 745 1178 σφενδόνη
727 1125 795 1163 απὸ
815 1123 1012 1165 καννάὸεως
1029 1121 1172 1174 γίνεται.
1165 1121 1186 1172 .)

127 1208 156 1232 15
230 1186 463 1240 ἀτεράμονες;
482 1187 682 1237 Ἀκαμπεῗς.
708 1192 790 1222 Vict.

231 1258 290 1284 183.
322 1246 400 1296 (τῶν
423 1246 587 1295 ἀμπέλων
609 1259 764 1294 τετμημε
756 1241 860 1279 ἰῖνων
883 1242 928 1279 Οἱ
947 1238 1014 1292 γαρ
1032 1238 1214 1277 Πελοπον-

176 1303 287 1349 νήσιοι
313 1302 551 1346 εἷσὸάλλοντες
576 1304 622 1346 εἷς
645 1301 707 1349 τὴν
729 1298 886 1346 Αττικὴν
910 1298 1050 1348 ἔτεμνον
1068 1295 1129 1343 τὴν
1152 1298 1215 1346 γῆν

176 1365 243 1400 τῶν
264 1362 467 1435 Ἀχαρνέων.

232 1434 292 1459 134.
321 1422 383 1462 κάς
401 1436 478 1464 τους
501 1420 669 1472 τρίὸωνας
697 1432 706 1457 z
732 1415 884 1456 Αττικὸν
906 1415 946 1452 τὸ
973 1416 1109 1465 σχῆμα.
1139 1411 1215 1449 ἀντὶ

85 1490 87 1495 ’
124 1494 158 1519 20
176 1483 234 1518 τοῦ
255 1480 288 1522 ἐς
306 1478 384 1521 τοὺς
399 1478 567 1530 τρίὸωνας
583 1476 796 1526 ξυνελέγοντο
814 1489 890 1516 τους
909 1472 1031 1514 λίθους.

179 1568 182 1569 ⁷
231 1549 292 1575 187.
320 1535 398 1587 τρία
429 1552 467 1586 γε
496 1535 596 1573 ταυτί
627 1548 636 1574 :
666 1532 814 1576 Ἔπαιξε
837 1530 934 1584 παρὰ
960 1546 1020 1573 τας
1051 1527 1217 1574 σπονδὰς,

177 1594 252 1632 ἐπεὶ
278 1593 358 1631 οἴνι)
379 1593 530 1644 γίνονται
551 1595 586 1630 αἱ
616 1593 658 1630 δι’
678 1591 787 1644 ὅρκων
808 1592 986 1635 συνθηκαι.
1008 1587 1084 1625 ἀντι
1103 1585 1138 1625 δὲ
1157 1589 1216 1623 τοῦ

177 1653 283 1690 εἰπεῖν
305 1652 496 1703 ἀνάγνωθι,
517 1655 608 1689 εἶπεν
622 1651 768 1701 γευσαι.)

232 1724 292 1750 190.
321 1710 434 1754 ὄζουσι
459 1709 580 1755 πίττης
610 1723 618 1748 :
648 1708 771 1748 Κοινὸν
792 1706 849 1744 ἐπὶ
878 1705 968 1742 οἴνου
993 1720 1054 1742 και
1074 1702 1158 1746 νεὼς
1179 1701 1217 1739 τὸ

125 1788 158 1812 25
178 1768 303 1815 πίσσης
327 1769 425 1812 ὄζειν.
456 1767 540 1819 (ἔστι
562 1767 628 1819 γὰρ
653 1766 820 1810 πισσίζων
846 1758 959 1813 οἰνος.)
989 1765 1007 1799 ὃ
1035 1761 1071 1799 δὲ
1096 1761 1217 1811 λόγος,

177 1828 308 1872 ὄζουσιν
329 1829 363 1864 αἱ
389 1826 535 1864 σπονδαὶ
554 1830 656 1863 αὗται
675 1826 892 1869 κατασκευης
916 1820 1077 1874 τριήρων,
1104 1819 1160 1857 διὰ
1180 1819 1218 1856 τὸ

178 1883 408 1936 ὀλιγοχρόνιον
445 1899 571 1922 αυτων.
602 1884 676 1934 (192)
700 1880 834 1934 (ειςτὰς
858 1878 974 1922 πόλεις
1002 1877 1037 1916 δὲ
1064 1877 1127 1920 τὰς
1151 1879 1218 1914 τῶν

183 1943 405 1994 συμμάχων.)

234 2015 299 2040 193.
329 2000 503 2045 ὀξύτατον,
531 1998 647 2050 ωσπερ
677 1996 855 2049 διατριίῖἧς

126 2076 160 2100 30
177 2059 272 2103 λείας
290 2075 350 2097 και
370 2056 561 2110 συντριὸης.
582 2055 613 2107 (ἢ
635 2055 709 2094 ἀντὶ
726 2059 784 2093 του
802 2054 903 2105 μόναι
922 2052 1070 2105 πρεσὸε
1058 2069 1105 2089 ιαι
1125 2051 1219 2089 ἔσον-

179 2134 237 2156 ται
261 2133 340 2171 περι
358 2133 425 2154 va
450 2115 657 2167 συμμάχων,
683 2114 773 2151 &6¹58
799 2112 911 2163 μένέῑν
941 2111 1062 2154 αὐτους
1088 2110 1146 2148 καὶ
1171 2108 1218 2159 μὴ

990 2169 1131 2211 ”·Αλλι)ς.
1152 2167 1220 2205 ἀπὸ

180 2243 377 2290 μεταφορᾶς
395 2240 452 2274 τοῦ
473 2235 657 2288 τραπέντος
680 2233 769 2272 οἴνου
790 2235 835 2277 εἷς
854 2232 939 2277 ὅξος.
957 2231 1016 2270 καὶ
1033 2233 1100 2269 τῶν
1120 2230 1219 2268 οἴνων

179 2296 218 2334 τὸ
237 2295 422 2345 ὀξύτατον.)

128 2370 160 2395 35
234 2368 296 2393 195.
327 2356 355 2391 ὠ
375 2351 571 2391 Διονύσια;
593 2348 793 2399 Θαυμάζων
810 2363 920 2386 ταυτα
939 2347 1053 2399 λέγει,
1073 2347 1223 2399 προσδο-

180 2415 250 2450 κῶν
270 2410 404 2464 εἰρήνης
428 2410 530 2455 οὔσης
550 2407 612 2455 τὴν
631 2411 697 2445 τῶν
724 2406 909 2446 Διονυσίων
930 2406 1122 2457 πανήγυριν
1143 2404 1223 2442 ἔσε-

181 2474 272 2508 σθαι.
304 2469 449 2521 (εἴρηται
475 2465 511 2504 δὲ
537 2466 594 2503 ἐπὶ
619 2481 685 2502 των
715 2465 890 2515 ἀποδοχῆς
917 2463 1030 2507 ἀξίων.
1061 2461 1136 2499 ἀντι
1163 2477 1223 2499 του

181 2528 338 2574 ἥδισται,
360 2525 451 2570 ἄξιαι
470 2527 537 2562 τῶν
557 2522 753 2562 Διονυσίων.
772 2521 935 2559 Διονύσια
955 2521 1024 2559 δὲ(
1012 2536 1112 2573 εορτη
1134 2524 1218 2558 Ato—

182 2584 302 2632 νύσου,
319 2584 361 2631 ἣν
379 2587 460 2633 ηγον
478 2581 722 2630 Ναυπάκτιοι.)

129 2660 165 2683 40
237 2656 298 2681 197.
330 2640 400 2692 (και
429 2640 477 2690 μὴ
505 2642 714 2691 ἐπιτηρεῖν;
744 2637 789 2677 Εἴ
816 2652 899 2675 ποτε
929 2635 996 2688 γὰρ
1029 2634 1139 2679 ἔξοδος
1166 2634 1224 2672 ἐπι

184 2700 328 2753 στρατὸν
348 2699 498 2750 ἐγένετο,
517 2700 679 2735 εἰώθεσαν
700 2698 730 2734 οι
754 2694 943 2748 στρατηγοὶ
961 2693 1139 2746 προλέγειν
1156 2696 1225 2736 τοῖς

186 2758 434 2810 στρατιώταις,
467 2756 555 2794 ὥστε
589 2771 692 2807 τριων
727 2758 866 2806 ημερων
901 2751 1226 2805 παρασκευάζεσθαι

184 2816 287 2855 σιτία.
309 2815 459 2854 σκώπτει
479 2818 535 2852 οὖν
553 2829 653 2852 τουτο
669 2814 708 2850 τὸ
725 2812 953 2865 στρατηγικὸν
970 2810 1223 2863 παράγγελμα,

184 2877 228 2917 ὼς
249 2874 350 2922 ἀηδὲς
368 2890 427 2912 και
446 2872 533 2925 βαρυ
553 2877 623 2914 τοῖς
642 2870 776 2924 εἰρήνης
796 2872 1011 2920 ἐπιθυμουσι.
1016 2871 1026 2919 )

882 2008 891 2035 1
919 1994 1009 2034 Ἀντὶ
1034 1997 1093 2032 τοῦ
1118 1995 1220 2030 ἀπω-

181 2175 423 2226 μεθίστασθαι,
441 2173 530 2212 ἀλλὰ
549 2178 746 2224 συμμαχεῖν
761 2175 803 2224 τῇ
824 2171 933 2209 πόλει.

132 2951 166 2976 45
241 2946 302 2972 198.
332 2934 396 2969 κάν
426 2934 476 2984 τῷ
510 2930 656 2980 στόματι
687 2943 696 2968 2

185 2990 246 3034 τὰς
261 2990 420 3034 σπονδάς.
437 2988 549 3039 στόμα
567 2992 649 3040 γοῦν
671 2990 791 3032 αὐταῖς
808 2987 1045 3040 προστίθησιν.
1067 2985 1101 3036 (ἢ
1124 2986 1158 3022 ἐν
1177 2988 1226 3038 τῷ

185 3047 343 3099 ἡμετέρῳ
360 3046 524 3097 στόματι,
544 3046 764 3098 γευσαμένων
782 3048 894 3096 ἡμῶν,
913 3044 1095 3096 μονονουχὶ
1112 3043 1225 3097 φωνὴν

187 3108 338 3158 ἀφιᾶσιν.
392 3103 536 3148 Ἄλλως.
557 3104 712 3155 λέγουσι,
736 3104 852 3157 φησὶν,
882 3106 916 3141 αἲ
943 3102 1108 3149 σπονδαὶ,
1130 3102 1226 3140 ἄπιθι

186 3164 273 3202 ὅπου
288 3163 403 3206 θέλεις.
421 3162 569 3205 εἰκότως.
587 3165 619 3199 ἐν
637 3162 703 3214 γὰρ
723 3162 866 3214 πολέμῳ
884 3161 939 3199 διὰ
958 3161 1019 3204 τὰς
1038 3161 1226 3213 ἐπιδρομὰς

134 3253 168 3278 5.,
187 3225 254 3260 τῶν
281 3221 455 3271 πολεμίων
482 3221 541 3258 καὶ
559 3224 620 3267 τῆς
645 3220 843 3272 πολιορκίας
870 3222 931 3258 οὐκ
951 3219 1041 3258 ἔστιν
1063 3221 1221 3257 ἀπελθεῖν

186 3279 272 3317 ὅπου
293 3294 343 3322 τις
365 3279 550 3330 βούλεται.)

240 3352 304 3376 200.
336 3336 482 3389 (χαίρειν
501 3336 649 3374 κελεύων
669 3350 677 3374 :
699 3337 788 3374 Κατ’
807 3335 1023 3388 εὐφημισμὸν
1040 3335 1078 3373 τὸ
1094 3334 1226 3388 χαίρειν

190 3395 338 3434 κελεύων
349 3395 405 3433 τὸν
417 3394 594 3447 Ἀμφίθεον
607 3393 733 3432 οἴονταί
743 3409 840 3437 τινες·
852 3393 908 3432 ἵνα
920 3397 1035 3447 γραφῇ
1047 3393 1085 3432 τὸ
1096 3392 1226 3432 κελεύω

726 2929 790 2972 εΩς
818 2907 980 2979 γυνοίῖκας
1015 2927 1228 2964 εἷδωλοποιεῗ

1273 322 1387 377 χωρὶς
1404 327 1463 362 τοῦ
1482 339 1513 362 ν.
1535 322 1574 361 τὸ
1591 322 1626 360 δὲ
1651 321 1744 370 ἑξῆς,
1764 318 1831 371 ἐγὼ
1852 320 1887 358 δὲ
1905 318 2080 370 πολέμου,
2100 318 2157 357 τὸν
2176 319 2318 359 Δικαιό-

1277 382 1390 420 πολιν.

1330 452 1392 476 202.
1423 438 1493 482 ἄξω
1509 438 1584 476 κατ’
1603 436 1726 490 ἀγρούς
1750 451 1759 476 :
1778 436 1836 476 Τὰ
1860 436 1998 483 Λήναια
2021 436 2203 487 λεγόμενα.
2224 436 2317 475 ἔνθεν

1243 495 1320 533 ίτὰ
1337 496 1475 543 Λήναια
1491 497 1549 534 καὶ
1566 499 1583 534 ὃ
1598 496 1794 543 ἐπιλήναιος
1810 494 1902 546 ἀγὼν
1917 497 2066 533 τελεῖται
2082 498 2132 547 τῷ
2147 495 2317 548 Διονύσῳ.

1277 553 1428 599 Λήναιον
1452 554 1519 606 γάρ
1539 557 1630 592 ἐστιν
1658 555 1692 591 ἐν
1721 554 1837 606 ἀγροῖς
1854 553 1943 605 ἱερὸν
1968 557 2027 590 τοῦ
2053 553 2241 600 Διονύσου,
2261 552 2318 591 διὰ
2335 567 2353 593 5

1276 611 1315 649 τὸ
1341 611 1509 655 πλεκτοὺς
1537 613 1684 649 ἐνταῦθα
1711 610 1898 662 γεγονέναι.
1926 610 1948 656 ἢ
1979 611 2035 648 διὰ
2061 611 2100 648 τὸ
2120 614 2257 664 πρῶτον
2282 613 2318 649 ἓν

1276 669 1387 730 τούτῳ
1402 673 1452 722 τῷ
1468 669 1564 722 τόπῳ
1578 669 1719 715 λήναιον
1732 672 1885 716 τεθῆναι.
1899 668 2096 721 Μένανδρος
2113 686 2128 703 «
2142 668 2319 722 τραγῳδὸς

1277 732 1317 775 ἠν
1337 727 1442 779 ἀγὼν,
1460 727 1634 766 Διονύσια.
1653 728 1683 777 ιι)

1328 800 1391 825 204.
1419 787 1502 838 τῇδε
1523 792 1591 830 πᾶς
1613 785 1696 824 ἕπου
1720 797 1729 824 :
1754 785 1944 836 (Ἐντεῦθεν
1968 786 1990 830 ἡ
2015 782 2163 836 πάροδος
2185 780 2317 835 γίνεται

1275 848 1334 883 τοῦ
1353 849 1477 898 χοροῦ,
1495 844 1531 882 ὃν
1555 846 1817 896 συμπληροῦσιν
1837 845 1868 881 οἳ
1889 843 2077 894 Ἀχαρνεῒς.
2101 842 2318 896 παράγονται
2339 854 2372 880 10

1277 902 1312 940 δὲ
1344 903 1511 946 συντόνως
1541 902 1629 953 μετὰ
1657 903 1809 947 σπουδῆς
1835 899 2014 942 διώκοντες
2043 899 2101 937 τὸν
2126 899 2318 953 Ἀμφίθεον,

1276 961 1424 1004 σπονδὰς
1448 960 1683 1011 ποιησάμενον
1711 959 1797 1011 πρὸς
1821 958 1899 1001 τοὺς
1928 957 2232 1008 Λακεδαιμονίους.
2257 957 2319 1010 γέ-

1275 1035 1430 1071 γραπται
1459 1018 1495 1057 δὲ
1519 1019 1557 1056 τὸ
1577 1019 1700 1072 μέτρον
1725 1017 1926 1071 τροχαϊκὸν,
1959 1015 2154 1068 πρόσφορον
2181 1019 2223 1067 τῇ
2250 1019 2319 1054 τῶν

1277 1076 1466 1115 διωκόντων
1488 1076 1653 1130 γερόντων
1673 1077 1819 1127 σπουδῇ.
1843 1078 1954 1112 ταῦτα
1975 1073 2010 1111 δὲ
2030 1074 2139 1111 ποιεῖν
2160 1073 2318 1112 εἰώθασιν

1275 1137 1305 1172 οἱ
1318 1137 1384 1172 τῶν
1398 1135 1583 1188 δραμάτων
1597 1134 1739 1182 ποιηταὶ
1753 1133 1899 1184 κωμικοὶ
1916 1132 1976 1170 καὶ
1989 1131 2166 1184 τραγικοὶ,
2181 1131 2319 1170 ἐπειδὰν
2340 1147 2372 1173 15

1277 1194 1447 1245 δρομαίως
1460 1194 1623 1245 εἷσάγωσι
1634 1193 1710 1236 τοὺς
1719 1192 1859 1245 χοροὺς,
1869 1191 1927 1229 ἵνα
1937 1194 1954 1229 ὃ
1971 1190 2068 1241 λόγος
2082 1189 2249 1243 συντρέχῃ
2269 1195 2319 1245 τῷ

1277 1251 1453 1304 δράματι.)
1474 1253 1512 1290 τὸ
1532 1253 1566 1290 δὲ
1581 1254 1663 1304 τῇδε
1672 1251 1812 1290 τοπικόν
1824 1253 1914 1288 ἐστιν
1933 1249 2109 1302 ἐπίρρημα
2131 1248 2191 1286 καὶ
2207 1255 2319 1287 κεῖται

1276 1315 1310 1351 ἐν
1322 1313 1386 1366 ἴσῳ
1398 1317 1446 1366 τῷ
1457 1316 1614 1353 ἐνταῦθα.
1629 1313 1700 1363 (καὶ
1711 1313 1783 1364 ἔχει
1793 1310 1890 1364 παρὰ
1899 1315 1960 1349 τοῦ
1973 1315 2117 1357 ποιητοῦ
2133 1316 2184 1358 [11.
2203 1320 2230 1350 Ο
2241 1340 2252 1361 ,
2267 1315 2315 1356 46]

1398 1403 1435 1440 τῇ
1452 1399 1520 1440 ἷμεν
1537 1399 1557 1439 ᾖ
1572 1410 1624 1430 κεν
1640 1399 1676 1436 δὴ
1693 1398 1732 1429 σὺ
1747 1397 1917 1438 κεὶαινεφὲς
1935 1396 2138 1437 ἡγεμονεύεις.

1277 1473 1439 1524 σημαίνει
1456 1473 1493 1511 δέ
1514 1489 1597 1511 ποτε
1616 1488 1674 1510 και
1693 1488 1765 1524 ρημ
1740 1487 1788 1509 αα
1807 1469 2061 1523 προστακτικόν
2090 1475 2165 1516 [od.
2187 1478 2224 1521 Ι,
2252 1475 2316 1517 347]
2338 1488 2372 1513 20

1278 1551 1292 1566 «
1314 1532 1489 1584 Κύκλωψ,
1506 1548 1549 1577 τη
1564 1531 1621 1568 πίε
1640 1535 1773 1569 οἶνον.»
1789 1528 1964 1582 ἐχρήσατο
1981 1527 2016 1566 δὲ
2030 1544 2078 1565 τι)
2095 1529 2317 1581 πληθυντικῳ

1278 1590 1467 1643 ὃΣι3φρων
1486 1589 1601 1627 εἰπὼν
1614 1608 1628 1623 «
1645 1588 1728 1635 τηΝτέ
1743 1604 1794 1626 τοι
1814 1586 1965 1640 κορῶναί
1981 1589 2077 1625 εἰσιν.
2101 1605 2117 1620 »
2170 1585 2316 1630 ”.Αλλως

1278 1649 1429 1701 κορωνίς.
1447 1648 1640 1701 εἰσέρχεται
1655 1651 1722 1700 γὰρ
1736 1649 1754 1684 ὁ
1766 1646 1868 1698 χορὸς
1890 1644 2023 1683 διώκων
2048 1644 2105 1682 τὸν
2123 1644 2317 1698 Ἀμφίθεον,

1277 1707 1336 1744 καὶ
1350 1706 1421 1744 ἔστι
1439 1705 1668 1757 μεταὸολικὸν
1684 1704 1784 1755 μέλος
1799 1706 1836 1742 ἐκ
1854 1702 1913 1741 δύο
1926 1702 2086 1754 μονάδων
2101 1718 2321 1756 μονοστροφι-

1278 1780 1359 1811 κων,
1384 1768 1429 1802 ὡν
1454 1767 1475 1810 ἦ
1497 1764 1559 1814 μὲν
1581 1762 1702 1816 πρώτη
1734 1763 1775 1800 ιδ’
1804 1762 1925 1800 κώλων
1951 1761 2024 1812 ἔχει
2048 1761 2108 1804 τὰς
2132 1761 2318 1813 περιόδους
2339 1777 2373 1803 25

1278 1825 1324 1859 ὡν
1344 1822 1371 1859 δ’
1395 1821 1455 1872 μὲν
1474 1823 1507 1859 5v
1529 1821 1672 1859 εἷσθέσει
1692 1821 1757 1858 εἰσι
1778 1819 1962 1872 τροχαϊκαὶ
1984 1819 2042 1857 καὶ
2064 1818 2320 1865 καταληκτικσὶ

1278 1880 1516 1951 '‘affy-37:909*-
1548 1884 1620 1916 εἶτα
1651 1881 1685 1916 ἐν
1715 1878 1845 1916 ἐκθέσει
1873 1878 1969 1916 κῶλα
1996 1876 2170 1914 παιωνικὰ
2198 1875 2319 1914 ἕνδεκα

1279 1941 1454 1990 κρητικοῒς
1482 1936 1758 1988 ἐπιμεμιγμένα,
1788 1935 1847 1973 καὶ
1870 1935 1909 1973 τὸ
1934 1935 1965 1979 ς’
1986 1934 2045 1972 καὶ
2069 1934 2107 1972 τὸ
2125 1934 2242 1985 ὄγδοον
2259 1934 2320 1972 καὶ

1280 1995 1422 2034 δέκατον
1443 1995 1626 2048 δίρρυθμα,
1643 1994 1687 2032 τὰ
1707 1994 1735 2031 δ’
1754 1993 1843 2031 ἄλλα
1862 1992 2078 2045 τρίρρυθμα.)

1336 2053 1407 2104 (καὶ
1421 2053 1478 2091 τὸν
1496 2053 1602 2105 ἄνδρα
1619 2052 1789 2090 πυνθάνου
1806 2065 1814 2090 z
1833 2051 1923 2089 Ἀντὶ
1939 2054 1997 2089 τοῦ
2013 2050 2093 2102 περὶ
2109 2053 2168 2087 τοῦ
2187 2048 2318 2103 ἀνδρός.
2338 2065 2374 2092 30

1280 2111 1397 2162 ὅμοιον
1415 2111 1482 2163 γάρ
1500 2112 1573 2149 ἐστι
1591 2113 1640 2163 τῷ
1661 2129 1676 2143 α
1698 2110 1807 2160 ἄνδρα
1827 2125 1884 2159 μοι
1906 2108 2024 2146 ἔννεπε
2044 2111 2184 2147 Μοῦσα.
2205 2127 2221 2141 »

1333 2183 1397 2209 206.
1429 2169 1610 2212 ξυλλαβεῖν
1635 2168 1693 2206 τὸν
1721 2168 1828 2220 ἄνδρα
1857 2182 1865 2207 :
1893 2167 2001 2214 Διττή
2030 2168 2120 2204 ἐστιν
2145 2169 2166 2212 ἠ
2195 2169 2321 2219 χρῆσις

1280 2232 1339 2266 τοῦ
1368 2228 1552 2266 συλλαὸεῒν
1583 2226 1680 2280 παρὰ
1707 2229 1776 2270 τοῖς
1808 2225 1978 2278 ἀρχαίοις.
2033 2224 2119 2278 πρὸς
2145 2223 2212 2297 γὰρ
2244 2223 2321 2262 διά-

1282 2301 1383 2340 φορον
1408 2286 1520 2324 κλίσιν
1549 2285 1707 2338 διάφορος
1735 2300 1795 2322 και
1820 2287 1841 2329 ἡ
1871 2283 2018 2322 διάνοια.
2075 2281 2133 2321 ἐὰν
2162 2281 2225 2331 μὲν
2253 2281 2321 2335 γὰρ

1281 2345 1367 2397 πρὸς
1386 2343 1581 2391 αἰτιατικὴν
1605 2347 1627 2388 ἧ
1649 2342 1842 2387 σύνταξις
1825 2359 1845 2393 ῃ
1860 2372 1869 2389 ,
1890 2342 2016 2395 ἔχθραν
2037 2340 2096 2379 καὶ
2116 2339 2319 2391 δυσμένειαν
2339 2360 2374 2387 35

1282 2403 1470 2455 παρίστησι
1500 2418 1560 2440 του
1593 2401 1914 2452 συλλαμδάνοντος,
1946 2400 2153 2452 κακουργίαν
2188 2397 2224 2436 δὲ
2258 2402 2318 2437 τοῦ

1283 2461 1631 2511 συλλαμὸανομένου,
1657 2459 1774 2511 ὥσπερ
1797 2458 1856 2496 καὶ
1883 2462 1954 2496 νῦν.
2010 2457 2070 2495 καὶ
2096 2456 2320 2507 Δημοσθένης

1283 2521 1317 2556 ἓν
1337 2522 1386 2571 τῷ
1405 2519 1496 2556 κατὰ
1515 2517 1620 2557 Μειδ
1610 2534 1659 2556 ιου
1678 2518 1726 2568 [Ϋ]
1746 2535 1760 2550 «
1781 2517 1859 2568 οὐχι
1879 2515 2140 2568 συλληψόμεθα.
2164 2533 2180 2548 n
2200 2514 2258 2552 ἐὰν
2284 2513 2321 2552 δὲ

1282 2576 1367 2629 πρὸς
1401 2575 1550 2623 δοτικὴν,
1586 2575 1746 2626 σημαίνει
1780 2574 1895 2627 φιλίαν
1928 2589 1988 2611 και
2021 2571 2240 2623 συμμαχίαν,
2275 2575 2322 2615 ὡς

1283 2634 1484 2685 Ἰσοκράτης
1509 2635 1543 2670 ἐν
1569 2638 1644 2676 ταῖς
1671 2631 1914 2684 παραινέσεσιν
1936 2636 1981 2678 [p.
2005 2642 2039 2677 2,
2070 2635 2116 2676 C]
2143 2647 2158 2662 «
2187 2631 2256 2681 ὃρω
2285 2627 2320 2667 δὲ
2340 2647 2376 2673 40

1283 2692 1342 2730 καὶ
1376 2708 1439 2738 την
1479 2690 1589 2742 τύχην
1622 2693 1706 2740 ἡμῖν
1744 2659 2071 2739 συλλαμὸάνουσάν,
2107 2705 2124 2719 ι»
2158 2686 2233 2724 ἴσον
2271 2703 2321 2739 τῳ

1284 2748 1613 2801 συναγωνιζομένην.
1671 2747 1793 2798 ἐπάγει
1823 2750 1903 2797 γοῦν
1935 2764 1950 2780 (ι
1984 2744 2044 2782 καὶ
2075 2744 2133 2782 τὸν
2163 2743 2322 2797 παρόντα

1283 2809 1402 2860 καιρὸν
1424 2806 1749 2858 συναγωνιζόμενον.
1772 2824 1786 2839 »
1807 2805 1866 2843 καὶ
1888 2802 2113 2855 Δημοσθένης
2129 2804 2164 2841 ἓν
2189 2802 2319 2856 πρώτῳ

1284 2868 1535 2916 Φιλιππικῶν.)

1337 2938 1399 2964 w7.
1430 2924 1461 2962 εἴ
1476 2940 1525 2968 τις
1541 2917 1640 2962 οἶδ’
1620 2925 1698 2960 ὁποι
1714 2921 1935 2974 τέτραπται;
1954 2919 2092 2959 Ἄστεία
2108 2919 2168 2957 καὶ
2184 2917 2321 2971 καθαρὰ
2338 2935 2374 2961 45

1283 2986 1330 3027 εἷς
1349 2982 1544 3036 υπερὸολὴν
1564 2985 1585 3028 ἡ
1607 2980 1763 3024 σύνταξις
1781 2979 1820 3017 τὸ
1836 2978 1948 3030 λέγειν
1974 2980 2036 3017 οὒκ
2056 2980 2102 3022 εἷς
2127 2977 2231 3016 ποίαν
2255 2980 2321 3028 γῆν

1282 3043 1463 3096 πέφευγεν,
1488 3041 1578 3079 ἀλλὰ
1602 3055 1670 3078 που
1694 3055 1766 3090 γης.
1823 3038 1923 3082 δόξαν
1949 3036 2015 3090 γὰρ
2041 3035 2320 3101 πεπαιδευμένου

1283 3100 1507 3153 καρπώσαιτο
1528 3099 1567 3136 ἄν
1586 3114 1636 3142 τις
1656 3097 1761 3140 ούτως
1779 3097 1897 3136 εἰπών.

1338 3172 1402 3198 210.
1431 3173 1499 3195 των
1526 3159 1608 3195 ἐτων
1640 3172 1706 3194 των
1738 3157 1830 3205 ἓμων
1867 3155 1985 3194 εΟὖκ
2014 3153 2212 3200 ἀπόὸλητον
2243 3150 2321 3190 οὖδὲ

1284 3216 1385 3255 τοῦτό
1419 3232 1477 3267 μοι
1509 3216 1612 3254 δοκεῖ.
1685 3214 1817 3267 σφόδρα
1850 3213 1917 3266 γὰρ
1951 3211 2091 3258 Ἀττικὴ
2125 3215 2148 3257 ἡ
2151 3210 2318 3279 φράσις.
2339 3232 2377 3258 50

1284 3275 1396 3313 λείπει
1430 3274 1496 3326 γὰρ
1534 3273 1573 3311 τὸ
1605 3272 1717 3310 ε’νεκα.
1772 3271 1811 3309 τὸ
1841 3271 1917 3309 κατ’
1949 3270 2099 3322 ἔλλειψιν
2133 3273 2190 3307 οὖν
2219 3265 2320 3320 ῥηθὲν

1284 3333 1396 3371 κοινὸν
1419 3335 1511 3372 αὐτι)
1539 3331 1719 3378 πεποίηκε.
1774 3329 1928 3401 λέγοις
1911 3345 1952 3367 αν
1977 3344 2037 3367 και
2062 3327 2104 3366 σὺ
2129 3326 2322 3379 παραπλη-

1255 3391 1257 3396 ’
1289 3392 1381 3436 σίως·
1398 3390 1490 3442 οἴμοι
1506 3393 1565 3437 τῆς
1581 3389 1708 3442 τύχης,
1729 3387 1899 3441 μακάριος
1914 3403 1976 3434 της
1995 3388 2081 3438 ἐμῆς
2099 3383 2269 3427 παιδείας.
