2533 3808
271 194 343 227 5⁴2

324 278 418 310 Ano,
449 272 515 306 III.
544 280 587 303 10
617 280 666 307 τις
698 277 771 300 oni.
793 267 838 300 V.
857 286 895 294 —
917 264 959 297 13
991 260 1195 312 ἀναθρέψει,
1235 264 1276 300 ι4

270 335 342 370 τοῖς
357 326 511 378 τρόποις,
532 338 543 358 l
558 324 577 359 5
599 322 724 374 φαῦλος
743 324 788 355 V.
808 343 848 349 —
867 319 912 354 18
932 316 1111 362 ὡσαύτως,
1134 317 1173 353 id
1196 324 1252 353 est
1267 345 1276 360 ‚

271 397 311 423 ut
327 391 362 420 ιἰι
383 389 597 431 argumento
617 382 808 426 superiore.

322 447 418 479 Ano.
447 443 507 476 IV.
543 451 587 473 21
607 434 774 487 Ἀλκαίῳ,
796 447 843 471 22
870 432 1003 476 διδάξαι
1019 436 1064 469 V.

356 512 419 534 BG.
449 500 493 533 V.
515 499 602 532 Haec
630 500 867 530 accesserunt
888 492 928 528 in
957 491 1016 528 ed.
1054 490 1210 527 Juntina
1240 502 1274 527 a.

270 555 380 593 1525.
410 552 573 600 Margini
605 551 750 588 Aldinae
783 549 984 598 adscripsit
1013 548 1207 585 Victorius
1238 548 1276 583 in

267 610 471 660 exemplari
492 622 588 645 meo.
607 610 722 644 DIND.
741 611 838 645 Sunt
857 608 895 643 in
913 607 1137 656 Regia-26
1156 604 1191 642 δὲ
1206 619 1281 643 om.

268 672 366 706 Vict.
382 692 422 700 .-
439 681 488 715 29
510 666 566 704 τὸν
582 664 837 718 χρεωφειλέτην
852 665 950 701 Vict.
964 689 1005 695 —
1020 666 1063 701 31
1083 663 1281 713 legebatur

270 727 346 777 ἄτῃ.
367 724 541 762 Correxit
556 723 863 762 Hemsterhusius
879 736 926 758 ex
944 724 1056 758 Hom.
1074 722 1116 758 Il.
1140 723 1169 767 1,
1191 722 1279 767 373.

320 791 413 821 Ano.
442 786 496 820 VI
519 791 575 819 est
596 783 709 819 etiam
739 782 778 818 in
805 781 936 831 Regio,
970 781 1125 830 praefixo
1152 778 1280 825 ἄλλως,

268 843 348 879 sine
376 841 641 890 Aristophanis
661 840 825 876 nomine.
839 863 880 870 —-
896 841 916 876 3
939 839 1152 884 ἀκολουθεῖν,
1175 843 1195 881 4
1216 852 1284 874 πε-

270 899 403 952 ριτύχοι
422 904 514 948 Reg.
539 897 634 950 ἀνέρι
655 898 705 934 ob
724 911 877 934 versum
900 897 1028 946 posuit
1045 896 1278 933 Diudorfius.

269 957 375 995 Libri
406 956 516 1006 ἀνδρὶ.
552 960 654 994 Post.
685 956 841 997 Πλοῦτος
874 958 1019 992 Hemst.
1066 954 1204 990 delevit
1233 952 1284 998 δ’,

270 1015 374 1066 quod
395 1014 602 1064 legebatur.
626 1017 759 1063 Neque
779 1013 895 1050 habet
924 1016 1036 1062 Reg.‚
1061 1013 1126 1062 qui
1157 1013 1284 1049 soluto

270 1087 385 1110 versu
413 1072 601 1109 ὀπτάνεται
634 1071 743 1124 τούτῳ
768 1074 785 1109 ὃ
809 1072 965 1113 Πλοῦτος
982 1070 1107 1123 τυφλὸς
1129 1069 1189 1107 ὤν.
1203 1095 1244 1101 —
1263 1071 1282 1106 b

269 1131 397 1181 ἤγαγεν
417 1134 507 1180 Reg.
523 1130 608 1169 Ald.
623 1154 662 1162 -
677 1144 696 1177 7
719 1129 897 1180 ἀπήγαγον
914 1130 1079 1179 Scaliger
1098 1138 1136 1165 et
1160 1129 1285 1165 codex

270 1190 425 1238 Regius.
447 1188 663 1238 Legebatur
693 1189 894 1237 ἀπῆγον.-
914 1188 936 1223 8
965 1200 1096 1224 versus
1126 1200 1203 1223 non
1229 1186 1287 1222 in-

272 1256 387 1297 teger.
410 1247 501 1284 Post
518 1249 539 1292 ἡ
568 1246 597 1282 δ’
623 1247 766 1283 excidit
793 1246 952 1281 sortasse
980 1245 1191 1296 ἀναφανεῖσ’.
1217 1244 1285 1280 διε-

271 1305 425 1342 κώλυσεν
451 1313 578 1341 autem
609 1305 639 1341 si
665 1305 703 1340 in
735 1305 807 1341 fine
836 1316 968 1341 versus
1004 1304 1168 1352 positum
1202 1301 1285 1345 fuit,

272 1362 454 1400 διεκώλυεν
476 1362 733 1399 scribendum.
750 1367 865 1398 Dim).
885 1365 978 1411 Reg.
997 1360 1061 1397 κᾶν
1076 1364 1097 1405 ἦ
1121 1362 1167 1397 ll.
1188 1363 1289 1396 τοῦτο

273 1420 467 1458 διεκώλυεν.
492 1442 543 1448 —
564 1435 588 1469 9
611 1419 716 1461 οὕτως
752 1420 987 1456 Dindorfius.
1028 1418 1134 1455 Libri
1180 1416 1288 1467 ὅμως,

273 1479 376 1529 quod
393 1479 619 1516 servandum
638 1479 751 1515 fuisse
768 1478 929 1514 videtur.

671 1571 871 1586 ι-ῦθθοῦ-

665 1635 894 1676 SCHOLIA.

333 1735 365 1766 1,
387 1734 425 1756 11
444 1721 505 1763 τ’ἧς
521 1721 579 1755 τοῦ
609 1716 741 1754 codex.
756 1740 796 1747 --
816 1714 941 1752 23-26
970 1722 1057 1763 post
1077 1713 1173 1766 ἀνδρὶ
1196 1715 1218 1752 l.
1242 1715 1290 1751 28

276 1779 385 1829 ponit
406 1777 487 1814 Ald.
505 1779 586 1812 Hoc
604 1775 690 1811 loco
707 1788 728 1811 a
748 1787 859 1810 manu
881 1786 955 1809 rec.
978 1771 1092 1807 habet
1108 1775 1152 1812 V„
1176 1772 1292 1810 Scho-

277 1838 326 1873 lia
352 1836 397 1872 ad
434 1849 468 1871 v.
494 1848 531 1870 ι-
545 1847 601 1869 10.
620 1846 694 1869 om.
722 1833 780 1877 Θ.,
802 1831 915 1868 habet
936 1831 1171 1879 glossemata.
1185 1857 1225 1863 --
1243 1834 1290 1868 23

278 1894 450 1942 θαύματος
478 1891 558 1927 ΑῙιΙ.
576 1916 615 1921 -
632 1891 679 1926 26
707 1888 816 1939 τύχην
848 1889 1023 1925 Pauwius
1054 1889 1117 1937 [et
1132 1890 1185 1925 sic
1207 1890 1290 1940 V.].

279 1952 492 2000 Legebat‘ur
537 1948 669 1998 μάχην.
698 1947 818 1998 Τύχην
860 1949 1097 1982 conditionem
1109 1975 1120 1991 ,
1161 1957 1291 1984 sortem

275 2009 446 2046 servilem
461 2014 568 2042 vocat
584 2015 642 2042 :ut
661 2005 707 2042 ad
724 2019 760 2043 v.
788 2019 850 2052 21,
867 2003 941 2041 οὐδὲ
963 2002 1030 2053 μὴν
1049 2004 1178 2047 δούλοις
1199 2006 1291 2042 ὀνει-

279 2066 417 2107 δίζουσα
438 2064 476 2101 τὸ
496 2067 556 2109 τῆς
580 2063 689 2114 τύχης
719 2061 868 2105 ὑπεδεές.
895 2061 1014 2113 Τύχαι
1038 2063 1120 2114 παρ’
1153 2061 1292 2110 ’Έλλη-

279 2139 352 2170 σιν,
370 2124 491 2173 inquit
510 2123 627 2159 schol.
652 2126 740 2159 Eur.
759 2125 848 2159 Hec.
876 2122 965 2168 865,
983 2121 1042 2158 καὶ
1069 2123 1103 2158 αἱ
1132 2122 1292 2158 ταπειναὶ

279 2181 389 2225 τάξεις
418 2183 485 2218 τῶν
519 2179 706 2231 ἀνθρώπων
742 2179 800 2216 καὶ
838 2179 1136 2228 ὑποτεταγμέναι,
1166 2179 1225 2216 καὶ
1258 2181 1293 2216 αἱ

281 2239 410 2293 ὑψηλαὶ
441 2238 499 2276 καὶ
525 2240 792 2290 ἐπικρατοῦσαι·
826 2237 910 2283 ubi,
945 2250 1038 2286 quas
1059 2238 1202 2274 dudum
1223 2252 1293 2288 pro

279 2297 419 2350 πράξεις
439 2310 694 2348 reposueram,
714 2295 824 2339 τάξεις
842 2295 956 2333 habet
974 2296 1057 2332 cod.
1076 2300 1195 2332 Dorv.
1218 2296 1294 2333 Τύ-

281 2373 347 2408 χην
366 2358 465 2394 inter
495 2357 566 2392 alia
594 2355 727 2392 Suidas
756 2356 1030 2404 interpretatur
1064 2353 1290 2404 ἐπιτήδευμα.

281 2415 542 2452 ΗΕΜεΤ.-28
566 2422 652 2463 post
683 2412 778 2465 ἀνδρί
802 2413 855 2449 sic
889 2413 1014 2462 pergit
1044 2416 1088 2450 G.
1127 2412 1294 2464 ἀργαλέον

283 2471 319 2509 δὲ
343 2471 418 2508 ἀντὶ
437 2475 497 2508 τοῦ
513 2470 678 2521 χαλεπόν.
702 2469 836 2521 εἴρηται
853 2469 888 2506 δὲ
914 2470 1055 2507 ἀπὸτοῦ
1080 2470 1205 2519 ἄλγους
1228 2473 1293 2508 ἀλ-

285 2529 406 2581 γαλέον
435 2530 495 2566 καὶ
532 2528 712 2580 ἀργαλέον.
740 2530 896 2578 χαλεποῦ
928 2529 963 2565 δὲ
993 2528 1295 2581 ὅντος--ὓπηρετῇ

289 2590 335 2638 (v.
362 2588 479 2624 schol.
496 2587 543 2623 ad
558 2600 594 2623 v.
617 2592 664 2635 2).
685 2584 724 2622 τὸ
748 2584 783 2621 δὲ
805 2587 850 2627 ὡς
870 2586 1058 2627 ἐπιτάσεως
1077 2586 1297 2634 λαμὲοίνουσι

287 2643 477 2691 δηλωτικὸν
502 2643 577 2680 ἀντὶ
597 2645 655 2680 τοῦ
679 2642 756 2680 λίαν
769 2671 778 2688 ,
797 2640 853 2678 ἵνα
878 2638 899 2693 ᾗ
920 2642 959 2679 τὸ
977 2643 1103 2691 κομιδῆ
1117 2672 1126 2689 ,
1153 2643 1295 2694 σφόδρα.

288 2705 410 2745 ἄλλως.
429 2700 595 2753 ἀργαλέον
610 2700 648 2738 τὸ
667 2699 828 2751 δυσχερὲς
842 2700 900 2736 καὶ
916 2699 1093 2738 δύσκολον.
1111 2701 1299 2746 πεποίηται

289 2761 324 2798 δὲ
341 2760 423 2813 πρὸς
439 2759 478 2796 τὸ
494 2758 604 2810 ἔργον.
618 2761 639 2803 ἡ
657 2758 788 2794 διάνοια
802 2756 933 2802 πλεκτὴ
956 2756 995 2793 ἔκ
1015 2772 1051 2793 τε
1065 2758 1297 2807 σχετλιασμοῦ

288 2819 348 2856 καὶ
365 2819 584 2866 θαυμασμοῦ.
605 2815 644 2852 τὸ
668 2815 734 2866 γὰρ
753 2817 798 2856 ὡς
814 2815 1068 2865 ἐπαμφοτερεῐ,
1092 2814 1112 2859 ἢ
1142 2815 1298 2852 ἐπίτασιν

291 2877 399 2922 δηλοῖ.
416 2875 554 2925 ἀπαυδᾷ
573 2873 607 2910 δὲ
625 2874 662 2910 οὐ
677 2873 760 2924 πρὸς
779 2871 818 2909 τὸ
834 2874 894 2917 τῆς
914 2874 1027 2923 ψυχῆς
1046 2872 1160 2921 (corr.
1177 2871 1300 2923 τύχης)

292 2932 460 2984 σκληρὸν,
484 2931 573 2968 ἀλλὰ
589 2930 672 2983 πρὸς
689 2930 726 2967 τὸ
755 2933 814 2967 τοῦ
835 2930 1001 2966 δεσποτοῦ
1025 2928 1182 2978 ἐπαχθές.
1208 2934 1300 2966 Bro—

292 2992 376 3027 vius
396 2994 440 3027 R.
463 2989 570 3041 ἀνδρί.
588 2988 756 3039 ἀργαλέον
784 2986 819 3024 δὲ
838 2987 913 3024 ἀντὶ
938 2987 976 3024 τὸ
994 2990 1106 3037 (corr.
1132 2988 1211 3036 τοῦ)
1229 3003 1301 3038 χα-

294 3047 409 3086 λεπόν.
432 3046 565 3098 εἴρηται
583 3046 618 3083 δὲ
636 3046 704 3083 ἀπὸ
724 3049 782 3083 τοῦ
801 3045 904 3095 ἄλγος
935 3045 1101 3095 ἀλγαλέον
1131 3045 1189 3082 καὶ
1213 3061 1246 3084 κ.
1270 3063 1300 3083 τ.

295 3109 353 3143 τοῦ
371 3106 393 3140 λ
410 3105 455 3146 εἷς
475 3119 491 3155 ρ
508 3104 686 3155 ἀργαλέον.
705 3106 858 3154 χαλεποῦ
880 3103 915 3141 δὲ
932 3103 1026 3146 ὄντος
1042 3108 1100 3140 τοῦ
1118 3103 1301 3152 δουλεύειν,

296 3160 584 3214 χαλεπώτερονᾱ
594 3163 760 3214 ὕπηρετῇ.
789 3163 843 3200 lb.
870 3160 1036 3214 ἀργαλέον
1064 3162 1233 3199 additum
1257 3177 1302 3200 cx

298 3225 341 3258 R.
362 3224 421 3264 G·‚
443 3232 517 3255 om.
546 3219 628 3255 Ald.
645 3229 682 3256 et
701 3220 831 3257 Suidas
860 3234 889 3258 s.
924 3234 957 3257 v,
987 3219 1235 3272 Ἀργαλέον.-
1256 3222 1300 3265 43

299 3275 604 3324 νηυσὶ-πέλασσε
621 3291 696 3316 om.
720 3282 762 3314 R.

353 3347 389 3382 2,
414 3347 474 3371 12.
498 3333 624 3384 Σχέσις
649 3336 749 3385 apud
778 3337 1042 3386 grammaticos
1070 3345 1124 3373 est
1151 3335 1305 3372 habitus

1031 172 1329 214 ADNOTATIO
1357 173 1411 211 IN
1440 173 1615 212 SCHOL.

1344 258 1500 307 quidam
1523 266 1716 308 statusque
1732 260 1786 295 rei
1806 268 1930 297 certus
1950 275 2019 311 per
2043 264 2351 313 praepositionem

1343 316 1502 353 aliamve
1516 316 1700 353 orationis
1712 325 1858 366 partem
1874 331 2074 368 expressus
2091 336 2099 356 :
2122 322 2236 358 veluti
2257 320 2352 373 παρὰ

1348 373 1489 409 dicitur
1520 373 1700 423 σημαίνειν
1732 373 1794 420 τὴν
1814 375 1909 418 ἐκτὸς
1940 386 2003 414 aut
2026 377 2088 423 τὴν
2115 377 2179 422 ἔξω
2209 379 2351 430 σχέσιν,

1344 431 1447 480 quod
1464 440 1669 480 utrumque
1690 431 1805 469 habet
1824 435 1987 482 Etymol.
2005 448 2041 485 p.
2061 437 2131 472 651
2145 466 2153 482 ‚
2171 438 2239 483 3o;
2260 437 2351 486 652,

1345 494 1406 535 44,
1428 489 1582 538 quando
1602 490 1679 526 vim
1695 490 1797 526 illam
1810 494 1869 528 τοῦ
1889 491 1954 535 ἔξω
1971 493 2049 530 sive
2064 493 2158 536 ἐκτὸς
2173 495 2233 531 vel
2252 495 2291 531 iu
2313 508 2353 532 se

1344 548 1528 593 continet,
1550 548 1611 583 vel
1631 547 1834 595 vocabulo,
1857 549 1916 585 cui
1938 552 2203 600 agglutinatur,
2223 553 2354 589 conci—

1344 606 1423 642 liat.
1447 606 1691 656 Παραφρονεῖν
1724 605 1840 653 igitur
1873 605 1975 643 hunc
2004 607 2045 644 in
2076 609 2230 646 modum
2258 611 2351 657 erit,

1344 674 1455 700 esctra
1476 677 1609 699 sanam
1631 672 1786 698 mentem
1807 677 1906 707 esse3
1928 664 2144 716 παρανόμος,
2170 678 2278 704 extra
2300 672 2354 704 le-

1341 736 1420 771 gem
1446 728 1595 771 positus.
1625 721 1797 758 Eustath.
1829 721 1877 757 ad
1903 723 1944 758 Il.
1975 726 2015 768 B,
2045 737 2081 773 p.
2115 737 2202 772 217,
2231 739 2293 773 21,
2316 726 2355 764 id

1344 794 1477 830 agens,
1505 789 1548 817 ut
1578 792 1772 828 nunquam
1809 792 1831 815 a
1860 788 1973 830 poeta
2003 784 2289 831 praepositiones
2316 785 2356 821 in

1345 839 1472 876 verbis
1494 836 1766 888 componendis
1790 837 1929 874 frustra
1955 839 2142 876 cumulari
2161 842 2355 886 ostendat,

1346 898 1562 946 exemplum
1582 896 1702 933 'affert
1728 909 1775 932 ex
1802 895 1877 933 Od.
1900 899 1940 941 Z,
1969 899 2031 943 88,
2053 898 2355 950 ὑπεκπροέλυσανε

1346 956 1414 991 ε’κεῖ
1434 954 1519 1007 γὰρ,
1540 954 1682 1003 inquit,
1703 957 1723 999 ἡ
1743 952 1804 1002 μὲν
1823 953 1890 991 ὑπό
1905 952 2064 1006 πρόθεσις
2082 954 2144 1001 τὴν
2164 955 2260 993 κάτω
2276 956 2359 1007 σχέ-

1346 1028 1399 1050 σιν
1421 1014 1539 1060 δηλοῖ,
1563 1015 1585 1057 ἦ
1616 1010 1651 1049 δὲ
1676 1010 1709 1055 ἐξ
1735 1011 1797 1058 τὴν
1829 1011 1925 1054 ἐκτὸς
1940 1016 1990 1059 ,,ἡ
2010 1012 2045 1050 δὲ
2065 1013 2133 1065 πρό
2151 1014 2214 1059 τὴν
2240 1014 2297 1051 ἐπὶ
2314 1015 2358 1052 τὰ

1346 1070 1549 1123 ἔμπροσθεν.
1568 1070 1679 1120 Apud
1699 1070 1862 1118 Etymol.
1889 1071 1928 1106 in
1960 1071 2184 1122 Μετοίφρενον
2202 1086 2210 1108 :
2229 1074 2250 1117 ἡ
2271 1071 2359 1122 μετά

1346 1128 1508 1177 σημαίνει
1523 1128 1581 1164 καὶ
1596 1126 1657 1172 τὴν
1668 1126 1738 1164 ἅνω
1751 1125 1883 1178 σχέσιν,
1898 1129 1943 1170 ὡς
1955 1127 1993 1165 τὸ
2012 1128 2184 1178 μέτωπον·
2197 1144 2361 1180 quomo-

1347 1187 1416 1231 do,
1439 1195 1617 1223 monente
1629 1184 1859 1233 Thomas-chia
1880 1185 1965 1238 ὑπέρ
1981 1187 2141 1238 πρόθεσιν
2160 1187 2223 1234 τὴν
2243 1189 2361 1226 ἐπάνω

1348 1243 1467 1294 σχέσιν
1490 1244 1660 1288 δηλοῦσαν
1684 1244 1853 1292 genitivo
1867 1244 2182 1293 jungunt.Attici.
2202 1248 2362 1297 Apollo-

1348 1303 1452 1338 nium
1470 1302 1685 1338 scholiastes
1703 1301 1948 1349 reprehendit
1963 1302 2009 1338 ad
2025 1307 2112 1352 Arg.
2132 1318 2164 1351 1,
2186 1310 2275 1351 242,
2297 1306 2362 1354 qui

1348 1362 1386 1397 in
1401 1360 1482 1397 πόθι
1500 1359 1815 1409 significationem
1841 1367 1967 1395 motus
1987 1362 2160 1409 posuerit
2177 1376 2185 1398 ε
2209 1361 2282 1399 ἔστι
2297 1362 2362 1416 γὰρ

1348 1421 1409 1463 τῆς
1429 1419 1462 1454 ἐν
1481 1416 1579 1468 τόπῳ
1596 1418 1748 1466 σχέσεως
1765 1415 1956 1461 δηλωτικόν
1970 1432 1977 1439 ·
1997 1431 2081 1467 quae
2100 1418 2226 1464 τοπικὴ
2245 1419 2363 1469 σχέσις

1349 1477 1566 1527 appellatur
1583 1475 1630 1512 ab
1644 1475 1824 1524 Apollon.
1839 1474 1944 1511 Alex.
1964 1478 2023 1513 De
2042 1485 2140 1525 synt.
2160 1483 2196 1524 4,
2210 1491 2249 1527 p.
2274 1480 2362 1528 329,

1352 1538 1435 1572 330.
1461 1539 1612 1572 Hnmsr.

1404 1595 1439 1640 5,
1463 1595 1507 1630 31
1538 1591 1672 1641 ἀνάγκη
1693 1590 1849 1641 μετέχειν
1869 1590 1908 1628 τὸ
1927 1592 2121 1639 ποιητικὸν,
2145 1594 2191 1630 33
2210 1593 2278 1645 γὰρ
2302 1597 2364 1641 τῆς

1350 1657 1395 1689 V.
1423 1650 1602 1688 ἀποτίεται
1621 1653 1665 1686 R.
1686 1647 1837 1700 εὐρύοπα
1859 1649 1944 1691 Ζεὺς
1972 1663 2047 1686 om.
2078 1653 2178 1687 V.--
2193 1652 2240 1696 34
2267 1647 2364 1705 ἦμαρ

1352 1710 1456 1761 ἄγῃσι
1471 1713 1567 1746 R.-
1586 1709 1633 1744 35
1655 1708 1749 1758 αὐτῷ
1774 1706 2043 1758 διαπράττοντος
2063 1707 2098 1744 ἐν
2129 1710 2179 1760 τῷ
2203 1712 2302 1746 V.-
2317 1711 2365 1746 36

1352 1767 1399 1817 μὴ
1422 1766 1587 1804 δύνασθαι
1606 1771 1715 1802 ποιεῖν
1734 1768 1879 1802 Hemst.
1900 1770 2011 1801 ποιεῖν
2036 1764 2089 1816 ἄρ’
2106 1767 2145 1803 οὔ
2161 1766 2300 1816 λέγεται
2319 1771 2365 1804 V.

1351 1825 1441 1863 ἀλλὰ
1455 1838 1528 1862 om.
1544 1824 1678 1860 Ald.-
1694 1825 1741 1870 39
1758 1827 1827 1864 τοῖς
1849 1823 2027 1859 ἀπειθοῦσι
2043 1822 2128 1874 πρὸς
2142 1823 2220 1866 τοὺς
2236 1825 2364 1862 δεσπό-

1350 1902 1410 1928 τας
1429 1888 1532 1923 Junt.
1548 1880 1600 1935 [et
1620 1880 1978 1930 Reg.]Capiendum
1992 1882 2100 1930 quasi
2119 1882 2365 1931 scriberetur,

1350 1947 1418 1981 τῶν
1438 1945 1582 1993 πληγῶν
1596 1970 1605 1986 ,
1621 1941 1658 1978 αἳ
1677 1938 1874 1993 ὀφείλονται
1892 1944 1963 1984 τοῖς
1980 1938 2111 1982 δούλοις
2123 1970 2132 1988 ,
2153 1939 2251 1993 οἷ’περ
2269 1943 2365 1979 ἀπεῖ-

1352 2008 1446 2042 θοῦσι
1464 2009 1532 2045 τοῖς
1550 2002 1742 2044 δεσπόταις.
1762 2001 1955 2050 Significat
1972 2001 2202 2047 scholiastes,
2218 2000 2261 2039 τὰ
2275 2001 2367 2040 κακὰ

1352 2075 1464 2113 posse
1482 2061 1684 2111 dupliciter
1700 2059 1881 2108 intelligi,
1897 2059 1956 2095 vel
1977 2059 2154 2096 stultitias
2170 2060 2366 2105 herorum,

1353 2129 1411 2167 et,
1436 2133 1516 2169 quae
1535 2118 1625 2155 inde
1653 2117 1904 2167 proveniunt,
1927 2116 2171 2163 calamitates,
2192 2118 2250 2154 vel
2278 2132 2367 2155 ver—

1352 2179 1445 2216 bera
1460 2188 1496 2215 et
1516 2178 1657 2227 plagas,
1679 2188 1762 2223 quae
1782 2174 2164 2223 servisimmorigeris
2182 2165 2369 2214 debentur

1354 2246 1391 2274 et
1415 2237 1665 2274 intentantur.
1695 2233 1901 2282 Sequentia
1924 2232 2012 2281 jure
2030 2232 2225 2283 improbat
2246 2237 2370 2272 HSte-

1354 2295 1502 2345 phanus
1524 2297 1624 2342 App.
1647 2290 1693 2327 de
1713 2293 1758 2327 D.
1780 2295 1821 2326 A.
1846 2303 1882 2339 p.
1903 2290 1974 2339 83;
2006 2302 2094 2326 nam
2123 2290 2154 2327 si
2185 2290 2245 2328 his
2277 2292 2369 2330 locis

1354 2352 1515 2390 adhibiti
1540 2364 1617 2386 non
1643 2356 1767 2386 essent
1798 2348 1968 2394 articuli,
1995 2347 2124 2397 potius
2140 2346 2290 2400 ἔλλειψις
2306 2363 2372 2387 eo-

1355 2425 1439 2448 rum
1486 2409 1618 2446 luisset
1665 2405 1834 2442 dicenda.
1882 2406 1980 2442 Tum
2022 2404 2220 2442 observari
2259 2406 2372 2456 jubet

1354 2467 1552 2510 πλεονάζειν
1597 2465 1721 2501 active
1767 2471 1994 2512 usurpatum
2029 2476 2123 2512 pro,
2171 2468 2225 2499 uti
2254 2469 2372 2502 solent

1355 2529 1588 2562 articulorum
1606 2526 1817 2572 pleonasmo
1827 2548 1839 2564 ‚
1869 2520 2040 2556 adhibere
2066 2523 2185 2556 solent
2201 2526 2374 2559 articulos

1355 2595 1593 2631 supervacuos
1609 2594 1619 2614 :
1638 2579 1740 2628 quod
1761 2587 1882 2615 tamen
1901 2577 2073 2627 pluribus
2092 2580 2278 2628 exemplis
2294 2594 2369 2617 non

1357 2648 1471 2676 caret.
1493 2642 1640 2675 Hmisr.

1412 2699 1433 2733 6
1455 2696 1511 2733 τὸν
1532 2699 1590 2732 τοῦ
1617 2692 1778 2742 σώματος
1809 2691 1925 2744 κύριον
1949 2707 1956 2728 :
1985 2695 2083 2730 τοῦτο
2105 2693 2181 2730 ἀντὶ
2208 2697 2267 2731 τοῦ
2295 2694 2372 2732 τινὰ

1358 2755 1516 2792 ἕκαστον.
1546 2752 1690 2802 ἔγγιστα
1720 2750 1785 2801 γὰρ
1817 2744 1912 2790 οὗτος
1948 2750 2082 2800 κυρίως.
2116 2749 2137 2795 ἢ
2165 2753 2286 2789 ἑαυτοῦ
2314 2752 2371 2790 τὸν

1359 2814 1477 2850 δοῦλον
1499 2812 1561 2848 οὐκ
1577 2812 1615 2862 ἐᾷ
1626 2814 1763 2861 κρατεῖν
1775 2810 1797 2852 ἡ
1808 2806 1909 2857 τύχη.
1930 2807 2000 2854 (Ad
2013 2822 2047 2844 v.
2061 2808 2096 2857 7)
2110 2809 2183 2846 ἀντὶ
2205 2813 2263 2847 τοῦ
2277 2811 2372 2856 ὠνη-

1360 2870 1522 2919 σάμενον.
1545 2862 1612 2904 οἷον
1629 2865 1729 2903 αὐτὸν
1748 2867 1868 2902 ἑαυτοῦ
1890 2863 1946 2900 τὸν
1964 2865 2080 2902 δοῦλον
2095 2866 2155 2902 οὐκ
2175 2866 2215 2917 ἐᾷ
2234 2872 2371 2917 κρατεῖν

1359 2931 1380 2973 ἡ
1404 2926 1508 2977 τύχη.
1532 2926 1654 2967 ἄλλως.
1678 2923 1752 2961 ἀντὶ
1770 2925 1829 2960 τοῦ
1850 2921 1907 2958 τὸν
1929 2931 1998 2958 etc.
2023 2925 2067 2958 G.

1416 2999 1450 3030 7,
1478 2998 1490 3019 1
1512 2996 1565 3032 sq.
1589 2983 1641 3019 sic
1662 2985 1706 3017 G.
1731 2989 1767 3017 et
1783 2979 1918 3018 Suidas
1939 2993 1966 3016 s.
1985 2978 2217 3029 Ἔωνημένοι.
2234 2979 2372 3030 λέγουσι

1361 3042 1426 3094 γὰρ
1453 3040 1508 3078 διὰ
1528 3043 1588 3085 τῆς
1610 3041 1716 3084 αὐτῆς
1748 3040 1862 3090 φωνῆς
1894 3037 1953 3078 τὰς
1984 3040 2044 3073 τοῦ
2065 3036 2218 3088 ῥήματος
2244 3036 2373 3080 κλίσεις

1361 3107 1407 3140 V.
1429 3102 1512 3137 Ald.
1528 3126 1567 3131 -
1583 3114 1603 3136 2
1622 3099 1661 3136 τὸ
1680 3104 1748 3136 πᾶν
1769 3099 1830 3135 οὐκ
1852 3101 1896 3135 G.
1915 3101 2095 3135 Perverse
2113 3106 2239 3135 autem
2260 3097 2372 3135 scho-

1363 3162 1469 3197 liasta
1492 3160 1538 3196 de
1569 3159 1773 3208 participio
1802 3157 1941 3206 plurali
1959 3156 2178 3206 ὠνησάμενοι
2199 3157 2371 3206 praecipit

1364 3219 1466 3268 quod
1488 3219 1525 3254 in
1552 3218 1770 3254 uuiversum
1791 3216 1837 3253 de
1857 3216 2000 3252 aoristo
2021 3215 2176 3265 praecipi
2196 3214 2368 3252 debebat.

1364 3281 1454 3315 Nam
1484 3276 1649 3328 πρίασθαι
1680 3284 1824 3311 veteres
1866 3275 1983 3311 Attici
2023 3274 2148 3311 dicere
2182 3273 2368 3317 solebant,

1364 3349 1438 3372 nou
1463 3334 1673 3379 ὠνήσασθαι.
1693 3337 1737 3370 V.
1756 3333 1918 3370 Lobcck.
1941 3333 1986 3369 ad
2011 3332 2150 3381 Phryn.
2170 3346 2208 3382 p.
2238 3334 2321 3380 138,
2336 3341 2372 3369 et
