2517 3792
0 2632 2 2660 ὲ
51 2623 266 2674 7παροιμίαν
288 2624 392 2661 addit
412 2627 456 2661 R.
485 2618 514 2661 ‹J›
538 2622 758 2662 εὐτελέστατε
789 2622 848 2661 καὶ
878 2623 980 2661 λάλε·
1012 2623 1096 2673 φησὶ

1053 154 1214 192 PLUTl.

91 240 253 293 στρατιὰς
275 245 334 288 R.)
351 241 405 279 διὰ
426 242 463 279 τὸ
480 242 669 294 εὔχρηστον
692 240 735 278 τὰ
765 241 817 291 (τὸ
837 243 893 291 V.)
913 240 996 293 πρὸς
1022 255 1104 292 τρο-

91 299 155 348 φὰς
175 299 272 352 (πρὸς
289 300 350 342 τὴν
369 300 495 353 τροφὴν
515 302 560 338 Θ.
582 299 664 351 πρὸς
681 298 808 350 τροφὴν
827 301 960 337 Suidas
974 314 1000 336 s.
1013 299 1105 348 Ἰίμ-

87 359 206 409 πορυς)
227 358 399 410 φέροντας.
426 361 527 395 τοῦτο
555 373 612 394 ουν
639 357 730 406 λέγει
756 383 794 389 -—
816 359 994 395 ἀποκαλῶ.
1017 382 1056 388 -
1082 372 1105 406 9

88 414 178 452 κατὰ
202 416 274 461 τὴν,
306 431 350 453 ιο
379 418 670 467 ἐσχηματίζοντο,
699 416 901 466 βουλόμενοι
923 417 984 460 τὴν
1012 417 1100 467 εἰσφ.

88 473 264 524 ἐκφυγεῖν,
290 488 301 509 1
316 489 328 510 1
355 475 590 526 διετηροῧντο,
610 477 655 516 ὡς
674 475 736 521 τὴν
753 491 788 511 π.
810 476 876 525 ὠφ.
901 474 943 511 τὰ
958 476 1104 511 πλεῖστα

87 533 179 580 Reg.
197 556 238 562 —
259 537 301 574 14
324 532 382 569 καὶ
407 533 496 584 εἷσφ.
518 541 555 569 et
581 534 623 569 15
645 547 725 582 sqq.
746 530 876 574 Ἄλλως
896 558 935 564 -
952 532 1103 581 πολεμον

87 601 159 624 om.
177 590 288 626 etiam
311 591 356 628 Θ.
375 588 506 632 Ἄλλως
524 605 598 628 01n.
620 595 678 636 R„
696 592 746 627 ita
768 604 948 640 pergens,
969 605 1105 641 προφα-

84 645 224 695 σίζομαι
252 647 308 684 ὅτε
340 647 525 698 πέμπομαι
565 651 610 691 εἷς
640 648 801 700 πόλεμον.
838 648 938 694 ὅταν,
976 649 1079 698 φησὶν
1092 677 1102 697 ,
1127 583 1133 904 3

83 704 217 753 ἀνάγκη
231 731 271 738 -
283 699 381 743 εἶναι.
406 707 491 744 Ald.
510 722 627 760 φασιν.

136 765 224 813 906,
245 777 292 800 22
314 766 470 816 Μερικὴν
488 764 564 802 τινὰ
587 764 675 810 ζωὴν
694 759 759 815 ῆχε
777 766 822 802 Θ.

136 834 229 870 907,
262 822 309 858 25
333 822 532 874 φροντισταὶ
551 827 593 859 V.
612 846 651 853 —
670 824 716 858 26
739 821 830 863 ἰδίως
851 819 885 857 δὲ
902 825 945 858 R.
968 822 1103 863 εἰδικῶς

83 878 118 916 δὲ
142 883 234 929 Reg.
255 878 306 917 ὅτι
325 880 361 917 δὲ
384 881 501 932 (ἰδίων
535 881 641 918 addit
661 881 726 927 Θ.)
749 879 840 929 λέγει
859 881 927 915 τῶν
949 880 994 917 Θ.
1017 880 1100 916 Ald.

91 964 122 969 -
140 950 264 986 27—29
281 939 348 974 τῶν
363 967 402 971 -
416 937 523 988 μύσος
549 952 625 976 oni.
649 942 694 974 G.
716 942 809 987 Reg.
832 955 846 969 «
859 940 944 974 Non
964 938 1102 988 legitur

83 993 142 1030 hic
170 1007 301 1032 versus
324 996 360 1032 in
382 996 536 1032 Bacchis
557 1011 564 1031 :
586 996 649 1032 sed
678 996 800 1031 locum
823 994 889 1031 ubi
917 996 1102 1032 exciderit

83 1051 333 1100 probabiliter
356 1054 580 1090 monstravit
601 1052 834 1101 Tyrwliittus
860 1053 962 1102 apud
992 1057 1102 1090 Mus—

81 1122 182 1158 graV.
199 1111 245 1146 ad
267 1124 300 1148 v,
325 1111 433 1147 1328.
451 1128 466 1143 υ
486 1114 603 1147 Dum.
623 1111 652 1147 εἰ
672 1108 734 1160 μὲν
754 1109 819 1161 γὰρ
836 1114 877 1147 R.
899 1115 998 1160 μῖσος
1013 1111 1098 1148 Ald.

88 1194 118 1200 -
135 1168 154 1204 3
165 1181 178 1203 1
196 1169 264 1204 τῶν
277 1169 428 1205 πολιτῶν
442 1170 510 1205 τῶν
523 1167 697 1217 δημοσίων
715 1183 771 1220 φρ.
787 1169 902 1206 Paris.
918 1169 1098 1206 Scholion

83 1237 113 1262 v.
134 1239 210 1275 909
225 1239 300 1263 om.
318 1227 432 1264 etiam
451 1228 498 1266 Θ.

131 1297 208 1332 910
228 1285 333 1322 sicin
350 1288 410 1329 V.‚
437 1282 523 1323 “On
537 1288 566 1322 εἰ
580 1285 688 1336 μηδέν
710 1300 764 1323 σοι
777 1284 941 1338 ἁρμόττει
954 1285 1099 1333 ποίησον

82 1354 126 1376 τι.
143 1340 176 1378 τί
193 1341 300 1385 θέλεις
317 1345 519 1392 μισηθῆναι;
530 1342 672 1386 Ἄλλως.
692 1347 777 1395 μισῆ
793 1343 848 1381 διὰ
863 1344 902 1382 τὸ
916 1347 1100 1397 ἐπιχειρεῖν

81 1398 270 1450 ἀλλοτρίοις
284 1401 467 1452 πράγμασι
478 1402 535 1440 καὶ
551 1402 674 1445 ἄλλους
692 1404 992 1454 πολυπραγμονεῖν
1010 1404 1102 1453 βίους

80 1456 139 1494 καὶ
159 1458 357 1496 διαὸάλλειν
375 1460 470 1498 οὐδέν
486 1476 539 1498 σοι
562 1460 714 1513 ἁρμόζει.
737 1465 780 1497 In
801 1462 846 1498 Θ.
868 1461 1000 1504 οὐδενὸς
1023 1463 1101 1499 ’δια-

80 1515 238 1569 φέροντος
259 1517 318 1556 καὶ
339 1518 567 1572 ἁρμόττοντος
591 1534 643 1556 σοι
662 1522 746 1570 μισῇ
765 1517 859 1571 παρὰ
881 1521 950 1556 τῶν
970 1519 1103 1570 ἀνθρώ-

80 1589 154 1610 πων
172 1573 228 1612 διὰ
240 1575 333 1613 τὸ-
346 1577 535 1628 ἀλλοτρίων
551 1578 789 1627 ἐπιμελεῖσθαι
820 1576 1023 1627 βουλόμενος
1040 1594 1102 1628 μι-

79 1638 203 1669 σεῖται.
233 1659 273 1666 -
295 1635 342 1684 39
364 1636 553 1686 ἀπεχθάνει
582 1639 626 1672 R.
656 1634 834 1685 ἀπεχθάνῃ
869 1636 954 1672 Ald.
982 1665 1023 1669 -
1051 1638 1099 1680 46

79 1692 206 1741 pergit
225 1695 332 1742 Reg„
352 1692 425 1730 ἔστι
448 1693 483 1730 δὲ
507 1693 545 1731 τὸ
564 1692 745 1743 λεγόμενον
760 1696 877 1730 τοῦτο·
898 1695 972 1736 πῶς
987 1688 1044 1732 οἶν
1060 1694 1099 1732 ἂν

78 1748 170 1796 εἴης,
191 1742 219 1786 ὦ
237 1750 448 1802 τοιχωρύχε,
462 1751 612 1803 χρηστὸς
625 1781 634 1797 ,
659 1752 687 1787 εἰ
708 1750 814 1800 μηδὲν
833 1751 1008 1802 προσῆκόν
1029 1768 1101 1799 σοι,

77 1807 153 1844 ἀντὶ
168 1811 227 1846 τοῦ
250 1809 278 1846 εἰ
293 1810 438 1859 μηδενὸς
454 1809 658 1861 πράγματος
676 1808 908 1861 προσήκοντός
929 1824 995 1855 σοι,
1017 1812 1102 1848 ἀπε-

76 1866 188 1918 χθάνῃ
203 1866 262 1904 καὶ
284 1866 430 1918 μισητὸς
448 1867 526 1918 γίνῃ
541 1873 610 1909 τοῖς
629 1868 768 1910 πολλοῖς
795 1865 849 1904 διὰ
863 1867 901 1905 τὸ
914 1868 1099 1920 ἐπιχειρεῖν

77 1923 284 1975 ἀλλοτρίοις·
299 1927 316 1962 6
331 1924 397 1978 γὰρ
413 1925 604 1978 ἀλλοτρίων
625 1926 862 1975 ἐπιμελεῖσθαι
887 1924 1098 1977 πειρώμενος

77 1997 246 2032 μισειται.

87 2090 108 2098 ..
130 2053 220 2088 912.
235 2041 482 2079 Haec-scholia
495 2042 548 2079 sic
562 2042 752 2092 excerpsit
765 2041 918 2088 Suidas‚
935 2041 1097 2094 Κέπφοςε

76 2098 161 2140 εἶδος
177 2097 293 2150 ὀρνέου
313 2097 487 2143 ὀξυτάτου.
506 2099 558 2137 ὅτι
573 2099 608 2137 δὲ
622 2099 747 2152 κοῦφόν
769 2101 841 2137 ἐστι
858 2100 918 2137 καὶ
936 2099 1098 2137 ἐπιπλέον

76 2160 147 2199 τοῖς
163 2155 328 2206 κύμασιν.
347 2150 400 2195 ὟΩ
414 2156 524 2210 κέπφε
536 2187 546 2204 ,
564 2158 639 2195 ἀντὶ
656 2161 716 2195 τοῦ
732 2188 741 2204 ,
758 2151 786 2194 ὦ
805 2157 1026 2195 εὐτελέστατε
1039 2158 1098 2195 καὶ

76 2271 113 2310 δὲ
128 2277 150 2320 ἡ
162 2272 334 2326 παροιμία
354 2273 410 2311 ἐπὶ
429 2276 498 2311 τῶν
518 2274 708 2325 ἀλογίστων
724 2275 854 2327 ἀνδρῶν
868 2288 874 2295 ·
887 2276 904 2311 ὁ
923 2273 988 2325 γὰρ
1007 2273 1098 2311 κέπ-·

76 2346 136 2374 Φος
158 2331 264 2385 ἀφρὸν
291 2332 397 2369 ἐσθίει
426 2332 617 2370 θαλάττιον.
638 2334 668 2369 οἱ
691 2331 727 2369 δὲ
752 2332 869 2374 παῖδες
887 2334 954 2369 τῶν
974 2331 1097 2369 ἁλιέων

76 2389 234 2442 ῥίπτουσι
249 2389 289 2428 τὸ
308 2392 444 2443 πρῶτον
476 2390 669 2443 πόρρωθεν·
701 2384 775 2427 εἶτα
800 2390 996 2441 ἐγγυτάτω·
1021 2385 1097 2428 εἶτα
1123 2411 1126 2440 3

76 2449 123 2490 εἷς
146 2447 208 2494 τὴν
232 2454 334 2500 χεῖρα
354 2447 410 2486 τὸν
439 2449 566 2501 ἀφρὸν,
587 2448 645 2485 καὶ
671 2450 818 2500 εὐχερῶς
845 2447 1036 2499 ἀγρεύουσι.
1058 2480 1098 2486 -
1122 2441 1126 2501 l

78 2514 126 2556 49
144 2508 272 2559 κέπφος
288 2507 403 2560 ὄρνεον
423 2508 605 2546 θαλάττιον
618 2538 626 2553 ,
648 2507 753 2560 ἀφρὸν
780 2506 961 2545 θαλάττιον
988 2508 1097 2545 ἐσθίον

74 2569 122 2602 V.
137 2594 177 2598 -
196 2566 216 2603 5
237 2566 347 2617 λαμὸ.
374 2566 430 2604 τὸν
451 2566 555 2619 ἀφρὸν
576 2580 650 2604 oin.
672 2567 783 2603 etiam
802 2567 849 2604 Θ.
870 2591 912 2599 —-
932 2566 978 2611 54
1011 2575 1098 2615 post

74 2212 179 2251 λάλε·
204 2215 288 2265 φασὶ
317 2214 382 2266 γὰρ
404 2214 462 2252 τὸν
485 2215 614 2267 κέπφον
634 2219 785 2254 τοιοῦτον
806 2209 914 2252 εἶναι·
938 2215 1099 2253 τάττεται
1122 2241 1127 2408 γ

1122 2616 1126 2646 l

73 2682 161 2733 (scr.
182 2681 281 2734 φασὶ)
309 2680 374 2734 γὰρ
405 2682 462 2721 τὸν
487 2682 615 2735 κέπφον
643 2683 761 2727 εὐτελῆ
782 2681 840 2719 καὶ
860 2682 976 2719 λάλον.
1007 2686 1097 2719 Post

74 2739 263 2792 παροιμίαν
282 2741 466 2778 excidisse
485 2741 635 2778 videtur
652 2740 881 2790 λαμὸάνεται.
902 2740 1000 2778 Ibid.
1018 2740 1096 2778 Ἀλ-

76 2809 155 2840 Λως.
180 2797 304 2843 ἀνόητε
325 2799 501 2836 Dindorf.
520 2799 595 2836 ἀλλ’
610 2798 731 2843 ἀνόητε
752 2799 884 2835 codex.
903 2824 944 2830 —
969 2813 983 2834 1
1004 2799 1096 2835 Din-
1120 2800 1123 2848 ζ

75 2855 199 2893 dorfio
219 2857 486 2906 corrigendum
517 2858 669 2894 videtur
692 2856 806 2909 ὄρνεον
826 2855 890 2908 γὰρ
912 2856 1093 2894 θαλάττιον
1119 2862 1123 2915 f

74 2915 92 2951 6
111 2913 250 2965 κέπφος.
266 2938 307 2945 -
328 2914 348 2949 5
367 2914 444 2950 λίαν
465 2913 689 2960 εὐηθέστατον
708 2917 801 2963 Reg.
823 2938 866 2944 —
890 2916 912 2950 6
928 2913 1043 2965 ὄρνεον
1059 2913 1096 2951 δέ
1119 2919 1121 2959 ζ

74 2973 167 3009 ἔστιν
184 2973 232 3011 Θ.
245 2997 286 3003 -
307 2973 406 3020 7—13
425 2985 495 3022 pro
513 2972 569 3009 his
581 2999 590 3016 ,
610 2975 760 3008 τοῦτο-
773 2971 879 3022 λάρος
891 2999 903 3019 ,-
923 2973 969 3010 Θ.
994 2985 1094 3023 prae-
1118 2963 1121 3001 ἕ

72 3030 140 3068 het
161 3044 277 3080 supra
295 3031 320 3067 l.
351 3030 475 3074 50-54
492 3030 615 3080 posita
634 3029 692 3066 καὶ
717 3031 748 3067 οἱ
772 3031 891 3072 παῖδες
909 3059 948 3063 -
966 3044 1084 3082 παροι-
1117 3004 1120 3071 l

74 3088 170 3140 μίαν.
187 3089 372 3127 Similiter
384 3089 477 3137 Reg.
1117 3077 1120 3129 Ι

126 3149 218 3197 913,
235 3161 280 3184 21
300 3146 390 3199 πέρα
408 3146 632 3184 Schaeferus.
650 3144 744 3199 παρὰ
759 3147 890 3183 codex.
1116 3144 1119 3195 l

126 3205 203 3256 915
219 3206 357 3256 Regius
375 3220 384 3242 :
404 3204 608 3256 Ἐπιτρέπω
626 3203 763 3253 λέγεται
780 3203 819 3240 τὸ
840 3204 1010 3253 συγχωρῶ
1025 3217 1092 3238 τινι
1115 3214 1118 3266 γ

71 3263 366 3315 προθυμουμένῳ·
395 3262 578 3315 προτρέπω
604 3262 640 3298 δὲ
659 3261 698 3298 τὸ
726 3261 836 3311 ἔνάγω
864 3260 922 3298 καὶ
938 3259 1091 3311 διεγείρω

68 3318 144 3358 τινὰ
186 3320 314 3360 ἄκοντα
326 3352 335 3368 ,
371 3320 450 3367 ἤτοι
487 3318 676 3371 παροξύνω.
707 3344 746 3350 -
775 3333 820 3364 27
864 3323 1088 3369 παραχωρεῖν
1115 3336 1117 3345 1

2111 169 2179 201 591

1168 239 1225 276 καὶ
1250 239 1468 292 ἁμαρτάνειν.
1504 244 1592 278 Haec
1623 256 1697 279 non
1729 244 1956 293 abhorrent,
1977 247 2186 285 dummodo

1166 298 1359 347 paulisper
1377 299 1532 347 adjuves
1553 300 1755 337 scribendo
1781 316 1845 339 sen
1863 310 2086 356 παραχωρεῖν
2099 334 2108 351 ‚
2128 305 2186 342 καὶ

1165 360 1221 392 τσῦ
1237 356 1445 407 ἁμαρτάνειν
1474 358 1603 394 διδόναι
1632 358 1765 396 ἄδειαν·
1792 361 1873 397 sive
1896 363 2045 411 potius,
2069 377 2186 414 παρα-

1164 420 1288 464 χωρεῖν
1312 414 1521 465 ἁμαρτάνειν
1534 446 1542 461 ,
1561 416 1619 452 καὶ
1641 417 1769 454 διδόναι
1793 417 1910 456 ἄδειαν
1931 420 2026 471 παρὰ
2045 419 2084 457 τὸ
2102 419 2187 471 πρέ-

1165 487 1239 508 πον.
1258 477 1400 510 Humsr.
1419 497 1457 504 —
1473 474 1519 509 28
1537 473 1640 512 Ἤτοι
1657 474 1864 526 ἁμαρτάνων
1880 491 1953 514 oni.
1972 480 2033 525 Θ.,
2052 479 2117 527 qui
2137 492 2185 527 ²9

1164 545 1295 566 πιπτει.

1217 589 1292 635 916
1308 588 1360 624 sic
1380 588 1418 623 in
1437 591 1498 633 V.‚
1517 587 1550 630 ἐξ
1567 588 1736 639 ἀνάγκης,
1757 592 1868 642 ἀργῶς
1884 592 1942 629 καὶ
1964 593 2087 642 μάτην,
2107 609 2188 630 χαι..

1163 644 1297 696 νότερον
1313 644 1351 681 δὲ
1364 644 1421 682 καὶ
1436 644 1497 688 τὰς
1510 645 1669 688 τοιαύτας
1684 648 1884 690 ἐπιστασίας
1899 649 2008 700 ἀρχὰς
2020 679 2059 683 .-
2074 650 2183 702 ἄρξαι.

1163 702 1304 745 Ἄλλως.
1331 702 1370 740 τὸ
1393 701 1589 748 ἐξεπίτηδες
1621 704 1733 754 μάτην
1765 705 1870 749 οὕτως
1896 707 1985 744 Ἀττ.
2015 711 2055 744 V.
2080 710 2184 746 Nihil

1164 770 1300 808 praeter
1315 761 1398 802 illa,
1419 760 1494 797 ἀντὶ
1521 765 1580 797 τοῦ
1603 761 1714 811 μάτην
1743 762 1849 807 οὕτως
1871 763 1974 812 Ἀττ.,
2003 765 2117 802 habet
2140 771 2184 804 R.

1164 818 1275 868 Apud
1291 819 1447 856 Suidanl
1461 847 1469 863 ,
1486 819 1726 866 Ἐξεπίτηδες,
1748 822 1805 858 καὶ
1820 822 1994 867 ἐπίτηδες·
2016 823 2186 876 ἑκατέρως

1160 875 1317 925 λέγουσιν
1334 875 1502 921 Ἀττικοὶ,
1518 877 1591 914 ἀντὶ
1604 881 1662 914 τοῦ
1679 877 1790 928 μάτην
1801 909 1809 925 ,
1830 879 1862 923 ἐξ
1877 879 2043 930 ἀνάγκης,
2057 883 2182 933 ἀργῶς.

1161 935 1238 971 Οὐκ
1258 934 1415 979 ἐπίτηδες
1435 938 1456 980 ἡ
1477 934 1577 978 πόλις
1597 936 1715 987 ἄρχειν
1732 938 1917 983 καθίστησι
1939 939 2118 983 δικαστάς.
2144 971 2186 978 -

1164 993 1208 1027 31
1241 1006 1324 1041 sqq.
1358 994 1549 1044 κοινότερον
1579 1019 1620 1025 -
1652 994 1750 1045 ἄρξαι
1783 997 1974 1045 excerpsit
2000 997 2135 1034 Suidas
2154 1012 2182 1035 s.

1159 1048 1307 1101 Ἄρχειν.
1337 1051 1438 1087 Male
1455 1055 1499 1089 V.
1521 1051 1728 1102 καινότερον.
1750 1082 1790 1086 -
1809 1055 1854 1090 33
1883 1068 1939 1104 sq.
1960 1053 2129 1106 γράφεται
2145 1084 2185 1090 ....

1159 1109 1177 1143 6
1201 1107 1406 1157 βουλόμενος
1422 1122 1497 1144 om.
1515 1110 1561 1146 Θ.
1582 1127 1596 1141 «
1616 1110 1671 1146 Ad
1693 1111 1918 1148 vocabulum
1939 1115 1957 1149 6
1979 1112 2185 1163 βουλόμενος

1159 1167 1431 1215 explicandum
1446 1167 1538 1216 quid
1557 1168 1696 1205 faciant
1711 1170 1870 1218 adjecta,
1883 1184 1958 1207 non
1979 1172 2088 1209 facile
2105 1174 2190 1226 quis

1160 1224 1312 1261 dixerit.
1333 1229 1474 1263 Dorv.:
1495 1229 1512 1263 6
1530 1226 1735 1278 βουλόμενος
1748 1243 1757 1265 :
1771 1231 1788 1265 6
1801 1227 1930 1279 ζθέλων.
1955 1230 2098 1266 οὖκοῧν;
2120 1230 2190 1267 λοι-

1162 1283 1241 1321 πόν.
1259 1284 1386 1327 ἐκεῖνός
1399 1286 1490 1334 εἷμιε
1507 1288 1523 1322 6
1538 1285 1729 1336 κατηγόρος
1748 1285 1909 1339 ὑπάρχω.
1928 1289 2031 1336 Ergo
2049 1287 2188 1324 descri-

1163 1343 1303 1392 ptoris,
1322 1345 1387 1393 qui
1412 1345 1617 1393 ampliores
1642 1353 1814 1381 veterum
1838 1345 2106 1382 adnotationes
2124 1359 2187 1382 ex-

1164 1401 1365 1450 cerpebat,
1387 1402 1498 1451 culpa
1520 1402 1695 1450 contigit,
1727 1410 1769 1437 ut
1788 1402 1871 1438 voci
1892 1402 2098 1452 βουλόμενος
2117 1403 2186 1440 ad-

1158 1458 1425 1508 jungerentur,
1444 1472 1528 1508 qnae
1548 1459 1593 1495 ad
1617 1461 1744 1501 ἐκεῖνος
1763 1460 2005 1509 pertinebant
2025 1476 2032 1497 :
2055 1462 2188 1498 confer

1164 1517 1280 1553 schol.
1300 1516 1347 1553 ad
1364 1531 1396 1553 v.
1421 1531 1510 1564 929.
1530 1534 1543 1547 »
1561 1519 1710 1553 Hmsr.

1217 1588 1306 1622 917,
1332 1577 1380 1623 39
1416 1589 1470 1624 sq.
1504 1579 1611 1617 ποιεῖ,
1638 1573 1696 1610 ἵνα
1718 1574 1810 1625 παρ’
1844 1576 1956 1612 αὐτῶν
1993 1576 2186 1626 βοηθῶνται

1164 1633 1380 1669 Heinsterh.
1408 1660 1448 1665 -.
1470 1639 1517 1675 40
1542 1632 1721 1669 Τάττεται
1735 1634 1780 1670 Θ.
1798 1657 1837 1663 -
1859 1639 1901 1675 41
1925 1648 2002 1670 κατ.
2024 1632 2063 1669 τὸ
2082 1633 2184 1680 κατά,

1165 1696 1210 1733 44
1234 1689 1532 1738 συντασσόμενον,
1555 1690 1599 1730 ὡς
1623 1707 1637 1719 ‹·
1654 1688 1692 1725 τὸ
1714 1691 1797 1732 ζῶον
1824 1695 2070 1741 κατηγορεῖται
2097 1689 2185 1726 κατὰ

1161 1752 1220 1785 τοῦ
1237 1746 1429 1799 ἀνθρώπου.
1449 1764 1464 1779 »
1479 1762 1557 1784 κατ.
1571 1747 1630 1784 καὶ
1641 1747 1679 1783 τὸ
1691 1749 1850 1798 παριστῶ
1869 1771 1909 1778 -
1927 1750 1973 1789 ὡς
1986 1747 2024 1785 τὸ
2041 1765 2055 1780 «
2075 1763 2186 1794 κατη-

1159 1805 1288 1857 γόρησε
1314 1805 1371 1842 τὸν
1391 1805 1484 1841 δεῖνα
1512 1808 1533 1850 ἡ
1562 1805 1613 1841 θλ.
1645 1804 1859 1856 μικρόψυχον
1883 1823 1912 1841 υ.
1946 1821 2025 1843 κατ.
2058 1805 2116 1842 καὶ
2146 1805 2185 1842 τὸ

1161 1864 1279 1905 ἁπλῶς
1296 1863 1423 1914 ὑδρίζω
1443 1862 1501 1900 καὶ
1520 1861 1604 1899 αὐτὸ
1629 1865 1760 1912 γενικῆ.
1794 1863 1939 1899 ἐνταῦθα
1961 1862 1996 1900 δὲ
2015 1862 2054 1900 τὸ
2072 1878 2185 1908 κατη-

1162 1927 1256 1974 γορεῖ
1287 1921 1364 1958 ἀντὶ
1388 1924 1448 1958 τοῦ
1479 1925 1674 1971 συνηγορεῖ.
1704 1918 1725 1964 ἢ
1758 1918 1946 1969 δυνάμενός
1964 1936 2015 1962 τις
2036 1919 2119 1972 φησὶ
2143 1920 2185 1957 δι’

1160 1979 1307 2032 ἀπορίαν
1341 1978 1557 2031 πραγμάτων
1599 1980 1810 2029 κατηγορίαν
1843 1978 2059 2023 ποιήσασθαι
2095 1975 2187 2015 κατά

1158 2053 1267 2086 τινος,
1295 2037 1316 2083 ἢ
1344 2037 1532 2087 ἀπολογίαν
1553 2036 1638 2089 ὑπὲρ
1670 2040 1812 2082 ἑαυτοῦ,
1832 2035 1908 2085 ἐμοὶ
1942 2040 2071 2089 χρῆται
2100 2035 2182 2088 πρὸς

1159 2101 1286 2143 ταῦτα,
1305 2097 1364 2134 καὶ
1382 2097 1455 2134 ἀντ’
1476 2095 1606 2133 ἐκείνου
1628 2094 1728 2138 αὐτὸς
1743 2095 1906 2145 γίνομαι,
1928 2095 2004 2140 ἤτοι
2024 2093 2059 2132 ὅν
2079 2110 2183 2147 φασιν

1158 2157 1193 2193 ἐν
1219 2155 1452 2207 δικαστηρίοις
1468 2153 1609 2191 ἐντολέα
1623 2159 1712 2203 Reg.

1213 2228 1289 2263 919
1315 2213 1498 2266 ἀνατρέχει
1519 2212 1635 2249 habet
1648 2213 1696 2250 Θ.

1213 2286 1301 2321 922,
1326 2273 1371 2315 54
1387 2271 1445 2308 καὶ
1464 2284 1538 2307 om.
1551 2274 1595 2306 V.
1613 2288 1626 2301 α
1643 2269 1720 2306 Sub
1737 2267 1933 2318 proverbii
1955 2268 2077 2313 forma
2095 2269 2174 2305 Sui-

1159 2331 1226 2367 das
1246 2330 1428 2380 proponit
1447 2343 1455 2367 :
1481 2328 1681 2380 Προὸατίου
1703 2327 1774 2377 Ι[ἤιόν
1790 2329 1850 2372 ζῆν
1863 2341 1870 2347 ·
1894 2327 1949 2364 ἐπὶ
1969 2329 2037 2364 τῶν
2055 2329 2180 2376 μωρῶν

1157 2389 1215 2425 καὶ
1233 2388 1387 2434 ἀνοήτων
1401 2401 1408 2408 ·
1426 2388 1469 2425 τὰ
1483 2386 1549 2438 γὰρ
1570 2385 1730 2438 πρόὸατα
1750 2385 1846 2423 οὐδὲν
1860 2384 2038 2436 ἐργάζεται
2053 2385 2110 2422 καὶ
2126 2387 2180 2436 ζῆ·

1157 2447 1178 2494 ἢ
1198 2447 1253 2484 διὰ
1268 2445 1306 2483 τὸ
1323 2444 1476 2497 ἀδρανές.
1493 2444 1880 2482 Ordineminversum
1890 2456 1966 2479 non
1982 2442 2181 2492 improbo;

1158 2506 1303 2556 quippe
1326 2505 1420 2540 ratio
1449 2504 1583 2540 melius
1611 2511 1792 2552 apparet,
1817 2515 1885 2538 cur
1903 2500 2076 2553 πρόὸατον
2101 2501 2181 2537 sive

1155 2562 1341 2616 προὲάτιον
1361 2563 1464 2598 stulti
1482 2562 1774 2610 insipientisque
1792 2560 2103 2610 significationem
2118 2559 2180 2595 ha-

1156 2623 1244 2658 beat
1265 2636 1273 2660 :
1294 2621 1436 2670 alioqui
1467 2620 1623 2656 solertes
1653 2620 1767 2655 etiam
1794 2618 1968 2654 homines
1999 2626 2035 2653 et
2053 2617 2179 2653 callidi

1157 2694 1233 2716 non
1255 2693 1342 2716 raro
1360 2686 1446 2715 sunt
1465 2677 1619 2727 ingenio
1641 2676 1687 2713 ad
1704 2676 1893 2725 agendum
1917 2675 2044 2719 tardo,
2066 2683 2179 2722 atque

1155 2739 1321 2789 ἀδρανεῖς.
1342 2737 1532 2774 Omissum
1551 2749 1572 2772 a
1593 2735 1707 2772 Suida
1730 2736 1788 2778 τῆς
1809 2733 1976 2782 διανομῆς
2001 2734 2068 2767 τῶν
2086 2746 2180 2782 πρα-

1154 2796 1316 2846 γμάτων,
1341 2794 1445 2844 quod
1474 2803 1597 2830 tamen
1620 2793 1775 2828 minime
1796 2789 2043 2840 rejiciendum
2063 2789 2174 2825 vide—

1157 2863 1217 2891 tur
1236 2870 1242 2890 :
1260 2867 1378 2889 rerum
1395 2856 1590 2901 gestionem
1613 2859 1724 2899 atque
1744 2851 2095 2885 administrationem
2115 2847 2176 2882 in-

1156 2913 1281 2961 telligo
1298 2927 1304 2947 :
1325 2909 1513 2947 Plutarch.
1529 2909 1569 2944 in
1580 2908 1720 2944 Cleom.
1739 2920 1774 2956 p.
1793 2907 1880 2949 820,
1897 2908 1927 2941 E
1942 2918 1950 2939 ε
1966 2902 2050 2955 πρὸς
2064 2902 2175 2954 ἀσφά-

1152 2972 1248 3008 λειαν
1264 2968 1323 3005 καὶ
1339 2965 1503 3015 διανομὴν
1525 2968 1593 3002 τῶν
1608 2963 1837 3017 πραγμάτων.
1856 2963 2003 3000 Ei'asmi
2027 2962 2171 3000 Chilia-

1153 3029 1218 3064 das
1237 3027 1299 3063 adi
1319 3027 1355 3062 in
1378 3027 1502 3061 Ovium
1524 3037 1652 3059 mores.
1670 3041 1685 3055 »
1704 3026 1849 3059 Hnmsr.
1879 3024 1972 3069 Reg.
1996 3034 2004 3055 ε
2030 3018 2087 3056 Τὰ
2106 3019 2172 3071 γὰρ

1152 3085 1310 3138 πρόὸατα
1328 3082 1552 3119 ἁπλούστατα
1573 3081 1655 3118 ὄντα
1668 3110 1678 3127 ,
1698 3085 1768 3120 τοῖς
1787 3081 2029 3130 παρατυχοῦσι
2048 3075 2172 3129 τρέφε-

1151 3159 1230 3190 ται,
1250 3142 1309 3179 καὶ
1327 3142 1364 3178 οὗ
1380 3140 1521 3185 ζήτησιν
1539 3139 1617 3191 περὶ
1641 3140 1702 3182 τῆς
1719 3138 1846 3188 τροφῆς
1862 3141 2034 3180 ποιεῖται,
2051 3133 2170 3186 ὥσπερ

1151 3203 1195 3241 τὰ
1215 3204 1304 3240 ἄλλα
1323 3203 1411 3244 ζῶα·
1434 3199 1522 3236 ὥστε
1538 3202 1556 3236 ὁ
1569 3197 1690 3235 τούτου
1710 3197 1780 3248 βίος
1801 3194 1956 3246 μαλακὸς
1971 3193 2029 3231 καὶ
2042 3194 2170 3245 φαῦλός

1151 3262 1256 3297 ἐστιν.
1276 3288 1317 3292 -
1344 3273 1359 3294 1
1382 3260 1449 3294 τῶν
1471 3255 1651 3308 προὲάτων
1682 3259 1725 3291 R.
1751 3253 1986 3306 πραγμάτων·
2013 3251 2035 3296 ἢ
2059 3250 2110 3288 ὅτι
2126 3249 2168 3289 τὰ

1116 3314 1118 3326 ’
1150 3333 1208 3370 πρ.
1230 3318 1310 3354 Ald.
1336 3341 1375 3348 -
1393 3331 1412 3351 2
1436 3314 1630 3367 Ἅπρακτος
1652 3313 1765 3349 habet
1783 3313 1828 3350 Θ,
