2533 3808
257 196 304 227 30
1030 175 1276 214 scflomA
1314 176 1372 214 IN
1408 176 1605 214 NUBES.

254 289 269 303 ‹
289 270 374 321 χόην
396 269 548 318 ἔκλεψεν
573 283 588 298 »
613 259 680 301 οιον
701 265 729 300 8'
750 266 792 308 ἠν
812 265 895 313 ὁρᾶν
915 261 972 298 τὸν
993 259 1175 312 φιλόσοφον
1192 259 1232 296 τὸ
1251 261 1285 296 ἐν

252 329 419 379 φανερΓ)
414 325 565 362 μάλιστα
591 337 709 364 σκευος
734 318 981 368 κατακείμενον
1009 316 1201 355 κλέπτοντα
1226 315 1285 353 καὶ

253 382 509 441 ὑφαιρούμενον.
530 400 575 405 -
614 377 778 429 πνιγευςε
807 377 972 426 Κάμινος.
992 383 1040 412 Br
1044 374 1072 427 .]]

291 442 360 492 (98.)
392 443 483 476 οὗτοι
511 437 742 507 διδάσκουσιν,
764 433 923 506 ἀργύριον
942 449 982 479 ην
1007 449 1057 475 τις
1079 433 1190 470 διδῶ·
1182 462 1191 470 .
1214 430 1285 470 Κα(

215 510 230 534 5
249 501 348 534 τοῦτο
363 497 500 548 φευδος,
518 494 680 539 διαὸολῆς
696 493 809 545 ιχάριν.
831 491 939 534 οὖδεις
940 490 1047 562 γὰρ
1042 489 1160 527 μισθὸν
1178 487 1285 526 ἐτέλει

250 554 451 627 Σωκράτει,
473 552 548 590 ἐπει
566 553 722 594 κάκεῖνος
739 550 866 603 ἔφασκε
885 547 990 599 μηδὲν
1009 547 1147 585 εἰδέναι.
1167 546 1284 598 διόπερ

248 629 307 650 και
332 612 399 650 ὑπὸ
423 627 483 649 του
509 611 642 650 Πυθίου
674 610 776 662 σοφὸς
802 609 934 661 ἐκρίθη.
961 622 1061 645 τουτο
1085 606 1152 679 γαρ
1179 607 1284 642 αὐτου

247 673 383 721 πρῶτον
413 669 542 720 ἔκρινεν
571 685 674 722 σοφου
707 663 811 714 εἶναι,
839 667 878 704 τὸ
905 665 1072 717 γνωρίσαι
1098 664 1149 701 ὅτι
1177 662 1285 713 μηδὲν

246 723 326 766 οἶδε.
344 729 417 770 πῶς
437 731 493 764 οὐν
515 726 555 764 ἂν
571 726 690 775 μισθὸν
707 724 896 778 επράττετο
912 722 1008 773 παρὰ
1030 725 1097 759 τῶν
1116 721 1284 759 συνόντων

196 794 227 818 10
247 789 264 823 8
280 801 360 838 περ(
378 788 481 823 αὑτοῦ
502 783 782 836 βεῧαιούμενος’
761 799 813 820 οτι
829 781 923 820 οὐδὲν
940 782 1044 818 οἶδεν
1037 782 1059 829 ,)

300 857 359 882 101.
378 843 564 895 ἀποφεύγει
581 845 687 879 εἰπεῖν
703 842 742 879 τὸ
757 841 866 878 ὄνομα
883 838 938 876 διὰ
956 839 994 876 τὸ
1011 837 1169 889 επαγθες.
1187 850 1224 879 R

300 915 361 939 102.
393 900 584 973 ἀλριζόναςζ
599 898 798 941 Ἰδίωςτους
808 897 958 948 ψεύστας
973 896 1130 933 εκάλουν.
1148 893 1286 936 εἰκότως

247 958 368 997 δὲκαὶ
394 974 472 1002 τους
498 957 701 1010 φιλοσόφους
728 956 897 1000 ἀλαζόνας
922 956 1023 992 καλεΝ
994 971 1043 1004 ει,
1075 953 1149 991 ἐπεὶ
1173 952 1285 1002 λέγειν

247 1017 523 1068 ἐπαγγέλλονται
540 1015 619 1067 περὶ
636 1011 683 1053 ὧν
698 1017 759 1053 οὐκ
773 1015 902 1053 ἴσασιν.
920 1013 942 1058 ἢ
957 1013 1008 1050 ὅτι
1029 1010 1138 1062 σεμνὰ
1153 1011 1287 1062 ἔχοντες

194 1086 226 1110 15
245 1075 311 1122 ἤθη
334 1074 494 1119 ἀλαζόνες
515 1075 682 1112 δοκοῦσιν.
703 1075 896 1125 ὠχριῶντες
920 1071 955 1109 83
975 1071 1034 1108 καὶ
1055 1069 1285 1118 ἀνυπόδητοι,

243 1134 318 1171 ἐπεὶ
345 1133 449 1184 μόνης
479 1135 601 1184 ἀρετῆς
626 1131 857 1183 φροντίζοντες
882 1130 941 1168 καὶ
966 1131 1004 1167 06
1031 1131 1176 1180 τρυφῆς,
1207 1127 1287 1164 διώ-

244 1207 342 1230 κουσι
369 1192 408 1229 τὸ
435 1190 628 1243 ἀπέριττον.
663 1189 808 1241 πόνηροι
841 1187 876 1225 83
907 1187 982 1225 ἀντὶ
1013 1191 1072 1224 τοῦ
1105 1185 1285 1235 ἐπίπονοι,

245 1250 368 1290 ἄθλιοι.
386 1273 439 1278 —-
455 1249 493 1286 τὸ
515 1248 608 1286 αἰδοῖ
627 1246 887 1298 σγετλιαστικόν
909 1248 992 1283 ἐστι.
1011 1257 1098 1287 RV,

300 1321 359 1346 104.
392 1307 464 1354 [καὶ
490 1307 675 1358 Χαιρεφῶν
703 1318 711 1342 :
742 1305 903 1355 Εταῖρος
930 1302 1167 1355 Σωκράτουςε
1154 1318 1171 1338 0
1196 1304 1287 1341 Χαι-

191 1380 225 1403 20
246 1372 369 1421 ρεφΓ)ν,
386 1368 420 1411 ὃς
437 1368 593 1404 ἐκαλεῖτο
609 1382 667 1403 και
684 1380 838 1416 νυκτερις
854 1364 910 1401 διὰ
925 1364 964 1401 τὶ)
989 1363 1096 1413 μέλας
1118 1367 1204 1400 εἶναι
1227 1364 1286 1400 καὶ

244 1427 466 1479 ἷσγνόφωνος.
460 1426 485 1475 .]

299 1499 359 1523 105.
392 1481 682 1534 συγκατατίθεται
713 1497 772 1518 και
803 1483 821 1517 8
857 1479 1055 1532 πρεσὲύτης
1084 1480 1130 1521 ὡς
1162 1477 1287 1521 εἰδότος

248 1542 371 1585 αὐτους
386 1557 445 1579 του
463 1539 641 1578 νεανίσκου
661 1554 720 1576 και
738 1540 849 1584 ἀληθῆ
866 1554 945 1590 περ(
963 1539 1075 1574 αἰητῶν
1098 1535 1284 1587 εἰρηκότος.

243 1601 345 1653 φησὶν
365 1604 423 1638 οὐν
440 1599 577 1640 τούτους
594 1596 728 1640 αὐτούς.
750 1604 786 1633 R.
802 1603 845 1632 V.
874 1595 993 1646 (μηδὲν
1013 1594 1110 1645 εἴπης
1131 1610 1252 1640 νηπιον
1274 1609 1282 1633 :

189 1667 222 1690 27)
242 1641 361 1705 Μηδὲν
379 1657 516 1703 εὔηθες,
536 1654 623 1705 μηδὲ
641 1655 884 1726 μειρακιωδες,
903 1653 982 1704 μηδ’
1002 1652 1145 1698 ἀνόητον
1173 1652 1283 1703 εἴπης.

242 1717 316 1754 ἀντι
334 1731 392 1754 του
412 1732 459 1765 μη
483 1717 528 1757 ὡς
547 1713 590 1751 τὰ
609 1714 717 1759 νήπια
733 1711 855 1750 παιδία
871 1710 1001 1757 ἀνόητα
1016 1710 1126 1762 εἴπῃς.
1131 1711 1141 1759 )
1160 1733 1211 1737 ———
1224 1725 1285 1756 νη-

241 1790 318 1812 πιον
337 1787 345 1812 :
367 1772 507 1825 Μωρόν.
524 1780 582 1809 Br.

298 1846 359 1871 106.
390 1833 464 1869 ἀλλ’
484 1830 514 1867 εἴ
532 1845 564 1867 τι
581 1829 680 1875 κήδει
699 1842 707 1867 1
729 1826 820 1866 Ἀντὶ
837 1830 898 1864 τοῦ
916 1825 1112 1878 φροντίζεις.
1133 1825 1284 1878 ἀλφίτων

242 1890 278 1928 83
299 1891 372 1928 ἀντὶ
389 1893 448 1927 τοῦ
469 1887 673 1940 χρημάτων,
693 1888 738 1929 ὥς
759 1885 940 1938 ἄγροικος,
958 1883 1115 1921 τουτέστι
1130 1887 1190 1929 τῆς
1212 1899 1283 1921 πα-

189 1960 224 1984 36
242 1947 355 2001 τρώας
371 1946 500 1988 οὐσίας.

297 2019 356 2044 107.
386 2005 515 2042 τούτων
547 2018 646 2053 γενου
674 2014 766 2051 μοιῖ

241 2064 369 2112 ὄνομα,
405 2065 452 2104 εἷς
481 2059 611 2098 τούτων
646 2074 744 2110 γενου
775 2073 851 2107 μοι,
887 2056 1018 2100 τούτοις
1050 2056 1282 2125 μαθητευσον

242 2120 487 2172 σγασάμενοςῑ
510 2116 738 2159 καταπαύσας
760 2132 820 2160 της
836 2116 940 2151 ἱππικ
942 2117 981 2160 ·ΝΓ,ς
998 2113 1066 2151 ἀπὸ
1089 2121 1285 2186 μεταφορᾶς

241 2183 308 2217 τ(Ν)Γ
328 2177 549 2229 ἐρεσσόντων.
570 2181 606 2210 R·
637 2172 865 2224 (καταλύσας,
886 2171 1109 2221 παυσάμενος
1137 2171 1199 2217 τὴν
1227 2174 1285 2209 ἱπ-

188 2252 221 2277 35
241 2240 358 2283 πικὴν,
381 2236 403 2282 ἢ
432 2232 734 2285 ἀποσυγχωρήσας
758 2247 817 2269 και
847 2229 1002 2273 ἀποστας
1026 2245 1085 2267 του
1117 2229 1285 2281 παρόντος

240 2294 524 2344 ἐπιτηδεύματος.
549 2293 588 2329 τὸ
615 2290 650 2328 83
677 2289 897 2341 σχασάμενος
918 2287 987 2324 ἀπὸ
1009 2294 1205 2341 μεταφορᾶς
1233 2288 1283 2325 εἴ-

240 2355 372 2399 ληπται
399 2354 465 2389 τῶν
495 2347 716 2401 ἐρεσσόντων·
750 2345 882 2397 σχάσαι
911 2345 977 2397 γὰρ
1004 2346 1054 2382 δεῖ
1080 2345 1140 2382 καὶ
1165 2344 1284 2398 ὥσπερ

243 2412 434 2447 διαστεῖλαι
454 2408 513 2446 καὶ
534 2405 714 2456 διασχίσαι
733 2404 772 2441 τὸ
792 2403 883 2456 ὕδωρ
899 2402 962 2449 τὴν
979 2402 1102 2449 κώπην
1123 2403 1283 2455 ἐρέσσου-

243 2484 319 2506 σαν.
339 2467 398 2506 καὶ
414 2466 586 2517 Πίνδαρος
599 2466 708 2515 [Ργῑὴ.
730 2476 780 2507 10,
795 2466 841 2507 79]
858 2480 871 2494 (ι
892 2460 1013 2498 κώπαν
1034 2461 1100 2507 ἤδη
1119 2477 1178 2510 μοι
1196 2461 1285 2512 σχά-

188 2540 223 2563 40
244 2542 332 2568 σαις.
355 2544 369 2558 ι)
392 2524 451 2561 καὶ
479 2522 666 2575 Εὐριπίδης
693 2527 816 2566 (Phoen.
838 2520 902 2568 457)
934 2538 948 2552 ι(
968 2518 1098 2569 σχάσον
1121 2517 1156 2554 83
1177 2519 1284 2555 δεινὸν

243 2584 354 2634 ὄμμα.
372 2601 387 2615 »
470 2580 613 2622 Ἄλλως.
633 2579 782 2624 στήσας,
803 2576 1046 2619 καταπαύσας.
1066 2575 1198 2627 σχάσαι
1218 2575 1283 2628 γὰρ

242 2643 280 2680 τὸ
294 2657 374 2679 κωπ
377 2642 572 2687 ηλατοῧντα
587 2641 713 2684 στῆσαι
729 2635 791 2681 τὴν
814 2635 959 2686 κώπην.)
974 2658 1026 2662 --
1039 2634 1258 2685 σήασάμενος
1273 2649 1281 2673 :

243 2700 364 2752 Ἀφείς.
383 2708 443 2738 ΒΓ.

295 2758 393 2809 [103]
425 2757 486 2794 οὐκ
506 2771 544 2793 αν
563 2753 612 2805 μὰ
627 2753 684 2791 τὸν
702 2752 891 2791 Διόνυσον;
911 2749 1075 2801 Εὐλόγως
1091 2750 1148 2787 τὸν
1169 2749 1285 2788 Διόνυ-

190 2835 223 2858 45
244 2833 300 2854 σον
332 2816 466 2866 ὄμνυσι.
497 2813 607 2866 τούτῳ
637 2811 703 2864 γὰρ
733 2812 928 2849 ἓπετελεῖτο
952 2808 996 2846 τὰ
1026 2808 1208 2856 Διονύσιοι,
1239 2805 1285 2852 οἷς

243 2875 447 2925 ηγωνίζοντο
475 2888 506 2910 οι
533 2887 570 2909 τε
597 2887 658 2917 της
681 2868 876 2922 τραγωδίας
905 2867 963 2906 καὶ
990 2869 1021 2905 οἱ
1045 2884 1106 2914 τΓ,ς
1136 2866 1285 2919 ἀρχαίας

244 2931 428 2985 κωμωδίας
444 2929 598 2976 ποιηταί.

300 3005 360 3029 109.
390 3005 466 3031 τους
493 2986 708 3041 φασιανους;
729 2986 794 3038 [οι
817 2984 877 3034 μὲν
898 2983 1042 3029 ι’ππους,
1065 2985 1095 3020 οἱ
1116 2982 1150 3020 83
1171 2982 1282 3035 ὄρνεα.

246 3048 326 3085 ἔνιοι
348 3047 376 3084 δ’
401 3046 527 3089 ἵππους
550 3046 719 3098 γάραγμα
748 3044 890 3095 ἔχοντας
917 3057 1109 3094 φασιανου,
1136 3044 1181 3084 ὣς
1201 3042 1285 3079 ἀλε-

193 3120 226 3143 50
246 3104 414 3157 κτρυόνος.
432 3120 492 3141 και
512 3104 583 3141 είπε
580 3119 606 3172 ρ
627 3103 699 3141 ἐστι
718 3117 818 3140 τουτο
848 3101 896 3151 μὴ
922 3099 1214 3173 κατεψευσμένρν,
1243 3102 1286 3138 οἷ-

247 3169 336 3200 κεῖον
354 3162 394 3200 ἂν
413 3162 464 3208 είη
480 3178 522 3212 τη
542 3165 601 3198 του
621 3161 800 3198 νεανίσκου
828 3160 973 3210 σπουδῃ.
993 3160 1022 3196 οἱ
1044 3156 1078 3195 83
1096 3173 1175 3210 περ(
1193 3157 1282 3210 Ἀρί-

248 3237 398 3272 σταρχον
418 3219 556 3272 ὀρνίθων
581 3218 688 3269 γένος.
713 3232 742 3256 οι
761 3216 839 3255 83⁰
819 3233 871 3254 οτι
892 3220 1007 3260 Φᾶσις
1033 3214 1189 3265 ποταμός
1214 3217 1286 3253 ἐστι

249 3279 418 3332 Σκυθίας,
450 3277 535 3314 ὅπου
565 3276 666 3314 καλοὶ
695 3276 798 3313 ἵπποι
828 3275 991 3326 γίνονται.
1025 3273 1209 3325 Λεωγόρας
1251 3272 1286 3309 83

249 3336 407 3389 τρυφερός
427 3352 495 3382 τις,
522 3338 539 3372 8
565 3334 755 3373 Ἀνδοκίδου
775 3333 902 3384 πατήρ.
924 3332 1075 3371 Πλάτων
1096 3332 1285 3383 Περιαλγεῖ

791 1999 903 2037 λείπει
924 1999 963 2036 τὸ
990 1995 1035 2042 εἷς
1059 1999 1284 2052 ἀριθμητικὸν

1467 261 1492 291 ὦ
1506 262 1565 292 θεῖε
1582 260 1705 302 Μόρυχε
1715 285 1723 300 ,
1736 265 1788 293 νῦν
1801 263 1859 304 γὰρ
1873 263 2026 304 εὐδαίμων
2039 265 2106 305 ἔφυς
2116 289 2126 304 ,

1467 308 1519 337 καὶ
1534 308 1703 344 Γλαυκέτης
1712 332 1721 347 ,
1733 311 1751 346 ἠ
1766 310 1867 349 ψῆττα
1877 334 1885 348 ,
1897 312 1949 341 καὶ
1964 312 2128 352 Λεωγόρας
2138 336 2148 351 ,

1469 353 1497 383 οἳ
1512 356 1579 390 ζῆτε
1592 358 1725 393 τερπνῶς
1735 378 1743 392 ,
1755 356 1841 386 οὐδὲν
1859 356 2087 398 ἐνθυμούμενοι.

1344 413 1495 458 Εὔπολις
1512 431 1546 452 εν
1563 415 1753 454 Αὐτολύκω
1773 417 1802 468 β’
1822 434 1867 460 ως
1883 434 1941 456 και
1962 418 2017 456 διὰ
2040 421 2253 473 Μυρρίνοινξ
2239 425 2379 479 εταίραν

1344 471 1387 509 τὰ
1403 488 1571 524 ’χρηματα
1594 473 1704 511 ἀποδε
1690 473 1816 520 ἔὸληκέ
1835 490 1947 527 φησιν.
1967 478 2129 529 φασιανοι
2146 479 2179 517 83
2199 483 2229 519 οἱ
2246 481 2382 534 ἔγοντες
2400 493 2417 518 5

1343 545 1402 566 του
1439 535 1552 582 μηροῦ
1582 547 1824 583 εγκεγαραγμε
1817 531 1882 569 ’νον
1913 535 2092 585 φασιανόν.
2130 539 2316 592 Λεωγόρας
2347 542 2383 580 83

1344 589 1452 638 ὄνομα
1469 588 1593 649 κύριον
1609 591 1680 631 ἑνὸς
1695 593 1763 627 τῶν
1785 590 1949 637 Ἀθήνησι
1968 594 2271 646 πολιτευσαμένων
2291 599 2382 640 τότε.

1344 646 1459 698 πατηρ
1484 648 1519 684 83
1555 652 1652 691 οὗτος
1682 652 1724 694 ἠν
1757 647 1950 686 Ἀνδοκίδου
1982 654 2042 688 τοῦ
2070 652 2221 706 ῥητορος.
2256 656 2383 705 ἄδηλον

1348 704 1375 718 ‘xx

1345 720 1399 750 ο;,
1434 707 1462 742 εἷ
1490 721 1549 743 και
1581 706 1682 759 ὄρνεα
1711 705 1849 758 ἔτρεφεν
1875 709 1892 743 8
1918 708 2114 760 Λεωγόρας.
2145 711 2319 762 μέμνηται
2348 717 2384 754 83

1346 765 1449 800 αὐτοῦ
1470 766 1517 807 ὡς
1532 764 1756 818 ιπποτρόφου.
1749 764 1777 815 J]
1801 765 1863 801 οὐκ
1886 765 1970 802 εἰσὶν
1992 782 2091 804 ιππο(
2113 771 2291 819 φασιανοὶ,
2304 775 2384 812 ἀλε-
2405 796 2438 821 10

1345 821 1504 873 κτρυόνες
1529 822 1657 873 μέντοι.
1677 822 1778 860 ἵπποι
1797 821 1833 859 83'
1849 838 1936 866 τινες
1959 824 2044 862 εἰσὶν
2070 827 2299 880 ἀλεκτρυόνας
2323 847 2384 869 κε-

1344 880 1593 932 γαραγμένοι.
1606 880 1744 924 τούτους
1775 883 1833 917 οὐν
1861 882 1966 931 λέγει
1995 883 2180 936 Λεωγόρας
2210 885 2246 923 δὲ
2276 887 2385 938 ὄνομα

1345 937 1460 990 κύριον
1476 938 1547 981 ενὸς
1565 941 1632 976 τῶν
1651 938 1811 985 Αθήνησι
1835 939 2138 990 πολιτευσαμένων
2154 942 2244 981 τότε.
2268 946 2386 998 πατὴρ

1347 995 1381 1032 '83
1405 1000 1500 1040 οὗτος
1522 1001 1563 1043 ἠν
1588 996 1779 1035 Ἀνδοκίδου
1804 1011 1862 1033 του
1891 996 2044 1050 ῥητορος.
2074 998 2201 1046 ἄδηλον
2224 1001 2260 1039 δὲ
2277 1004 2307 1040 εἷ
2327 1019 2387 1041 και

1346 1053 1445 1105 ὄρνεα
1468 1054 1605 1107 ἔτρεφεν
1631 1057 1649 1092 8
1669 1057 1760 1093 Λεω·
1751 1053 1866 1106 γόρας.
1895 1054 1968 1092 ἔστι
1995 1055 2159 1107 δὲόνομα
2187 1061 2255 1096 τΓ)ν
2279 1062 2384 1100 ἱππο-
2407 1083 2439 1108 15

1346 1112 1589 1165 τροφησάντων
1615 1112 1807 1159 Ἀθήνησιν.
1831 1114 1871 1145 V
1896 1115 2014 1156 Φασις
2037 1115 2195 1165 ποταμὸς
2218 1118 2386 1168 Σκυθίας,

1346 1169 1432 1208 ὅπου
1452 1170 1546 1208 καλ
1522 1186 1551 1208 ο(
1567 1170 1667 1208 ἵπποι
1683 1171 1846 1221 γίΓονται.
1867 1171 2034 1224 Λεωγόρα
2057 1172 2093 1210 δὲ
2109 1176 2156 1217 ὡς
2173 1175 2387 1229 ιπποτρόφου

1348 1244 1399 1278 με
1376 1227 1418 1265 3²6
1421 1244 1534 1275 Γηται.
1556 1230 1586 1265 οἱ
1607 1228 1641 1265 83
1661 1228 1740 1281 περὶ
1761 1229 1985 1281 Ἀρίσταρχον
2005 1230 2147 1282 ὀρνίθων
2163 1248 2197 1270 τι
2216 1233 2310 1306 γένος
2326 1235 2391 1272 λέ-

1346 1302 1444 1336 γουσι
1468 1285 1547 1329 τους
1570 1286 1770 1338 φασιανούς.
1794 1304 1816 1332 η
1841 1288 2004 1339 φασιανοὶ
2027 1287 2185 1337 λέγονται
2203 1293 2234 1328 οἱ
2254 1291 2391 1343 ἔχοντες

1348 1347 1394 1396 τῷ
1421 1347 1521 1395 μηρῷ
1539 1344 1705 1396 φασιανὸν
1725 1345 2027 1397 ἐγκεχαραγμένον
2044 1345 2157 1386 ἵπποι.
2177 1363 2214 1392 Β,
2405 1371 2442 1396 20

1401 1403 1486 1453 (110).
1516 1401 1571 1448 ἴθ’,
1592 1402 1761 1439 ἀντιὸολῶ
1779 1415 1788 1440 :
1807 1401 1974 1454 Πορεύου.
1991 1406 2049 1440 ν’ῦν
2071 1403 2124 1450 δὲ,
2141 1404 2301 1454 πείσθητί
2317 1423 2388 1458 μοι.

1348 1460 1400 1511 [τὸ
1420 1461 1454 1497 83
1474 1460 1681 1506 ἀντιὸολῶᾹ
1699 1461 1913 1512 παρακαλῶ,
1933 1460 2138 1513 [Ἀττικῶς]

1401 1532 1460 1556 111.
1485 1517 1563 1570 [καὶ
1583 1517 1616 1554 τί
1642 1533 1695 1555 σοι
1716 1517 1920 1567 μαθήσομαι
1939 1529 1948 1555 2
1970 1518 2023 1556 06
2046 1517 2113 1570 γὰρ
2134 1521 2246 1573 ἑαυτῷ
2266 1521 2393 1572 ἔμελλε

1347 1579 1479 1626 auom,
1495 1591 1601 1626 ηγουν
1622 1575 1663 1612 δι’
1682 1577 1805 1612 οἰκεῖον
1824 1573 1994 1625 θέλημα
1974 1592 1997 1621 η
2017 1576 2201 1629 ὠφέλειαν,
2222 1579 2315 1617 ἀλλὰ
2332 1577 2388 1616 διὰ

1345 1635 1383 1672 τὸ
1403 1638 1462 1671 τοῦ
1481 1632 1622 1686 πατρός.
1654 1633 1705 1671 διὸ
1725 1633 1764 1671 τὸ
1784 1632 1837 1671 σοί
1862 1632 1966 1684 λεγει.
1991 1634 2115 1686 ἤγουν,
2130 1635 2164 1673 τί
2184 1636 2443 1695 μαθήσομαι25

1346 1692 1430 1743 ὑπὲρ
1449 1696 1520 1730 σοῦ.
1523 1692 1541 1743 ]]

1401 1764 1460 1788 11’.
1496 1748 1660 1809 ψεύοεται
1696 1750 1873 1786 κάνταυθα
1915 1751 1933 1786 8
1964 1750 2117 1800 κωμικὸς
2150 1751 2259 1803 λεγων
2294 1752 2391 1805 παρὰ

1347 1808 1527 1861 Σωκράτει
1556 1811 1643 1845 εἰΓαι
1663 1807 1720 1844 τὸν
1753 1806 1869 1844 ἄδικον
1888 1807 1999 1858 λόγον.
2029 1810 2065 1845 οὐ
2092 1808 2158 1862 γὰρ
2178 1810 2390 1862 Σωκράτης,

1346 1865 1435 1904 ἀλλὰ
1452 1865 1723 1918 Πρωταγόραςε
1710 1882 1727 1903 ο
1748 1865 1988 1916 Ἀὸὂηρίτης’
1973 1881 2092 1919 εφευρε
2117 1867 2221 1905 αὐτὸν
2241 1869 2300 1906 καὶ
2317 1870 2391 1907 ἐδί-

1347 1927 1482 1963 δασκεν.
1501 1933 1591 1962 Cant.
1619 1937 1647 1962 3.

1399 1983 1449 2032 ὀίυ.
1446 1998 1504 2067 φω
1542 1998 1590 2019 τω
1625 1981 1716 2031 λόγω
1748 1994 1757 2020 :
1791 1983 1926 2025 Δυϊκῶς
1959 1980 2082 2019 ἔκλινε.
2122 1983 2207 2035 φησὶ
2243 1984 2278 2022 83
2314 1985 2390 2029 τους
2409 1958 2444 1984 30

1345 2057 1423 2094 περ(
1445 2040 1638 2092 Σωκράτην
1663 2038 1801 2082 ικανοὺς
1822 2044 1909 2076 εἰναι
1933 2039 2146 2093 ἀμφοτέρους
2166 2040 2243 2085 τους
2270 2042 2392 2094 λόγους

1345 2098 1572 2137 εκπαιδεύειν.

1401 2172 1459 2196 114.
1490 2158 1549 2196 τὸν
1570 2156 1683 2208 ἕτερον
1715 2159 1787 2194 τοῖν
1820 2155 1974 2207 λόγοιν·
1965 2187 1974 2194 .
1995 2156 2065 2195 Τὸν
2098 2157 2229 2195 δίκαιον
2261 2158 2318 2196 τὸν
2348 2175 2392 2196 νι-

1345 2221 1471 2255 κῶντα.
1495 2219 1540 2259 ὡς
1559 2217 1688 2266 ἀγνοῶν
1715 2214 1750 2252 83
1768 2214 1811 2252 τὰ
1832 2214 1950 2252 δίκαια
1967 2209 2042 2252 εἶπε
2058 2214 2116 2253 τὸν
2139 2215 2268 2268 ἕτερον.
2289 2217 2389 2254 3806-

1344 2277 1422 2314 λετο
1438 2274 1505 2327 γὰρ
1526 2273 1661 2311 ἀδικίαν
1683 2272 1881 2323 μανθάνειν.

1399 2334 1487 2383 ((20).
1516 2331 1593 2375 τοὺς
1605 2331 1732 2374 ἱππέας
1745 2330 1784 2368 τὸ
1796 2332 1925 2384 χρῶμα
1938 2343 1947 2369 :
1961 2331 2014 2369 06
2028 2329 2094 2383 γὰρ
2109 2329 2149 2367 ἂν
2165 2331 2390 2383 ὑπομείναιμι

1345 2394 1510 2444 ὁραθῆναι
1533 2389 1600 2427 ὑπὸ
1633 2391 1700 2426 τῶν
1729 2388 1864 2426 ἱππέων
1890 2388 2018 2440 [ὠχρὸς
2048 2388 2108 2426 καὶ
2134 2389 2388 2442 διεφθαρμένος.

1346 2449 1479 2499 ἐκόμων
1496 2447 1562 2499 γὰρ
1580 2449 1611 2485 οἱ
1629 2447 1763 2493 ιππεῒς,
1781 2448 1810 2483 οἱ
1825 2446 1860 2483 83
1881 2446 2059 2499 φιλόσοφοι
2076 2446 2172 2484 κάτω
2190 2463 2243 2484 κει
2238 2447 2388 2499 ’ρονται].

1346 2505 1648 2555 διακεκναισμένος
1663 2504 1733 2542 83
1715 2504 1791 2541 αντὶ
1805 2507 1864 2541 τοῦ
1884 2503 2146 2556 ἠμαυρωμένος.
2163 2506 2192 2541 εἷ
2211 2505 2422 2561 γενοίμην,4
2409 2538 2442 2562 40

1345 2581 1462 2618 φησιν,
1478 2563 1589 2615 ὠγρὸς
1605 2566 1650 2605 ὡς
1666 2563 1696 2600 οι
1715 2578 1794 2614 περ(
1813 2561 1869 2599 τὸν
1872 2561 2101 2613 Σωκράτην,
2119 2561 2196 2611 [και
2216 2563 2390 2611 ἀνυπόδη-
2461 2564 2464 2566 ’

1344 2640 1400 2666 τος
1424 2638 1483 2659 και
1505 2622 1647 2673 ῥυπῶν]
1669 2622 1698 2658 οἳ
1719 2619 1784 2671 γὰρ
1804 2621 1922 2662 ιππεῖς
1942 2619 2078 2672 εὕγροο(
2098 2635 2157 2657 και
2175 2622 2389 2672 ὑποδεδεμέ-

1345 2697 1396 2719 νο(
1415 2696 1474 2718 και
1490 2696 1523 2716 εν
1539 2678 1740 2730 γυμνασίοις
1755 2676 1990 2726 ἐξεταζόμενοι
2010 2692 2070 2714 κα(
2091 2678 2126 2714 ἐν
2141 2677 2386 2731 παλαίστραις.

1345 2738 1404 2777 καὶ
1423 2754 1458 2775 εν
1474 2743 1544 2780 τοῖς
1563 2736 1724 2775 Ιππευσι
1745 2735 1825 2785 [580]
1847 2734 1931 2786 φησὶ

2409 2250 2444 2274 35

1448 2808 1489 2848 μὴ
1503 2806 1628 2847 φθονεῖθ’
1640 2807 1710 2845 ὑμῖν
1724 2808 1846 2845 κομῶσι
1863 2804 1932 2845 μηδ’
1944 2804 2263 2845 ἀπεστλεγγισμένοις,
2406 2832 2439 2857 45

1345 2865 1501 2903 τουτέστι
1521 2865 1661 2901 λιπῶσι.
1688 2866 1790 2900 τοῦτο
1807 2855 1864 2899 οῧν
1891 2861 1950 2899 καὶ
1966 2865 2025 2899 ν’ῦν
2045 2865 2063 2900 8
2079 2862 2256 2906 νεανίσκος
2278 2864 2385 2901 δεδοι-

1345 2922 1442 2961 κέναι
1476 2920 1580 2973 φησὶ,
1610 2920 1649 2958 τὸ
1685 2918 1896 2970 ἀπέχθεσθαι
1931 2921 2000 2962 τοῖς
2033 2918 2113 2971 περὶ
2140 2918 2203 2966 τὴν
2235 2919 2385 2966 ἱππικὴν

1345 2980 1501 3032 ἔχουσιν,
1517 2981 1545 3016 εἰ
1567 2976 1769 3016 καταλιπὼν
1794 2976 1831 3014 τὸ
1851 2982 1993 3026 κοσμεῖν
2010 2977 2050 3015 τὸ
2067 2980 2171 3027 σῶμα
2191 2977 2251 3015 καὶ
2270 2978 2387 3028 μετιέ-

1345 3054 1401 3076 ναι
1431 3036 1474 3074 τὰ
1504 3039 1571 3074 τῶν
1591 3035 1723 3073 ἱππέων
1753 3034 2014 3085 ἐπιτηδεύματα
2036 3033 2080 3072 τὰ
2105 3037 2173 3072 τῶν
2190 3035 2385 3088 φιλοσόφων

1346 3095 1516 3169 μετέλθοι.
1538 3094 1599 3144 [ὡς
1623 3092 1856 3142 ἱππαζόμενον
1884 3093 1918 3130 83
1950 3093 2009 3130 καὶ
2041 3096 2159 3131 τοῦτον
2198 3092 2287 3144 μετὰ
2315 3096 2383 3131 τῶν
2407 3116 2443 3143 50

1346 3153 1480 3192 ἱππέων
1501 3167 1584 3205 φησι
1597 3151 1793 3189 τάττεσθαι.
1796 3152 1874 3202 ]—
1890 3150 2215 3201 διακεκναισμένος;
2231 3151 2386 3204 διεφθαρ-

1347 3212 1463 3262 μένος,
1481 3209 1748 3262 ἠμαυρωμένος,
1770 3209 1882 3262 ὠχρὸς
1897 3213 1942 3253 ὣς
1961 3225 1992 3247 οι
2011 3209 2104 3268 περὶ
2104 3208 2161 3246 τὸν
2179 3208 2384 3261 Σωκράτην.

1344 3281 1382 3311 R
1395 3274 1432 3322 βε
1418 3269 1578 3320 εὸλαμμέ
1564 3284 1652 3315 ενος,
1673 3267 1935 3321 ἐφθαρμένος,’
1917 3267 2048 3320 ωγρὸς,
2070 3261 2174 3305 οἶόν’
2160 3282 2232 3306 εστι
2255 3266 2294 3305 τὸ
2316 3283 2387 3305 των

1349 3327 1552 3382 φιλοσόφων.
1570 3341 1630 3371 ΒΓ.
