2533 3808
152 246 200 278 80

201 337 229 363 4.
259 317 480 371 ἀλεκτρύονος
503 329 512 354 :
535 315 567 352 Τ
570 311 669 350 ούτου
687 307 754 360 γὰρ
775 309 796 352 ἡ
817 303 912 358 φωνὴ
930 303 1078 354 ἔμφασιν
1098 297 1188 349 ἡμέ-

152 398 211 435 ρας
226 379 447 432 παρίστησιν.
465 375 512 412 Θ.

201 460 228 483 5.
258 445 289 481 οἳ
312 442 339 479 δ’
357 438 487 478 οἰκέται
505 435 680 488 ῥέγκουσιν
702 443 711 469 :
730 427 870 482 [[Οῧτως
889 423 1035 464 Ἀττικοὶ
1053 421 1110 460 διὰ
1128 424 1189 459 τοῦ

149 503 201 555 κ]
225 506 283 539 νῦν
312 497 446 539 οἰκέτας
465 497 502 532 οὐ
522 493 598 535 τοὺς
614 488 823 543 θεράποντας
843 484 945 536 μόνον
964 481 1075 533 λέγει,
1099 477 1190 517 ἀλλὰ

114 579 129 602 5
149 563 281 603 πάντας
297 558 373 601 τοὺς
400 554 491 594 κατὰ
507 553 570 599 τὴν
592 550 716 590 οἰκίαν.
740 545 944 586 καθεύδουσι
968 547 1039 589 νῦν,
1068 539 1189 593 φησὶν,

149 624 194 664 ὡς
210 622 277 657 τῶν
296 617 407 654 ἄλλων
426 612 486 664 μὲν
507 608 805 663 ἀμεριμνούντων,
822 605 926 642 αὒτοῦ
943 601 979 640 δὲ
996 599 1192 654 φροντίζον-

149 694 215 720 τος.
238 676 293 715 διὰ
312 678 411 713 τοῦτο
432 672 467 710 δὲ
486 670 662 724 ῥέγκουσιν
692 660 799 713 εἶπεν,
820 663 878 701 ἵνα
910 662 1041 712 μᾶλλον
1069 657 1192 700 αὐτοὺς

152 737 242 788 δείξῃ
259 734 375 779 πάσης
393 731 493 773 ὄντας
510 729 574 773 ἔξω
587 726 774 781 φροντίδος.
795 725 863 760 τῶν
884 721 951 772 γὰρ
973 717 1105 771 βαθέως
1123 731 1191 754 κα-

151 794 335 834 θευδόντων
353 791 438 829 ἴδιον
457 789 497 827 τὸ
519 787 664 841 ῥέγκειν,
681 786 748 822 τῶν
766 781 802 820 δὲ
820 779 927 832 μηδὲν
947 775 1191 832 φροντιζόντων

103 874 133 898 ιο
152 854 190 892 τὸ
213 853 344 905 βαθέως
369 850 571 899 κοιμᾶσθαι.
588 842 817 896 -ῥέγκουσι
840 854 848 878 :
873 838 945 876 ἔστι
966 836 1000 875 δὲ
1027 833 1192 874 Ἀττικόν.

153 912 228 950 ἐπεὶ
243 910 303 949 καὶ
324 909 485 963 ῥέγίουσι
499 921 555 957 γρ.
579 903 618 941 τὸ
636 901 671 940 δὲ
692 900 870 954 ῥέγκουσιν
891 897 960 934 ἀπὸ
978 896 1046 932 τῶν
1067 892 1194 932 Ἰώνων

158 970 297 1020 λέγουσι
315 966 497 1010 λαὸόντες,
515 961 634 1003 οἵτινες
660 959 713 996 ἀεὶ
730 956 775 995 τὰ
805 954 912 994 δασέα
941 956 988 997 εἷς
1012 951 1098 1006 ψιλὰ
1116 949 1194 1004 τρέ-

159 1043 273 1066 πουσι.
293 1032 382 1064 Harl.
400 1039 429 1063 5.
458 1020 587 1074 βαθέως
607 1016 821 1057 ὓπνώττουσι
831 1013 891 1052 καὶ
909 1012 930 1051 δ’
944 1026 1045 1066 φασιν
1066 1011 1196 1048 ἰδιωτι-

160 1089 228 1129 κῶς
245 1083 474 1137 ῥοχαλίζουσι.
493 1081 541 1118 Θ.

109 1161 140 1185 15
216 1143 304 1195 (ἀλλ’
325 1144 387 1179 οὐκ
407 1140 447 1178 ἂν
466 1139 591 1191 προτοῦ
612 1149 621 1175 :
640 1133 732 1173 Ἀλλ’
748 1134 810 1170 οὖκ
827 1132 868 1170 ἂν
885 1129 1061 1184 πρότερον.
1080 1130 1114 1166 ἐν
1131 1127 1197 1180 γὰρ

156 1207 199 1257 τῇ
220 1202 354 1254 εἰρήνῃ,
374 1198 490 1252 φησὶν,
516 1195 706 1244 ἐξέπεμπον
736 1190 857 1233 αὐτοὺς
882 1187 1131 1242 ἐργασομένους
1153 1189 1198 1230 εἷς

157 1261 234 1304 τοὺς
254 1257 394 1311 ἀγροὺς,
413 1259 458 1298 ὡς
478 1254 621 1299 ὑπὸτῆς
638 1251 717 1304 περὶ
737 1249 798 1295 τὴν
820 1246 1011 1300 γεωπονίαν
1033 1244 1199 1297 ἀσχρλίας

161 1319 209 1370 μὴ
232 1318 359 1359 ἀνέτως
379 1313 467 1365 μηδὲ
487 1312 576 1350 οὕτω
595 1309 725 1362 βαθέως
742 1306 908 1346 δύνασθαι
927 1303 1132 1353 καθεύδειν.)

213 1391 242 1416 6.
259 1375 402 1413 ἀπόλοιο
422 1372 506 1419 δῆτ’,
523 1364 551 1408 ὦ
567 1369 699 1418 πόλεμε
715 1381 723 1406 :
747 1366 907 1415 Πόλεμος
924 1358 965 1410 ῆν
991 1363 1068 1400 κατ’
1091 1363 1200 1399 ἐκεῖνο

99 1449 145 1473 ’20
164 1439 284 1488 καιροῦ
302 1433 362 1471 καὶ
378 1434 538 1469 τοσοῦτον
560 1425 797 1477 ἐδυστύχησαν
815 1424 987 1469 Ἀθηναῖοι
1001 1420 1094 1481 {Sors
1112 1420 1199 1470 μηδ..

162 1493 205 1532 τὰ
220 1492 367 1543 σώματα
382 1492 448 1527 τῶν
471 1485 710 1525 ἀποθανόντων
730 1485 881 1535 ταφῆναι
901 1480 965 1523 ἕως
984 1484 1022 1517 οὗ
1037 1481 1067 1517 οῖ
1088 1480 1201 1516 δοῦλοι

163 1550 350 1596 ἐξελθόντες
361 1547 521 1593 ἐνίκησαν
532 1543 608 1586 τοὺς
621 1538 915 1590 Λακεδαιμονίους
927 1537 1007 1590 περὶ
1025 1536 1202 1589 Ἀργενού-

164 1626 227 1652 σας
245 1606 361 1646 καὶτὰ
376 1605 523 1655 σώματα
542 1603 609 1640 τῶν
631 1598 871 1638 ἀποθανόντων
890 1597 1057 1647 ἐκόμισαν
1071 1595 1131 1633 καὶ
1146 1594 1202 1632 διὰ

163 1672 264 1706 τοῦτο
283 1662 567 1716 ἠλευθερώθησαν
591 1659 651 1698 καὶ
670 1660 732 1696 οὐκ
748 1657 823 1703 ἐξῆν
838 1655 946 1694 οὐδενὶ
962 1654 1101 1692 τύπτειν
1126 1655 1204 1692 δοῦ-

112 1743 146 1767 25
163 1729 234 1765 λον.
250 1725 272 1771 ἢ
289 1724 341 1762 ὅτι
358 1725 391 1760 ἐν
410 1721 527 1774 εἰρήνῃ
546 1718 736 1768 ἐξέπεμπον
752 1715 872 1758 αὐτοὺς
885 1712 1135 1767 ἐργασομένους
1159 1714 1204 1756 εἷς

166 1785 224 1823 τὸν
241 1782 362 1836 ἀγρὸν,
381 1783 426 1824 ὡς
447 1779 512 1816 ὑπὸ
532 1780 593 1823 τῆς
611 1776 691 1828 περὶ
710 1773 773 1821 τὴν
801 1772 970 1825 γεωργίαν
997 1774 1127 1823 σχολῆς
1155 1771 1203 1821 μὴ

169 1843 333 1881 δύνασθαι
361 1838 451 1877 οὕτω
475 1836 632 1888 (βαθέως)
660 1831 849 1871 καθεύδειν.
870 1839 909 1868 R.
933 1838 973 1868 V.
1003 1829 1134 1882 [φασὶν
1161 1833 1206 1873 ὡς

169 1901 352 1945 Ἀθηναῖοι,
367 1893 651 1944 Λακεδαιμονίοις
668 1893 702 1929 ἐν
719 1889 951 1943 Ἀργινούσαις
968 1888 1207 1940 ναυμαχήσειν

171 1958 370 2010 μέλλοντες,
383 1959 548 2007 προεῖπον
563 1957 632 1994 τοῖς
648 1950 797 1995 δούλοις,
811 1951 856 1991 ὡς
873 1947 904 1985 εἴ
921 1963 971 1991 τις
988 1950 1100 1985 αὐτῶν
1122 1963 1209 1997 συμ-

117 2032 151 2057 30
170 2014 407 2068 παρατάξεται
423 2015 465 2064 τῆ
482 2009 677 2062 ναυμαχία,
698 2010 800 2058 τιμῆς
812 2009 857 2050 εἷς
870 2006 908 2044 τὸ
918 2005 1038 2044 λοιπὸν
1050 2005 1207 2044 ἀπολαύ-

171 2091 272 2113 σειεν.
301 2072 544 2124 βοηθησάντων
571 2063 629 2106 οῦν
654 2070 722 2105 τῶν
746 2065 888 2113 δούλων,
911 2064 1209 2114 Λακεδαιμονίους

172 2133 347 2180 ἐνίκησαν.
371 2130 430 2168 καὶ
452 2132 561 2166 ταῦτα
587 2126 649 2178 μέν
678 2142 766 2168 τινες
781 2124 965 2176 φάσκουσι.
982 2123 1021 2161 τὸ
1039 2123 1067 2161 δ’
1087 2122 1210 2170 ἀληθὲς

172 2191 278 2233 οὕτως
296 2189 379 2240 ἔχει.
398 2186 587 2233 Ἀθηναίοις
603 2185 663 2222 καὶ
682 2182 970 2233 Λακεδαιμονίοις
986 2181 1137 2232 πόλεμος
1151 2175 1206 2228 ἧν.

173 2252 234 2287 οὒκ
258 2248 380 2294 ἤθελον
398 2241 455 2284 οὖν
476 2245 649 2291 Ἀθηναῖοι
665 2242 743 2285 τοὺς
764 2241 902 2284 δούλους
932 2240 1102 2287 κολάζειν,
1123 2239 1154 2277 εἴ
1179 2256 1212 2278 τι

122 2321 154 2345 35
174 2306 373 2354 πταίσαιεν,
395 2303 539 2345 δεδιότες
551 2301 599 2352 μὴ
615 2300 701 2353 πρὸς
712 2298 1006 2349 Λακεδαιμονίους
1020 2298 1214 2349 αὐτομολή-

176 2381 275 2404 σωσι.
295 2363 334 2401 τὸ
352 2362 388 2400 δὲ
406 2361 462 2399 ὅτε
478 2360 561 2399 ποτὲ
587 2359 648 2410 μὲν
671 2358 771 2409 μόνον
789 2356 911 2410 χρόνον
933 2358 1048 2404 δηλοῖ,
1066 2356 1150 2395 ποτὲ
1177 2356 1212 2395 δὲ

176 2423 236 2462 καὶ
252 2421 374 2474 χρόνον
391 2419 451 2458 καὶ
472 2418 597 2465 αἰτίαν,
615 2416 660 2460 ὥς
676 2418 749 2454 ἐστι
765 2414 976 2467 κάνταῦθά]

230 2495 259 2520 7.
289 2479 337 2517 ὅτ’
361 2477 501 2517 ῐἘπεί.
520 2478 566 2515 Θ.
685 2521 691 2526 .

233 2553 261 2577 8.
292 2537 368 2575 ἀλλ’
385 2535 455 2574 οὐδ’
475 2538 492 2572 ὅ
511 2533 660 2587 χρηστὸς
679 2531 794 2570 οὗτοσὶ
816 2543 825 2570 :
847 2531 925 2569 Οὐκ
944 2532 1094 2569 ἐπαινῶν
1115 2533 1216 2570 αὐτὸν

129 2618 162 2642 40
180 2595 330 2650 χρηστόν
352 2609 472 2646 φησιν,
496 2592 571 2630 ἀλλ’
590 2589 850 2643 εἰρωνευόμενος
870 2590 945 2626 ἀντὶ
964 2593 1023 2627 τοῦ
1045 2590 1220 2642 ἄχρηστος

181 2657 266 2706 ἡμῖν
285 2654 435 2705 γέγονεν.
457 2654 531 2693 πῶς
549 2649 616 2702 γὰρ
636 2649 778 2686 δύναται
804 2647 1002 2698 θαυμάζειν,
1022 2646 1059 2685 ὃν
1079 2650 1136 2687 ἐπὶ
1160 2653 1220 2702 §qt-

183 2713 290 2765 θυμία
311 2712 366 2750 διὰ
385 2711 424 2748 τὸ
443 2707 620 2748 καθεύδειν
638 2706 831 2759 μέμφεται,

239 2792 282 2816 10.
311 2772 673 2827 ἐγκεκορδυλημένος;
697 2769 1027 2822 Ἔγκεκαλυμμένος
1048 2769 1107 2807 καὶ
1131 2785 1224 2807 συνε-

186 2834 403 2887 στραμμένος
423 2832 512 2870 ὥστε
533 2828 619 2881 μηδὲ
635 2827 814 2882 ἀνθρώπου
834 2831 955 2880 σχῆμα
973 2829 1109 2875 δηλοῦν,
1130 2830 1141 2879 (
1148 2828 1222 2866 ἀλλ’

134 2907 168 2932 45
189 2892 309 2945 ἐξοχὴν
326 2891 506 2944 φαίνεσθαι
519 2892 586 2927 τῶν
604 2887 830 2941 στρωμάτων.
849 2886 998 2939 κορδύλη
1014 2886 1049 2924 δὲ
1067 2887 1158 2930 ἰδίως
1173 2887 1227 2925 λέ-

187 2967 285 3002 γεται
303 2950 342 2987 τὸ
362 2951 396 2986 ἐν
415 2952 458 3000 τῆ
479 2949 614 3000 κεφαλῑῖι
635 2945 838 2999 ὑπερεξέχον
852 2944 980 2995 οἴδημα
1001 2945 1069 2982 ὑπὸ
1091 2946 1227 2996 πληγῆς

190 3011 236 3052 εἷς
250 3008 332 3060 ὕψος
353 3007 413 3044 καί
430 3007 529 3057 ὄγκον
554 3005 667 3058 ἀρθὲν,
684 3004 701 3042 δ
721 3005 894 3053 καλοῦμεν
911 3002 1085 3042 κόνδυλον.
1107 3003 1226 3054 Κρέων

192 3066 227 3103 δὲ
244 3068 278 3103 ἐν
302 3068 349 3116 τῷ
368 3064 495 3116 πρώτῳ
521 3065 588 3101 τῶν
613 3064 824 3114 Κυπριακῶν
849 3060 1017 3113 κορδύλην
1046 3060 1129 3113 φησὶ
1160 3077 1228 3099 κα-

191 3125 325 3162 λεῖσθαι
341 3123 379 3160 τὸ
395 3122 479 3174 πρὸς
495 3123 629 3174 κεφαλῇ
645 3120 867 3172 προσείλημα
879 3149 888 3166 ,
911 3118 928 3156 ὃ
950 3118 990 3164 δὴ
1009 3118 1107 3171 παρὰ
1126 3119 1227 3164 Ἀθη-

141 3196 175 3221 50
194 3181 305 3224 ναίοις.
317 3182 475 3218 καλεῖται
499 3179 690 3231 κρώὸυλον,
710 3177 807 3230 παρὰ
830 3177 865 3214 δὲ
887 3177 1040 3229 Πέρσαις
1059 3175 1225 3229 κιδάριον.

195 3238 246 3276 ὅτι
265 3238 300 3276 δὲ
319 3242 379 3275 νῦν
398 3236 731 3289 ἐγκεκορδυλημένος
751 3235 827 3273 ἀντὶ
853 3238 914 3272 τοῦ
935 3233 1150 3284 ἐνειλημένος
1171 3234 1231 3272 καὶ

196 3297 368 3350 ἐγκρύψας
388 3295 509 3333 ἑαυτὸν
530 3295 628 3340 δηλοῖ
647 3296 856 3345 σαφέστερον
877 3294 916 3330 ἐκ
934 3295 1002 3330 τῶν
1023 3292 1233 3345 ἐπιφερομέ-

195 3371 260 3392 νων
279 3353 382 3392 εἷπὼν
398 3372 412 3386 n
428 3354 504 3391 ἀλλ’
520 3354 548 3390 εἰ
562 3353 670 3399 δοκεῖ,
689 3351 863 3403 ῥέγκωμεν
879 3349 1187 3402 ἐγκεκαλυμμένοι.
1203 3352 1231 3401 υ)

918 213 1170 256 SCHOLIA
1209 211 1265 249 ΙΝ
1300 211 1498 250 NUBES.

1248 295 1358 334 ἰστέον
1374 296 1409 334 δὲ
1429 296 1480 334 ὅτι
1495 296 1658 346 λήγοντος
1679 295 1740 346 μὲν
1755 299 1812 333 τοῦ
1829 297 2017 348 χειμῶνος,
2034 297 2229 349 ἀρχομένου
2249 298 2285 336 δὲ

1250 353 1349 407 ἔαρος
1367 354 1488 405 ἄγεται
1507 353 1550 392 τὰ
1571 353 1753 401 Διονύσια,
1770 353 1862 392 ὥστε
1887 353 1943 392 διὰ
1964 354 2003 392 τὸ
2022 355 2123 408 κρύος
2143 356 2202 394 καὶ
2221 359 2287 409 ψῦ-

1248 427 1310 463 χος
1330 411 1418 455 εἰκὸς
1437 407 1478 458 ῆν
1497 411 1587 449 οὕτω
1606 412 1782 450 καθεύδειν
1808 412 1930 456 αὐτοὺς
1957 414 2112 467 (τοιούτῳ
2133 415 2289 467 σγήματι

1248 469 1311 516 τὴν
1327 469 1482 523 κεφαλὴν
1498 468 1832 521 περιὸεὸλημένους,
1855 470 1929 509 ὅθεν
1950 472 2010 509 καὶ
2030 472 2131 511 πέντε
2147 460 2288 527 περιδό-

1248 529 1332 566 λαια
1350 528 1624 581 περιὸεὸλῆσθαι
1642 527 1699 565 τὸν
1720 528 1790 566 υἱὸν
1808 523 1907 580 εἷπε.)
1924 537 1964 566 V.
1979 539 2015 568 R.
2057 534 2103 582 (ἐν
2121 533 2222 572 πέντε
2238 550 2292 572 σι-
2310 549 2326 573 5

1250 585 1369 640 σύραις
1396 600 1404 625 :
1429 585 1560 638 Στερεὰ
1579 585 1826 638 περιῧλήματα
1845 589 1963 641 παχέα
1988 593 2064 634 ταῖς
2078 595 2137 629 νῦν
2164 594 2290 631 καλου-

1251 644 1370 696 μέναις
1399 646 1532 698 ἐμφερῆ
1568 646 1731 696 σισύραις.
1764 644 1836 683 ἔστι
1873 646 1909 684 δὲ
1944 651 2060 700 φαῦλα
2092 650 2151 687 καὶ
2183 651 2292 705 μικρὰ

1250 703 1513 756 περιὸλήματα.
1534 702 1645 741 ἰστέον
1663 702 1714 740 ὅτι
1727 702 1892 754 λήγοντος
1908 709 1967 742 τοῦ
1982 710 2170 757 χειμῶνος,
2191 711 2292 762 ἀργο-

1253 762 1355 812 μένου
1376 763 1413 802 δὲ
1438 766 1497 800 τοῦ
1519 761 1636 814 ἔαρος,
1655 761 1786 813 γίνεται
1813 761 1858 799 τὰ
1876 762 2052 802 Διονύσια·
2071 765 2162 804 ὥστε
2181 767 2238 805 διὰ
2252 755 2296 805 ’τὸ

1252 820 1354 873 κρύος
1383 818 1506 863 αὐτοὺς
1536 819 1625 863 εἰκὸς
1658 819 1849 867 καθεύδειν,
1879 821 2024 875 τοιούτῳ
2051 823 2209 874 σᾸήματι
2231 824 2293 872 τὴν
2317 837 2348 861 ιο

1253 878 1406 933 κεφαλὴν
1426 877 1759 932 περιὸεὸλημένους,
1779 877 1869 916 ὥστε
1888 879 1948 916 καὶ
1965 879 2068 918 πέντε
2088 881 2296 933 περιὸόλαια

1253 938 1525 990 περιὸεὸλῆσθαι
1535 937 1592 975 τὸν
1607 937 1690 976 υἱόν.
1703 960 1754 966 -
1764 940 1798 976 ἐν
1817 951 1826 976 z
1841 937 1940 978 Ἐπί.
1955 940 1999 977 Θ.
2015 940 2138 992 σισύρη
2149 940 2188 978 τὸ
2201 940 2298 993 παχὺ

1254 1003 1392 1055 ἱμάτιον
1410 1002 1478 1040 ἀπὸ
1498 1001 1637 1053 αἶγείων
1660 1001 1853 1055 δερμάτων.
1880 1010 1962 1040 Vict-

1310 1061 1641 1114 ἐγκεκορδυλημένος
1668 1074 1676 1100 :
1698 1061 2013 1113 Ἔγκεκρυμμένος.
2044 1063 2299 1115 [ἐντετυλιγμέ-

1256 1136 1321 1164 νος.
1343 1124 1404 1167 Θ.]
1433 1120 1602 1173 κορδύλην
1623 1118 1691 1172 γὰρ
1716 1121 1747 1157 οἱ
1768 1118 1921 1172 Κύπριοι
1945 1120 2084 1172 λέγουσι
2108 1121 2147 1160 τὸ
2168 1122 2299 1175 περιεί-
2318 1137 2349 1162 15

1255 1181 1353 1229 λημα
1378 1182 1440 1225 τῆς
1467 1180 1630 1231 κεφαλῆς.
1655 1179 2050 1231 -ἐγκεκορδυλημένος
2070 1193 2079 1219 :
2104 1181 2302 1220 Ἔντετυλι-

1257 1237 1398 1289 γμένος,
1419 1235 1707 1289 ἐγκεκρυμμένος.
1735 1249 1796 1279 Br,
1826 1236 1918 1289 ἀρχὴ
1948 1236 2014 1291 γὰρ
2039 1237 2138 1291 ἔαρος
2165 1233 2207 1285 ῆν
2241 1239 2301 1276 καὶ

1258 1300 1530 1339 ἐνεκαλύπτοντο
1546 1301 1702 1351 γούνναις
1722 1299 1784 1338 ἔτι.
1799 1302 1847 1339 Θ.

1314 1374 1358 1399 11.
1389 1360 1463 1397 ἀλλ’
1485 1361 1513 1397 εἷ
1533 1360 1644 1405 δοκεῖ,
1667 1359 1842 1411 ῥέγκωμεν
1863 1372 1871 1397 :
1897 1360 2183 1414 (Παρεπιγραφή.
2200 1361 2301 1408 ποιή-

1261 1434 1323 1462 σας
1338 1417 1405 1471 γὰρ
1423 1416 1608 1469 ἀσχήμονα
1635 1416 1697 1462 τὴν
1718 1416 1796 1469 ὄψιν
1819 1416 1890 1466 καὶ)
1913 1417 1951 1454 τὸ
1969 1421 2092 1469 σχῆμα
2112 1423 2170 1456 τοῦ
2191 1420 2303 1457 νεανί-
2323 1440 2358 1464 20

1261 1491 1344 1515 σκου
1379 1475 1638 1526 μιμησάμενος,
1675 1473 1793 1527 ὥσπερ
1822 1475 1948 1518 ἐκεῖνος
1982 1476 2177 1515 ἐκάθευδεν.
2213 1480 2305 1515 ἀπο-

1262 1534 1423 1587 στραφεὶς
1436 1534 1496 1572 καὶ
1514 1533 1613 1576 αὐτὸς
1629 1538 1793 1586 πειρᾶται
1807 1534 1908 1579 δῆθεν
1927 1534 2117 1583 καθεύδειν,
2133 1535 2308 1590 ἐγκρύψας

1261 1593 1323 1640 τὴν
1344 1592 1499 1646 κεφαλὴν
1520 1593 1590 1636 τοῖς
1612 1591 1866 1644 περιὸλήμασι.
1887 1615 1939 1620 -—
1958 1596 2057 1631 τοῦτο
2081 1594 2165 1647 πρὸς
2184 1594 2307 1633 ἑαυτὸν

1261 1651 1367 1703 λέγει.
1398 1651 1575 1703 ῥέγκωμεν
1603 1663 1611 1689 :
1634 1649 1798 1688 Ἀττικόν.
1827 1651 2126 1702 ἐγκεκαλυμμένοι
2148 1666 2157 1692 ;
2179 1653 2308 1692 Ἐσκε-

1263 1709 1445 1760 πασμένοι.
1462 1710 1509 1748 Θ.
2327 1733 2361 1758 25

1319 1787 1361 1812 12.
1392 1773 1488 1825 [ἀλλ’
1512 1773 1550 1810 οὖ
1579 1770 1731 1822 δύναμαι
1757 1786 1765 1810 :
1786 1772 1876 1811 Ἀλλ’
1897 1774 1959 1810 οὐκ
1976 1773 2088 1812 ἔπεισί
2109 1791 2168 1825 μοι
2188 1775 2306 1820 ὕπνος.

1265 1832 1360 1876 εὐθὺς
1384 1833 1419 1870 δὲ
1438 1831 1498 1870 καὶ
1517 1830 1580 1878 τὴν
1604 1831 1718 1869 αἰτίαν
1742 1830 1864 1882 ἐπάγει
1885 1836 1945 1869 τοῦ
1973 1832 2022 1883 μὴ
2052 1832 2220 1872 δύνασθαι
2239 1850 2308 1872 κα-

1266 1896 1431 1949 ommam]

1321 1956 1467 1999 δείλαιος
1487 1969 1495 1994 :
1522 1953 1675 2000 Ἄθλιος,
1692 1953 1932 2004 κακοδαίμων.

1322 2013 1527 2064 δακνόμενος
1547 2026 1554 2051 ;
1577 2011 1853 2063 Ἐνοχλούμενος
1882 2012 1948 2050 ὑπὸ
1967 2015 2035 2051 τῶν
2059 2016 2120 2060 τῆς
2138 2016 2310 2067 ἱπποτρο-
2329 2030 2365 2055 3ο

1269 2074 1348 2128 φίας
1369 2070 1625 2121 ἀναλωμάτων.
1655 2072 1750 2108 δοκεῖ
1767 2071 1834 2123 γὰρ
1855 2071 2055 2123 δαπανηρὸν
2077 2066 2164 2109 εἶναι
2183 2072 2222 2110 τὸ
2246 2071 2311 2110 ἵπ-

1271 2148 1354 2174 πους
1379 2129 1526 2183 τρέφειν·
1560 2128 1657 2180 (ὅπερ
1681 2127 1740 2165 καὶ
1776 2131 1819 2179 τῆ
1845 2132 2035 2181 Λακωνικῇ
2065 2129 2313 2182 προσέζευκται

1271 2190 1421 2242 κατάρα.
1442 2188 1502 2226 καὶ
1520 2187 1587 2240 γὰρ
1609 2186 1649 2233 δὴ
1664 2186 1724 2224 καὶ
1741 2190 1841 2225 τοῦτο
1865 2189 1895 2224 οἳ
1907 2187 2178 2238 Λακεδαιμόνιοι
2192 2191 2226 2226 ἐν
2243 2204 2311 2227 κα-

1272 2249 1380 2301 τάρας
1397 2247 1518 2285 ἔθεσαν
1543 2245 1653 2297 μέρει.
1671 2244 1710 2283 τὸ
1731 2244 1767 2282 δὲ
1792 2244 1999 2296 δακνόμενος
2023 2245 2147 2284 ἔλαὸεν
2165 2246 2235 2284 ἀπὸ
2252 2250 2314 2285 τοῦ

1273 2306 1376 2346 αὐτὸν
1396 2305 1687 2344 κατακεκλεῖσθαι
1708 2302 1790 2340 εἴσω
1815 2306 1883 2341 τῶν
1911 2303 2125 2354 στρωμάτων
2153 2304 2229 2356 [καὶ
2247 2307 2315 2343 τῶν
2332 2323 2368 2349 35

1273 2363 1572 2419 περιδλημάτο)ν].
1592 2362 1631 2400 τὸ
1651 2361 1698 2412 δὲ)
1719 2364 1831 2414 χρεῶν
1850 2366 1908 2400 νῦν
1928 2362 2194 2415 περισπαστέον.
2219 2363 2317 2410 δηλοῖ

1273 2424 1340 2478 γὰρ
1356 2427 1423 2462 τῶν
1438 2421 1664 2475 ὀφλημάτων.
1680 2420 1826 2473 (εἴρηται
1840 2419 1875 2458 δὲ
1889 2419 1986 2472 παρὰ
1999 2420 2037 2458 τὸ
2050 2421 2190 2473 κόρεων.
2206 2421 2318 2459 δαπά·

1275 2500 1335 2529 νην
1356 2482 1410 2528 δὲ,
1426 2479 1584 2518 τουτέστι
1599 2478 1660 2521 τὰς
1680 2478 1810 2529 δέσμας
1824 2482 1883 2516 τοῦ
1899 2478 2049 2530 χόρτου,
2069 2479 2126 2516 ἵνα
2143 2479 2219 2525 ἑξῆς
2235 2481 2317 2516 ἀκο-

1275 2541 1404 2583 λούθως
1423 2542 1465 2589 τῆ
1492 2537 1604 2590 φάτνῃ
1630 2535 1742 2586 λέγειν
1764 2537 1877 2587 δοκῇ.)
1904 2559 1956 2564 -
1975 2536 2231 2587 ἐνοχλούμενος.
2254 2542 2316 2572 Βν.

1333 2612 1376 2636 14.
1407 2599 1425 2634 ὁ
1442 2595 1476 2634 δὲ
1496 2595 1608 2645 κόμην
1624 2593 1714 2645 ἔχων
1733 2607 1741 2632 :
1759 2593 1921 2643 Ἔκόμων
1941 2592 2008 2646 γὰρ
2025 2596 2056 2632 οἱ
2074 2594 2154 2646 περὶ
2173 2592 2318 2639 ἱππικὴν
2338 2604 2374 2632 40

1280 2664 1428 2716 ἔχοντες.
1470 2661 1534 2698 κᾶν
1556 2664 1624 2701 τοῖς
1645 2657 1818 2696 Ἱππεῦσι.
1841 2657 1921 2708 [580]

1407 2749 1448 2789 μὴ
1472 2747 1599 2788 φθονεῖθ’
1611 2747 1683 2786 ἡμῖν
1699 2747 1821 2785 κομῶσι
1837 2748 1906 2784 μηδ’
1939 2744 2258 2786 ἀπεστλεγγισμένοις.

1335 2818 1412 2870 [ι5.]
1440 2815 1622 2855 ἱππεύεταί
1642 2831 1678 2852 τε
1698 2814 1757 2852 καὶ
1772 2813 2033 2867 ξυνωρικεύεται
2053 2828 2062 2853 :
2081 2815 2165 2864 (Νῦν
2183 2813 2245 2865 μὲν
2266 2814 2324 2853 ἐπὶ

1283 2877 1445 2924 κέλητος,
1464 2879 1522 2913 νῦν
1539 2873 1575 2912 δὲ
1599 2873 1656 2911 ἐπὶ
1678 2872 1854 2924 ξυνωρίδος
1870 2872 2023 2924 ἅρματος
2042 2871 2229 2924 ὀχούμενος
2250 2871 2323 2910 ἄνω
2342 2893 2377 2919 45

1285 2936 1344 2976 καὶ
1357 2935 1453 2974 κάτω
1472 2931 1668 2985 βακχεύει.)
1685 2931 1823 2982 ξυνωρὶς
1841 2930 1880 2968 τὸ
1901 2930 1948 2980 μὴ
1964 2934 2094 2983 πλῆρες
2115 2931 2230 2983 ἅρμα,
2247 2930 2324 2968 ἀλλ’

1286 2998 1325 3034 ἐκ
1343 2996 1433 3032 δυοῖν
1455 2991 1572 3029 ἵππων
1595 2988 1771 3035 συνεστὸς,
1788 2988 1806 3026 ὃ
1827 2988 1868 3035 δὴ
1886 2988 2001 3042 δίφρον
2022 2990 2209 3039 καλοῦμεν.
2229 2987 2269 3025 τὸ
2289 2986 2326 3025 δὲ

1285 3052 1509 3097 ἱππεύεσθαι,
1524 3050 1590 3099 οὐχ
1604 3048 1723 3089 ἁπλῶς
1735 3046 1855 3099 χρείαν
1867 3047 1946 3100 περὶ
1957 3046 2104 3093 ἱππικὴν
2116 3046 2221 3098 ἔχειν,
2236 3044 2326 3082 ἀλλὰ

1286 3113 1325 3151 τὸ
1349 3110 1406 3149 ἐπὶ
1427 3108 1498 3151 ἑνὸς
1522 3106 1631 3144 ἰ’ππου
1652 3107 1827 3155 ὀχεῖσθαι,
1845 3105 1862 3143 ὃ
1881 3106 1941 3143 καὶ
1967 3109 2024 3143 νῦν
2045 3104 2176 3151 κέλητα
2196 3105 2328 3141 καλοῦ-

1288 3187 1353 3210 σιν.
1370 3193 1422 3199 —-
1437 3165 1624 3210 ἱππάζεται
1644 3177 1653 3202 1
1675 3164 1736 3202 Ἔν
1753 3162 1850 3217 ἵππῳ
1865 3166 2009 3216 ὀχεῖται.
2030 3161 2290 3216 ξυνωρικεύεται
2316 3174 2325 3199 :
2348 3181 2378 3206 50

1289 3235 1374 3274 Ἐπὶ
1388 3233 1506 3285 δίφρου
1526 3229 1678 3283 φέρεται.
1700 3239 1759 3270 Br.

1344 3306 1387 3331 ιο.
1417 3291 1628 3342 ὀνειροπολεῖ
1640 3289 1667 3326 0‘
1682 3287 1809 3331 ἵππους
1828 3301 1836 3326 z
1862 3289 1938 3326 Κάν
1956 3289 2027 3330 τοῖς
2045 3285 2184 3338 ὀνείροις
2197 3283 2326 3326 ἵππους

1290 3349 1449 3404 περινοεῗ.
1475 3346 1662 3394 τουτέστιν,
1691 3346 1780 3385 οὕτω
1808 3345 2024 3398 προστέτηκε
2059 3347 2109 3397 τῷ
2138 3342 2320 3395 πράγματι
