2517 3792
967 142 1216 180 SCHOLIA
1255 143 1312 181 IN
1351 144 1457 184 PLU
1471 146 1544 184 TU
1558 148 1610 186 M.

217 237 368 273 ἐντεῦθεν
401 233 525 272 ἄλλοσέ
560 249 626 271 που
663 237 764 272 σῦκα·
804 234 1024 285 βουλομένων
1061 228 1121 272 οῦν
1155 251 1258 273 τινων
1288 257 1292 316 γ

215 292 410 343 ἐξενεγκεῖν,
427 290 606 341 ἱστάμενοι
623 291 657 327 ἐν
678 297 753 334 ταῖς
772 294 839 329 τῶν
857 294 974 330 πυλῶν
997 292 1120 336 ἐξόδοις
1141 293 1260 346 ἄνδρες

217 354 404 401 πανοῦργοι
434 349 472 387 τὸ
506 349 635 387 τούτων
670 348 853 402 ἐξήλεγχον
888 351 1070 402 τέχνασμα
1084 381 1094 400 ,
1131 351 1149 389 ὃ
1179 352 1259 404 περὶ

214 407 276 454 τὴν
299 405 474 457 ἐξαγωγὴν
504 406 654 445 ἐποίουν.
683 408 868 446 ἐκαλοῦντο
893 403 951 447 οῦν
973 403 1064 447 οὗτοι
1090 410 1259 461 συκοφάν·

179 477 194 500 5
213 481 290 515 ται,
313 466 360 507 ὡς
385 463 430 502 τὰ
453 467 542 502 σῦκα
569 464 759 518 φαίνοντες.
781 467 1017 520 ἐπεκράτησεν
1038 461 1096 505 οῦν
1118 467 1150 511 ἐξ
1173 467 1256 505 ἐκεί-

211 538 269 561 νου
297 522 448 573 τοῦνομα
468 523 552 575 πρὸς
568 523 701 567 πάντας
726 524 803 568 τοὺς
827 525 1070 578 πανούργους]
1093 546 1134 552 -
1153 525 1256 578 εὕρη-

211 596 268 618 ται
293 579 329 619 δὲ
358 582 438 634 περὶ
470 580 591 620 τούτου
625 582 684 620 καὶ
711 582 813 635 ἑτέρα
839 584 975 637 ἱστορία
1005 584 1094 622 πάνυ
1123 583 1256 636 ψυχρά.

209 646 246 676 P.
263 638 428 689 πείθομαι
447 654 455 678 :
474 639 647 679 Πιστεύω.
667 649 728 678 Dv.

260 711 306 737 32.
338 698 609 751 [ἐπερησόμενος
638 695 696 737 οὖν
722 713 731 738 ;
760 700 1018 753 Ἐπερωτήσων
1046 699 1104 737 τὸν
1128 698 1254 737 Ἀπόλ-

158 766 190 790 10
209 757 315 796 λωνα.
333 760 380 801 ὡς
399 757 456 795 τὸν
477 757 550 796 θεόν
573 757 626 804 δὲ,
647 757 731 811 πρὸς
752 758 809 796 τὸν
829 759 914 796 θεόν.
935 758 975 796 τὸ
994 758 1029 795 δὲ
1049 757 1143 803 ἑξῆς,
1162 756 1253 808 ᾠχό-

207 830 277 864 μην
303 810 359 852 οῦν
388 815 472 867 πρὸς
499 815 556 853 τὸν
583 814 670 861 Θεὸν,
698 815 949 867 ἐπερησόμενος
978 814 1036 852 καὶ
1057 813 1252 866 ἐρωτήσων,

207 872 353 922 νομίζων
372 873 430 910 τὸν
454 873 525 925 βίον
549 873 610 924 μὲν
629 875 715 922 ἐμοῦ
731 875 836 911 αὐτοῦ
851 876 909 910 τοῦ
926 871 1150 924 ταλαιπώρου
1169 887 1216 923 σχ
1218 887 1252 909 ε-

207 930 263 968 δὸν
284 931 445 983 ἄντικρυς
470 931 726 975 ἐκτετοξεῦσθαι
752 930 810 968 καὶ
832 932 1060 976 κεκενῶσθαι,
1081 929 1250 980 πευσόμε-

205 1003 259 1031 νος
277 988 312 1026 δὲ
329 989 388 1026 καὶ
405 989 603 1041 ἐρωτήσων,
622 990 650 1025 εἰ
663 986 991 1039 χρὴζμεταὸαλόντα
1008 987 1087 1031 τοὺς
1105 987 1252 1040 τρόπους

155 1062 185 1086 15
204 1046 262 1084 τὸν
282 1047 366 1092 υἱὸν,
386 1047 420 1090 ὃς
440 1047 543 1097 μόνος
563 1062 622 1096 μοι
638 1045 820 1097 τυγχάνει,
842 1039 930 1083 εἶναι
949 1049 1155 1098 πανοῦργον,
1177 1046 1250 1084 ἄδι-

203 1120 274 1151 κον,
295 1104 419 1154 μηδεὲν
437 1105 526 1156 ὑγιὲς
547 1106 577 1154 (ὁ
594 1104 660 1157 γὰρ
678 1104 794 1148 ἄδικος
812 1103 872 1142 καὶ
891 1103 1006 1158 ἅρπαξ
1023 1106 1088 1156 οὐχ
1104 1105 1249 1156 ὑγιαίνει

201 1165 245 1214 τῇ
261 1164 370 1216 ψυχῇ)
387 1165 432 1205 ὡς
451 1162 595 1212 νομίσας
613 1166 714 1200 τοῦτο
734 1162 818 1200 αὐτὸ
842 1161 1029 1216 συμφέρειν
1055 1163 1089 1200 ἐν
1110 1165 1159 1216 τῷ
1178 1179 1249 1200 πα-

202 1220 291 1273 ρόντι
324 1220 400 1274 βίῳ.
427 1214 502 1258 εἷπε
531 1220 566 1258 δὲ
596 1220 636 1259 τὸ
666 1220 878 1271 πευσόμενος
903 1223 981 1260 κατ’
1014 1221 1247 1274 ἐπανάληψιν,

199 1278 317 1325 ἐπειδὴ
338 1278 590 1332 ἐπερησόμενος
617 1278 793 1332 προειπὼν
820 1278 922 1326 ἔθηκε
949 1279 1005 1317 διὰ
1034 1278 1161 1329 μέσου,
1189 1280 1246 1318 τὸν

147 1351 182 1376 20
199 1336 282 1387 ἐμὸν
294 1337 369 1387 μὲν,
384 1336 488 1389 μέχρι
507 1340 569 1374 τοῦ
585 1336 690 1389 βίοι]
708 1357 746 1362 -
766 1339 811 1380 ὡς
828 1351 836 1376 :
860 1339 934 1381 Εἷς.
959 1345 1058 1376 Cant·
1075 1351 1103 1377 1.
1123 1352 1151 1377 2.
1170 1337 1246 1375 ἀντὶ

198 1398 259 1433 τοῦ
278 1394 364 1448 πρὸς
379 1395 436 1434 τὸν
455 1394 544 1435 θεόν.
565 1403 607 1435 V.

249 1468 294 1493 33.
323 1453 382 1492 τὸν
396 1454 479 1505 ἐμὸν
501 1453 562 1505 μὲν
581 1456 686 1492 αὐτοῦ
710 1468 718 1494 :

197 1515 311 1556 τικῶς.
328 1520 421 1551 Junt.

251 1570 329 1623 [τοῦ
362 1571 588 1623 ταλαιπώρου
619 1583 628 1610 :
664 1572 737 1609 Τοῦ
770 1572 952 1618 τλητικοῦ,
979 1570 1001 1617 ἢ
1036 1574 1096 1610 τοῦ
1121 1573 1244 1618 τετλη-

144 1647 178 1672 25
197 1628 307 1672 κότος.
335 1629 555 1682 ταλαίπωρος
575 1628 611 1666 δὲ
640 1628 737 1681 παρὰ
756 1629 796 1667 τὸ
826 1631 949 1675 τλῆναι
978 1629 1035 1668 τὸν
1067 1633 1196 1683 πῶρον,
1225 1629 1245 1667 ὅ

197 1689 269 1725 ἐστι
289 1687 419 1731 πένθος.
437 1686 490 1725 ὅτι
510 1686 545 1725 δὲ
566 1689 680 1740 πῶρος
698 1686 818 1731 πένθος
838 1687 929 1734 ἐστὶ,
959 1687 1018 1725 καὶ
1037 1688 1242 1740 Ἀντίμαχός

742 1454 834 1494 Ἀντὶ
853 1457 912 1492 τοῦ
933 1455 1017 1505 ἐμοῦ
1039 1456 1144 1494 αὐτοῦ
1164 1455 1245 1494 Ἀτ-

196 1762 280 1798 φησι
290 1777 300 1794 ²

315 1839 418 1882 πῶρός
430 1851 477 1871 τοι
492 1839 633 1881 ἀλόχοισι
645 1841 697 1871 καὶ
709 1839 753 1876 οἷς
763 1840 921 1872 τεκέεσσιν
933 1839 1096 1893 ἕκαστος.]]

245 1929 290 1954 34.
317 1917 499 1969 ἐπερωτῶν
532 1915 617 1968 πρὸς
651 1915 708 1954 τὸν
751 1915 954 1954 Ἀπόλλωνα
992 1916 1150 1969 ᾠχόμην,
1182 1919 1239 1955 τὸν

141 1990 174 2015 30
194 1974 289 2025 ἐμὸν,
305 1973 405 2028 φησὶ,
425 1973 498 2026 βίον
511 1974 660 2025 νομίζων
680 1973 959 2022 ἐκτετοξεῦσθαι,
975 1974 995 2012 ὅ
1010 1977 1101 2013 ἐστιν
1118 1974 1240 2019 ἐξανα-

191 2035 361 2081 λωθῆναι,
381 2032 450 2070 ἀπὸ
471 2038 670 2086 μεταφορᾶς
687 2035 756 2070 τῶν
776 2032 982 2077 τοξευόντων
1001 2033 1060 2071 καὶ
1080 2035 1238 2072 ἐκδαπα-

192 2092 328 2130 νώντων
348 2090 410 2137 τὴν
439 2090 626 2144 φαρέτραν.
673 2090 820 2134 Ἄλλως.
853 2092 930 2129 ἀντὶ
957 2095 1017 2129 τοῦ
1047 2091 1238 2145 ἐξοίχεσθαι

193 2149 276 2202 πρὸς
296 2147 462 2194 ἀπόληξιν
476 2151 537 2193 τῆς
554 2150 587 2186 ἐν
601 2150 696 2201 αὐτῷ
710 2149 890 2202 διατριὸἦς
907 2149 1132 2189 ἐκπίπτοντα.
1158 2149 1238 2188 Ἄλ-

191 2210 260 2252 λως
290 2206 492 2245 ἀπολέσθαι·
510 2207 580 2244 ἀπὸ
604 2209 672 2245 τῶν
698 2206 942 2257 τοξευομένων,
963 2207 986 2254 ἢ
1006 2211 1074 2246 τῶν
1100 2208 1165 2246 ὅλα
1194 2208 1237 2246 τὰ

139 2285 172 2310 :35
196 2266 280 2319 βέλη
293 2265 459 2326 ἀφιέντων
475 2265 634 2310 τοξοτῶν.
650 2273 689 2303 V.
706 2268 949 2312 ἐκκενωθῆναι.
974 2273 1008 2304 V.
1026 2266 1126 2317 ἐγγὺς
1140 2269 1238 2304 οἰττωβ

191 2324 284 2368 λείας
303 2328 389 2361 εἰναι
409 2323 466 2361 διὰ
481 2321 519 2360 τὸ
535 2325 657 2375 γῆρας.
679 2331 719 2361 V.
738 2323 994 2368 ἐκτετοξεῦσθαι
1017 2338 1025 2363 :
1045 2327 1078 2363 Τ
1081 2326 1238 2363 ετελειῶ-

191 2386 289 2429 σθαι,
310 2383 526 2429 ἀνηλῶσθαι,
546 2383 585 2419 ἐκ
606 2389 805 2436 μεταφορᾶς
824 2385 893 2420 τῶν
913 2382 1132 2430 τοξευόντων,
1153 2382 1235 2422 ὅταν

189 2442 253 2489 τὴν
272 2441 446 2496 φαρέτραν
464 2441 673 2480 κενώσωσιν.
694 2449 783 2481 Junt.
807 2444 1075 2490 ἐκκεκενῶσθαι,
1095 2444 1235 2490 ἀνηλῶ-

189 2504 280 2539 σθαι·
298 2499 368 2538 ἀπὸ
397 2506 596 2553 μεταφορᾶς
623 2503 690 2538 τῶν
717 2503 751 2539 ἐν
772 2503 816 2553 τῇ
843 2500 958 2554 τοξείᾳ
979 2502 1234 2540 ἀναλισκόντων

135 2576 170 2601 ⁴0
189 2559 232 2597 τὰ
262 2559 358 2612 βέλη.
381 2567 420 2597 R.
445 2559 703 2610 ὕπολαμὸάνων
730 2561 1018 2608 κατηναλῶσθαι,
1047 2560 1234 2613 ἠφανίσθαι

187 2617 249 2664 τὴν
276 2617 487 2670 περιουσίαν.
514 2625 573 2655 Br.
594 2618 633 2655 ἐκ
653 2625 852 2671 μεταφορᾶς
875 2618 1010 2670 εἴρηται
1035 2623 1135 2657 τοῦτο
1166 2622 1234 2658 τῶν

186 2675 345 2723 τοξοτῶν,
364 2673 447 2713 ὅταν
474 2675 665 2720 τοξεύοντες
686 2675 818 2720 πάντας
836 2675 915 2721 τοὺς
941 2679 1071 2715 ἑαυτῶν
1103 2677 1235 2722 οἰστοὺς

189 2732 378 2801 ἀφήσωσρν.
396 2739 434 2770 Β.

241 2803 286 2828 35.
313 2805 371 2827 τον
396 2791 425 2828 δ’
443 2789 515 2828 υἱόν
540 2804 548 2829 :
569 2791 661 2830 Ἀντὶ
681 2797 740 2830 τοῦ
768 2792 848 2845 περὶ
876 2796 938 2831 τοῦ
959 2795 1033 2831 υἱοῦ
1058 2793 1230 2838 Ἀττικῶς.

136 2862 171 2887 45
189 2845 248 2883 καὶ
261 2845 457 2899 Μένανδρος
472 2849 506 2885 ἐν
521 2849 794 2902 Περικειρομένῃ
805 2881 815 2901 ,
829 2849 868 2888 τὸ
882 2850 917 2889 δὲ
934 2851 1121 2904 κεφάλαιον
1136 2853 1232 2890 οὔπω

189 2903 370 2955 λογίζομαι
385 2904 442 2942 τὸν
459 2906 642 2952 δεσπότην.
659 2915 700 2945 V.

240 2975 286 3001 36.
315 2962 524 3012 πευσόμενος
541 2977 550 3003 :
567 2964 790 3016 Ἐρωτήσων.
807 2975 872 3005 Dv.
889 2967 968 3012 τοὺς
986 2969 1147 3012 δικαίους.
1165 2977 1203 3007 R.

240 3034 285 3059 37.
315 3019 496 3058 διαὸάλλει
519 3021 707 3061 τὸδίκαιον
737 3027 805 3062 τῶν
834 3025 1036 3073 Ἀθηναίων.
1083 3026 1227 3070 Ἄλλως.

187 3078 264 3116 ἀντὶ
280 3082 338 3116 τοῦ
360 3077 467 3128 μηδὲν
498 3081 567 3116 τῶν
587 3081 728 3119 δικαίων
759 3085 893 3136 φρονεῖν
927 3085 1043 3125 αὐτόν.
1065 3094 1105 3123 V.
1128 3087 1174 3129 εἷς
1192 3086 1230 3124 τὸ
1256 3116 1260 3127 .

134 3152 169 3177 50
188 3134 361 3187 φιλόδικον
381 3137 448 3172 τῶν
464 3136 650 3182 Ἀθηναίων
667 3140 832 3179 σκώπτει.
850 3150 890 3180 V.
907 3147 937 3188 (a
950 3157 994 3180 m.
1013 3150 1091 3188 sec.)
1106 3151 1145 3182 R.

238 3207 285 3232 39.
316 3193 438 3231 ἔλακεν
455 3197 494 3232 ἐκ
506 3197 574 3232 τῶν
595 3198 804 3247 στεμμάτων
823 3214 831 3239 :
855 3201 901 3239 ‘H
917 3201 1006 3246 λέξις
1025 3203 1227 3255 Εὐριπίδου.

187 3251 262 3288 ἀντὶ
281 3254 340 3288 τοῦ
359 3253 498 3303 ἔχρησε.
517 3260 556 3290 G.
577 3254 842 3309 (τραγικώτερον
863 3257 898 3296 δὲ
913 3262 1013 3297 τοῦτο
1028 3259 1062 3303 ἐξ
1081 3262 1225 3313 Εὐριπί-

188 3311 263 3357 δου,
288 3309 459 3362 διασύρων
479 3310 537 3348 τὸν
557 3312 761 3363 Εὐριπίδην.
781 3317 812 3351 οἱ
840 3314 907 3367 γὰρ
934 3316 1093 3368 τρίποδες
1115 3320 1226 3373 δάφνῃ
1254 3324 1258 3356 ἐ
1286 3323 1369 3372 (τῶν
1389 3322 1604 3370 Ἀθηναίων).
1633 3325 1817 3364 αἰνίττεται

2288 167 2358 198 327

1319 230 1408 282 ἦσαν
1438 238 1643 288 ἐστεμμένοι
1663 240 1722 278 καὶ
1741 244 1762 287 ἡ
1792 246 1971 295 προφῆτις.
2017 242 2172 296 Ἄλλως.)
2207 250 2275 287 ἀπὸ
2293 254 2361 290 τῶν

1319 293 1530 344 στεμμάτων
1544 299 1606 342 τῆς
1618 297 1836 349 προφήτιδος·
1853 301 2120 356 ἐστεφανηφόρει
2137 304 2202 358 γὰρ
2214 309 2235 352 ἡ
2248 309 2361 346 Πυθία

1318 352 1458 405 (δάφνῃ.
1490 353 1578 397 τινὲς
1604 353 1638 392 δὲ
1668 356 1728 393 καὶ
1757 358 1949 411 θεσφάτων.
2005 358 2158 406 Ἀλλως.
2193 365 2361 418 γράφεται

1317 410 1555 461 σκεμμάτων,)
1579 413 1653 450 ἐπεὶ
1673 416 1703 451 οἳ
1725 416 1973 467 μαντευόμενοι
1990 420 2151 474 ἐγγράφῳ
2169 423 2360 463 ἀνακοινώ-

1317 482 1368 504 σει
1386 468 1469 521 πρὸς
1487 469 1544 507 τὸν
1562 471 1636 508 θεὸν
1655 471 1716 515 τὰς
1731 474 1870 518 πεύσεις
1886 477 2079 526 ἐποιοῦντο,
2100 483 2308 533 γεγραφότες
2327 486 2360 521 ἐν
2378 498 2392 521 5

1315 527 1451 579 πυκτίῳ
1476 527 1514 565 τὸ
1530 528 1621 566 κατὰ
1637 531 1838 583 προαίρεσιν
1860 535 1975 578 αὐτοῖς
2001 536 2171 587 κείμενον,
2201 541 2358 595 στεφάνῳ

1314 599 1350 620 τε
1377 584 1604 637 ἀμφιέσαντες
1630 587 1746 640 ἁδρῷ,
1766 593 1809 642 τῇ
1838 593 2041 646 μαντιπόλῳ
2071 598 2314 649 ἐχειροτόνουν·
2335 604 2356 646 ἡ

1314 640 1349 678 δὲ
1378 643 1567 694 ἐντυχοῦσα
1595 643 1777 698 σύμφωνον
1803 650 1872 692 τοῖς
1904 654 2177 703 προτεινομένοις
2210 658 2356 697 ἐποιεῖτο

1312 698 1374 744 τὴν
1395 701 1590 753 ἀπόκρισιν.
1610 704 1640 740 οἱ
1661 703 1714 750 δὲ,
1729 704 1781 742 ὅτι
1801 702 1835 744 ἐν
1853 708 1950 760 μέσῳ
1969 712 2036 747 τῶν
2055 713 2231 760 στεφάνων
2245 720 2353 763 καθη-

1312 756 1537 816 μένη-,ἔλεγεν
1558 762 1578 805 ἡ
1601 761 1729 799 Πυθία·
1749 760 1770 808 ἢ
1791 763 1843 801 ὅτι
1864 764 1975 816 δάφνῃ
1997 767 2143 806 ἔστεπτο
2159 773 2176 807 ὃ
2198 773 2353 823 τρίπους,

1311 814 1363 866 ἐφ’
1376 818 1414 852 οὓ
1430 819 1616 864 καθῆστοή
1634 818 1762 857 Πυθία·
1781 821 1840 858 καὶ
1858 823 2013 875 ἀλλαχοῦ
2035 826 2107 876 [Eq.
2129 833 2207 875 1016]
2221 848 2233 861 «
2256 830 2354 883 ἴαχεν

1311 872 1344 917 ἐξ
1362 873 1499 912 ἀδύτοιο
1516 875 1572 913 διὰ
1588 877 1761 929 τριπόδων
1790 880 1966 934 ἐριτίμων.
1987 902 2002 916 n
2031 908 2083 913 —
2111 885 2261 932 Ἀλλως.
2278 876 2354 928 στέ-

1310 945 1410 982 φανοι
1426 932 1482 970 ἐπὶ
1502 937 1561 972 τοῦ
1583 935 1743 988 τρίποδος
1760 937 1908 987 ἔκειντο,
1928 941 1984 986 οὓς
2002 946 2023 989 ἡ
2046 944 2160 983 Πυθία
2178 948 2213 984 ἐν
2232 951 2275 994 τῆ
2295 965 2354 987 κε-

1309 989 1402 1042 φαλῇ
1423 996 1576 1044 φοροῦσα
1597 995 1817 1044 ἐμαντεύετο.
1839 998 1876 1049 [ἢ
1894 1007 1951 1037 τὸν
1968 1001 2113 1054 τρίποδα
2133 1003 2225 1057 λέγει
2243 991 2298 1044 διὰ
2314 1008 2353 1046 τὸ

1309 1047 1509 1101 κυκλοτερὲς
1526 1052 1643 1090 αὐτοῦ.
1670 1054 1753 1105 Dv.]
1778 1049 1819 1102 ἦν
1840 1056 1875 1093 δὲ
1895 1059 1916 1103 ἡ
1936 1058 2049 1097 Πυθία
2071 1061 2175 1111 γυνὴ,
2195 1063 2287 1112 ἥτις,
2308 1066 2353 1110 ὥς

1308 1120 1425 1157 φασιν,
1448 1109 1687 1160 ἐπικαθημένη
1709 1114 1758 1164 τῷ
1781 1113 1918 1166 τρίποδι
1944 1120 2005 1154 τοῦ
2041 1119 2271 1170 Ἀπόλλωνος,
2292 1125 2351 1162 καὶ

1308 1164 1487 1218 διαιροῦσα
1517 1166 1561 1205 τὰ
1591 1168 1698 1216 σκέλη
1732 1172 1881 1224 πονηρὸν
1916 1175 2070 1214 κάτωθεν
2107 1179 2350 1221 ἀναδιδόμενον

1306 1226 1444 1273 πνεῦμα
1467 1225 1524 1263 διὰ
1540 1228 1609 1264 τῶν
1627 1232 1836 1278 γεννητικῶν
1856 1231 1995 1284 ἐδέχετο
2023 1235 2164 1287 μορίων,
2183 1224 2351 1280 καὶόύτω

1306 1281 1432 1330 μανίας
1448 1285 1674 1337 πληρουμένη
1685 1317 1694 1334 ,
1710 1287 1770 1326 καὶ
1786 1287 1847 1333 τὰς
1861 1290 1984 1344 τρίχας
2004 1293 2153 1343 λύουσα,
2167 1297 2226 1335 καὶ
2244 1299 2350 1351 ἀφρὸν

1305 1341 1344 1378 ἐκ
1374 1344 1434 1378 τοῦ
1469 1343 1642 1393 στόματος
1682 1346 1959 1398 ἀπο-πέμπουσα,
1998 1353 2058 1391 καὶ
2092 1354 2204 1393 τᾶλλα
2235 1358 2349 1396 πάντα

1303 1402 1468 1448 ποιοῦσα,
1498 1401 1563 1440 ὅσα
1589 1405 1620 1441 οἱ
1653 1405 1855 1456 μαινόμενοι
1884 1414 1994 1447 ποιεῖν
2023 1410 2196 1461 εἰώθασιν,
2221 1415 2265 1453 τὰ
2288 1420 2349 1464 τῆς

1303 1458 1486 1506 μαντείας,
1509 1459 1530 1505 ἢ
1552 1462 1685 1510 μᾶλλον
1707 1462 1851 1513 μανίας,
1872 1466 2056 1518 ἐφθέγγετο
2076 1470 2227 1522 ῥήματα·
2247 1473 2268 1519 ἢ
2289 1475 2348 1513 καὶ

1303 1514 1437 1566 δαίμων
1454 1533 1504 1561 τις
1517 1513 1558 1565 ἦν
1575 1518 1664 1557 οὕτω
1681 1521 1893 1572 καλούμενος
1908 1525 2039 1574 πύθων,
2059 1529 2118 1581 ἀφ’
2137 1524 2177 1567 οῦ
2193 1534 2213 1577 ἡ
2233 1533 2346 1571 Πυθία

1301 1575 1586 1627 παρωνομάζετο·
1608 1576 1630 1624 ἢ
1649 1578 1712 1616 καὶ
1727 1580 1829 1624 αὐτὸς
1848 1584 1865 1620 ὁ
1883 1582 2061 1622 Ἀπόλλων
2081 1586 2209 1632 Πύθιος
2225 1591 2348 1640 ὄνομα·

1301 1631 1457 1682 ζόμενος,
1482 1634 1539 1673 διὰ
1567 1636 1606 1674 τὸ
1625 1642 1694 1680 τοῖς
1713 1641 1983 1691 πυνθανομένοις
2011 1646 2193 1696 χρησμοὺς
2217 1649 2346 1688 διδόναι

1299 1690 1378 1743 περὶ
1397 1686 1444 1730 ὧν
1465 1692 1506 1730 ἂν
1526 1693 1715 1745 βούλοιντο.
1734 1705 1825 1739 Junt.

1352 1763 1398 1789 4ο.
1429 1751 1569 1804 [[πεύσει
1589 1768 1597 1792 :
1616 1756 1662 1793 Οἱ
1679 1755 1836 1795 Ἀττικοὶ
1853 1756 1897 1795 τὰ
1912 1761 1979 1797 τῶν
1996 1764 2198 1808 παθητικῶν
2210 1765 2344 1817 χρόνων

1299 1808 1442 1862 δεύτερα
1461 1810 1633 1863 πρόσωπα
1654 1813 1707 1850 ἀεὶ
1729 1813 1786 1851 διὰ
1804 1816 1986 1868 διφθόγγου
2001 1819 2204 1873 γράφουσιν.
2225 1826 2270 1867 ὡς
2285 1825 2344 1862 καὶ

1298 1868 1444 1905 ἐνταῦθα
1465 1869 1524 1907 καὶ
1539 1870 1573 1907 ἐν
1590 1872 1660 1915 τοῖς
1678 1871 1754 1918 ἑξῆς
1771 1873 1935 1926 εὑρήσεις·
1951 1871 2047 1921 οὗτος
2059 1877 2144 1931 γὰρ,
2166 1880 2260 1934 εἴπερ
2276 1899 2343 1930 τις,

1297 1927 1340 1977 τῇ
1359 1926 1505 1979 Ἀττικῇ
1526 1928 1697 1983 διαλέκτῳ
1716 1934 1858 1983 χρῆται.
1880 1936 1901 1980 ἡ
1918 1934 1952 1972 δὲ
1970 1936 2066 1983 κοινὴ
2085 1938 2261 1984 διάλεκτος
2280 1941 2345 1992 μό-

1297 1999 1354 2022 νου
1372 1988 1430 2023 τοῦ
1454 1986 1588 2037 βούλει,
1609 1987 1669 2026 καὶ
1686 1989 1779 2042 ὄφει,
1801 1991 1859 2029 καὶ
1879 1991 1941 2031 οἴει
1957 1993 2001 2031 τὰ
2020 1997 2219 2048 ἐνεργητικὰ
2238 1998 2287 2050 μὴ
2309 2002 2343 2038 ἐν

1296 2042 1421 2095 χρήσει
1441 2046 1609 2097 εὑροῦσα,
1629 2050 1672 2099 τῇ
1692 2047 1831 2102 Ἀττικῇ
1850 2050 2004 2101 ἑπομένη
2027 2055 2191 2108 συνηθείᾳ
2210 2057 2264 2094 ἀεὶ
2287 2057 2343 2096 διὰ

1297 2101 1476 2154 διφθόγγου
1497 2101 1540 2141 τὰ
1560 2104 1639 2156 τρία
1658 2109 1770 2144 ταῦτα
1795 2108 1944 2161 ἐκφέρει.
1966 2111 2244 2166 ἀπαγορευτικοῦ
2264 2116 2299 2154 δὲ
2319 2116 2340 2162 ἢ

1296 2161 1530 2210 αἰτιολογικοῦ
1547 2162 1668 2214 μορίου
1687 2163 1857 2213 τεθέντος,
1879 2169 1909 2205 οἱ
1931 2168 2082 2208 Ἀττικοὶ
2103 2173 2168 2224 οὐχ
2188 2172 2278 2211 οὕτω
2297 2174 2342 2212 τὰ

1295 2217 1436 2270 δεύτερα
1458 2219 1631 2271 πρόσωπα
1661 2222 1877 2275 ἐκφέρουσιν,
1897 2228 1943 2269 ὡς
1974 2227 2127 2279 εἴρηται,
2158 2232 2234 2269 ἀλλ’
2255 2234 2342 2271 ὑπο-
2359 2251 2397 2278 35-

1293 2277 1496 2329 taxrtxc'ssc.]

1347 2327 1420 2372 εἶπε
1439 2348 1448 2373 :
1472 2335 1746 2386 Ἔμαντεύσατο.
1769 2346 1808 2376 V.

1345 2405 1390 2430 41.
1420 2392 1515 2437 ἐξιών
1539 2408 1548 2433 :
1566 2395 1632 2434 Ἐκ
1644 2399 1703 2434 τοῦ
1724 2398 1816 2450 ἱεροῦ
1837 2399 2007 2446 δηλονότι.
2025 2408 2065 2439 R.
2085 2410 2125 2439 V.

1345 2463 1390 2489 42.
1416 2451 1464 2503 μὴ
1490 2453 1668 2503 μεθίεσθαί
1692 2455 1728 2505 μ’
1755 2455 1806 2494 ἔτι
1828 2470 1837 2496 :
1872 2457 1924 2496 Τὸ
1946 2459 2090 2510 μεθίημι
2111 2463 2338 2515 ἐνεργητικῶς

1292 2508 1376 2561 πρὸς
1396 2510 1591 2558 αἰτιατικὴν
1612 2513 1853 2552 συντάσσεται·
1873 2518 1920 2559 ὡς
1933 2517 2097 2562 Συνέσιος
2113 2524 2229 2567 [Epist.
2247 2536 2282 2570 4,
2302 2539 2336 2572 p.
2357 2538 2390 2562 4ο

1294 2579 1358 2614 ῐ6ι,
1375 2570 1416 2614 D]
1439 2587 1455 2602 «
1475 2572 1605 2618 μεθῆκε
1621 2571 1660 2609 τὸ
1674 2571 1844 2618 πηδάλιον
1861 2575 1900 2612 ἐκ
1915 2577 1982 2613 τῶν
1998 2579 2137 2629 χειρῶν.
2157 2596 2172 2612 »
2187 2583 2336 2627 παθητι-

1290 2628 1359 2669 κῶς
1381 2626 1416 2664 δὲ
1432 2627 1517 2679 πρὸς
1533 2630 1684 2680 γενικὴν,
1701 2634 1747 2675 ὡς
1762 2633 1921 2672 ἐνταῦθα.
1936 2642 2025 2673 Junt.
2045 2636 2094 2686 μὴ
2110 2638 2336 2687 μεθίστασθαι

1292 2684 1379 2734 μηδὲ
1404 2687 1608 2740 ἀναχωρεῖν.
1631 2696 1671 2726 V.

1342 2756 1389 2782 43.
1420 2745 1548 2782 πείθειν
1572 2760 1580 2785 :
1605 2747 1774 2786 Ἐκεῖνον·
1791 2749 1921 2788 πείθειν
1939 2752 1969 2789 δ’
1988 2753 2115 2791 ἐκεῖνον
2134 2756 2211 2805 ἐμοὶ
2230 2757 2335 2801 ξυνα-

1288 2802 1462 2839 κολουθεῖν
1489 2802 1552 2846 ἕως
1569 2806 1616 2848 εἷς
1640 2806 1697 2843 τὸν
1725 2801 1831 2846 οἷκον.
1852 2816 1917 2847 DV.
1941 2809 2199 2853 ξυνακολουθεῖν
2227 2827 2236 2853 :
2259 2816 2330 2855 Σὺν
2352 2832 2385 2856 45

1290 2859 1385 2911 αὐτῷ
1405 2859 1624 2913 πορεύεσθαι.
1651 2871 1751 2905 Cant.
1775 2878 1801 2902 2.
1822 2875 1827 2882 '

1340 2928 1386 2953 44.
1415 2919 1464 2967 τῷ
1479 2917 1643 2962 ξυναντὰς
1667 2933 1676 2958 :
1701 2922 1826 2974 Τούτῳ
1843 2923 2058 2968 συναντίσας.
2091 2934 2154 2965 Dv.

1288 2973 1378 3012 Τίνι.
1395 2982 1437 3012 Ε.

1339 3045 1385 3070 45.
1416 3034 1453 3070 οὐ
1472 3032 1583 3079 ξυνίης
1601 3047 1609 3072 :
1626 3036 1680 3073 Οὐ
1700 3036 1797 3079 νοεῖς.
1814 3043 1851 3073 R.
1869 3039 1906 3075 οὐ
1926 3039 2116 3088 γινώσκεις.
2130 3050 2169 3079 V.

1338 3089 1401 3136 τὴν
1421 3090 1572 3129 ἐπίνοιαν
1595 3105 1603 3130 :
1636 3093 1700 3142 (Τὸ
1724 3093 1900 3146 αἴνιγμα,)
1927 3095 1990 3142 τὴν
2019 3098 2160 3149 γνώμην
2187 3103 2246 3140 καὶ
2265 3104 2328 3150 ’τὴν
2349 3119 2382 3143 50

1286 3147 1444 3194 κληδόνα.
1467 3157 1505 3186 R.
1523 3157 1561 3188 V.

1337 3219 1383 3245 46.
1415 3207 1599 3245 σκαιότατε
1619 3221 1628 3246 :
1649 3208 1844 3249 ἀπαίδευτε.
1867 3219 1898 3248 V.
1913 3220 1951 3250 Θ.
1972 3221 2034 3253 Br.

1337 3276 1382 3302 47.
1413 3264 1470 3302 τὸν
1489 3265 1672 3317 ἐπιχώριον
1687 3267 1812 3318 τρόπον
1832 3281 1840 3307 :
1858 3267 1934 3316 Τὴν
1951 3273 2135 3325 ἐπιχώριον
2150 3276 2323 3315 πολιτείαν

1843 3328 1878 3366 δὲ

2378 791 2409 814 lo

2375 1084 2405 1107 15

2366 1673 2399 1696 εξ.

2364 1962 2398 1985 30

2250 2932 2329 2982 τῷ;

1910 3330 2021 3368 αὐτῶν
2046 3332 2120 3377 ἦτοι
2138 3336 2198 3379 τῆς
2223 3337 2323 3373 πολι-
