2533 3808
211 202 285 235 294

258 293 310 318 615
351 294 403 316 σοι
424 291 433 318 ;

206 337 267 381 νές.
287 344 324 375 R.
336 344 374 374 V.

257 406 321 432 616.
355 391 518 443 βασάνιζε
532 389 600 441 γὰρ
624 390 682 428 τὸν
701 390 811 427 παῖδα
831 403 840 428 :
860 388 1009 439 Λέγεται
1040 385 1234 439 βασανίζειν

460 278 569 330 Χάριν
588 292 661 314 σου.
686 283 720 314 0.
737 277 890 326 γενναῖον
916 287 925 312 :
945 272 1035 314 Ἀντὶ
1054 275 1113 310 τοῦ
1133 274 1233 323 εὖγε-

206 450 265 489 καὶ
291 449 329 487 τὸ
352 448 457 500 χωρὶς
483 448 627 498 πληγῶν
653 446 862 499 ἀνακρίνειν,
892 445 961 483 ἀπὸ
991 448 1051 492 τῆς
1079 443 1232 496 βασάνου
1271 468 1273 471 .

172 522 188 545 5
206 507 312 546 λίθου.
329 528 382 535 -—
399 506 456 543 τὸν
474 504 649 543 Διόνυσον.
664 512 706 541 V.

256 577 322 602 618.
351 564 385 600 ἐν
402 561 547 612 κλίμακι
569 561 675 608 δήσας
696 574 705 601 :
722 560 775 600 T6
794 562 831 599 ἐν
848 560 933 609 πρὸς
952 559 991 598 τὸ
1012 559 1135 606 δήσας,
1159 558 1235 596 ἀντὶ

152 617 157 620 ’
206 625 264 659 τοῦ
280 619 423 666 ἐνδήσας
439 618 594 669 κλίμακι.
669 618 744 656 ἀντὶ
766 622 825 657 τοῦ
836 649 846 666 ,
864 620 909 661 εἷς
928 617 1085 668 κλίμακα
1106 616 1236 666 δήσας,

205 683 250 722 ὡς
267 676 429 729 ”Ομηρος
448 682 500 723 [11.
518 686 560 724 A,
578 682 642 724 593]
664 695 679 711 «
699 676 878 714 κάππεσον
896 678 929 714 ἐν
958 675 1106 727 Λήμνῳ.
1127 691 1142 708 »
1161 673 1237 711 ἀντὶ

205 740 265 774 τοῦ
281 737 327 779 εἷς
345 734 407 782 τὴν
421 737 574 784 Λῆμνον.

157 812 190 837 10
259 806 322 832 619.
353 792 523 845 ὑστριχίδι
541 806 550 831 :
570 792 635 831 Ἐκ
661 790 828 844 δέρματος
852 791 926 842 μετ’
946 792 1058 828 αὐτῶν
1078 792 1146 827 τῶν
1161 804 1237 841 τρι-

205 853 278 903 χῶν
298 849 437 902 μάστιξ.
459 857 497 887 R.
515 857 556 887 V.
573 849 607 894 ἐξ
622 849 721 887 ὑείων
738 851 866 901 τριχῶν
884 847 1039 899 μάστιγι.
1061 855 1120 885 Br.

258 921 322 946 621.
351 906 458 950 ὀπτὰς
476 906 647 950 πλίνθους.
667 915 706 944 V.
723 906 813 953 πλὴν
831 906 956 959 πράσῳ
976 905 1023 956 μὴ
1044 905 1150 943 τύπτε
1166 907 1240 941 τοῦ·

206 982 264 1004 τον
286 980 295 1005 :
318 964 419 1004 Ἐπεὶ
446 966 477 1003 οἱ
496 964 665 1017 ἐλεύθεροι
694 964 760 1017 πρὸ
778 965 899 1003 τούτου
919 964 1066 1016 πράσοις
1087 961 1239 1015 ἐδέροντο

207 1023 268 1061 καὶ
285 1022 470 1075 σκορόδοις.
491 1022 579 1074 (τὸ
561 1022 596 1060 οὲ
616 1038 641 1074 χ
658 1022 743 1075 πρὸς
761 1022 800 1060 τὸ
820 1022 892 1066 ἔθος
907 1026 968 1060 τοῦ
984 1022 1135 1059 τύπτειν.
1154 1022 1184 1058 οἱ
1204 1020 1239 1057 δὲ

157 1092 190 1120 15
209 1080 261 1118 ὅτι
285 1079 462 1141 διώρισται
491 1079 531 1118 τὸ
553 1080 686 1132 πράσον
713 1079 781 1117 ἀπὸ
809 1083 868 1117 τοῦ
890 1079 1041 1130 γητείου.
1067 1078 1154 1121 τινὲς
1150 1077 1240 1149 ...γὰρ

207 1138 336 1177 οἴονται
355 1142 442 1176 εἰναι
457 1137 497 1176 τὸ
512 1141 570 1175 τοῦ
587 1137 723 1190 πράσου
740 1137 878 1190 φύλλον.
897 1138 1038 1175 δύναται
1052 1137 1113 1187 μὲν
1132 1140 1189 1174 οὖν
1207 1137 1241 1173 ἐν

206 1196 283 1242 ἤθει
301 1195 346 1233 τὰ
372 1195 479 1239 ὄντως
508 1194 650 1247 χαλεπὰ
677 1195 852 1248 προσθεις,
873 1194 1060 1247 ἐπιφέρειν
1080 1192 1171 1239 πλὴν
1193 1192 1241 1243 μὴ
1266 1215 1268 1217 >

208 1253 340 1297 τούτοις
355 1253 458 1292 αὐτὸν
477 1252 602 1300 τύπτε,
620 1252 709 1305 ἅπερ
729 1254 821 1290 ἐστὶν
841 1251 1075 1305 ἐλαφρότατα.
1101 1250 1243 1289 δύναται

210 1310 246 1349 δὲ
273 1311 333 1350 καὶ
362 1310 535 1364 ἄντικρυς·
568 1310 732 1363 βασάνιζε
762 1313 950 1362 πανταχῶς
982 1309 1097 1355 αὐτὸν,
1133 1307 1181 1358 μὴ
1208 1310 1243 1345 ἐν

157 1384 192 1409 20
210 1370 351 1422 παιδιᾷ,
372 1367 460 1420 μηδὲ
479 1371 526 1412 ὡς
549 1367 625 1411 τοὺς
642 1367 837 1419 ἐλευθέρους
857 1369 984 1410 παῖδας
998 1369 1048 1419 τῷ
1072 1365 1245 1412 ἐκκαυλή-

211 1442 296 1478 ματι
315 1430 375 1464 τοῦ
394 1426 532 1480 πράσου
549 1425 734 1463 τύπτουσιν
755 1426 778 1471 ἢ
797 1429 857 1463 τοῦ
876 1425 1043 1477 γητείου.)

263 1497 326 1523 623.
355 1483 420 1522 κᾶν
453 1500 486 1521 τι
504 1482 706 1535 πηρώσω·
697 1483 813 1523 .Ἔὰν
832 1484 956 1536 βλάψω
979 1483 1081 1536 μέρος
1096 1486 1156 1521 τοῦ
1177 1482 1245 1520 σώ-

218 1556 319 1585 ιατος
338 1544 398 1578 τοῦ
418 1539 557 1578 παιδίου
576 1540 731 1590 τύπτων,
727 1540 825 1613 ..τὴν
830 1540 934 1592 τιμὴν
950 1540 1059 1594 λήψῃ.

263 1613 327 1639 625.
359 1598 419 1669 pchm
424 1599 499 1644 δῆτ’
525 1597 674 1671 ἔμοιγεε
696 1602 781 1638 Οῖον
803 1599 884 1637 ἄνευ
906 1602 1026 1650 τιμῆς,
1045 1598 1140 1637 οὐδὲν
1158 1598 1246 1637 θέλω

159 1672 192 1696 25
212 1658 298 1710 υπὲρ
318 1658 432 1694 αὐτοῦ.
450 1654 556 1708 [τινὲς
582 1655 639 1703 δε,
659 1655 708 1706 μὴ
732 1657 835 1703 δῆτ”
820 1657 882 1707 εμέ
903 1673 960 1708 γε,
985 1662 1104 1695 τοῦτον
1128 1656 1163 1694 δὲ
1183 1660 1247 1708 βα-

211 1715 319 1760 σάνιζ’
339 1714 545 1765 ἀπαγαγών.
566 1714 670 1752 αὐτὸν
687 1714 749 1765 μὲν
767 1719 838 1754 οὖν.
862 1719 949 1753 εἶναι
968 1714 1004 1752 δὲ
1020 1715 1080 1752 καὶ
1095 1714 1172 1752 ὅλον
1188 1719 1247 1753 τοῦ

211 1771 395 1823 Ξανθίου.]ἱ
415 1794 467 1800 -
495 1771 544 1821 μὴ
571 1772 643 1818 δῆτ’
676 1771 796 1824 ἔμοιγε
823 1772 992 1824 πηρώσῃς
1023 1773 1138 1819 αὐτὸν,
1172 1773 1248 1811 ἀλλ’

212 1828 407 1881 ἀπαγαγὼν
427 1829 542 1876 αὐτὸν,
556 1828 662 1872 οὕτως
677 1832 722 1872 ὡς
737 1829 822 1882 ἔφην
844 1830 1018 1882 βασάνιζε.
1040 1837 1082 1867 Ε.

483 1885 750 1902 ιιιιιι

162 1965 198 1989 30
269 1958 334 1984 627.
360 1943 513 1982 κατάθου
530 1956 540 1983 t

214 2002 331 2041 τάθου.

268 2075 334 2100 628.
363 2060 472 2111 μηδὲν
497 2061 649 2112 ψεῦδοςῑ
674 2060 719 2099 Ὁ
744 2061 811 2114 γὰρ
832 2061 934 2105 τόπος
954 2064 992 2100 06
1014 2062 1152 2114 δέχεται
1168 2064 1251 2114 ψεῦ-

217 2121 289 2166 δος,
309 2117 395 2156 ὅπου
415 2124 513 2157 πᾶσα
532 2117 655 2170 κρίσις.
685 2118 725 2169 τὸ
746 2117 782 2156 δὲ
811 2119 969 2173 ἀγορεύω
995 2123 1029 2159 ἐν
1048 2123 1133 2173 ὀργῇ
1153 2120 1252 2158 λέλε-

216 2192 307 2214 κται.

166 2262 200 2287 :35
271 2247 334 2273 632.
362 2233 460 2272 ταῦτ’
480 2233 644 2277 ἀκούεις·
634 2264 643 2273 .
674 2233 718 2273 Ὁ
745 2233 841 2287 παρὰ
858 2238 916 2273 τοῦ
934 2235 1139 2280 Πλούτωνος
1154 2235 1255 2274 τοῦτό

219 2308 303 2346 φησι
321 2294 373 2345 τῷ
389 2291 535 2344 Ξανθία.
556 2291 633 2329 ἀντὶ
650 2295 729 2337 τοῦ,
749 2292 854 2335 ὅντως
871 2287 902 2330 εἶ
919 2293 1050 2337 δοῦλος.

272 2363 336 2389 636.
366 2350 404 2386 06
420 2349 480 2387 καὶ
496 2349 537 2387 σὺ
554 2348 676 2387 τύπτει
700 2364 709 2389 ε
727 2349 779 2388 Τὸ
794 2349 915 2387 τύπτει
930 2350 1084 2403 δεύτερον
1104 2350 1250 2404 πρόσω-

219 2423 297 2454 πον,
318 2407 492 2449 Ἀττικῶς.
513 2427 556 2433 —
582 2408 616 2458 [6
636 2405 798 2451 Διόνυσος
822 2408 908 2460 πρὸς
926 2408 982 2446 τὸν
1009 2408 1214 2460 Ξανθίαν]ε
1201 2409 1253 2447 ότι

221 2464 401 2524 (Ηρακλέα
418 2479 543 2502 σαυτον
557 2465 679 2517 λέγεις.
695 2475 734 2504 R.
747 2474 786 2503 V.
813 2466 900 2509 τινές
920 2481 1003 2519 φασι
1024 2470 1084 2503 τοῦ
1104 2466 1256 2505 Ξανθίου

168 2550 204 2575 40
222 2522 299 2560 ὅλον
320 2525 417 2559 εἶναι.
436 2520 534 2571 (τινὲς
550 2522 604 2568 δὲ,
620 2527 680 2560 τοῦ
701 2523 868 2562 Διονύσου
887 2524 971 2575 πρὸς
988 2523 1048 2561 τὸν
1069 2523 1255 2575 Ξανθίαν.)

224 2579 316 2632 [θεὸς
335 2577 404 2630 γὰρ
418 2581 436 2615 6
452 2578 650 2630 ςΗροικλῆς,
666 2579 703 2617 δν
720 2583 738 2618 6
758 2580 945 2623 Ξανθίας’
931 2587 1102 2630 εμιμεῖτο.
1106 2580 1125 2631 Ἦ

276 2649 340 2675 638.
370 2634 393 2681 ἢ
406 2635 672 2687 προτιμήσαντά
683 2653 717 2674 τι
735 2651 743 2676 :
764 2637 1007 2689 Φροντίσαντα
1020 2640 1088 2675 τῶν
1101 2639 1257 2687 πληγῶν,

224 2695 396 2737 Ἀττικῶς.
414 2691 438 2739 ἢ
465 2693 738 2746 ἐπιστραφέντα,
753 2699 813 2733 τοῦ
831 2695 1001 2746 δακρῦσαι
1017 2694 1039 2741 ἢ
1058 2694 1259 2744 ἀποιμῶξαι

226 2752 338 2791 ἕνεκα.
359 2773 411 2779 —-
430 2750 695 2802 προτιμήσαντά
727 2766 736 2791 :
765 2752 1029 2804 Φροντίσαντα,
1055 2751 1079 2797 ἢ
1101 2751 1259 2798 αἴσθησιν

173 2837 207 2863 45
225 2809 391 2848 λαόόντα.
412 2816 471 2846 Br.

279 2865 374 2915 [644].
403 2864 692 2917 παρακινήσαντα
715 2880 724 2906 :
749 2866 963 2913 Κινηθέντα,
981 2867 1004 2913 ἢ
1034 2865 1260 2913 σαλευθέντα,

231 2921 459 2975 (ἐκτραπέντα
480 2926 540 2960 τοῦ
557 2925 820 2972 καθεστηκότος.
837 2924 860 2971 ἢ
882 2924 1106 2962 αἷσθανθέντα
1119 2953 1128 2970 ,
1148 2923 1260 2976 παρό-

230 2995 288 3017 σον
317 2982 336 3017 6
361 2979 604 3031 αἷσθανόμενος
625 2982 793 3034 μάστιγος
819 2983 989 3033 κινεῖται.)
1023 3005 1067 3011 --
1096 2982 1264 3029 ἀποκινή-

231 3037 326 3074 σαντ’
344 3051 352 3076 :
373 3037 617 3090 Ἐκτραπέντα
634 3044 694 3077 τοῦ
711 3039 974 3087 καθεστηκότος.
994 3047 1036 3078 Ε.

285 3106 351 3132 645.
381 3093 448 3140 ἤδη
467 3094 616 3140 ’πάταξά
633 3097 664 3134 σ’
683 3111 691 3136 :
710 3098 863 3136 Πιθανὸν
882 3097 939 3136 τὸν
957 3097 1111 3135 Ξανθίαν
1127 3098 1263 3149 πρῶτον

233 3150 432 3189 τύπτεσθαι.
454 3151 555 3201 (οὕτω
573 3153 639 3206 γὰρ
655 3155 717 3192 καὶ
737 3155 776 3193 τὸ
802 3174 816 3189 «
840 3157 878 3194 06
903 3155 952 3206 μὰ
974 3155 1027 3193 Δί’
1054 3154 1130 3192 ἀλλ’
1152 3154 1265 3206 ἐφρόν-

235 3223 337 3254 τισα,
361 3206 455 3245 ὁπόθ’
485 3208 677 3261 ‘Hpobdxt-:tot
705 3214 767 3249 τᾶν
804 3212 1035 3263 Διομείοις.»
1068 3211 1155 3253 τινὲς
1186 3210 1265 3261 [μὲν

235 3265 287 3303 ὅτι
322 3237 505 3316 Ξανθίας]
535 3268 582 3309 εἷς
618 3269 720 3306 αὐτὸν
756 3269 856 3323 [γαρ]
891 3268 1090 3318 ἐλεύσεται,
1127 3268 1188 3305 ἅτε
1225 3267 1265 3313 δὴ

235 3321 411 3375 Ἡρακλέα
432 3322 515 3366 τέως
530 3324 623 3363 ὄντα.
639 3326 726 3370 τινὲς
742 3327 795 3374 δὲ,
813 3327 865 3365 ὅτι
877 3327 1050 3370 Διόνυσος.
1068 3325 1140 3378 ἔχει
1156 3323 1192 3363 δὲ
1205 3325 1264 3363 καὶ

562 1944 728 1982 Ἀπειλῶν
755 1947 804 1997 τῷ
825 1945 980 1998 Διονύσῳ
1004 1946 1097 1997 λέγει
1121 1946 1162 1984 τὸ
1189 1961 1251 1984 κα-

967 188 1223 227 SCHOLIA
1259 189 1318 226 ΙΝ
1357 189 1560 228 RANAS.

1291 275 1392 310 τοῦτο
1420 274 1534 323 λόγον,
1553 273 1605 311 ὅτι
1636 274 1795 326 θεράπων
1823 277 1882 312 νῦν
1910 277 2001 313 ἐστιν
2021 276 2039 312 6
2064 273 2229 317 Διόνυσος
2259 273 2320 320 καὶ

1292 332 1428 380 πρῶτος
1451 330 1644 381 τύπτεται.)
1672 337 1912 383 προσποιεῖται
1938 335 2019 382 γοῦν
2052 332 2084 383 (6
2115 331 2237 383 ἕτερος)
2256 326 2320 383 ’μὴ

1294 386 1532 433 αἰσθάνεσθαι,
1546 387 1670 438 λέγων,
1687 389 1757 425 οὐδ’
1777 388 1853 438 ἐμοὶ
1873 390 1992 432 δοκεῖς.

1346 457 1410 481 646.
1437 443 1569 489 πηνίκα
1601 457 1610 483 :
1642 444 1706 488 Ως
1735 445 1784 495 μὴ
1812 445 2055 496 αἰσθανόμενος
2082 445 2142 484 καὶ
2178 444 2277 489 αὐτὸς
2304 446 2322 482 6

1294 500 1454 544 Διόνυσος
1469 501 1581 553 λέγει·
1601 501 1685 540 πότε
1703 518 1746 552 με
1763 502 1900 554 ἔτυψ.ας
2341 516 2358 541 5
2385 510 2388 514 ’

1347 573 1411 598 647.
1440 563 1531 612 κᾷτα
1554 575 1627 603 πως
1652 561 1715 597 οὐκ
1738 560 1917 612 ἔπταρον;
1936 563 2013 600 Οὐκ
2036 562 2205 613 τσθόμην.
2226 560 2325 612 ὁγὰρ

1294 616 1453 667 πταρμὸς
1472 619 1626 669 κεφαλῆς
1656 617 1789 663 κίνησις
1811 620 1871 654 καὶ
1892 618 2060 664 αἴσθησις.
2080 617 2102 663 ἢ
2130 618 2204 656 ἐπει
2225 620 2255 655 οι
2275 621 2326 655 θι-

1296 674 1422 746 γόντες
1438 679 1497 712 τοῦ
1531 677 1702 726 μυκτῆρος
1734 676 1852 727 λεπτῷ
1889 675 2014 727 κάρφει
2041 675 2272 728 πτάρνυνται,
2303 674 2326 720 ἢ

1297 732 1539 784 ὀσφραίνονται
1556 748 1700 785 προσενε
1703 731 1850 804 γκόντες.
1868 731 1976 779 οὕτω,
1996 747 2111 784 φησιν,
2129 732 2243 785 ηψατό
2263 747 2330 783 μου

1297 792 1319 835 ἡ
1339 789 1457 840 πληγὴ
1471 819 1480 835 ‚
1497 789 1534 828 ὃν
1552 790 1677 841 τρόπον
1696 789 1842 827 ἅπτεται
1862 789 1990 842 κάρφος
2007 793 2192 841 μυκτῆρος.
2308 835 2313 839 ,
2349 802 2381 826 ιο

1350 860 1412 884 649.
1441 846 1561 884 οὔκουν
1582 847 1750 890 ἀνύσεις;
1779 848 1832 886 06
1852 847 2022 890 σπεύσεις·
2046 846 2144 889 αὐτὸς
2163 848 2181 883 6
2205 861 2332 896 μαστμ-

1298 905 1461 956 γούμενος
1478 905 1683 943 ἐπικελεύων
1703 921 1753 957 τῳ
1766 904 1942 944 τύπτοντι.

1351 976 1413 1000 651.
1440 964 1504 1000 τάν
1519 962 1689 1012 Διομείοις
1709 976 1717 1001 :
1735 966 1853 1013 Δῆμος
1868 966 1929 1008 τῆς
1945 962 2107 1013 Αἰγηίδος
2124 963 2248 1014 φυλῆς,
2263 959 2334 998 ἀπὸ

1300 1021 1429 1070 Διόμου
1444 1020 1651 1072 (ἐρωμένου)
1669 1024 1728 1058 τοῦ
1746 1019 1970 1072 Ἡρακλέους.
1987 1017 2065 1057 ἔστῗ
2077 1018 2112 1057 δὲ
2128 1017 2334 1071 <Ηράκλειον

1302 1077 1429 1116 αὐτόθι.
1461 1079 1540 1131 περὶ
1567 1072 1606 1116 οῧ
1634 1078 1693 1115 καὶ
1712 1077 1849 1121 Ῥιανός
1882 1093 1966 1130 φησι
1989 1078 2116 1123 δηλῶν,
2135 1076 2188 1114 ὅτι
2208 1073 2335 1124 Δίομος
2357 1090 2385 1114 ιε

1302 1135 1482 1187 ἹΙρακλῆς
1501 1135 1644 1186 ἐγένετο.
1662 1159 1713 1164 -
1729 1139 1828 1173 τοῦτο
1844 1137 1889 1178 ὡς
1909 1135 2064 1185 ἀλγήσας
2084 1135 2181 1187 φησί.
2202 1143 2242 1172 Β.

1355 1206 1418 1232 652.
1447 1193 1503 1231 ἐπὶ
1521 1193 1579 1231 τὸν
1611 1192 1745 1245 ἕτερον,
1773 1192 1830 1230 ἵνα
1850 1192 1941 1245 τύψῃ
1959 1193 2073 1231 αὐτόν.
2096 1206 2132 1236 R,
2162 1193 2337 1246 ἅνθρωπος

1302 1250 1390 1303 ἱερός
1412 1265 1421 1289 t
1442 1251 1664 1302 Ἀποδέχεται
1687 1250 1788 1288 αὐτὸν
1812 1254 1829 1288 6
1845 1249 1985 1288 τύπτων
2006 1253 2051 1293 ὡς
2073 1250 2254 1303 δερόμενον
2278 1252 2338 1289 καὶ

1308 1309 1528 1361 φροντίζοντα
1547 1312 1615 1346 τῶν
1642 1308 1889 1361 μυστηρίων.[[
1912 1309 2122 1359 τυπτόμενος
2153 1308 2221 1362 γὰρ
2247 1310 2340 1353 θείας

1304 1369 1445 1413 τελετῆς
1462 1366 1648 1417 μέμνηται.
1663 1366 1683 1418 Ῑ]
2357 1385 2393 1411 20

1357 1438 1419 1463 653.
1450 1424 1487 1462 τὸ
1521 1424 1571 1462 ἰοὺ
1599 1424 1650 1462 ἰού
1679 1426 1725 1467 ὡς
1741 1423 1940 1473 αἰσθόμενος
1956 1426 1974 1461 6
1998 1423 2162 1467 Διόνυσος
2177 1424 2282 1476 λέγει.
2300 1433 2326 1463 R

1304 1481 1433 1525 ἱππέας
1455 1484 1523 1533 ὁρῶ
1543 1495 1552 1519 :
1574 1481 1638 1524 (Ως
1654 1481 1837 1531 θαυμάζων
1857 1480 1989 1519 ἱππέων
2002 1481 2135 1534 ἔφοδον.
2154 1482 2343 1535 προφάσεις

1306 1538 1341 1576 δὲ
1358 1538 1589 1591 ἐξευρίσκουσι
1609 1538 1763 1590 γελοίως.

1359 1610 1422 1635 654.
1451 1596 1639 1647 κρομμύων
1659 1596 1890 1649 ὀσφραίνομαι
1911 1609 1920 1635 2
1937 1598 2051 1635 Τοῦτο
2063 1595 2130 1648 γὰρ
2142 1595 2344 1646 συμὸαίνει,

1306 1654 1346 1692 τὸ
1366 1653 1560 1706 δακρύειν’
1542 1654 1728 1702 ακουσίως,
1750 1657 1820 1697 τοῖς
1836 1653 2115 1705 ὀσφραινομένοις
2139 1653 2341 1706 κρομμύων.
2361 1675 2397 1700 25

1307 1735 1353 1739 -
1368 1716 1477 1750 ταῦτα
1497 1728 1564 1764 γαρ
1582 1728 1776 1764 παρεκτικα
1796 1711 1964 1763 δακρύων.
1981 1713 2028 1750 Θ.

1361 1783 1423 1807 655.
1456 1769 1592 1819 (ἔπειτα
1628 1776 1801 1822 προτιμᾷς
1831 1768 1927 1807 οὐδέν
1958 1783 1967 1808 2
2002 1768 2074 1807 Καὶ
2108 1771 2166 1805 νῦν
2189 1772 2257 1806 οἱον
2283 1770 2346 1806 οὒκ

1309 1826 1510 1879 ἐπιστρέφῃ.
1530 1826 1672 1864 δύναται
1689 1827 1724 1864 δὲ
1743 1827 1783 1864 τὸ
1800 1826 1884 1864 αὐτὸ
1902 1825 2088 1878 πρόσωπον
2108 1825 2219 1875 λέγειν
2233 1825 2344 1876 ὅλον.)

1362 1897 1427 1922 657.
1456 1883 1518 1930 τὴν
1537 1884 1690 1921 ἄκανθαν
1707 1883 1797 1928 ἔξελε
1812 1896 1820 1921 :
1840 1883 1882 1921 ‘O
1900 1883 2052 1926 Ξανθίας
2070 1882 2227 1933 ἀλγήσας
2239 1882 2344 1934 λέγει.

1310 1950 1347 1979 R.
1369 1942 1500 1995 ἐπάρας
1520 1942 1594 1992 (τὸν
1613 1942 1724 1992 πόδα)
1742 1941 1804 1987 τὴν
1823 1941 1971 1992 πτέρναν
1993 1940 2154 1978 δείκνυσι.
2365 1963 2401 1989 30

1363 2013 1425 2038 658.
1454 1999 1487 2037 τί
1502 1999 1541 2037 τὸ
1558 2005 1705 2051 πρᾶγμα
1719 1998 1813 2037 τουτί
1831 2011 1839 2036 ;
1859 1998 1923 2041 εΩς
1939 1997 2128 2050 δυσκρίτως
2145 1996 2234 2049 ἔχων
2247 2001 2348 2036 τοῦτο

1311 2056 1404 2108 λέγει
1424 2060 1442 2094 6
1459 2056 1601 2099 Αἰακός.

1365 2129 1429 2154 659.
1461 2114 1667 2164 (Ἄπολλον,
1681 2113 1717 2157 ὃς
1727 2129 1793 2151 που
1819 2112 1955 2166 ῑᾌδειν
1972 2114 2213 2165 προσποιεῖται
2232 2112 2345 2155 αἰσθό-

1314 2187 1413 2222 μενος
1431 2175 1449 2210 6
1469 2171 1642 2214 Διόνυσος.
1663 2172 1693 2209 οἱ
1712 2170 1780 2223 γὰρ
1800 2172 1982 2221 ἀλγοῦντες
2002 2169 2080 2213 τοὺς
2098 2168 2191 2213 θεοὺς
2213 2171 2350 2207 ἀνακα-

1313 2230 1490 2279 λοῦνται.)

1366 2301 1428 2326 661.
1459 2286 1604 2338 (ἴαμέον
1637 2285 1875 2329 Ἱππώνακτος
1892 2299 1900 2324 :
1923 2284 1985 2328 Ὡς
2007 2284 2163 2335 ἀλγήσας
2181 2283 2243 2322 καὶ
2263 2298 2352 2334 συγ·
2369 2256 2404 2282 35

1314 2345 1502 2397 κεχυμένος
1518 2346 1581 2382 οὐκ
1611 2338 1681 2382 οἶδε
1705 2343 1739 2381 τί
1768 2343 1872 2395 λέγει·
1902 2343 1977 2380 ἐπεὶ
2003 2344 2069 2394 οὐχ
2090 2341 2350 2389 Ἱππώνακτος,

1315 2404 1391 2441 ἀλλ’
1406 2402 1569 2441 Ἀνανίου.
1587 2401 1741 2454 ἐπιφέρει
1758 2401 1793 2439 δὲ
1809 2404 1826 2438 6
1842 2400 1998 2444 Ἀνανίας
2016 2401 2110 2451 αὐτῷ

1458 2507 1478 2543 ἢ
1494 2505 1606 2542 Νάξον,
1620 2505 1639 2542 ἥ
1653 2505 1801 2542 Μίλητον,
1816 2506 1835 2542 ἢ
1850 2503 1932 2534 θείαν
1945 2503 2067 2544 Κλάρον

1458 2552 1528 2582 ἵκου
1544 2552 1611 2582 καθ’
1623 2552 1690 2592 ἱέρ’,
1734 2551 1850 2585 Σκύθας
1863 2549 2002 2589 ἀφίξεαι.)
2372 2567 2408 2593 4⁰

1369 2647 1432 2673 662.
1462 2634 1523 2678 τὰς
1555 2634 1704 2685 λαγόνας
1737 2633 1857 2671 σπόδει
1880 2646 1889 2670 2
1923 2632 2089 2683 Κάθαιρε.
2119 2632 2256 2669 σποδεῖν
2287 2630 2355 2684 γὰρ

1318 2691 1442 2743 κυρίως
1454 2691 1493 2729 τὸ
1510 2708 1588 2735 τους
1610 2690 1748 2742 βωμούς
1766 2689 1953 2741 καθαίρειν.

1371 2763 1434 2788 664.
1463 2752 1481 2786 6
1504 2749 1616 2801 ἕτερος
1635 2765 1704 2786 των
1720 2746 1944 2797 τυπτομένων
1966 2745 2069 2797 λέγει.
2088 2753 2125 2783 R.

1372 2821 1434 2845 665.
1467 2806 1523 2856 (ὃς
1544 2805 1690 2855 Αἰγαίου
1710 2808 1848 2857 πρῶνας
1869 2817 1877 2842 2
1900 2803 2004 2855 Παρὰ
2023 2803 2068 2841 τὰ
2085 2803 2302 2855 Σοφοκλέους
2319 2806 2358 2842 ἐκ

1321 2863 1542 2906 Λαοκόωντος
1559 2882 1572 2896 «
1599 2862 1780 2908 Πόσειδον,
1803 2862 1837 2904 ὃς
1856 2861 2001 2911 Αἰγαίου
2024 2860 2137 2911 μέδεις
2155 2863 2312 2912 πρῶνας,
2332 2860 2354 2906 ἢ
2374 2886 2409 2911 4³

1321 2940 1337 2955 κ
1357 2922 1509 2971 γλαυκᾶς
1526 2921 1637 2970 μέδεις
1651 2919 1817 2969 εὖανέμου
1832 2918 1975 2969 λίμνας,
1993 2918 2044 2971 ἐφ’
2066 2920 2214 2970 ὑψηλαῖς
2232 2918 2358 2956 σπιλά-

1324 2995 1339 3010 ¹‹
1361 2980 1456 3016 δεσσι
1472 2978 1667 3028 στομάτων.
1686 2978 1721 3027 ν)

1376 3049 1440 3076 668.
1469 3037 1656 3089 ἀμφότεροι
1672 3037 1738 3090 γὰρ
1752 3037 1990 3083 ὠδυνήθησαν.
2011 3044 2049 3074 R.
2069 3044 2109 3074 V.

1378 3108 1442 3133 670.
1472 3095 1618 3151 ὃἍδης.
1641 3103 1678 3132 R.
1703 3098 1720 3132 6
1737 3097 1798 3137 ΙΙ)
1800 3095 1920 3135 ούτων.
1930 3098 1994 3136 »Θ.
2022 3094 2079 3133 τὸν
2101 3093 2175 3134 θεὸν
2193 3093 2233 3139 «ἐξ
2243 3096 2355 3144 ὑμῶν.

1324 3152 1362 3183 R·
1375 3154 1415 3184 V.
2355 3158 2392 3184 50

1376 3216 1438 3241 675.
1469 3202 1617 3254 [Μοῦσα
1645 3204 1757 3254 χορῶν
1784 3203 1911 3253 ιερῶν;
1944 3203 2131 3240 Κάνταῦθα
2157 3198 2356 3253 παράὸασίς

1324 3262 1428 3308 ἔστιν,
1442 3260 1518 3297 ἀλλ’
1533 3261 1594 3297 οὐκ
1607 3260 1679 3311 ἔχει
1693 3259 1807 3297 πάντα
1826 3259 1913 3310 μέρη
1927 3262 1987 3305 τῆς
2001 3258 2251 3310 παραὸάσεως,
2265 3255 2356 3294 ἀλλὰ

1327 3318 1414 3367 μόνα
1430 3317 1473 3355 τὰ
1489 3317 1639 3370 τέσσαρα
1652 3346 1664 3368 ,
1686 3316 1749 3364 τὴν
1765 3317 1869 3369 ᾠδὴν,
1891 3317 1930 3354 τὸ
1952 3317 2149 3369 ἐπίρρημα,
2168 3315 2230 3362 τῆν
2246 3317 2355 3367 ἀντῳ-
