2533 3808
263 201 336 232 420

262 275 492 329 grmnmatici
516 272 588 322 (vel
605 267 844 315 calculoxiesſj
860 275 894 301 et
909 267 1027 312 'loppa
1045 270 1263 325 vocant-no-

265 348 337 373 tam
358 336 406 382 C.
431 336 525 369 Nam
548 329 679 364 melius
699 340 747 362 ex
762 324 886 361 Suidae
904 321 1095 358 codicibus
1110 328 1263 369 optlmls

263 395 416 441 legetur,
436 388 512 424 καλ.
530 385 648 422 κόππα
667 382 705 419 τὸ
724 383 774 430 Cf.
792 384 880 418 Haec
897 381 973 416 fere
992 378 1208 416 Diibnerus.
1226 404 1265 410 -

263 451 309 492 45
324 446 380 484 καὶ
395 443 583 486 κολάζοντα
600 445 659 486 V.‚
677 453 750 476 om.
768 438 871 475 Suid.
884 468 923 474 ...
942 438 989 480 46
1002 437 1053 472 εἰς,
1074 434 1173 471 Suid.
1195 437 1266 469 Le-

261 505 417 554 gebatur
450 499 544 537 οὐδὲν
563 499 678 539 ὄντως.
696 528 737 534 ..
752 498 788 533 οὐ
805 495 870 547 γὰρ
887 495 966 531 Ald.
981 503 1029 537 et,
1047 501 1088 529 ut
1105 491 1266 534 videtur,

260 567 304 600 V.
326 590 367 598 ...
386 566 434 608 49
462 552 500 594 οἷ
515 555 779 601 τελευτήσαντος
805 556 848 591 G.
869 555 914 590 Θ.
933 581 973 587 ...
991 552 1038 586 50
1059 549 1265 601 βουκέφαλον

262 623 269 656 :⁰
283 649 322 656 ...
337 618 420 655 άλου
438 613 535 664 Ald.)
556 612 808 663 Ἀλεξάνδρειαν
828 610 924 655 Ald.‚
941 608 1045 646 Suid.

267 665 271 668 δ
315 681 375 718 24,
393 675 440 710 53
457 671 531 709 ἀντὶ
542 674 601 708 τοῦ
617 675 659 707 R.
678 683 749 719 pro
766 666 848 719 φησὶ
858 665 996 709 δέ..-54
1013 663 1166 706 πατάξας
1182 663 1267 700 Ald.

260 738 332 771 Pro
352 733 377 768 l.
397 731 508 774 52-54
523 729 588 766 Θ.ε
605 726 789 778 ἀφῃρέθην.
803 724 897 776 παρὰ
910 723 966 760 τὸν
982 723 1050 771 (τὸν
1068 722 1178 758 etiam
1190 720 1268 756 Ald.

262 800 297 827 et
315 790 401 826 sort.
416 787 527 828 Ven.)
544 784 739 823 κοππατίαν
755 782 790 820 δὲ
800 783 913 826 παίζει
927 780 1030 818 εἰπὼν
1045 779 1083 816 τὸ
1096 778 1269 824 ἐξεκόπην.

316 854 378 900 25,
395 858 415 896 4
433 850 608 891 νεανίσκος
633 863 707 885 om.
725 850 772 885 V.
791 878 830 883 -.
847 847 866 882 5
886 847 1010 895 ἀποφθ.
1030 846 1074 881 Θ.
1094 845 1271 894 ὀνειροπο-

261 912 329 948 λῶν
346 903 438 960 λεί-’(ει
451 912 493 945 V.
515 906 656 945 Deinde
674 906 773 942 idem
792 906 837 946 ὡς
852 903 910 940 τὸν
925 918 1054 948 συνην.,
1070 901 1171 950 quod
1186 914 1272 936 cor·-

265 977 388 1005 rector
406 966 547 1003 codicis
564 967 608 1003 Θ.
623 965 662 1000 in
679 965 746 1000 τῶν
772 958 1062 1011 συνηνιοχούντων
1085 967 1215 995 mutat.
1233 988 1272 995 -

265 1041 282 1071 ’,-
306 1027 373 1061 τῶν
396 1026 499 1060 αὐτοῦ
523 1021 599 1059 ἴππ.
616 1025 661 1057 V.
688 1048 729 1055 -
761 1020 782 1055 8
809 1017 914 1055 Θέοιεν
938 1015 1131 1066 ἐμποδίζοις
1148 1020 1190 1052 V.
1212 1014 1271 1059 Θέη

263 1082 454 1132 ἐμποδίζειν
474 1083 516 1118 G.
533 1078 670 1116 ὗποθέοι
682 1079 727 1116 Θ.
739 1108 779 1113 ..
801 1077 918 1112 10-13
932 1076 1054 1111 omitt.
1066 1077 1122 1119 V.‚
1141 1074 1272 1119 11-13,

263 1141 301 1177 τὸ
318 1139 353 1177 δὲ
378 1169 386 1176 .
405 1169 411 1176 .
430 1167 439 1175 .
463 1141 532 1185 ἦν,
554 1150 626 1174 om.
647 1137 692 1174 Θ.

317 1204 385 1249 28,
411 1215 526 1251 19-21
542 1230 552 1247 ‚
582 1199 724 1244 32-34,
745 1211 866 1248 prope
888 1196 1017 1233 eadem
1035 1196 1210 1243 leguntur
1235 1194 1273 1229 in

264 1261 347 1298 cod.
367 1260 535 1305 Tauria„
555 1257 663 1307 cujus
683 1258 721 1293 in
738 1256 907 1305 margine
923 1254 1053 1290 eadem
1073 1264 1206 1288 manu:
1224 1250 1275 1287 ὅτι

263 1323 350 1369 τρεῖς
379 1316 498 1369 δρόμοι
530 1314 683 1365 μάλιστα
710 1308 798 1359 ἦσαν
829 1315 939 1356 πεζῶν
964 1310 1111 1348 ὁπλίτων
1133 1309 1235 1358 [sic]‚
1258 1311 1275 1345 ὁ

265 1377 398 1417 δίαυλος
414 1374 472 1411 καὶ
491 1377 508 1411 ὁ
525 1373 671 1423 δόλιχος.
685 1371 743 1408 καὶ
763 1373 793 1408 οἷ
815 1370 876 1420 μὲν
892 1370 948 1407 τὸν
968 1368 1110 1413 ὁπλίτην
1131 1365 1273 1417 τρέχον-

263 1450 316 1475 τες
331 1433 469 1485 δρόμον,
487 1431 521 1474 ὃς
534 1431 688 1468 ἐκαλεῖτο
709 1428 767 1466 καὶ
791 1429 981 1475 σταδιαῖος,
1005 1424 1196 1465 πανοπλίας
1217 1425 1273 1460 ἕν-

265 1490 439 1540 δεδυμένοι
454 1489 521 1526 ἀπὸ
533 1491 595 1534 τῆς
611 1486 794 1539 ἀφετηρίας
813 1484 950 1535 ἔτρεχον
968 1483 1026 1520 καί
1049 1483 1150 1534 μεχρὶ
1170 1482 1276 1531 νόμου

263 1551 475 1599 καμπτῆρος.
493 1549 523 1584 οἱ
539 1545 574 1583 δὲ
593 1545 648 1582 τὸν
668 1544 803 1581 δίαυλον
821 1542 951 1584 θέοντες
967 1543 1004 1579 οὐ
1018 1541 1209 1582 πανοπλίας
1225 1542 1276 1577 ἐν-

264 1605 461 1656 δεδυμένοι,
483 1604 588 1653 μόνας
608 1602 644 1639 δὲ
667 1602 817 1644 ἀσπίδας
841 1601 899 1638 καὶ
923 1599 1192 1653 περικεφαλαίας
1218 1599 1276 1636 καὶ

264 1664 342 1717 δόρυ
358 1661 560 1713 κατέχοντες
579 1659 647 1698 ἀπὸ
666 1659 824 1710 βαλὲίδος
839 1658 942 1711 μεχρί
956 1660 1160 1710 καμπτῆρος
1177 1657 1277 1707 ἀνῄε-

264 1738 325 1760 σαν
347 1723 413 1758 κᾶκ
429 1724 488 1757 τοῦ
504 1721 705 1770 καμπτῆρος
717 1718 821 1755 πάλιν
835 1719 881 1761 εἰς
894 1716 956 1762 τὴν
976 1715 1161 1769 ἀφετηρίαν
1177 1714 1278 1752 κατέ-

264 1783 349 1817 Οεον.
371 1781 400 1816 οἳ
419 1778 742 1829 δολιχοδρομοῧντες
762 1775 797 1812 δὲ
817 1776 925 1827 ψιλῶς
948 1773 1162 1825 ἑπτάδρομον
1180 1775 1275 1810 ἐποι-

265 1843 361 1875 οῦντο
377 1835 433 1874 τὸν
452 1836 575 1888 δρόμον
589 1863 598 1880 ,
617 1833 689 1886 τρὶς
707 1832 767 1883 μὲν
785 1832 932 1874 ἀνιόντες
943 1862 952 1879 ,
968 1832 1039 1883 τρὶς
1054 1830 1088 1868 δὲ
1106 1829 1278 1872 κατιόντες

265 1896 323 1934 καὶ
343 1894 426 1946 πρὸς
442 1893 498 1930 τὸν
522 1894 712 1943 καμπτῆρα
726 1891 782 1928 τὸν
799 1889 942 1939 ἕὸδομον
967 1890 1090 1941 δρόμον
1106 1889 1277 1940 ἐκτερμα-

266 1957 410 1995 τοῦ-ντες.
439 1954 469 1989 οἱ
496 1951 606 2003 δίφροι
634 1948 670 1986 δὲ
694 1948 752 1986 καὶ
778 1947 820 1984 τὰ
850 1947 989 1997 ἅρματα
1019 1945 1202 1988 δωδεκάκις
1220 1944 1279 1987 τὰς

267 2009 486 2061 καμπτηρίας
511 2006 657 2045 ἐποίουν.
675 2035 715 2041 -.
735 2007 782 2042 28
801 2008 817 2042 ὁ
837 2007 913 2043 ὁπλ.
932 2007 1182 2042 Hermannus.

321 2070 366 2105 3ο
397 2071 444 2104 R.
476 2066 591 2104 habet
613 2062 786 2114 κατέλαβέ
802 2078 845 2113 με
867 2062 900 2100 τί
921 2060 961 2108 δὴ
990 2061 1077 2113 μετὰ
1096 2065 1217 2098 ταῦτα.
1240 2091 1279 2097 .-

270 2127 316 2165 38
339 2125 374 2162 δὲ
395 2126 439 2164 Θ.

323 2186 365 2221 31
380 2212 389 2230 ‚
417 2189 458 2226 41
492 2181 653 2233 φρίσκους
680 2181 779 2217 καλεῖ
798 2182 842 2216 R.
866 2209 905 2216 .-
931 2185 977 2222 42
1000 2177 1050 2230 ἐφ’
1070 2176 1087 2215 ὃ
1104 2180 1158 2223 ἦν.
1178 2181 1223 2214 R.
1241 2209 1280 2214 ...

270 2242 331 2287 43,
355 2247 400 2286 44
420 2248 520 2276 recte
540 2239 675 2288 legitur
699 2238 737 2274 in
757 2240 800 2274 V.
818 2245 853 2274 ct
871 2236 974 2286 apud
988 2235 1156 2281 Suidam‚
1178 2234 1281 2272 διὰτὸ

267 2298 410 2351 κούφους
440 2292 526 2335 εἶναι
544 2296 601 2334 καὶ
630 2295 771 2348 μικρούς
791 2293 868 2336 τοὺς
895 2292 1150 2344 ἀγωνιστικούς.
1169 2324 1210 2330 -
1232 2300 1277 2337 44

267 2356 356 2394 κατὰ
379 2357 434 2394 τὸν
458 2354 683 2406 ἀγωνιστικὸν
702 2355 749 2392 Θ.
770 2384 809 2389 -
832 2354 877 2396 45
903 2352 980 2401 Ἀμ.
1002 2351 1037 2388 δὲ
1059 2356 1104 2389 V.
1123 2351 1200 2401 Ἀμ.
1222 2351 1280 2388 καὶ

267 2411 361 2457 οἶτος
375 2417 421 2454 Θ.
437 2444 475 2450 .-
491 2414 540 2462 49
560 2412 721 2463 Ἀμυνίας
735 2413 779 2450 Θ.
798 2410 968 2459 Ἀμεινίας
982 2413 1042 2455 τῆς
1056 2414 1099 2447 V.
1120 2413 1178 2446 τοῦ
1193 2411 1281 2448 Din-

271 2504 685 2553 (1οΓίὶυ5.Α1ἀ.Ἇμινίας
700 2503 899 2554 Προνάπου.
917 2504 962 2540 Θ.
979 2502 1080 2538 πυνά.
1099 2533 1130 2538 ..
1157 2503 1277 2539 50--53

270 2565 354 2602 Ald.
378 2573 414 2600 et
436 2565 481 2601 Θ.
504 2579 510 2598 :
534 2563 659 2598 ἐκεῖνον
681 2554 737 2597 οὖν
761 2561 956 2610 ἐπισκῶψαι
986 2558 1149 2605 θελήσας,
1171 2558 1281 2610 παρέ-

270 2623 372 2673 τρεψε
399 2620 437 2656 το
463 2635 472 2654 ι
504 2619 548 2660 εἷς
573 2618 611 2654 τὸ
633 2633 672 2663 υ,
697 2616 755 2653 καὶ
784 2615 1094 2667 παρεγραμμοίτισε
1123 2616 1280 2663 γελοίως·

271 2678 345 2716 ἐπεὶ
363 2677 459 2729 παρὰ
476 2681 545 2717 τοῖς
561 2674 750 2720 Ἀθηναίοις
765 2676 782 2710 ὃ
796 2673 898 2723 νόμος
915 2674 1065 2723 φανερῶς
1077 2672 1166 2720 (ἐπεὶ
1181 2672 1284 2720 νόμος

271 2753 306 2773 π.
324 2752 354 2772 τ.
373 2735 441 2772 Ἀθ.
460 2732 507 2783 μὴ
526 2733 678 2784 φανερῶς
694 2732 755 2780 Θ.)
775 2729 903 2766 ἐκώλυε
919 2728 975 2766 τὸν
991 2728 1140 2781 ἄρχοντα
1157 2744 1283 2780 κωμῳ-

272 2795 352 2830 δεῖν.
383 2790 544 2840 Ἀμυνίαν
573 2787 607 2825 δὲ
625 2787 725 2825 αὐτὸν
747 2781 839 2825 εἶπεν
860 2786 934 2825 ἀντὶ
959 2789 1018 2823 τοῦ
1042 2785 1195 2835 Ἀμινίαν
1214 2785 1283 2835 (διὰ

271 2856 369 2889 τοῦτο
395 2849 453 2887 καὶ
479 2847 637 2898 Ἀμυνίας
665 2841 756 2885 εἶπεν
781 2847 842 2884 οὔκ
866 2844 1027 2895 Ἀμυνίαν
1046 2844 1129 2893 [sic]
1149 2844 1222 2893 Θ.).
1245 2872 1284 2879 ,-

276 2912 319 2947 51
340 2908 509 2947 ἐκώλυσεν
526 2911 570 2944 G.

328 2975 374 3010 32
400 2972 516 3011 habet
542 2971 587 3008 Θ.
613 2969 658 3010 εἷς
683 2967 836 3006 τούπίσω
860 2994 910 3001 —-
930 2966 998 3004 ἀπὸ
1031 2970 1090 3004 τοῦ
1111 2965 1216 3010 ἁλίζω
1247 2966 1286 3003 τὸ

274 3030 494 3083 συναθροίζω.
512 3029 573 3066 οὔκ
589 3028 772 3074 ἠλισθῆναι
788 3026 955 3073 ποιήσας,
972 3024 1017 3068 ὥς
1030 3024 1118 3067 τινές
1132 3039 1226 3076 φασι.
1247 3053 1287 3061 -.

277 3098 318 3136 4,
341 3091 361 3126 5
378 3092 601 3131 Hermann„
630 3085 898 3136 «ἀλινδήθρας»,
923 3083 965 3121 τὰ
991 3084 1109 3133 ἐγκυλ.
1139 3082 1286 3119 Deinde

277 3145 417 3187 κυλίσεις
435 3145 563 3195 posuit
583 3143 828 3192 Dindorfi1153
851 3142 973 3179 codex
991 3143 1207 3185 κυλισθῆναι.

330 3210 376 3246 33
410 3209 448 3244 in
467 3209 513 3245 Θ.
535 3207 666 3256 glossae
680 3215 765 3243 sunt
781 3222 788 3243 :
807 3204 955 3250 ἐξέὸαλε.

277 3265 353 3304 ἀλλ’
373 3258 400 3301 ὦ
422 3262 521 3313 μέλεε
543 3278 551 3300 t
575 3263 657 3300 Ἀπὸ
675 3266 734 3300 τοῦ
760 3264 1030 3315 ἀπαγορευτικοῧ
1058 3260 1290 3313 ἐπιρρήματος

277 3324 334 3362 καὶ
354 3325 413 3360 τοῦ
429 3320 552 3362 ἐλέους.

1033 3203 1258 3256 πραγμάτων.

1034 175 1327 215 ADNOTATIO
1356 175 1408 212 IN
1438 176 1608 215 SCHOL.

1377 260 1438 305 34,
1462 275 1519 307 10,
1541 275 1554 297 1
1569 276 1581 297 1
1606 262 1760 300 ἐπιτάσει
1778 264 1905 313 χρῆται
1919 263 1979 309 Θ.,
1998 262 2151 311 reliquis
2166 263 2326 299 omissis.

1325 338 1370 343 —
1395 331 1438 352 12
1458 318 1514 353 ἐπὶ
1530 317 1569 354 τὸ
1587 320 1633 365 ζ.,
1661 321 1702 355 ι3
1723 319 1944 366 ἐπιτείνεται,
1966 326 2009 364 14
2041 319 2096 356 ἐπὶ
2108 321 2156 370 τῷ
2189 320 2234 357 Θ.
2256 320 2332 366 Qui

1323 375 1479 411 inferius
1498 376 1569 412 hoc
1583 377 1751 414 scholion
1767 377 1870 414 addit
1885 392 1892 413 ε
1906 377 1993 423 Δίκη
2007 381 2028 423 ἡ
2048 376 2143 429 παρὰ
2161 376 2333 427 τοῖςἽΞλ-

1324 433 1406 477 λησι
1426 432 1658 481 σωματοειδὴς
1674 434 1744 471 θεά.
1770 435 1846 480 δίκη
1867 435 1924 471 καὶ
1943 439 1964 481 ἡ
1984 435 2134 487 τιμωρία
2152 435 2210 472 καὶ
2229 438 2251 480 ἡ
2271 434 2334 471 κό-

1325 490 1435 531 λασις.
1446 490 1534 536 δίκη
1557 490 1614 527 καὶ
1631 494 1652 536 ἡ
1671 491 1882 537 δικαιοσύνη.
1899 492 1976 538 δίκη
1992 492 2049 529 καὶ
2065 493 2104 529 τὸ
2116 492 2335 544 δικαστήριον

1326 545 1385 582 καὶ
1407 549 1427 592 ἡ
1450 547 1570 598 κρίσις.
1594 577 1634 582 -
1665 562 1708 596 17
1745 561 1820 585 om.
1853 550 1963 587 Θ.--
1986 552 2032 587 18
2054 554 2111 587 τοῦ
2135 549 2258 598 τόκου,
2288 563 2336 586 2ο

1327 605 1543 656 ἐνεχυριάσαι
1572 606 1618 643 Θ.

1382 664 1443 709 35,
1467 664 1513 700 23
1529 667 1628 700 τοῖ’το
1642 667 1685 700 V.

1383 720 1429 755 36
1449 733 1522 756 orn.
1540 724 1581 756 V.
1602 725 1644 758 In
1665 721 1709 758 Θ.
1736 719 1939 772 φροντίζεις,
1957 723 2178 771 ἀγανακτεῖς·
2197 725 2340 760 τοιαῦτα

1328 777 1392 828 γὰρ
1407 777 1600 827 πάσχουσιν
1621 780 1651 815 οἱ
1669 778 1830 830 φροντίδα
1846 777 1923 815 τινὰ
1939 778 2083 829 ἔχοντες.

1384 837 1429 881 37
1445 865 1454 882 ‚
1485 843 1603 884 29-47
1641 838 1807 887 «partim
1835 850 1882 873 ex
1909 838 2210 887 Harpocratione
2240 840 2341 876 illata

1331 894 1468 942 partim
1496 894 1655 931 aliunde.
1672 913 1686 928 »
1715 899 1833 931 Dmn.
1863 895 1970 931 Conf.
1999 895 2152 932 Suidam
2186 909 2246 934 vv,
2272 895 2343 941 Δή-

1333 965 1464 1002 μαρχος
1483 960 1519 988 et
1535 951 1771 1003 Ναυκραρικά.
1793 983 1832 989 -
1853 965 1902 1000 29
1919 950 1976 988 τὸν
1995 967 2026 988 κ.
2047 950 2160 997 ἢοῐη.
2181 953 2272 989 Θ.-
2295 954 2339 989 31

1331 1011 1441 1059 χρεῶν
1471 1009 1554 1045 Ald.
1581 1040 1620 1046 .-
1645 1011 1690 1045 33
1717 1012 1815 1060 ἠνεχ.
1847 1009 2022 1046 Dindors.
2049 1018 2085 1046 et
2114 1012 2208 1059 Reg.
2230 1022 2344 1055 2712,

1332 1067 1397 1114 qui
1417 1067 1531 1103 habet
1554 1067 1576 1102 l.
1598 1067 1728 1103 30—34.
1752 1067 1967 1116 Legebatur
1987 1068 2077 1117 ἐνεχ.
2096 1097 2137 1103 -.
2155 1068 2202 1111 34
2225 1066 2294 1118 Ἀρ.
2310 1068 2344 1103 ἐν

1333 1123 1518 1169 Ἀθηναίων
1545 1124 1701 1176 πολιτείᾳ
1722 1128 1944 1175 Harpocrat.
1968 1125 2066 1160 Hinc
2086 1126 2282 1174 sequentia
2301 1124 2348 1161 ad

1334 1188 1380 1227 47
1400 1195 1473 1217 orn.
1492 1183 1535 1219 Θ.
1554 1212 1594 1217 -
1621 1182 1668 1218 35
1692 1180 1835 1232 ἔχοντας
1853 1186 1964 1232 Harp.
1985 1180 2123 1224 ἑλόντας
2138 1181 2221 1219 Ald.
2238 1211 2279 1216 -
2299 1184 2346 1219 36

1333 1254 1451 1289 ναυκρ.
1471 1242 1587 1288 Harp.
1605 1239 1722 1276 ναυκλ.
1738 1240 1819 1279 Ald.
1839 1240 1900 1276 hic
1917 1247 1952 1275 et
1965 1248 2022 1275 tei·
2036 1239 2228 1289 deinceps.
2242 1269 2283 1276 .-
2299 1240 2344 1285 37

1333 1296 1408 1332 ἀντὶ
1435 1298 1501 1332 τῶν
1525 1305 1562 1332 et
1592 1299 1640 1345 39
1665 1297 1829 1349 πρότερον
1864 1301 2113 1334 Hermannus.
2134 1297 2217 1334 Ald.
2235 1298 2348 1334 αὐτῶν

1421 1381 1429 1389 .
1466 1355 1614 1405 πρῶτον.
1637 1385 1677 1390 ,-
1705 1355 1753 1398 45
1777 1353 1938 1405 ἄρχοντες
1967 1363 2053 1404 post
2078 1354 2186 1403 δῆμον
2210 1354 2348 1390 lectum

1336 1411 1475 1447 delevit
1493 1414 1740 1448 Hermannus.
1758 1442 1796 1448 ..
1813 1418 1857 1458 47
1874 1411 2001 1455 παίζει.
2018 1442 2058 1447 -
2076 1412 2124 1455 48
2144 1411 2259 1463 ψύλλα
2274 1425 2347 1448 om.

1335 1471 1376 1504 V.
1394 1469 1439 1509 ὡς
1452 1466 1564 1517 ἔλεγεν
1582 1470 1603 1512 ἡ
1625 1483 1656 1503 κ.
1674 1467 1728 1514 ἢῆ
1750 1470 1785 1519 ψ.
1804 1472 1847 1505 R.
1866 1469 1932 1518 qui
1949 1469 2144 1518 sequentia
2158 1469 2350 1505 omittit.-

1337 1530 1398 1574 49,
1420 1525 1467 1562 50
1491 1525 1571 1575 δήμ.
1594 1525 1690 1577 παρὰ
1708 1531 1778 1567 τοῖς
1798 1525 1986 1572 Ἀθηναίοις
2008 1527 2039 1563 οἱ
2057 1524 2176 1577 πρώην
2197 1525 2352 1579 ναύκρα-

1337 1598 1388 1634 ροι
1407 1582 1626 1633 καλούμενοι,
1644 1577 1692 1625 οἷς
1706 1582 1782 1629 ἐξῆν
1798 1584 2025 1636 ἐνεχυριάζειν
2038 1588 2084 1621 V.
2096 1593 2133 1621 et
2145 1584 2252 1623 Sujd.
2269 1584 2352 1635 δήμ.

1336 1643 1366 1677 οἱ
1395 1639 1668 1691 ἐνεχυριάζοντες
1683 1639 1760 1683 τοὺς
1777 1643 1822 1680 Θ.
1837 1645 1880 1678 111
1899 1643 1971 1678 fine
1991 1642 2096 1678 δοῦκα
2117 1644 2212 1691 Reg.
2244 1643 2352 1680 1821.

1392 1699 1453 1744 38,
1472 1713 1485 1734 1
1506 1707 1543 1735 et
1565 1712 1583 1734 2
1605 1702 1646 1735 V.
1669 1700 1736 1744 sic,
1755 1702 2073 1750 κατακοιμηθῆναι,
2090 1699 2216 1752 κυρίως
2231 1698 2266 1736 δὲ
2284 1715 2353 1737 κα-

1335 1756 1513 1808 ταδαρθεῖν
1527 1756 1566 1793 τὸ
1584 1756 1640 1793 ἐπὶ
1657 1757 1688 1793 δ.
1704 1759 1925 1806 κοιμηθῆναι.
1943 1788 1984 1794 ...
2002 1756 2241 1809 παροξυτόνως
2255 1759 2299 1796 Θ.
2314 1788 2353 1795 -.

1339 1821 1358 1858 4
1374 1820 1550 1864 κοιμᾶται.
1565 1814 1714 1852 Ἀττικοὶ
1734 1815 1769 1851 δὲ
1789 1814 2014 1867 παροξύνουσι
2027 1816 2253 1867 καταδαρθεῖν
2271 1816 2354 1866 [sic]

1337 1876 1381 1908 V.
1398 1871 1541 1924 ἄρχεται
1553 1874 1676 1909 &manv
1691 1874 1735 1910 Θ.
1753 1874 1829 1919 Qui
1844 1874 1942 1910 infra
1956 1873 2060 1909 addit
2073 1874 2146 1909 hoc
2161 1873 2352 1911 scholion:

1338 1928 1631 1978 κοιμηθήσεσθαι·
1656 1928 1837 1981 κυρίωςδὲ
1856 1929 1895 1967 τὸ
1923 1930 1978 1966 ἐπὶ
2009 1928 2188 1980 δερμάτων
2209 1933 2354 1967 κεῖσθαι.

1339 1986 1406 2037 δρῶ
1426 1986 1464 2023 τὸ
1480 1989 1660 2036 κοιμῶμαι
1678 1987 1736 2023 καὶ
1753 1987 1846 2024 κατὰ
1865 1986 2078 2039 παραγωγὴν
2096 1987 2222 2039 δρήθω·
2241 1987 2356 2026 δεύτε-

1340 2058 1394 2094 ρος
1414 2044 1571 2096 ἀόριστος
1589 2044 1730 2095 ἔδραθον
1757 2044 1815 2081 καὶ
1842 2044 1932 2082 κατὰ
1953 2045 2133 2095 μετάθεσιν
2150 2048 2217 2083 τῶν
2235 2062 2354 2099 γραμ-

1340 2101 1458 2151 μάτων
1477 2102 1616 2154 ἔδαρθον
1636 2102 1694 2138 καὶ
1711 2102 1750 2139 τὸ
1771 2101 2019 2154 ἀπαρέμφατον
2041 2103 2186 2154 δαρθεῖν.

1394 2160 1459 2205 41,
1486 2161 1529 2195 16
1550 2159 1618 2196 ἰδία
1637 2160 1675 2196 τὸ
1692 2163 1752 2212 φεῦ
1773 2162 1819 2196 V.
1839 2191 1879 2196 -.
1898 2174 1967 2206 17,
1992 2161 2038 2197 18
2063 2163 2084 2205 ἡ
2105 2161 2237 2213 προξ.ἠ
2257 2172 2354 2213 προν.

1339 2217 1395 2255 τον
1416 2217 1525 2267 γάμον
1544 2221 1587 2254 R.
1603 2233 1728 2269 προμν.
1746 2216 1780 2254 δὲ
1797 2218 1874 2254 καλ.
1892 2221 1914 2263 ἡ
1932 2233 2042 2270 προν.,
2059 2217 2101 2263 ἣν
2115 2221 2174 2256 νῦν
2193 2218 2356 2272 προξενή-

1340 2292 1436 2328 τριαν
1456 2276 1557 2328 φησίν
1584 2275 1700 2328 (φασίν
1719 2276 1780 2326 G.)
1799 2280 1842 2313 V.

1394 2335 1442 2371 42
1468 2348 1541 2371 om.
1566 2335 1611 2372 Θ.
1631 2338 1675 2371 R.
1697 2334 1810 2371 habet
1831 2333 1906 2371 ἀντὶ
1922 2337 1982 2370 τοῦ
2000 2332 2178 2385 ἐχαύνωσε
2193 2334 2251 2372 καὶ
2267 2336 2356 2381 ἠπά-

1339 2409 1434 2439 τησε.
1455 2423 1495 2429 -
1514 2406 1560 2429 22
1577 2392 1753 2444 οἰκουργὸν
1767 2393 1966 2445 φάσκουσαν
1981 2397 2024 2428 V.
2040 2421 2050 2438 ,
2069 2392 2136 2429 sed
2152 2402 2254 2430 recte
2276 2395 2356 2431 Sui-

1341 2451 1418 2487 das.
1433 2480 1473 2486 -.
1491 2451 1536 2486 23
1555 2448 1702 2499 ἐχούσης
1722 2449 1824 2488 Suid.
1839 2478 1848 2496 ,
1870 2450 1936 2499 qui
1958 2451 2068 2487 initio
2089 2451 2227 2488 scholii
2246 2453 2358 2501 γῆμαι

1341 2507 1499 2544 ἀνέπεισε
1516 2507 1630 2544 addit.

1397 2572 1459 2610 44,
1480 2567 1527 2602 3ο
1547 2578 1602 2613 sq.
1622 2564 1739 2616 ὥσπερ
1756 2560 2003 2602 αἶ’-ἀστικῶν
2023 2578 2097 2601 om.
2117 2569 2215 2602 V.-
2237 2566 2280 2603 31
2312 2561 2355 2604 αὖ

1342 2623 1475 2659 Suidas
1503 2636 1530 2661 s.
1564 2624 1762 2674 Εὐρωτιῶν.
1779 2616 1836 2660 οῧν
1866 2626 1927 2667 Β.,
1960 2623 2025 2672 qui
2044 2622 2082 2659 τὸ
2106 2621 2141 2660 δὲ
2161 2637 2237 2661 om.
2255 2646 2293 2652 —
2309 2626 2354 2662 33

1341 2679 1519 2728 κειμένου,
1534 2681 1579 2723 34
1596 2679 1714 2730 ὥσπερ
1730 2679 1931 2729 νοτιζόμενα
1943 2684 2002 2727 Θ.,
2021 2682 2199 2718 omittens
2212 2683 2275 2719 liu.
2297 2684 2355 2720 35.

1342 2738 1444 2774 Infra
1467 2737 1639 2775 scholion
1669 2737 1783 2774 habet
1812 2738 1904 2783 hoc,
1932 2739 2168 2787 σεσημμένος,
2196 2739 2266 2776 ἀπὸ
2296 2744 2356 2778 τοῦ

1342 2794 1447 2846 εὐρὼς
1471 2797 1488 2831 ὃ
1507 2794 1657 2840 σκώληξ.
1686 2794 1956 2846 ἀνεπιμέλητος,
1974 2797 2248 2840 ἀκαλλώπιστος.
2265 2800 2357 2851 κορῶ

1343 2853 1409 2903 γὰρ
1426 2852 1465 2889 τὸ
1485 2853 1732 2903 ἐπιμελοῧμαι.

1397 2910 1458 2955 45,
1479 2909 1527 2946 43
1551 2909 1661 2953 αὔξων
1682 2911 1740 2948 καὶ
1758 2911 1940 2957 πληθύνων
1959 2912 2092 2950 Suidas
2110 2926 2139 2951 s,
2162 2912 2354 2965 Ἀκόρητος.

1344 2994 1383 2999 -
1399 2968 1444 3011 -44
1465 2967 1588 3018 κυρίως
1607 2967 1747 3018 λέγεται
1764 2983 1838 3007 om.
1857 2972 1902 3008 Θ.
1914 2991 1954 2997 -
1967 2972 2014 3014 45
2039 2972 2162 3008 ἐλαιῶν
2180 2972 2241 3008 hic
2256 2981 2292 3009 et
2307 2978 2356 3021 49

1345 3027 1389 3064 Θ.
1408 3026 1622 3075 Legebatur
1637 3027 1879 3078 περιπίσματα
1896 3028 1956 3065 hic
1975 3037 2011 3066 et
2031 3029 2159 3078 paullo
2176 3036 2274 3078 post.
2295 3044 2356 3066 πε-

1347 3082 1567 3136 ριπτύσματα
1583 3084 1641 3122 bis
1656 3087 1700 3124 Θ.
1718 3086 1822 3123 Idem
1841 3087 1975 3123 vitium
1993 3087 2141 3124 correxi
2157 3087 2195 3123 in
2210 3087 2355 3124 scholio

1346 3142 1472 3191 Equit.
1498 3143 1585 3179 803.
1615 3146 1786 3180 Dm).-
1815 3146 1863 3188 46
1893 3144 2066 3182 ἀνάπαλιν
2092 3148 2165 3182 011'1.
2192 3146 2353 3192 Θ.-47

1346 3199 1384 3237 τὸ
1404 3200 1449 3237 Θ.

1402 3257 1450 3294 46
1479 3257 1703 3296 ἐδιπλασίασε
1733 3259 1772 3296 τὸ
1803 3259 1912 3309 ὄνομα
1931 3273 1952 3297 a
1970 3273 2018 3297 m.
2048 3273 2119 3297 sec.
2150 3259 2264 3297 habet
2298 3263 2355 3306 V.‚

1349 3331 1423 3353 om.
1446 3320 1489 3353 G.
1513 3317 1928 3369 εἰρωνευόμενος-αὐτὸς
1949 3333 2023 3357 om.
2050 3320 2114 3366 9.,
2143 3319 2208 3369 (Ῑυὶ
2239 3331 2260 3354 2
2283 3318 2356 3356 διε-
