<?xml version="1.0" encoding="UTF-8"?>
<!DOCTYPE html PUBLIC "-//W3C//DTD XHTML 1.0 Transitional//EN"
    "http://www.w3.org/TR/xhtml1/DTD/xhtml1-transitional.dtd">
<html xmlns="http://www.w3.org/1999/xhtml" xml:lang="en" lang="en">
 <head>
  <title>
</title>
<meta http-equiv="Content-Type" content="text/html;charset=utf-8" />
  <meta name='ocr-system' content='tesseract 3.04.00' />
  <meta name='ocr-capabilities' content='ocr_page ocr_carea ocr_par ocr_line ocrx_word'/>
</head>
<body>
  <div class='ocr_page' id='page_1' title='image "./scholiagraecaina00dbuoft_0453.png"; bbox 0 0 2517 3792; ppageno 0'>
   <div class='ocr_carea' id='block_1_1' title="bbox 1131 242 1375 290">
    <p class='ocr_par' dir='ltr' id='par_1_1' title="bbox 1131 242 1375 290">
     <span class='ocr_line' id='line_1_1' title="bbox 1131 242 1375 290; baseline 0.004 -10"><span class='ocrx_word' id='word_1_1' title='bbox 1131 242 1375 290; x_wconf 84' lang='lat' dir='ltr'>EQUITUM.</span> 
     </span>
    </p>
   </div>
   <div class='ocr_carea' id='block_1_2' title="bbox 207 327 1230 3462">
    <p class='ocr_par' dir='ltr' id='par_1_2' title="bbox 215 327 1225 430">
     <span class='ocr_line' id='line_1_2' title="bbox 221 327 1225 380; baseline -0.005 -10"><span class='ocrx_word' id='word_1_2' title='bbox 221 360 257 370; x_wconf 89' lang='lat'>...</span> <span class='ocrx_word' id='word_1_3' title='bbox 271 334 318 372; x_wconf 86' lang='grc'>53</span> <span class='ocrx_word' id='word_1_4' title='bbox 334 330 531 380; x_wconf 77' lang='grc' dir='ltr'>ἀπήνεγκαν</span> <span class='ocrx_word' id='word_1_5' title='bbox 551 330 597 368; x_wconf 87' lang='grc' dir='ltr'>Θ.</span> <span class='ocrx_word' id='word_1_6' title='bbox 613 353 654 360; x_wconf 92' lang='lat'>—-</span> <span class='ocrx_word' id='word_1_7' title='bbox 674 329 720 372; x_wconf 86' lang='lat'>54</span> <span class='ocrx_word' id='word_1_8' title='bbox 739 327 841 379; x_wconf 78' lang='grc' dir='ltr'>φθάσ.</span> <span class='ocrx_word' id='word_1_9' title='bbox 859 327 894 365; x_wconf 81' lang='grc' dir='ltr'>δὲ</span> <span class='ocrx_word' id='word_1_10' title='bbox 913 332 958 365; x_wconf 80' lang='lat' dir='ltr'>V.</span> <span class='ocrx_word' id='word_1_11' title='bbox 973 353 1013 360; x_wconf 90' lang='lat'>—</span> <span class='ocrx_word' id='word_1_12' title='bbox 1037 344 1049 366; x_wconf 95' lang='lat'>1</span> <span class='ocrx_word' id='word_1_13' title='bbox 1069 329 1170 366; x_wconf 78' lang='grc' dir='ltr'>τοῦτό</span> <span class='ocrx_word' id='word_1_14' title='bbox 1186 327 1225 379; x_wconf 91' lang='grc' dir='ltr'>γε’</span> 
     </span>
     <span class='ocr_line' id='line_1_3' title="bbox 215 391 355 430; baseline -0.021 0"><span class='ocrx_word' id='word_1_15' title='bbox 215 407 267 430; x_wconf 82' lang='grc' dir='ltr'>τοι</span> <span class='ocrx_word' id='word_1_16' title='bbox 283 391 355 428; x_wconf 83' lang='lat' dir='ltr'>Ald</span> 
     </span>
    </p>

    <p class='ocr_par' dir='ltr' id='par_1_3' title="bbox 213 440 1225 556">
     <span class='ocr_line' id='line_1_4' title="bbox 267 440 1225 498; baseline -0.002 -14"><span class='ocrx_word' id='word_1_17' title='bbox 267 449 382 497; x_wconf 73' lang='lat'><strong>788,6</strong></span> <span class='ocrx_word' id='word_1_18' title='bbox 403 440 488 489; x_wconf 74' lang='grc' dir='ltr'>εῗλες</span> <span class='ocrx_word' id='word_1_19' title='bbox 513 446 548 484; x_wconf 80' lang='grc' dir='ltr'>δὲ</span> <span class='ocrx_word' id='word_1_20' title='bbox 568 460 642 483; x_wconf 80' lang='grc' dir='ltr'>οιιι.</span> <span class='ocrx_word' id='word_1_21' title='bbox 662 450 706 483; x_wconf 78' lang='lat' dir='ltr'>V.</span> <span class='ocrx_word' id='word_1_22' title='bbox 727 447 772 483; x_wconf 90' lang='grc' dir='ltr'>Θ.</span> <span class='ocrx_word' id='word_1_23' title='bbox 794 454 830 482; x_wconf 87' lang='lat' dir='ltr'>ct</span> <span class='ocrx_word' id='word_1_24' title='bbox 850 445 1225 498; x_wconf 81' lang='grc' dir='ltr'>ἧγρευσας-ἐποίησας</span> 
     </span>
     <span class='ocr_line' id='line_1_5' title="bbox 213 506 723 556; baseline -0.006 -12"><span class='ocrx_word' id='word_1_25' title='bbox 213 516 298 544; x_wconf 88' lang='lat' dir='ltr'>ante</span> <span class='ocrx_word' id='word_1_26' title='bbox 316 506 544 556; x_wconf 82' lang='grc' dir='ltr'>δελεάσμασιν</span> <span class='ocrx_word' id='word_1_27' title='bbox 567 513 723 556; x_wconf 87' lang='lat' dir='ltr'>ponunt.</span> 
     </span>
    </p>

    <p class='ocr_par' dir='ltr' id='par_1_4' title="bbox 212 561 1226 848">
     <span class='ocr_line' id='line_1_6' title="bbox 268 561 1224 613; baseline -0.002 -13"><span class='ocrx_word' id='word_1_28' title='bbox 268 578 355 613; x_wconf 86' lang='lat'>791,</span> <span class='ocrx_word' id='word_1_29' title='bbox 382 579 416 610; x_wconf 81' lang='grc'>7,</span> <span class='ocrx_word' id='word_1_30' title='bbox 443 567 465 601; x_wconf 88' lang='grc'>8</span> <span class='ocrx_word' id='word_1_31' title='bbox 493 578 566 600; x_wconf 83' lang='grc' dir='ltr'>οιιι.</span> <span class='ocrx_word' id='word_1_32' title='bbox 588 566 634 602; x_wconf 91' lang='grc' dir='ltr'>Θ.</span> <span class='ocrx_word' id='word_1_33' title='bbox 660 568 747 600; x_wconf 85' lang='lat' dir='ltr'>Post</span> <span class='ocrx_word' id='word_1_34' title='bbox 777 566 882 600; x_wconf 83' lang='grc' dir='ltr'>Οεῐναι</span> <span class='ocrx_word' id='word_1_35' title='bbox 918 563 1002 600; x_wconf 87' lang='lat' dir='ltr'>Ald.</span> <span class='ocrx_word' id='word_1_36' title='bbox 1034 562 1139 599; x_wconf 84' lang='lat' dir='ltr'>addit</span> <span class='ocrx_word' id='word_1_37' title='bbox 1167 561 1224 598; x_wconf 85' lang='grc' dir='ltr'>καὶ</span> 
     </span>
     <span class='ocr_line' id='line_1_7' title="bbox 213 619 1225 673; baseline -0.004 -14"><span class='ocrx_word' id='word_1_38' title='bbox 213 623 369 673; x_wconf 77' lang='grc' dir='ltr'>ἀλλαχοῦ</span> <span class='ocrx_word' id='word_1_39' title='bbox 394 624 550 673; x_wconf 51' lang='lat' dir='ltr'>(Et-cles.</span> <span class='ocrx_word' id='word_1_40' title='bbox 598 623 681 670; x_wconf 83' lang='lat'>121)</span> <span class='ocrx_word' id='word_1_41' title='bbox 698 652 706 668; x_wconf 93' lang='lat'><strong><em>‚</em></strong></span> <span class='ocrx_word' id='word_1_42' title='bbox 734 622 872 672; x_wconf 72' lang='grc' dir='ltr'>περίδου</span> <span class='ocrx_word' id='word_1_43' title='bbox 893 621 951 658; x_wconf 78' lang='grc' dir='ltr'>καὶ</span> <span class='ocrx_word' id='word_1_44' title='bbox 984 620 1116 670; x_wconf 72' lang='grc' dir='ltr'>ταχέως</span> <span class='ocrx_word' id='word_1_45' title='bbox 1141 619 1225 668; x_wconf 78' lang='grc' dir='ltr'>ἀνὴρ</span> 
     </span>
     <span class='ocr_line' id='line_1_8' title="bbox 212 675 1226 730; baseline -0.003 -13"><span class='ocrx_word' id='word_1_46' title='bbox 212 685 322 730; x_wconf 69' lang='grc' dir='ltr'>γενοῦ.</span> <span class='ocrx_word' id='word_1_47' title='bbox 347 680 405 717; x_wconf 83' lang='grc' dir='ltr'>καὶ</span> <span class='ocrx_word' id='word_1_48' title='bbox 436 675 529 723; x_wconf 66' lang='grc' dir='ltr'>αὖθις</span> <span class='ocrx_word' id='word_1_49' title='bbox 550 681 656 730; x_wconf 38' lang='grc' dir='ltr'>γΑςΙι.</span> <span class='ocrx_word' id='word_1_50' title='bbox 680 682 780 728; x_wconf 78' lang='grc'>772),</span> <span class='ocrx_word' id='word_1_51' title='bbox 802 681 830 716; x_wconf 86' lang='grc' dir='ltr'>εἰ</span> <span class='ocrx_word' id='word_1_52' title='bbox 863 679 976 729; x_wconf 78' lang='grc' dir='ltr'>βούλει</span> <span class='ocrx_word' id='word_1_53' title='bbox 996 678 1135 730; x_wconf 79' lang='grc' dir='ltr'>περίδου</span> <span class='ocrx_word' id='word_1_54' title='bbox 1167 692 1226 726; x_wconf 88' lang='grc' dir='ltr'>μοι</span> 
     </span>
     <span class='ocr_line' id='line_1_9' title="bbox 213 734 1224 788; baseline -0.004 -14"><span class='ocrx_word' id='word_1_55' title='bbox 213 738 290 788; x_wconf 84' lang='grc' dir='ltr'>περὶ</span> <span class='ocrx_word' id='word_1_56' title='bbox 310 738 481 788; x_wconf 72' lang='grc' dir='ltr'>θυμίτιδος</span> <span class='ocrx_word' id='word_1_57' title='bbox 496 740 588 776; x_wconf 83' lang='grc' dir='ltr'>ἁλῶν</span> <span class='ocrx_word' id='word_1_58' title='bbox 604 768 613 783; x_wconf 97' lang='grc'><strong>,</strong></span> <span class='ocrx_word' id='word_1_59' title='bbox 629 737 785 775; x_wconf 80' lang='grc' dir='ltr'>τουτέστι</span> <span class='ocrx_word' id='word_1_60' title='bbox 803 736 972 782; x_wconf 72' lang='grc' dir='ltr'>συνθήκας</span> <span class='ocrx_word' id='word_1_61' title='bbox 986 734 1224 784; x_wconf 80' lang='grc' dir='ltr'>ποιησώμεθα.</span> 
     </span>
     <span class='ocr_line' id='line_1_10' title="bbox 213 797 738 848; baseline -0.004 -13"><span class='ocrx_word' id='word_1_62' title='bbox 213 821 254 828; x_wconf 77' lang='lat'><strong>—</strong></span> <span class='ocrx_word' id='word_1_63' title='bbox 275 799 296 834; x_wconf 89' lang='grc'><strong>8</strong></span> <span class='ocrx_word' id='word_1_64' title='bbox 313 813 351 847; x_wconf 85' lang='grc' dir='ltr'>γε</span> <span class='ocrx_word' id='word_1_65' title='bbox 371 812 446 835; x_wconf 82' lang='grc' dir='ltr'>οιιι.</span> <span class='ocrx_word' id='word_1_66' title='bbox 466 802 511 834; x_wconf 89' lang='lat' dir='ltr'>V.</span> <span class='ocrx_word' id='word_1_67' title='bbox 530 797 675 848; x_wconf 76' lang='grc' dir='ltr'>τρίποδα</span> <span class='ocrx_word' id='word_1_68' title='bbox 693 800 738 833; x_wconf 88' lang='lat' dir='ltr'>G.</span> 
     </span>
    </p>

    <p class='ocr_par' dir='ltr' id='par_1_5' title="bbox 268 851 1005 905">
     <span class='ocr_line' id='line_1_11' title="bbox 268 851 1005 905; baseline -0.008 -12"><span class='ocrx_word' id='word_1_69' title='bbox 268 870 356 905; x_wconf 82' lang='lat'>792,</span> <span class='ocrx_word' id='word_1_70' title='bbox 384 870 427 893; x_wconf 85' lang='lat'>12</span> <span class='ocrx_word' id='word_1_71' title='bbox 443 856 552 897; x_wconf 87' lang='grc' dir='ltr'>πίθοις</span> <span class='ocrx_word' id='word_1_72' title='bbox 571 855 701 897; x_wconf 84' lang='grc' dir='ltr'>κοίταις</span> <span class='ocrx_word' id='word_1_73' title='bbox 720 856 765 893; x_wconf 90' lang='grc' dir='ltr'>Θ.</span> <span class='ocrx_word' id='word_1_74' title='bbox 789 862 825 889; x_wconf 87' lang='lat' dir='ltr'>ct</span> <span class='ocrx_word' id='word_1_75' title='bbox 845 866 920 890; x_wconf 89' lang='lat' dir='ltr'>om.</span> <span class='ocrx_word' id='word_1_76' title='bbox 941 851 1005 888; x_wconf 79' lang='grc' dir='ltr'>ὅτι.</span> 
     </span>
    </p>

    <p class='ocr_par' dir='ltr' id='par_1_6' title="bbox 214 908 1226 1255">
     <span class='ocr_line' id='line_1_12' title="bbox 270 908 1225 963; baseline -0.002 -15"><span class='ocrx_word' id='word_1_77' title='bbox 270 916 359 963; x_wconf 75' lang='grc'>793,</span> <span class='ocrx_word' id='word_1_78' title='bbox 377 928 425 951; x_wconf 88' lang='grc'>20</span> <span class='ocrx_word' id='word_1_79' title='bbox 442 913 498 956; x_wconf 76' lang='grc' dir='ltr'>οὒς</span> <span class='ocrx_word' id='word_1_80' title='bbox 514 913 572 950; x_wconf 83' lang='grc' dir='ltr'>καὶ</span> <span class='ocrx_word' id='word_1_81' title='bbox 591 915 634 959; x_wconf 84' lang='grc' dir='ltr'>οἱ,</span> <span class='ocrx_word' id='word_1_82' title='bbox 661 926 709 948; x_wconf 91' lang='grc'>22</span> <span class='ocrx_word' id='word_1_83' title='bbox 731 912 878 963; x_wconf 73' lang='grc' dir='ltr'>φωλεαῖς</span> <span class='ocrx_word' id='word_1_84' title='bbox 906 914 948 946; x_wconf 78' lang='lat' dir='ltr'>V.</span> <span class='ocrx_word' id='word_1_85' title='bbox 972 908 1113 961; x_wconf 79' lang='grc' dir='ltr'>Κράτης</span> <span class='ocrx_word' id='word_1_86' title='bbox 1134 910 1225 947; x_wconf 86' lang='lat' dir='ltr'>Sui-</span> 
     </span>
     <span class='ocr_line' id='line_1_13' title="bbox 216 969 1226 1024; baseline -0.003 -17"><span class='ocrx_word' id='word_1_87' title='bbox 216 971 281 1008; x_wconf 82' lang='lat' dir='ltr'>das</span> <span class='ocrx_word' id='word_1_88' title='bbox 301 985 329 1008; x_wconf 89' lang='lat' dir='ltr'>s.</span> <span class='ocrx_word' id='word_1_89' title='bbox 350 971 546 1024; x_wconf 75' lang='grc' dir='ltr'>Γυπαρίοις.</span> <span class='ocrx_word' id='word_1_90' title='bbox 567 970 782 1020; x_wconf 79' lang='lat' dir='ltr'>Legebatur</span> <span class='ocrx_word' id='word_1_91' title='bbox 796 970 1071 1020; x_wconf 58' lang='grc' dir='ltr'>Κρατῖνος-26</span> <span class='ocrx_word' id='word_1_92' title='bbox 1090 969 1143 1005; x_wconf 82' lang='grc' dir='ltr'>Οὐ</span> <span class='ocrx_word' id='word_1_93' title='bbox 1159 983 1226 1004; x_wconf 87' lang='grc' dir='ltr'>κα-</span> 
     </span>
     <span class='ocr_line' id='line_1_14' title="bbox 214 1026 1226 1074; baseline -0.002 -8"><span class='ocrx_word' id='word_1_94' title='bbox 214 1045 323 1068; x_wconf 87' lang='grc' dir='ltr'>τοικτ.</span> <span class='ocrx_word' id='word_1_95' title='bbox 345 1039 381 1066; x_wconf 94' lang='lat' dir='ltr'>et</span> <span class='ocrx_word' id='word_1_96' title='bbox 403 1028 438 1066; x_wconf 78' lang='grc' dir='ltr'>δὲ</span> <span class='ocrx_word' id='word_1_97' title='bbox 464 1043 537 1066; x_wconf 87' lang='lat' dir='ltr'>om.</span> <span class='ocrx_word' id='word_1_98' title='bbox 553 1030 650 1067; x_wconf 83' lang='grc' dir='ltr'>Θ.-</span> <span class='ocrx_word' id='word_1_99' title='bbox 674 1042 719 1074; x_wconf 92' lang='grc'>27</span> <span class='ocrx_word' id='word_1_100' title='bbox 746 1026 946 1064; x_wconf 76' lang='grc' dir='ltr'>παύσασθαι</span> <span class='ocrx_word' id='word_1_101' title='bbox 968 1040 1043 1062; x_wconf 87' lang='grc' dir='ltr'>οιιι.</span> <span class='ocrx_word' id='word_1_102' title='bbox 1061 1030 1102 1063; x_wconf 79' lang='lat' dir='ltr'>V.</span> <span class='ocrx_word' id='word_1_103' title='bbox 1119 1051 1158 1057; x_wconf 93' lang='lat'><strong>—</strong></span> <span class='ocrx_word' id='word_1_104' title='bbox 1179 1028 1226 1064; x_wconf 88' lang='grc'>28</span> 
     </span>
     <span class='ocr_line' id='line_1_15' title="bbox 215 1084 1226 1135; baseline -0.001 -12"><span class='ocrx_word' id='word_1_105' title='bbox 215 1087 271 1124; x_wconf 87' lang='grc' dir='ltr'>διὰ</span> <span class='ocrx_word' id='word_1_106' title='bbox 298 1090 400 1124; x_wconf 79' lang='grc' dir='ltr'>τοῦτο</span> <span class='ocrx_word' id='word_1_107' title='bbox 419 1091 476 1133; x_wconf 87' lang='lat' dir='ltr'>V.‚</span> <span class='ocrx_word' id='word_1_108' title='bbox 511 1100 586 1123; x_wconf 89' lang='lat' dir='ltr'>om.</span> <span class='ocrx_word' id='word_1_109' title='bbox 606 1088 652 1125; x_wconf 88' lang='grc' dir='ltr'>Θ.</span> <span class='ocrx_word' id='word_1_110' title='bbox 667 1111 707 1116; x_wconf 91' lang='grc'><strong>-</strong></span> <span class='ocrx_word' id='word_1_111' title='bbox 722 1099 770 1135; x_wconf 89' lang='grc'>29</span> <span class='ocrx_word' id='word_1_112' title='bbox 787 1084 907 1130; x_wconf 80' lang='grc' dir='ltr'>ἐπειδὴ</span> <span class='ocrx_word' id='word_1_113' title='bbox 928 1099 1002 1122; x_wconf 93' lang='lat' dir='ltr'>om.</span> <span class='ocrx_word' id='word_1_114' title='bbox 1019 1090 1064 1122; x_wconf 87' lang='lat' dir='ltr'>V.</span> <span class='ocrx_word' id='word_1_115' title='bbox 1086 1086 1132 1124; x_wconf 89' lang='grc' dir='ltr'>Θ.</span> <span class='ocrx_word' id='word_1_116' title='bbox 1158 1087 1226 1123; x_wconf 85' lang='grc' dir='ltr'>τῶν</span> 
     </span>
     <span class='ocr_line' id='line_1_16' title="bbox 215 1144 1226 1193; baseline 0 -11"><span class='ocrx_word' id='word_1_117' title='bbox 215 1144 402 1191; x_wconf 81' lang='grc' dir='ltr'>Ἀθηναίων</span> <span class='ocrx_word' id='word_1_118' title='bbox 421 1146 466 1183; x_wconf 88' lang='grc' dir='ltr'>Θ.</span> <span class='ocrx_word' id='word_1_119' title='bbox 485 1169 525 1175; x_wconf 87' lang='grc'><strong>-</strong></span> <span class='ocrx_word' id='word_1_120' title='bbox 546 1146 589 1181; x_wconf 85' lang='lat'>31</span> <span class='ocrx_word' id='word_1_121' title='bbox 616 1144 768 1193; x_wconf 86' lang='grc' dir='ltr'>μάλιστα</span> <span class='ocrx_word' id='word_1_122' title='bbox 789 1144 961 1181; x_wconf 88' lang='lat' dir='ltr'>additum</span> <span class='ocrx_word' id='word_1_123' title='bbox 989 1158 1036 1180; x_wconf 76' lang='lat' dir='ltr'>ex</span> <span class='ocrx_word' id='word_1_124' title='bbox 1051 1145 1097 1182; x_wconf 91' lang='grc' dir='ltr'>Θ.</span> <span class='ocrx_word' id='word_1_125' title='bbox 1114 1169 1153 1175; x_wconf 85' lang='grc'>-</span> <span class='ocrx_word' id='word_1_126' title='bbox 1180 1146 1226 1188; x_wconf 82' lang='grc'>34</span> 
     </span>
     <span class='ocr_line' id='line_1_17' title="bbox 215 1195 1199 1255; baseline 0.002 -17"><span class='ocrx_word' id='word_1_127' title='bbox 215 1195 302 1240; x_wconf 69' lang='grc' dir='ltr'>εἶναι</span> <span class='ocrx_word' id='word_1_128' title='bbox 317 1215 393 1240; x_wconf 91' lang='lat' dir='ltr'>om.</span> <span class='ocrx_word' id='word_1_129' title='bbox 415 1203 461 1240; x_wconf 88' lang='grc' dir='ltr'>Θ.</span> <span class='ocrx_word' id='word_1_130' title='bbox 482 1203 640 1252; x_wconf 81' lang='lat' dir='ltr'>Corrige</span> <span class='ocrx_word' id='word_1_131' title='bbox 658 1201 882 1255; x_wconf 77' lang='grc' dir='ltr'>ἀπιστότερος</span> <span class='ocrx_word' id='word_1_132' title='bbox 900 1215 946 1239; x_wconf 83' lang='lat' dir='ltr'>ex</span> <span class='ocrx_word' id='word_1_133' title='bbox 962 1202 1199 1251; x_wconf 80' lang='lat' dir='ltr'>Thucydide.</span> 
     </span>
    </p>

    <p class='ocr_par' dir='ltr' id='par_1_7' title="bbox 208 1261 1230 3279">
     <span class='ocr_line' id='line_1_18' title="bbox 269 1261 1228 1311; baseline 0 -13"><span class='ocrx_word' id='word_1_134' title='bbox 269 1267 357 1310; x_wconf 88' lang='lat'>794,</span> <span class='ocrx_word' id='word_1_135' title='bbox 379 1261 504 1307; x_wconf 85' lang='grc'>35-37</span> <span class='ocrx_word' id='word_1_136' title='bbox 534 1275 610 1298; x_wconf 80' lang='grc' dir='ltr'>οιιι.</span> <span class='ocrx_word' id='word_1_137' title='bbox 633 1262 679 1299; x_wconf 91' lang='grc' dir='ltr'>Θ.</span> <span class='ocrx_word' id='word_1_138' title='bbox 704 1264 748 1297; x_wconf 90' lang='lat' dir='ltr'>In</span> <span class='ocrx_word' id='word_1_139' title='bbox 774 1264 816 1299; x_wconf 88' lang='lat' dir='ltr'>V.</span> <span class='ocrx_word' id='word_1_140' title='bbox 839 1261 932 1297; x_wconf 87' lang='lat' dir='ltr'>nihil</span> <span class='ocrx_word' id='word_1_141' title='bbox 950 1261 1022 1297; x_wconf 85' lang='lat' dir='ltr'>nisi</span> <span class='ocrx_word' id='word_1_142' title='bbox 1046 1261 1140 1307; x_wconf 87' lang='lat' dir='ltr'>hoc,</span> <span class='ocrx_word' id='word_1_143' title='bbox 1174 1261 1228 1311; x_wconf 84' lang='grc' dir='ltr'>βλ.</span> 
     </span>
     <span class='ocr_line' id='line_1_19' title="bbox 214 1318 1228 1371; baseline 0.001 -15"><span class='ocrx_word' id='word_1_144' title='bbox 214 1318 289 1365; x_wconf 79' lang='grc' dir='ltr'>ἐστὶ</span> <span class='ocrx_word' id='word_1_145' title='bbox 301 1318 341 1356; x_wconf 89' lang='grc' dir='ltr'>τὸ</span> <span class='ocrx_word' id='word_1_146' title='bbox 360 1318 527 1363; x_wconf 81' lang='grc' dir='ltr'>ἐκπιέζειν</span> <span class='ocrx_word' id='word_1_147' title='bbox 542 1318 585 1357; x_wconf 84' lang='grc' dir='ltr'>τὰ</span> <span class='ocrx_word' id='word_1_148' title='bbox 600 1319 706 1370; x_wconf 88' lang='grc' dir='ltr'>κηρία</span> <span class='ocrx_word' id='word_1_149' title='bbox 719 1321 787 1356; x_wconf 82' lang='grc' dir='ltr'>τῶν</span> <span class='ocrx_word' id='word_1_150' title='bbox 809 1319 884 1368; x_wconf 89' lang='grc' dir='ltr'>μελ.</span> <span class='ocrx_word' id='word_1_151' title='bbox 898 1343 939 1349; x_wconf 90' lang='grc'>-</span> <span class='ocrx_word' id='word_1_152' title='bbox 960 1319 1007 1356; x_wconf 92' lang='grc'>38</span> <span class='ocrx_word' id='word_1_153' title='bbox 1027 1319 1112 1371; x_wconf 75' lang='grc' dir='ltr'>παρ’</span> <span class='ocrx_word' id='word_1_154' title='bbox 1129 1321 1228 1357; x_wconf 87' lang='grc' dir='ltr'>ἱστο-</span> 
     </span>
     <span class='ocr_line' id='line_1_20' title="bbox 217 1376 1228 1429; baseline 0 -15"><span class='ocrx_word' id='word_1_155' title='bbox 217 1376 304 1429; x_wconf 84' lang='grc' dir='ltr'>ρίαν.</span> <span class='ocrx_word' id='word_1_156' title='bbox 325 1380 501 1427; x_wconf 79' lang='lat' dir='ltr'>Nugatur</span> <span class='ocrx_word' id='word_1_157' title='bbox 527 1377 740 1414; x_wconf 83' lang='lat' dir='ltr'>scholiasta.</span> <span class='ocrx_word' id='word_1_158' title='bbox 761 1381 849 1414; x_wconf 90' lang='lat' dir='ltr'>Non</span> <span class='ocrx_word' id='word_1_159' title='bbox 871 1378 971 1414; x_wconf 91' lang='lat' dir='ltr'>enim</span> <span class='ocrx_word' id='word_1_160' title='bbox 987 1377 1034 1414; x_wconf 82' lang='lat' dir='ltr'>de</span> <span class='ocrx_word' id='word_1_161' title='bbox 1060 1391 1104 1414; x_wconf 84' lang='lat' dir='ltr'>ea</span> <span class='ocrx_word' id='word_1_162' title='bbox 1122 1378 1228 1427; x_wconf 82' lang='lat' dir='ltr'>lega-</span> 
     </span>
     <span class='ocr_line' id='line_1_21' title="bbox 216 1435 1230 1485; baseline 0.002 -14"><span class='ocrx_word' id='word_1_163' title='bbox 216 1435 320 1472; x_wconf 89' lang='lat' dir='ltr'>tione</span> <span class='ocrx_word' id='word_1_164' title='bbox 344 1435 513 1484; x_wconf 82' lang='lat' dir='ltr'>loquitur</span> <span class='ocrx_word' id='word_1_165' title='bbox 529 1435 719 1481; x_wconf 88' lang='lat' dir='ltr'>Comicus,</span> <span class='ocrx_word' id='word_1_166' title='bbox 737 1449 804 1485; x_wconf 78' lang='lat' dir='ltr'>per</span> <span class='ocrx_word' id='word_1_167' title='bbox 817 1448 930 1484; x_wconf 86' lang='lat' dir='ltr'>quam</span> <span class='ocrx_word' id='word_1_168' title='bbox 951 1448 1073 1472; x_wconf 78' lang='lat' dir='ltr'>annua</span> <span class='ocrx_word' id='word_1_169' title='bbox 1090 1436 1230 1474; x_wconf 77' lang='lat' dir='ltr'>foedera</span> 
     </span>
     <span class='ocr_line' id='line_1_22' title="bbox 216 1493 1228 1544; baseline 0.003 -15"><span class='ocrx_word' id='word_1_170' title='bbox 216 1493 313 1530; x_wconf 84' lang='lat' dir='ltr'>sacta</span> <span class='ocrx_word' id='word_1_171' title='bbox 344 1502 454 1542; x_wconf 81' lang='lat' dir='ltr'>sunt3</span> <span class='ocrx_word' id='word_1_172' title='bbox 488 1507 573 1543; x_wconf 87' lang='lat' dir='ltr'>quae</span> <span class='ocrx_word' id='word_1_173' title='bbox 602 1507 678 1530; x_wconf 87' lang='lat' dir='ltr'>non</span> <span class='ocrx_word' id='word_1_174' title='bbox 719 1494 789 1530; x_wconf 89' lang='lat' dir='ltr'>suit</span> <span class='ocrx_word' id='word_1_175' title='bbox 820 1495 975 1544; x_wconf 79' lang='lat' dir='ltr'>explosa</span> <span class='ocrx_word' id='word_1_176' title='bbox 1007 1508 1027 1530; x_wconf 85' lang='lat' dir='ltr'>a</span> <span class='ocrx_word' id='word_1_177' title='bbox 1066 1495 1203 1532; x_wconf 87' lang='lat' dir='ltr'>Cleone</span> <span class='ocrx_word' id='word_1_178' title='bbox 1219 1526 1228 1543; x_wconf 89' lang='lat'>‚</span> 
     </span>
     <span class='ocr_line' id='line_1_23' title="bbox 216 1551 1227 1601; baseline 0.004 -14"><span class='ocrx_word' id='word_1_179' title='bbox 216 1551 369 1601; x_wconf 88' lang='lat' dir='ltr'>quando</span> <span class='ocrx_word' id='word_1_180' title='bbox 391 1552 507 1588; x_wconf 77' lang='lat' dir='ltr'>foedus</span> <span class='ocrx_word' id='word_1_181' title='bbox 523 1552 616 1588; x_wconf 84' lang='lat' dir='ltr'>illud</span> <span class='ocrx_word' id='word_1_182' title='bbox 637 1566 803 1589; x_wconf 83' lang='lat' dir='ltr'>annuum</span> <span class='ocrx_word' id='word_1_183' title='bbox 825 1552 1014 1588; x_wconf 86' lang='lat' dir='ltr'>obtinuit:</span> <span class='ocrx_word' id='word_1_184' title='bbox 1035 1552 1099 1589; x_wconf 88' lang='lat' dir='ltr'>sed</span> <span class='ocrx_word' id='word_1_185' title='bbox 1119 1554 1227 1591; x_wconf 84' lang='lat' dir='ltr'>aliam</span> 
     </span>
     <span class='ocr_line' id='line_1_24' title="bbox 215 1610 1229 1661; baseline 0.002 -14"><span class='ocrx_word' id='word_1_186' title='bbox 215 1610 417 1660; x_wconf 80' lang='lat' dir='ltr'>intelligit,</span> <span class='ocrx_word' id='word_1_187' title='bbox 445 1624 530 1659; x_wconf 86' lang='lat' dir='ltr'>quae</span> <span class='ocrx_word' id='word_1_188' title='bbox 562 1625 582 1647; x_wconf 87' lang='lat' dir='ltr'>a</span> <span class='ocrx_word' id='word_1_189' title='bbox 603 1611 898 1648; x_wconf 74' lang='lat' dir='ltr'>Lacedaetiioniis</span> <span class='ocrx_word' id='word_1_190' title='bbox 928 1612 1092 1661; x_wconf 85' lang='lat' dir='ltr'>septimo</span> <span class='ocrx_word' id='word_1_191' title='bbox 1130 1627 1229 1649; x_wconf 80' lang='lat' dir='ltr'>anno</span> 
     </span>
     <span class='ocr_line' id='line_1_25' title="bbox 216 1669 1229 1719; baseline 0.003 -15"><span class='ocrx_word' id='word_1_192' title='bbox 216 1669 329 1705; x_wconf 85' lang='lat' dir='ltr'>missa</span> <span class='ocrx_word' id='word_1_193' title='bbox 349 1669 419 1704; x_wconf 87' lang='lat' dir='ltr'>suit</span> <span class='ocrx_word' id='word_1_194' title='bbox 438 1669 485 1705; x_wconf 89' lang='lat' dir='ltr'>ad</span> <span class='ocrx_word' id='word_1_195' title='bbox 500 1669 744 1705; x_wconf 84' lang='lat' dir='ltr'>obtinendam</span> <span class='ocrx_word' id='word_1_196' title='bbox 767 1682 912 1719; x_wconf 83' lang='lat' dir='ltr'>pacem,</span> <span class='ocrx_word' id='word_1_197' title='bbox 935 1678 971 1706; x_wconf 91' lang='lat' dir='ltr'>et</span> <span class='ocrx_word' id='word_1_198' title='bbox 992 1671 1229 1719; x_wconf 71' lang='lat' dir='ltr'>recipiendos</span> 
     </span>
     <span class='ocr_line' id='line_1_26' title="bbox 214 1727 1229 1777; baseline 0.005 -15"><span class='ocrx_word' id='word_1_199' title='bbox 214 1728 332 1773; x_wconf 85' lang='lat' dir='ltr'>viros,</span> <span class='ocrx_word' id='word_1_200' title='bbox 349 1727 414 1776; x_wconf 92' lang='lat' dir='ltr'>qui</span> <span class='ocrx_word' id='word_1_201' title='bbox 434 1727 471 1763; x_wconf 87' lang='lat' dir='ltr'>in</span> <span class='ocrx_word' id='word_1_202' title='bbox 488 1727 609 1763; x_wconf 87' lang='lat' dir='ltr'>insula</span> <span class='ocrx_word' id='word_1_203' title='bbox 629 1728 850 1777; x_wconf 82' lang='lat' dir='ltr'>Sphacteria</span> <span class='ocrx_word' id='word_1_204' title='bbox 867 1728 914 1764; x_wconf 89' lang='lat' dir='ltr'>ad</span> <span class='ocrx_word' id='word_1_205' title='bbox 934 1728 1065 1776; x_wconf 86' lang='lat' dir='ltr'>Pylum</span> <span class='ocrx_word' id='word_1_206' title='bbox 1087 1728 1229 1767; x_wconf 80' lang='lat' dir='ltr'>obsessi</span> 
     </span>
     <span class='ocr_line' id='line_1_27' title="bbox 215 1785 1228 1837; baseline 0.004 -16"><span class='ocrx_word' id='word_1_207' title='bbox 215 1785 464 1829; x_wconf 85' lang='lat' dir='ltr'>tenebantur;</span> <span class='ocrx_word' id='word_1_208' title='bbox 482 1799 566 1835; x_wconf 84' lang='lat' dir='ltr'>quae</span> <span class='ocrx_word' id='word_1_209' title='bbox 583 1786 736 1835; x_wconf 83' lang='lat' dir='ltr'>quidem</span> <span class='ocrx_word' id='word_1_210' title='bbox 757 1787 895 1836; x_wconf 81' lang='lat' dir='ltr'>legatio</span> <span class='ocrx_word' id='word_1_211' title='bbox 915 1788 1105 1837; x_wconf 79' lang='lat' dir='ltr'>repulsam</span> <span class='ocrx_word' id='word_1_212' title='bbox 1123 1790 1228 1836; x_wconf 84' lang='lat' dir='ltr'>tulit,</span> 
     </span>
     <span class='ocr_line' id='line_1_28' title="bbox 213 1843 1228 1894; baseline 0.004 -14"><span class='ocrx_word' id='word_1_213' title='bbox 213 1843 397 1880; x_wconf 82' lang='lat' dir='ltr'>suadente</span> <span class='ocrx_word' id='word_1_214' title='bbox 415 1843 556 1881; x_wconf 90' lang='lat' dir='ltr'>Cleone</span> <span class='ocrx_word' id='word_1_215' title='bbox 573 1859 580 1880; x_wconf 91' lang='lat'>:</span> <span class='ocrx_word' id='word_1_216' title='bbox 603 1852 644 1880; x_wconf 88' lang='lat' dir='ltr'>ut</span> <span class='ocrx_word' id='word_1_217' title='bbox 664 1844 744 1880; x_wconf 77' lang='lat' dir='ltr'>fuse</span> <span class='ocrx_word' id='word_1_218' title='bbox 763 1853 891 1881; x_wconf 79' lang='lat' dir='ltr'>narrat</span> <span class='ocrx_word' id='word_1_219' title='bbox 906 1845 1150 1894; x_wconf 78' lang='lat' dir='ltr'>Thucydides</span> <span class='ocrx_word' id='word_1_220' title='bbox 1165 1846 1228 1884; x_wconf 89' lang='lat' dir='ltr'>lib.</span> 
     </span>
     <span class='ocr_line' id='line_1_29' title="bbox 215 1902 1228 1954; baseline 0.003 -15"><span class='ocrx_word' id='word_1_221' title='bbox 215 1908 251 1947; x_wconf 90' lang='lat'>4.</span> <span class='ocrx_word' id='word_1_222' title='bbox 285 1905 333 1939; x_wconf 90' lang='lat' dir='ltr'>Et</span> <span class='ocrx_word' id='word_1_223' title='bbox 367 1915 413 1938; x_wconf 86' lang='lat' dir='ltr'>ex</span> <span class='ocrx_word' id='word_1_224' title='bbox 450 1902 522 1938; x_wconf 88' lang='lat' dir='ltr'>hoc</span> <span class='ocrx_word' id='word_1_225' title='bbox 550 1902 634 1938; x_wconf 91' lang='lat' dir='ltr'>loco</span> <span class='ocrx_word' id='word_1_226' title='bbox 663 1902 864 1949; x_wconf 85' lang='lat' dir='ltr'>discimus,</span> <span class='ocrx_word' id='word_1_227' title='bbox 892 1904 1228 1954; x_wconf 88' lang='lat' dir='ltr'>Archeptolemum</span> 
     </span>
     <span class='ocr_line' id='line_1_30' title="bbox 215 1959 1229 2011; baseline 0.004 -15"><span class='ocrx_word' id='word_1_228' title='bbox 215 1959 330 1997; x_wconf 87' lang='lat' dir='ltr'>fuisse</span> <span class='ocrx_word' id='word_1_229' title='bbox 348 1959 430 2008; x_wconf 88' lang='lat' dir='ltr'>ejus</span> <span class='ocrx_word' id='word_1_230' title='bbox 454 1960 652 2009; x_wconf 84' lang='lat' dir='ltr'>legationis</span> <span class='ocrx_word' id='word_1_231' title='bbox 671 1961 919 2010; x_wconf 71' lang='lat' dir='ltr'>coryphaeum</span> <span class='ocrx_word' id='word_1_232' title='bbox 935 1976 942 1998; x_wconf 92' lang='lat'>:</span> <span class='ocrx_word' id='word_1_233' title='bbox 959 1962 1067 2011; x_wconf 87' lang='lat' dir='ltr'>cujus</span> <span class='ocrx_word' id='word_1_234' title='bbox 1091 1976 1229 2000; x_wconf 85' lang='lat' dir='ltr'>nomen</span> 
     </span>
     <span class='ocr_line' id='line_1_31' title="bbox 214 2017 1229 2069; baseline 0.003 -16"><span class='ocrx_word' id='word_1_235' title='bbox 214 2018 333 2054; x_wconf 80' lang='lat' dir='ltr'>tacuit</span> <span class='ocrx_word' id='word_1_236' title='bbox 354 2017 611 2066; x_wconf 76' lang='lat' dir='ltr'>Thucydides.</span> <span class='ocrx_word' id='word_1_237' title='bbox 636 2021 691 2055; x_wconf 85' lang='lat' dir='ltr'>Ea</span> <span class='ocrx_word' id='word_1_238' title='bbox 705 2032 796 2055; x_wconf 77' lang='lat' dir='ltr'>vero</span> <span class='ocrx_word' id='word_1_239' title='bbox 815 2019 972 2067; x_wconf 67' lang='lat' dir='ltr'>legatio,</span> <span class='ocrx_word' id='word_1_240' title='bbox 997 2020 1044 2055; x_wconf 92' lang='lat' dir='ltr'>de</span> <span class='ocrx_word' id='word_1_241' title='bbox 1072 2033 1146 2069; x_wconf 84' lang='lat' dir='ltr'>qua</span> <span class='ocrx_word' id='word_1_242' title='bbox 1167 2021 1229 2056; x_wconf 91' lang='lat' dir='ltr'>lo-</span> 
     </span>
     <span class='ocr_line' id='line_1_32' title="bbox 214 2076 1228 2127; baseline 0.002 -15"><span class='ocrx_word' id='word_1_243' title='bbox 214 2076 344 2126; x_wconf 88' lang='lat' dir='ltr'>quitur</span> <span class='ocrx_word' id='word_1_244' title='bbox 362 2076 580 2112; x_wconf 85' lang='lat' dir='ltr'>scholiastes</span> <span class='ocrx_word' id='word_1_245' title='bbox 595 2105 606 2122; x_wconf 85' lang='lat'>,</span> <span class='ocrx_word' id='word_1_246' title='bbox 626 2076 793 2112; x_wconf 87' lang='lat' dir='ltr'>nondum</span> <span class='ocrx_word' id='word_1_247' title='bbox 816 2077 927 2113; x_wconf 82' lang='lat' dir='ltr'>missa</span> <span class='ocrx_word' id='word_1_248' title='bbox 946 2078 1068 2114; x_wconf 82' lang='lat' dir='ltr'>suerat</span> <span class='ocrx_word' id='word_1_249' title='bbox 1083 2107 1093 2123; x_wconf 93' lang='lat'>‚</span> <span class='ocrx_word' id='word_1_250' title='bbox 1111 2092 1228 2127; x_wconf 85' lang='lat' dir='ltr'>quum</span> 
     </span>
     <span class='ocr_line' id='line_1_33' title="bbox 214 2134 1229 2184; baseline 0.003 -15"><span class='ocrx_word' id='word_1_251' title='bbox 214 2134 361 2184; x_wconf 89' lang='lat' dir='ltr'>prodiit</span> <span class='ocrx_word' id='word_1_252' title='bbox 376 2135 415 2170; x_wconf 91' lang='lat' dir='ltr'>in</span> <span class='ocrx_word' id='word_1_253' title='bbox 438 2147 587 2170; x_wconf 80' lang='lat' dir='ltr'>scenam</span> <span class='ocrx_word' id='word_1_254' title='bbox 605 2135 676 2170; x_wconf 91' lang='lat' dir='ltr'>hoc</span> <span class='ocrx_word' id='word_1_255' title='bbox 699 2134 840 2170; x_wconf 84' lang='lat' dir='ltr'>drama.</span> <span class='ocrx_word' id='word_1_256' title='bbox 861 2137 958 2171; x_wconf 86' lang='lat' dir='ltr'>Nam</span> <span class='ocrx_word' id='word_1_257' title='bbox 983 2136 1021 2171; x_wconf 88' lang='lat' dir='ltr'>in</span> <span class='ocrx_word' id='word_1_258' title='bbox 1049 2136 1122 2172; x_wconf 87' lang='lat' dir='ltr'>fine</span> <span class='ocrx_word' id='word_1_259' title='bbox 1143 2145 1229 2172; x_wconf 80' lang='lat' dir='ltr'>tan—</span> 
     </span>
     <span class='ocr_line' id='line_1_34' title="bbox 214 2191 1230 2243; baseline 0.002 -15"><span class='ocrx_word' id='word_1_260' title='bbox 214 2201 294 2228; x_wconf 84' lang='lat' dir='ltr'>tum</span> <span class='ocrx_word' id='word_1_261' title='bbox 309 2191 401 2228; x_wconf 85' lang='lat' dir='ltr'>belli</span> <span class='ocrx_word' id='word_1_262' title='bbox 421 2193 568 2237; x_wconf 76' lang='lat' dir='ltr'>octavi,</span> <span class='ocrx_word' id='word_1_263' title='bbox 584 2193 643 2228; x_wconf 78' lang='lat' dir='ltr'>vel</span> <span class='ocrx_word' id='word_1_264' title='bbox 665 2192 735 2228; x_wconf 86' lang='lat' dir='ltr'>sub</span> <span class='ocrx_word' id='word_1_265' title='bbox 754 2192 906 2228; x_wconf 86' lang='lat' dir='ltr'>initium</span> <span class='ocrx_word' id='word_1_266' title='bbox 921 2194 1032 2238; x_wconf 89' lang='lat' dir='ltr'>noni,</span> <span class='ocrx_word' id='word_1_267' title='bbox 1056 2207 1109 2229; x_wconf 84' lang='lat' dir='ltr'>eae</span> <span class='ocrx_word' id='word_1_268' title='bbox 1130 2194 1230 2243; x_wconf 72' lang='lat' dir='ltr'>lega-</span> 
     </span>
     <span class='ocr_line' id='line_1_35' title="bbox 215 2247 1230 2301; baseline 0.001 -14"><span class='ocrx_word' id='word_1_269' title='bbox 215 2251 335 2287; x_wconf 88' lang='lat' dir='ltr'>tiones</span> <span class='ocrx_word' id='word_1_270' title='bbox 350 2251 491 2294; x_wconf 83' lang='lat' dir='ltr'>missae,</span> <span class='ocrx_word' id='word_1_271' title='bbox 512 2259 549 2286; x_wconf 93' lang='lat' dir='ltr'>et</span> <span class='ocrx_word' id='word_1_272' title='bbox 570 2247 690 2286; x_wconf 73' lang='lat' dir='ltr'>foedus</span> <span class='ocrx_word' id='word_1_273' title='bbox 711 2250 850 2287; x_wconf 86' lang='lat' dir='ltr'>factum</span> <span class='ocrx_word' id='word_1_274' title='bbox 872 2259 940 2287; x_wconf 83' lang='lat' dir='ltr'>est.</span> <span class='ocrx_word' id='word_1_275' title='bbox 967 2254 1011 2288; x_wconf 84' lang='lat' dir='ltr'>V.</span> <span class='ocrx_word' id='word_1_276' title='bbox 1032 2252 1230 2301; x_wconf 81' lang='lat' dir='ltr'>Thucydi·-</span> 
     </span>
     <span class='ocr_line' id='line_1_36' title="bbox 214 2308 1224 2358; baseline 0.002 -13"><span class='ocrx_word' id='word_1_277' title='bbox 214 2308 300 2345; x_wconf 91' lang='lat' dir='ltr'>dem</span> <span class='ocrx_word' id='word_1_278' title='bbox 317 2315 353 2352; x_wconf 89' lang='lat'>4,</span> <span class='ocrx_word' id='word_1_279' title='bbox 379 2322 391 2344; x_wconf 86' lang='lat'>1</span> <span class='ocrx_word' id='word_1_280' title='bbox 407 2323 462 2358; x_wconf 89' lang='lat'>19.</span> <span class='ocrx_word' id='word_1_281' title='bbox 479 2312 650 2345; x_wconf 65' lang='lat' dir='ltr'>Pfflum.</span> <span class='ocrx_word' id='word_1_282' title='bbox 672 2309 779 2346; x_wconf 84' lang='lat' dir='ltr'>conf.</span> <span class='ocrx_word' id='word_1_283' title='bbox 797 2323 880 2358; x_wconf 83' lang='lat' dir='ltr'>quae</span> <span class='ocrx_word' id='word_1_284' title='bbox 903 2309 951 2345; x_wconf 88' lang='lat' dir='ltr'>ad</span> <span class='ocrx_word' id='word_1_285' title='bbox 966 2309 1082 2346; x_wconf 84' lang='lat' dir='ltr'>schol.</span> <span class='ocrx_word' id='word_1_286' title='bbox 1101 2324 1136 2347; x_wconf 76' lang='lat' dir='ltr'>v.</span> <span class='ocrx_word' id='word_1_287' title='bbox 1154 2313 1224 2357; x_wconf 89' lang='grc'>327</span> 
     </span>
     <span class='ocr_line' id='line_1_37' title="bbox 214 2366 1227 2417; baseline 0.002 -14"><span class='ocrx_word' id='word_1_288' title='bbox 214 2367 315 2403; x_wconf 86' lang='lat' dir='ltr'>dicta</span> <span class='ocrx_word' id='word_1_289' title='bbox 334 2375 432 2403; x_wconf 87' lang='lat' dir='ltr'>sunt.</span> <span class='ocrx_word' id='word_1_290' title='bbox 451 2391 493 2397; x_wconf 96' lang='lat'>—</span> <span class='ocrx_word' id='word_1_291' title='bbox 513 2372 559 2410; x_wconf 89' lang='lat'>44</span> <span class='ocrx_word' id='word_1_292' title='bbox 582 2366 821 2415; x_wconf 71' lang='lat' dir='ltr'>Thucydides</span> <span class='ocrx_word' id='word_1_293' title='bbox 843 2373 862 2410; x_wconf 89' lang='lat'>4</span> <span class='ocrx_word' id='word_1_294' title='bbox 877 2396 886 2412; x_wconf 92' lang='lat'>‚</span> <span class='ocrx_word' id='word_1_295' title='bbox 913 2382 926 2403; x_wconf 95' lang='lat'>1</span> <span class='ocrx_word' id='word_1_296' title='bbox 940 2382 985 2417; x_wconf 89' lang='lat'>19</span> <span class='ocrx_word' id='word_1_297' title='bbox 1007 2380 1014 2405; x_wconf 71' lang='grc' dir='ltr'>ε</span> <span class='ocrx_word' id='word_1_298' title='bbox 1037 2366 1227 2405; x_wconf 75' lang='grc' dir='ltr'>Ξυνέθεντο</span> 
     </span>
     <span class='ocr_line' id='line_1_38' title="bbox 214 2423 1228 2478; baseline 0.002 -16"><span class='ocrx_word' id='word_1_299' title='bbox 214 2423 250 2463; x_wconf 78' lang='grc' dir='ltr'>δὲ</span> <span class='ocrx_word' id='word_1_300' title='bbox 275 2424 335 2462; x_wconf 79' lang='grc' dir='ltr'>καὶ</span> <span class='ocrx_word' id='word_1_301' title='bbox 354 2423 560 2462; x_wconf 73' lang='grc' dir='ltr'>ἐσπένδοντο</span> <span class='ocrx_word' id='word_1_302' title='bbox 581 2425 865 2474; x_wconf 72' lang='grc' dir='ltr'>Λακεδαιμονίων</span> <span class='ocrx_word' id='word_1_303' title='bbox 887 2427 949 2474; x_wconf 80' lang='grc' dir='ltr'>μὲν</span> <span class='ocrx_word' id='word_1_304' title='bbox 973 2424 1062 2470; x_wconf 72' lang='grc' dir='ltr'>οἵδε,</span> <span class='ocrx_word' id='word_1_305' title='bbox 1092 2428 1228 2478; x_wconf 72' lang='grc' dir='ltr'>Ταῦρος</span> 
     </span>
     <span class='ocr_line' id='line_1_39' title="bbox 213 2482 1227 2536; baseline 0.002 -16"><span class='ocrx_word' id='word_1_306' title='bbox 213 2483 443 2534; x_wconf 78' lang='grc' dir='ltr'>Ἔχετιμίόα,</span> <span class='ocrx_word' id='word_1_307' title='bbox 491 2482 664 2528; x_wconf 73' lang='grc' dir='ltr'>Ἀθήναιος</span> <span class='ocrx_word' id='word_1_308' title='bbox 706 2483 937 2534; x_wconf 68' lang='grc' dir='ltr'>Περικλείδα,</span> <span class='ocrx_word' id='word_1_309' title='bbox 984 2485 1227 2536; x_wconf 68' lang='grc' dir='ltr'>Φιλοχαρίόας</span> 
     </span>
     <span class='ocr_line' id='line_1_40' title="bbox 212 2539 1225 2593; baseline 0.002 -15"><span class='ocrx_word' id='word_1_310' title='bbox 212 2539 434 2593; x_wconf 72' lang='grc' dir='ltr'>Ἐρυξιδαίόα</span> <span class='ocrx_word' id='word_1_311' title='bbox 457 2540 694 2593; x_wconf 69' lang='grc' dir='ltr'>(Ἐρυξιλαίδα</span> <span class='ocrx_word' id='word_1_312' title='bbox 726 2543 942 2579; x_wconf 82' lang='lat' dir='ltr'>Valckenar.</span> <span class='ocrx_word' id='word_1_313' title='bbox 971 2543 1017 2578; x_wconf 86' lang='lat' dir='ltr'>ad</span> <span class='ocrx_word' id='word_1_314' title='bbox 1045 2544 1225 2580; x_wconf 84' lang='lat' dir='ltr'>Herodot.</span> 
     </span>
     <span class='ocr_line' id='line_1_41' title="bbox 213 2598 1225 2651; baseline 0.003 -16"><span class='ocrx_word' id='word_1_315' title='bbox 213 2605 250 2647; x_wconf 88' lang='lat'>4,</span> <span class='ocrx_word' id='word_1_316' title='bbox 273 2599 381 2649; x_wconf 83' lang='lat'>150),</span> <span class='ocrx_word' id='word_1_317' title='bbox 404 2599 594 2651; x_wconf 77' lang='grc' dir='ltr'>Κορινθίων</span> <span class='ocrx_word' id='word_1_318' title='bbox 620 2598 656 2635; x_wconf 75' lang='grc' dir='ltr'>δὲ</span> <span class='ocrx_word' id='word_1_319' title='bbox 678 2598 801 2641; x_wconf 76' lang='grc' dir='ltr'>Αἰνέας</span> <span class='ocrx_word' id='word_1_320' title='bbox 824 2599 998 2646; x_wconf 62' lang='grc' dir='ltr'>ΞΩκύτου,</span> <span class='ocrx_word' id='word_1_321' title='bbox 1022 2601 1225 2651; x_wconf 62' lang='grc' dir='ltr'>Εὐραμίδας</span> 
     </span>
     <span class='ocr_line' id='line_1_42' title="bbox 213 2656 1224 2711; baseline 0.002 -17"><span class='ocrx_word' id='word_1_322' title='bbox 213 2656 478 2709; x_wconf 80' lang='grc' dir='ltr'>Ἀριστωνύμου,</span> <span class='ocrx_word' id='word_1_323' title='bbox 497 2657 699 2696; x_wconf 86' lang='grc' dir='ltr'>Σικυωνίων</span> <span class='ocrx_word' id='word_1_324' title='bbox 715 2658 750 2694; x_wconf 74' lang='grc' dir='ltr'>δὲ</span> <span class='ocrx_word' id='word_1_325' title='bbox 764 2658 966 2708; x_wconf 78' lang='grc' dir='ltr'>Δαμότιμος</span> <span class='ocrx_word' id='word_1_326' title='bbox 984 2660 1224 2711; x_wconf 71' lang='grc' dir='ltr'>Ναυκράτους,</span> 
     </span>
     <span class='ocr_line' id='line_1_43' title="bbox 212 2713 1223 2767; baseline 0.003 -16"><span class='ocrx_word' id='word_1_327' title='bbox 212 2713 402 2764; x_wconf 82' lang='grc' dir='ltr'>Ὀνάσιμος</span> <span class='ocrx_word' id='word_1_328' title='bbox 419 2714 654 2766; x_wconf 77' lang='grc' dir='ltr'>Μεγακλέους,</span> <span class='ocrx_word' id='word_1_329' title='bbox 670 2715 860 2767; x_wconf 74' lang='grc' dir='ltr'>Μεγαρέων</span> <span class='ocrx_word' id='word_1_330' title='bbox 880 2716 915 2753; x_wconf 78' lang='grc' dir='ltr'>δὲ</span> <span class='ocrx_word' id='word_1_331' title='bbox 933 2716 1086 2758; x_wconf 80' lang='grc' dir='ltr'>Νίκασος</span> <span class='ocrx_word' id='word_1_332' title='bbox 1103 2717 1223 2754; x_wconf 58' lang='lat' dir='ltr'>Kami-</span> 
     </span>
     <span class='ocr_line' id='line_1_44' title="bbox 211 2772 1225 2826; baseline 0.004 -18"><span class='ocrx_word' id='word_1_333' title='bbox 211 2772 292 2818; x_wconf 91' lang='grc' dir='ltr'>λου,</span> <span class='ocrx_word' id='word_1_334' title='bbox 308 2773 532 2825; x_wconf 82' lang='grc' dir='ltr'>Μενεκράτης</span> <span class='ocrx_word' id='word_1_335' title='bbox 550 2773 767 2826; x_wconf 59' lang='grc' dir='ltr'>Ἀμφιδώρου</span> <span class='ocrx_word' id='word_1_336' title='bbox 781 2804 790 2820; x_wconf 95' lang='grc'><strong>,</strong></span> <span class='ocrx_word' id='word_1_337' title='bbox 815 2773 1052 2825; x_wconf 75' lang='grc' dir='ltr'>Ἐπιδαυρίων</span> <span class='ocrx_word' id='word_1_338' title='bbox 1072 2774 1108 2811; x_wconf 76' lang='grc' dir='ltr'>δὲ</span> <span class='ocrx_word' id='word_1_339' title='bbox 1137 2775 1225 2825; x_wconf 82' lang='grc' dir='ltr'>Ἀμ-</span> 
     </span>
     <span class='ocr_line' id='line_1_45' title="bbox 212 2829 1224 2885; baseline 0.004 -19"><span class='ocrx_word' id='word_1_340' title='bbox 212 2829 290 2882; x_wconf 77' lang='grc' dir='ltr'>φίας</span> <span class='ocrx_word' id='word_1_341' title='bbox 305 2830 484 2878; x_wconf 77' lang='grc' dir='ltr'>Εὐπαΐδα,</span> <span class='ocrx_word' id='word_1_342' title='bbox 501 2831 688 2876; x_wconf 77' lang='grc' dir='ltr'>Ἀθηναίων</span> <span class='ocrx_word' id='word_1_343' title='bbox 710 2831 744 2868; x_wconf 76' lang='grc' dir='ltr'>δὲ</span> <span class='ocrx_word' id='word_1_344' title='bbox 763 2834 793 2869; x_wconf 78' lang='grc' dir='ltr'>οἱ</span> <span class='ocrx_word' id='word_1_345' title='bbox 810 2832 997 2883; x_wconf 80' lang='grc' dir='ltr'>στρατηγοὶ</span> <span class='ocrx_word' id='word_1_346' title='bbox 1018 2831 1224 2885; x_wconf 69' lang='grc' dir='ltr'>Νικόστρα-</span> 
     </span>
     <span class='ocr_line' id='line_1_46' title="bbox 211 2887 1223 2941; baseline 0.004 -18"><span class='ocrx_word' id='word_1_347' title='bbox 211 2901 268 2929; x_wconf 89' lang='grc' dir='ltr'>τος</span> <span class='ocrx_word' id='word_1_348' title='bbox 290 2887 506 2939; x_wconf 71' lang='grc' dir='ltr'>Διιτρέφους,</span> <span class='ocrx_word' id='word_1_349' title='bbox 530 2889 654 2931; x_wconf 84' lang='grc' dir='ltr'>Νικίας</span> <span class='ocrx_word' id='word_1_350' title='bbox 674 2889 875 2941; x_wconf 72' lang='grc' dir='ltr'>Νικηράτου</span> <span class='ocrx_word' id='word_1_351' title='bbox 889 2920 898 2936; x_wconf 92' lang='grc'><strong>,</strong></span> <span class='ocrx_word' id='word_1_352' title='bbox 926 2891 1104 2936; x_wconf 71' lang='grc' dir='ltr'>Αὐτοκλῆς</span> <span class='ocrx_word' id='word_1_353' title='bbox 1125 2893 1157 2929; x_wconf 92' lang='lat' dir='ltr'>T</span> <span class='ocrx_word' id='word_1_354' title='bbox 1160 2892 1223 2928; x_wconf 87' lang='grc' dir='ltr'>ολ-</span> 
     </span>
     <span class='ocr_line' id='line_1_47' title="bbox 212 2944 1224 2998; baseline 0.005 -17"><span class='ocrx_word' id='word_1_355' title='bbox 212 2944 330 2995; x_wconf 84' lang='grc' dir='ltr'>μαίου.</span> <span class='ocrx_word' id='word_1_356' title='bbox 361 2949 419 2982; x_wconf 85' lang='lat' dir='ltr'>Ex</span> <span class='ocrx_word' id='word_1_357' title='bbox 446 2946 504 2982; x_wconf 90' lang='lat' dir='ltr'>his</span> <span class='ocrx_word' id='word_1_358' title='bbox 527 2948 674 2996; x_wconf 75' lang='lat' dir='ltr'>corrige</span> <span class='ocrx_word' id='word_1_359' title='bbox 701 2948 854 2984; x_wconf 75' lang='lat' dir='ltr'>scholia.</span> <span class='ocrx_word' id='word_1_360' title='bbox 878 2977 917 2992; x_wconf 62' lang='grc'>.-</span> <span class='ocrx_word' id='word_1_361' title='bbox 947 2950 994 2992; x_wconf 89' lang='lat'>45</span> <span class='ocrx_word' id='word_1_362' title='bbox 1030 2949 1224 2998; x_wconf 74' lang='lat' dir='ltr'>legebatur</span> 
     </span>
     <span class='ocr_line' id='line_1_48' title="bbox 212 3002 1222 3057; baseline 0.005 -17"><span class='ocrx_word' id='word_1_363' title='bbox 212 3002 436 3053; x_wconf 80' lang='grc' dir='ltr'>Ἒχετιμίδης</span> <span class='ocrx_word' id='word_1_364' title='bbox 455 3004 676 3053; x_wconf 78' lang='grc' dir='ltr'>(ἐχετημίδης</span> <span class='ocrx_word' id='word_1_365' title='bbox 693 3006 754 3054; x_wconf 84' lang='grc' dir='ltr'>Θ.)</span> <span class='ocrx_word' id='word_1_366' title='bbox 769 3031 808 3037; x_wconf 92' lang='grc'>-</span> <span class='ocrx_word' id='word_1_367' title='bbox 823 3007 1052 3057; x_wconf 75' lang='grc' dir='ltr'>Περικλείδας</span> <span class='ocrx_word' id='word_1_368' title='bbox 1068 3010 1145 3055; x_wconf 76' lang='grc' dir='ltr'>(·ης</span> <span class='ocrx_word' id='word_1_369' title='bbox 1160 3007 1222 3057; x_wconf 65' lang='grc' dir='ltr'>Θ.)</span> 
     </span>
     <span class='ocr_line' id='line_1_49' title="bbox 211 3059 1221 3113; baseline 0.009 -19"><span class='ocrx_word' id='word_1_370' title='bbox 211 3085 252 3092; x_wconf 89' lang='grc'>-</span> <span class='ocrx_word' id='word_1_371' title='bbox 271 3059 522 3112; x_wconf 70' lang='grc' dir='ltr'>Σισυςροιμήδας</span> <span class='ocrx_word' id='word_1_372' title='bbox 559 3061 671 3110; x_wconf 77' lang='grc' dir='ltr'>(-ίδας</span> <span class='ocrx_word' id='word_1_373' title='bbox 699 3063 774 3112; x_wconf 84' lang='grc' dir='ltr'>Θ.).</span> <span class='ocrx_word' id='word_1_374' title='bbox 791 3087 832 3094; x_wconf 87' lang='lat'>—-</span> <span class='ocrx_word' id='word_1_375' title='bbox 873 3066 919 3106; x_wconf 91' lang='grc'>46</span> <span class='ocrx_word' id='word_1_376' title='bbox 961 3064 1145 3113; x_wconf 72' lang='grc' dir='ltr'>δημοτικὸς</span> <span class='ocrx_word' id='word_1_377' title='bbox 1176 3066 1221 3103; x_wconf 90' lang='grc' dir='ltr'>Θ.</span> 
     </span>
     <span class='ocr_line' id='line_1_50' title="bbox 210 3117 1223 3174; baseline 0.005 -19"><span class='ocrx_word' id='word_1_378' title='bbox 210 3117 414 3169; x_wconf 86' lang='grc' dir='ltr'>Ναυκράτου</span> <span class='ocrx_word' id='word_1_379' title='bbox 429 3118 511 3154; x_wconf 92' lang='lat' dir='ltr'>Ald.</span> <span class='ocrx_word' id='word_1_380' title='bbox 526 3143 565 3149; x_wconf 91' lang='lat'>—</span> <span class='ocrx_word' id='word_1_381' title='bbox 581 3120 624 3155; x_wconf 83' lang='lat'>51</span> <span class='ocrx_word' id='word_1_382' title='bbox 647 3120 720 3168; x_wconf 89' lang='grc' dir='ltr'>μετ’</span> <span class='ocrx_word' id='word_1_383' title='bbox 737 3134 812 3157; x_wconf 90' lang='lat' dir='ltr'>om.</span> <span class='ocrx_word' id='word_1_384' title='bbox 827 3123 872 3159; x_wconf 95' lang='grc' dir='ltr'>Θ.</span> <span class='ocrx_word' id='word_1_385' title='bbox 890 3147 931 3152; x_wconf 93' lang='grc'>-</span> <span class='ocrx_word' id='word_1_386' title='bbox 946 3123 992 3158; x_wconf 92' lang='grc'>52</span> <span class='ocrx_word' id='word_1_387' title='bbox 1006 3122 1223 3174; x_wconf 75' lang='grc' dir='ltr'>χρησάμενος</span> 
     </span>
     <span class='ocr_line' id='line_1_51' title="bbox 210 3175 1222 3233; baseline 0.005 -20"><span class='ocrx_word' id='word_1_388' title='bbox 210 3176 278 3226; x_wconf 84' lang='lat' dir='ltr'>(sic</span> <span class='ocrx_word' id='word_1_389' title='bbox 309 3175 438 3225; x_wconf 85' lang='lat' dir='ltr'>codd.)</span> <span class='ocrx_word' id='word_1_390' title='bbox 455 3177 502 3225; x_wconf 83' lang='grc' dir='ltr'>τῷ</span> <span class='ocrx_word' id='word_1_391' title='bbox 521 3175 663 3225; x_wconf 83' lang='grc' dir='ltr'>ὀνόματι</span> <span class='ocrx_word' id='word_1_392' title='bbox 680 3179 838 3214; x_wconf 87' lang='lat' dir='ltr'>accessit</span> <span class='ocrx_word' id='word_1_393' title='bbox 852 3191 898 3215; x_wconf 77' lang='lat' dir='ltr'>ex</span> <span class='ocrx_word' id='word_1_394' title='bbox 917 3183 962 3216; x_wconf 91' lang='lat' dir='ltr'>V.</span> <span class='ocrx_word' id='word_1_395' title='bbox 978 3182 1023 3217; x_wconf 95' lang='grc' dir='ltr'>Θ.</span> <span class='ocrx_word' id='word_1_396' title='bbox 1040 3205 1078 3210; x_wconf 94' lang='grc'>-</span> <span class='ocrx_word' id='word_1_397' title='bbox 1094 3182 1140 3223; x_wconf 86' lang='grc'>54</span> <span class='ocrx_word' id='word_1_398' title='bbox 1157 3180 1222 3233; x_wconf 83' lang='grc' dir='ltr'>γὰρ</span> 
     </span>
     <span class='ocr_line' id='line_1_52' title="bbox 208 3233 945 3279; baseline 0.001 -8"><span class='ocrx_word' id='word_1_399' title='bbox 208 3233 353 3271; x_wconf 84' lang='lat' dir='ltr'>addidit</span> <span class='ocrx_word' id='word_1_400' title='bbox 372 3233 604 3270; x_wconf 80' lang='lat' dir='ltr'>Dindorfius.</span> <span class='ocrx_word' id='word_1_401' title='bbox 621 3236 658 3271; x_wconf 85' lang='grc' dir='ltr'>οὗ</span> <span class='ocrx_word' id='word_1_402' title='bbox 673 3234 879 3279; x_wconf 81' lang='grc' dir='ltr'>κατεδέξατο</span> <span class='ocrx_word' id='word_1_403' title='bbox 900 3240 945 3272; x_wconf 90' lang='lat' dir='ltr'>V.</span> 
     </span>
    </p>

    <p class='ocr_par' dir='ltr' id='par_1_8' title="bbox 207 3292 1221 3462">
     <span class='ocr_line' id='line_1_53' title="bbox 262 3292 1220 3346; baseline 0.005 -19"><span class='ocrx_word' id='word_1_404' title='bbox 262 3293 351 3342; x_wconf 91' lang='lat'><strong>796,</strong></span> <span class='ocrx_word' id='word_1_405' title='bbox 379 3297 400 3335; x_wconf 90' lang='lat'>4</span> <span class='ocrx_word' id='word_1_406' title='bbox 419 3295 461 3342; x_wconf 81' lang='grc' dir='ltr'>τῇ</span> <span class='ocrx_word' id='word_1_407' title='bbox 478 3294 571 3342; x_wconf 82' lang='grc' dir='ltr'>πυγῇ</span> <span class='ocrx_word' id='word_1_408' title='bbox 592 3294 634 3342; x_wconf 78' lang='grc' dir='ltr'>τῇ</span> <span class='ocrx_word' id='word_1_409' title='bbox 656 3292 769 3344; x_wconf 77' lang='grc' dir='ltr'>χειρὶ,</span> <span class='ocrx_word' id='word_1_410' title='bbox 797 3294 818 3329; x_wconf 88' lang='grc'>5</span> <span class='ocrx_word' id='word_1_411' title='bbox 849 3293 939 3344; x_wconf 77' lang='grc' dir='ltr'>χειρὶ</span> <span class='ocrx_word' id='word_1_412' title='bbox 956 3294 1105 3346; x_wconf 72' lang='grc' dir='ltr'>πλατείᾳ</span> <span class='ocrx_word' id='word_1_413' title='bbox 1128 3299 1170 3332; x_wconf 86' lang='lat' dir='ltr'>V.</span> <span class='ocrx_word' id='word_1_414' title='bbox 1199 3295 1220 3340; x_wconf 75' lang='grc' dir='ltr'>ἢ</span> 
     </span>
     <span class='ocr_line' id='line_1_54' title="bbox 207 3350 1221 3405; baseline 0.002 -17"><span class='ocrx_word' id='word_1_415' title='bbox 207 3351 332 3388; x_wconf 83' lang='grc' dir='ltr'>πλατεῖ</span> <span class='ocrx_word' id='word_1_416' title='bbox 350 3350 497 3389; x_wconf 82' lang='lat' dir='ltr'>Suidas.</span> <span class='ocrx_word' id='word_1_417' title='bbox 511 3374 551 3380; x_wconf 91' lang='lat'><strong>—</strong></span> <span class='ocrx_word' id='word_1_418' title='bbox 566 3351 588 3386; x_wconf 91' lang='lat'>6</span> <span class='ocrx_word' id='word_1_419' title='bbox 606 3352 648 3401; x_wconf 78' lang='grc' dir='ltr'>τῇ</span> <span class='ocrx_word' id='word_1_420' title='bbox 668 3353 761 3401; x_wconf 76' lang='grc' dir='ltr'>πυγῇ</span> <span class='ocrx_word' id='word_1_421' title='bbox 782 3364 856 3387; x_wconf 91' lang='lat' dir='ltr'>om.</span> <span class='ocrx_word' id='word_1_422' title='bbox 875 3352 920 3388; x_wconf 95' lang='grc' dir='ltr'>Θ.</span> <span class='ocrx_word' id='word_1_423' title='bbox 936 3376 975 3382; x_wconf 90' lang='grc'><strong>-</strong></span> <span class='ocrx_word' id='word_1_424' title='bbox 991 3366 1010 3405; x_wconf 85' lang='grc'>7</span> <span class='ocrx_word' id='word_1_425' title='bbox 1028 3352 1221 3404; x_wconf 74' lang='grc' dir='ltr'>ἐχρήσαντο</span> 
     </span>
     <span class='ocr_line' id='line_1_55' title="bbox 207 3409 1160 3462; baseline 0.002 -16"><span class='ocrx_word' id='word_1_426' title='bbox 207 3412 253 3446; x_wconf 79' lang='lat' dir='ltr'>V.</span> <span class='ocrx_word' id='word_1_427' title='bbox 266 3433 308 3443; x_wconf 84' lang='lat'>--</span> <span class='ocrx_word' id='word_1_428' title='bbox 323 3410 346 3446; x_wconf 88' lang='lat'>8</span> <span class='ocrx_word' id='word_1_429' title='bbox 364 3409 527 3461; x_wconf 80' lang='grc' dir='ltr'>εὐκαίρως</span> <span class='ocrx_word' id='word_1_430' title='bbox 545 3413 742 3447; x_wconf 79' lang='lat' dir='ltr'>Kusterus.</span> <span class='ocrx_word' id='word_1_431' title='bbox 760 3409 975 3459; x_wconf 76' lang='lat' dir='ltr'>Legebatur</span> <span class='ocrx_word' id='word_1_432' title='bbox 995 3412 1160 3462; x_wconf 69' lang='grc' dir='ltr'>εὐχαρῶς.</span> 
     </span>
    </p>
   </div>
   <div class='ocr_carea' id='block_1_3' title="bbox 2220 259 2292 293">
    <p class='ocr_par' dir='ltr' id='par_1_9' title="bbox 2220 259 2292 293">
     <span class='ocr_line' id='line_1_56' title="bbox 2220 259 2292 293; baseline 0.014 -1"><span class='ocrx_word' id='word_1_433' title='bbox 2220 259 2292 293; x_wconf 81' lang='lat'>411</span> 
     </span>
    </p>
   </div>
   <div class='ocr_carea' id='block_1_4' title="bbox 1285 329 2298 496">
    <p class='ocr_par' dir='ltr' id='par_1_10' title="bbox 1285 329 2298 496">
     <span class='ocr_line' id='line_1_57' title="bbox 1339 329 2297 391; baseline 0.014 -27"><span class='ocrx_word' id='word_1_434' title='bbox 1339 329 1414 366; x_wconf 88' lang='lat'>800</span> <span class='ocrx_word' id='word_1_435' title='bbox 1429 358 1439 375; x_wconf 93' lang='lat'>,</span> <span class='ocrx_word' id='word_1_436' title='bbox 1458 342 1506 365; x_wconf 85' lang='lat'>20</span> <span class='ocrx_word' id='word_1_437' title='bbox 1532 331 1847 382; x_wconf 81' lang='grc' dir='ltr'>περιεργασάμενος</span> <span class='ocrx_word' id='word_1_438' title='bbox 1865 334 1886 380; x_wconf 87' lang='grc' dir='ltr'>ἢ</span> <span class='ocrx_word' id='word_1_439' title='bbox 1908 335 1975 373; x_wconf 87' lang='grc' dir='ltr'>ἀπὸ</span> <span class='ocrx_word' id='word_1_440' title='bbox 1993 336 2040 374; x_wconf 86' lang='grc' dir='ltr'>Θ.</span> <span class='ocrx_word' id='word_1_441' title='bbox 2067 338 2297 391; x_wconf 88' lang='grc' dir='ltr'>περιεργαζό-</span> 
     </span>
     <span class='ocr_line' id='line_1_58' title="bbox 1286 388 2298 442; baseline 0.012 -19"><span class='ocrx_word' id='word_1_442' title='bbox 1286 402 1385 436; x_wconf 86' lang='grc' dir='ltr'>μενος</span> <span class='ocrx_word' id='word_1_443' title='bbox 1405 388 1488 425; x_wconf 88' lang='lat' dir='ltr'>Ald.</span> <span class='ocrx_word' id='word_1_444' title='bbox 1502 413 1543 420; x_wconf 92' lang='lat'>—</span> <span class='ocrx_word' id='word_1_445' title='bbox 1557 403 1601 426; x_wconf 82' lang='lat'>21</span> <span class='ocrx_word' id='word_1_446' title='bbox 1623 391 1855 442; x_wconf 73' lang='grc' dir='ltr'>προσθήσεται</span> <span class='ocrx_word' id='word_1_447' title='bbox 1875 396 1920 431; x_wconf 84' lang='grc' dir='ltr'>Θ.</span> <span class='ocrx_word' id='word_1_448' title='bbox 1933 419 1975 426; x_wconf 78' lang='lat'>—</span> <span class='ocrx_word' id='word_1_449' title='bbox 1990 408 2039 432; x_wconf 87' lang='grc'>22</span> <span class='ocrx_word' id='word_1_450' title='bbox 2057 397 2198 435; x_wconf 86' lang='lat' dir='ltr'>excidit</span> <span class='ocrx_word' id='word_1_451' title='bbox 2213 412 2298 437; x_wconf 83' lang='lat' dir='ltr'>ver-</span> 
     </span>
     <span class='ocr_line' id='line_1_59' title="bbox 1285 445 2004 496; baseline 0.011 -14"><span class='ocrx_word' id='word_1_452' title='bbox 1285 445 1376 482; x_wconf 84' lang='lat' dir='ltr'>bum</span> <span class='ocrx_word' id='word_1_453' title='bbox 1394 448 1546 496; x_wconf 83' lang='lat' dir='ltr'>aliquod</span> <span class='ocrx_word' id='word_1_454' title='bbox 1562 478 1571 494; x_wconf 95' lang='lat'>‚</span> <span class='ocrx_word' id='word_1_455' title='bbox 1593 450 1696 485; x_wconf 74' lang='lat' dir='ltr'>velut</span> <span class='ocrx_word' id='word_1_456' title='bbox 1714 450 1870 488; x_wconf 83' lang='grc' dir='ltr'>πλάττει.</span> <span class='ocrx_word' id='word_1_457' title='bbox 1887 456 2004 490; x_wconf 75' lang='lat' dir='ltr'>Dim).</span> 
     </span>
    </p>
   </div>
   <div class='ocr_carea' id='block_1_5' title="bbox 1339 505 2298 564">
    <p class='ocr_par' dir='ltr' id='par_1_11' title="bbox 1339 505 2298 564">
     <span class='ocr_line' id='line_1_60' title="bbox 1339 505 2298 564; baseline 0.013 -24"><span class='ocrx_word' id='word_1_458' title='bbox 1339 505 1427 551; x_wconf 87' lang='grc'><strong>803,</strong></span> <span class='ocrx_word' id='word_1_459' title='bbox 1444 506 1491 541; x_wconf 89' lang='grc'>25</span> <span class='ocrx_word' id='word_1_460' title='bbox 1508 506 1682 558; x_wconf 74' lang='grc' dir='ltr'>δυσχερῶς</span> <span class='ocrx_word' id='word_1_461' title='bbox 1699 511 1743 544; x_wconf 81' lang='lat' dir='ltr'>V.</span> <span class='ocrx_word' id='word_1_462' title='bbox 1758 533 1798 539; x_wconf 79' lang='grc'><strong>-</strong></span> <span class='ocrx_word' id='word_1_463' title='bbox 1816 522 1860 555; x_wconf 92' lang='grc'>27</span> <span class='ocrx_word' id='word_1_464' title='bbox 1878 524 1935 559; x_wconf 90' lang='lat' dir='ltr'>sq.</span> <span class='ocrx_word' id='word_1_465' title='bbox 1952 510 2048 563; x_wconf 83' lang='grc' dir='ltr'>ἀέρος</span> <span class='ocrx_word' id='word_1_466' title='bbox 2065 512 2123 550; x_wconf 75' lang='grc' dir='ltr'>καὶ</span> <span class='ocrx_word' id='word_1_467' title='bbox 2140 514 2298 564; x_wconf 75' lang='grc' dir='ltr'>διαυγοῦς</span> 
     </span>
    </p>
   </div>
   <div class='ocr_carea' id='block_1_6' title="bbox 1285 560 2298 726">
    <p class='ocr_par' dir='ltr' id='par_1_12' title="bbox 1285 560 2298 726">
     <span class='ocr_line' id='line_1_61' title="bbox 1285 560 2297 622; baseline 0.013 -26"><span class='ocrx_word' id='word_1_468' title='bbox 1285 560 1451 598; x_wconf 82' lang='grc' dir='ltr'>τάσσεται</span> <span class='ocrx_word' id='word_1_469' title='bbox 1471 565 1516 601; x_wconf 91' lang='grc' dir='ltr'>Θ.</span> <span class='ocrx_word' id='word_1_470' title='bbox 1533 592 1576 596; x_wconf 90' lang='grc'><strong>-</strong></span> <span class='ocrx_word' id='word_1_471' title='bbox 1594 566 1641 600; x_wconf 88' lang='grc'>28</span> <span class='ocrx_word' id='word_1_472' title='bbox 1668 563 1744 606; x_wconf 75' lang='grc' dir='ltr'>ὅλος</span> <span class='ocrx_word' id='word_1_473' title='bbox 1769 569 1844 607; x_wconf 80' lang='grc' dir='ltr'>νοῦς</span> <span class='ocrx_word' id='word_1_474' title='bbox 1868 572 1912 604; x_wconf 86' lang='lat' dir='ltr'>V.</span> <span class='ocrx_word' id='word_1_475' title='bbox 1937 594 1977 599; x_wconf 93' lang='lat'><strong>—</strong></span> <span class='ocrx_word' id='word_1_476' title='bbox 2005 572 2050 606; x_wconf 83' lang='lat'>30</span> <span class='ocrx_word' id='word_1_477' title='bbox 2091 572 2212 622; x_wconf 65' lang='grc' dir='ltr'>ἀσχολ.</span> <span class='ocrx_word' id='word_1_478' title='bbox 2247 572 2297 622; x_wconf 84' lang='grc' dir='ltr'>μὴ</span> 
     </span>
     <span class='ocr_line' id='line_1_62' title="bbox 1286 616 2298 682; baseline 0.014 -28"><span class='ocrx_word' id='word_1_479' title='bbox 1286 618 1412 669; x_wconf 81' lang='grc' dir='ltr'>ἐλέγχῃ</span> <span class='ocrx_word' id='word_1_480' title='bbox 1439 621 1482 656; x_wconf 81' lang='grc' dir='ltr'>τὰ</span> <span class='ocrx_word' id='word_1_481' title='bbox 1510 620 1554 658; x_wconf 79' lang='grc' dir='ltr'>σὰ</span> <span class='ocrx_word' id='word_1_482' title='bbox 1587 622 1861 673; x_wconf 73' lang='grc' dir='ltr'>κακουργήματα</span> <span class='ocrx_word' id='word_1_483' title='bbox 1887 627 1932 663; x_wconf 94' lang='grc' dir='ltr'>Θ.</span> <span class='ocrx_word' id='word_1_484' title='bbox 1955 651 1995 657; x_wconf 94' lang='grc'><strong>-</strong></span> <span class='ocrx_word' id='word_1_485' title='bbox 2016 630 2059 665; x_wconf 80' lang='lat'>31</span> <span class='ocrx_word' id='word_1_486' title='bbox 2083 616 2298 682; x_wconf 74' lang='grc' dir='ltr'>πανουργεύ-</span> 
     </span>
     <span class='ocr_line' id='line_1_63' title="bbox 1287 681 1442 726; baseline 0.019 -15"><span class='ocrx_word' id='word_1_487' title='bbox 1287 691 1381 726; x_wconf 86' lang='grc' dir='ltr'>ματα</span> <span class='ocrx_word' id='word_1_488' title='bbox 1398 681 1442 714; x_wconf 96' lang='lat' dir='ltr'>V.</span> 
     </span>
    </p>
   </div>
   <div class='ocr_carea' id='block_1_7' title="bbox 1281 735 2304 3460">
    <p class='ocr_par' dir='ltr' id='par_1_13' title="bbox 1287 735 2299 1017">
     <span class='ocr_line' id='line_1_64' title="bbox 1340 735 2297 794; baseline 0.016 -25"><span class='ocrx_word' id='word_1_489' title='bbox 1340 735 1429 781; x_wconf 86' lang='lat'><strong>806,</strong></span> <span class='ocrx_word' id='word_1_490' title='bbox 1459 738 1505 780; x_wconf 92' lang='grc'>34</span> <span class='ocrx_word' id='word_1_491' title='bbox 1524 736 1652 787; x_wconf 83' lang='grc' dir='ltr'>κρίμνα</span> <span class='ocrx_word' id='word_1_492' title='bbox 1679 737 1925 775; x_wconf 72' lang='lat' dir='ltr'>casaubonus</span> <span class='ocrx_word' id='word_1_493' title='bbox 1947 741 1993 777; x_wconf 84' lang='lat' dir='ltr'>ad</span> <span class='ocrx_word' id='word_1_494' title='bbox 2024 743 2191 782; x_wconf 78' lang='lat' dir='ltr'>Athenaei</span> <span class='ocrx_word' id='word_1_495' title='bbox 2230 753 2297 794; x_wconf 90' lang='lat'>14,</span> 
     </span>
     <span class='ocr_line' id='line_1_65' title="bbox 1288 792 2298 845; baseline 0.014 -18"><span class='ocrx_word' id='word_1_496' title='bbox 1288 805 1323 841; x_wconf 89' lang='lat' dir='ltr'>p.</span> <span class='ocrx_word' id='word_1_497' title='bbox 1345 792 1440 839; x_wconf 93' lang='grc'>648,</span> <span class='ocrx_word' id='word_1_498' title='bbox 1459 796 1498 830; x_wconf 91' lang='grc' dir='ltr'>Β.</span> <span class='ocrx_word' id='word_1_499' title='bbox 1529 796 1666 845; x_wconf 75' lang='grc' dir='ltr'>κρῆμνα</span> <span class='ocrx_word' id='word_1_500' title='bbox 1689 795 1771 832; x_wconf 84' lang='lat' dir='ltr'>Ald.</span> <span class='ocrx_word' id='word_1_501' title='bbox 1786 820 1826 826; x_wconf 89' lang='lat'>—</span> <span class='ocrx_word' id='word_1_502' title='bbox 1845 798 1892 833; x_wconf 83' lang='lat'>35</span> <span class='ocrx_word' id='word_1_503' title='bbox 1914 797 1958 834; x_wconf 77' lang='grc' dir='ltr'>τὰ</span> <span class='ocrx_word' id='word_1_504' title='bbox 1976 802 2174 839; x_wconf 78' lang='lat' dir='ltr'>Kusterus.</span> <span class='ocrx_word' id='word_1_505' title='bbox 2202 803 2240 840; x_wconf 86' lang='grc' dir='ltr'>τὸ</span> <span class='ocrx_word' id='word_1_506' title='bbox 2256 808 2298 841; x_wconf 88' lang='lat' dir='ltr'>V.</span> 
     </span>
     <span class='ocr_line' id='line_1_66' title="bbox 1287 851 2299 908; baseline 0.01 -19"><span class='ocrx_word' id='word_1_507' title='bbox 1287 852 1332 889; x_wconf 88' lang='grc' dir='ltr'>Θ.</span> <span class='ocrx_word' id='word_1_508' title='bbox 1351 851 1434 888; x_wconf 87' lang='lat' dir='ltr'>Ald.</span> <span class='ocrx_word' id='word_1_509' title='bbox 1449 876 1489 883; x_wconf 92' lang='lat'>—</span> <span class='ocrx_word' id='word_1_510' title='bbox 1504 854 1551 889; x_wconf 85' lang='grc'>36</span> <span class='ocrx_word' id='word_1_511' title='bbox 1567 852 1671 904; x_wconf 76' lang='grc' dir='ltr'>χίδρα</span> <span class='ocrx_word' id='word_1_512' title='bbox 1697 855 1741 892; x_wconf 93' lang='grc' dir='ltr'>Θ.</span> <span class='ocrx_word' id='word_1_513' title='bbox 1761 879 1801 885; x_wconf 96' lang='grc'>-</span> <span class='ocrx_word' id='word_1_514' title='bbox 1818 861 1864 898; x_wconf 90' lang='grc' dir='ltr'>4ο</span> <span class='ocrx_word' id='word_1_515' title='bbox 1885 857 2138 908; x_wconf 82' lang='grc' dir='ltr'>ἀποπιοὶσματα</span> <span class='ocrx_word' id='word_1_516' title='bbox 2160 864 2204 898; x_wconf 86' lang='lat' dir='ltr'>V.</span> <span class='ocrx_word' id='word_1_517' title='bbox 2227 866 2299 899; x_wconf 85' lang='lat' dir='ltr'>Pro</span> 
     </span>
     <span class='ocr_line' id='line_1_67' title="bbox 1289 909 2299 971; baseline 0.013 -27"><span class='ocrx_word' id='word_1_518' title='bbox 1289 915 1334 952; x_wconf 92' lang='grc'>24</span> <span class='ocrx_word' id='word_1_519' title='bbox 1350 909 1612 961; x_wconf 83' lang='grc' dir='ltr'>περιπτίσματα</span> <span class='ocrx_word' id='word_1_520' title='bbox 1642 911 1836 960; x_wconf 77' lang='lat' dir='ltr'>legebatur</span> <span class='ocrx_word' id='word_1_521' title='bbox 1860 914 2119 965; x_wconf 78' lang='grc' dir='ltr'>περιπύσματα.</span> <span class='ocrx_word' id='word_1_522' title='bbox 2136 919 2299 971; x_wconf 87' lang='grc' dir='ltr'>περιπιά-</span> 
     </span>
     <span class='ocr_line' id='line_1_68' title="bbox 1288 970 1982 1017; baseline 0.009 -13"><span class='ocrx_word' id='word_1_523' title='bbox 1288 982 1405 1005; x_wconf 74' lang='grc' dir='ltr'>σιιατα</span> <span class='ocrx_word' id='word_1_524' title='bbox 1421 970 1468 1006; x_wconf 91' lang='grc' dir='ltr'>Θ.</span> <span class='ocrx_word' id='word_1_525' title='bbox 1485 970 1591 1006; x_wconf 88' lang='lat' dir='ltr'>Conf.</span> <span class='ocrx_word' id='word_1_526' title='bbox 1608 970 1655 1006; x_wconf 88' lang='lat' dir='ltr'>ad</span> <span class='ocrx_word' id='word_1_527' title='bbox 1670 971 1788 1008; x_wconf 90' lang='lat' dir='ltr'>schol.</span> <span class='ocrx_word' id='word_1_528' title='bbox 1806 972 1904 1009; x_wconf 72' lang='lat' dir='ltr'>Nub.</span> <span class='ocrx_word' id='word_1_529' title='bbox 1923 975 1982 1017; x_wconf 85' lang='lat'>45.</span> 
     </span>
    </p>

    <p class='ocr_par' dir='ltr' id='par_1_14' title="bbox 1341 1027 2194 1085">
     <span class='ocr_line' id='line_1_69' title="bbox 1341 1027 2194 1085; baseline 0.012 -23"><span class='ocrx_word' id='word_1_530' title='bbox 1341 1027 1429 1073; x_wconf 83' lang='grc'><strong>807,</strong></span> <span class='ocrx_word' id='word_1_531' title='bbox 1446 1034 1494 1072; x_wconf 90' lang='grc'>44</span> <span class='ocrx_word' id='word_1_532' title='bbox 1516 1029 1584 1064; x_wconf 84' lang='grc' dir='ltr'>τῶν</span> <span class='ocrx_word' id='word_1_533' title='bbox 1606 1031 1826 1079; x_wconf 82' lang='grc' dir='ltr'>στρατιωτῶν</span> <span class='ocrx_word' id='word_1_534' title='bbox 1848 1039 1884 1067; x_wconf 90' lang='lat' dir='ltr'>et</span> <span class='ocrx_word' id='word_1_535' title='bbox 1906 1032 2129 1085; x_wconf 67' lang='grc' dir='ltr'>μισθοφορίας</span> <span class='ocrx_word' id='word_1_536' title='bbox 2148 1035 2194 1072; x_wconf 94' lang='grc' dir='ltr'>Θ.</span> 
     </span>
    </p>

    <p class='ocr_par' dir='ltr' id='par_1_15' title="bbox 1288 1084 2303 1661">
     <span class='ocr_line' id='line_1_70' title="bbox 1343 1084 2300 1140; baseline 0.011 -20"><span class='ocrx_word' id='word_1_537' title='bbox 1343 1084 1417 1129; x_wconf 88' lang='lat'>814</span> <span class='ocrx_word' id='word_1_538' title='bbox 1435 1114 1444 1131; x_wconf 93' lang='lat'>‚</span> <span class='ocrx_word' id='word_1_539' title='bbox 1482 1099 1527 1122; x_wconf 82' lang='lat'>12</span> <span class='ocrx_word' id='word_1_540' title='bbox 1548 1085 1707 1133; x_wconf 73' lang='grc' dir='ltr'>ἐντολὴν,</span> <span class='ocrx_word' id='word_1_541' title='bbox 1730 1100 1778 1124; x_wconf 93' lang='grc' dir='ltr'>2ο</span> <span class='ocrx_word' id='word_1_542' title='bbox 1812 1088 1986 1140; x_wconf 69' lang='grc' dir='ltr'>ἤιηαλεν,</span> <span class='ocrx_word' id='word_1_543' title='bbox 2012 1104 2059 1127; x_wconf 91' lang='grc'>22</span> <span class='ocrx_word' id='word_1_544' title='bbox 2085 1091 2122 1129; x_wconf 79' lang='grc' dir='ltr'>δὲ</span> <span class='ocrx_word' id='word_1_545' title='bbox 2138 1106 2229 1137; x_wconf 61' lang='lat' dir='ltr'>om„</span> <span class='ocrx_word' id='word_1_546' title='bbox 2251 1095 2300 1131; x_wconf 88' lang='grc'>23</span> 
     </span>
     <span class='ocr_line' id='line_1_71' title="bbox 1288 1143 2303 1201; baseline 0.01 -22"><span class='ocrx_word' id='word_1_547' title='bbox 1288 1143 1455 1193; x_wconf 76' lang='grc' dir='ltr'>καὶτοῖς,</span> <span class='ocrx_word' id='word_1_548' title='bbox 1488 1145 1536 1181; x_wconf 90' lang='grc'>25</span> <span class='ocrx_word' id='word_1_549' title='bbox 1556 1150 1625 1187; x_wconf 85' lang='grc' dir='ltr'>τοῖς</span> <span class='ocrx_word' id='word_1_550' title='bbox 1656 1145 1855 1195; x_wconf 79' lang='grc' dir='ltr'>λεγομένοις</span> <span class='ocrx_word' id='word_1_551' title='bbox 1876 1148 1965 1197; x_wconf 74' lang='grc' dir='ltr'>μηδὲ</span> <span class='ocrx_word' id='word_1_552' title='bbox 1988 1154 2057 1191; x_wconf 89' lang='grc' dir='ltr'>τοῖς</span> <span class='ocrx_word' id='word_1_553' title='bbox 2083 1150 2303 1201; x_wconf 83' lang='grc' dir='ltr'>βουλομένοις</span> 
     </span>
     <span class='ocr_line' id='line_1_72' title="bbox 1289 1201 2303 1258; baseline 0.007 -19"><span class='ocrx_word' id='word_1_554' title='bbox 1289 1202 1335 1239; x_wconf 89' lang='grc' dir='ltr'>Θ.</span> <span class='ocrx_word' id='word_1_555' title='bbox 1356 1208 1426 1244; x_wconf 88' lang='grc' dir='ltr'>τοῖς</span> <span class='ocrx_word' id='word_1_556' title='bbox 1445 1201 1643 1252; x_wconf 79' lang='grc' dir='ltr'>λεγομένοις</span> <span class='ocrx_word' id='word_1_557' title='bbox 1663 1202 1751 1252; x_wconf 77' lang='grc' dir='ltr'>μηδὲ</span> <span class='ocrx_word' id='word_1_558' title='bbox 1779 1210 1848 1246; x_wconf 87' lang='grc' dir='ltr'>τοῖς</span> <span class='ocrx_word' id='word_1_559' title='bbox 1869 1205 2067 1256; x_wconf 85' lang='grc' dir='ltr'>λεγομένοις</span> <span class='ocrx_word' id='word_1_560' title='bbox 2092 1209 2303 1258; x_wconf 80' lang='grc' dir='ltr'>(λεγομένοις</span> 
     </span>
     <span class='ocr_line' id='line_1_73' title="bbox 1289 1261 2303 1316; baseline 0.007 -19"><span class='ocrx_word' id='word_1_561' title='bbox 1289 1273 1365 1299; x_wconf 82' lang='grc' dir='ltr'>οιιι.</span> <span class='ocrx_word' id='word_1_562' title='bbox 1390 1261 1451 1309; x_wconf 80' lang='lat' dir='ltr'>G.)</span> <span class='ocrx_word' id='word_1_563' title='bbox 1469 1265 1514 1298; x_wconf 90' lang='lat' dir='ltr'>V.</span> <span class='ocrx_word' id='word_1_564' title='bbox 1527 1286 1567 1292; x_wconf 85' lang='lat'><strong>—</strong></span> <span class='ocrx_word' id='word_1_565' title='bbox 1582 1275 1631 1310; x_wconf 85' lang='grc'>29</span> <span class='ocrx_word' id='word_1_566' title='bbox 1649 1261 1950 1312; x_wconf 81' lang='grc' dir='ltr'>κατεπαγγέλλετο</span> <span class='ocrx_word' id='word_1_567' title='bbox 1965 1265 2050 1301; x_wconf 89' lang='lat' dir='ltr'>Ald.</span> <span class='ocrx_word' id='word_1_568' title='bbox 2071 1266 2303 1316; x_wconf 82' lang='grc' dir='ltr'>ἐπηγγέλλετο</span> 
     </span>
     <span class='ocr_line' id='line_1_74' title="bbox 1289 1319 2301 1378; baseline 0.006 -22"><span class='ocrx_word' id='word_1_569' title='bbox 1289 1319 1334 1356; x_wconf 93' lang='grc' dir='ltr'>Θ.</span> <span class='ocrx_word' id='word_1_570' title='bbox 1350 1343 1390 1350; x_wconf 90' lang='lat'>--</span> <span class='ocrx_word' id='word_1_571' title='bbox 1405 1320 1451 1356; x_wconf 89' lang='grc'>35</span> <span class='ocrx_word' id='word_1_572' title='bbox 1477 1319 1752 1365; x_wconf 75' lang='grc' dir='ltr'>Πελοποννήσιοι</span> <span class='ocrx_word' id='word_1_573' title='bbox 1775 1334 1850 1357; x_wconf 90' lang='grc' dir='ltr'>οιιι.</span> <span class='ocrx_word' id='word_1_574' title='bbox 1874 1322 1933 1368; x_wconf 91' lang='grc' dir='ltr'>Θ.,</span> <span class='ocrx_word' id='word_1_575' title='bbox 1965 1336 2011 1359; x_wconf 76' lang='lat' dir='ltr'>ex</span> <span class='ocrx_word' id='word_1_576' title='bbox 2030 1337 2106 1373; x_wconf 81' lang='lat' dir='ltr'>quo</span> <span class='ocrx_word' id='word_1_577' title='bbox 2132 1325 2177 1371; x_wconf 82' lang='lat'>37</span> <span class='ocrx_word' id='word_1_578' title='bbox 2195 1323 2301 1378; x_wconf 76' lang='grc' dir='ltr'>εὑρὼν</span> 
     </span>
     <span class='ocr_line' id='line_1_75' title="bbox 1290 1374 2303 1431; baseline 0.007 -18"><span class='ocrx_word' id='word_1_579' title='bbox 1290 1377 1474 1414; x_wconf 86' lang='lat' dir='ltr'>additum.</span> <span class='ocrx_word' id='word_1_580' title='bbox 1490 1403 1530 1409; x_wconf 91' lang='lat'>—</span> <span class='ocrx_word' id='word_1_581' title='bbox 1547 1379 1595 1415; x_wconf 83' lang='grc'>38</span> <span class='ocrx_word' id='word_1_582' title='bbox 1610 1377 1710 1415; x_wconf 83' lang='grc' dir='ltr'>πόλιν</span> <span class='ocrx_word' id='word_1_583' title='bbox 1725 1379 1770 1416; x_wconf 92' lang='grc' dir='ltr'>Θ.</span> <span class='ocrx_word' id='word_1_584' title='bbox 1790 1392 1861 1429; x_wconf 83' lang='lat' dir='ltr'>pro</span> <span class='ocrx_word' id='word_1_585' title='bbox 1880 1374 1997 1418; x_wconf 64' lang='grc' dir='ltr'>οὖσαν.</span> <span class='ocrx_word' id='word_1_586' title='bbox 2014 1406 2054 1412; x_wconf 91' lang='lat'><em>-</em></span> <span class='ocrx_word' id='word_1_587' title='bbox 2075 1383 2122 1431; x_wconf 82' lang='lat'>39</span> <span class='ocrx_word' id='word_1_588' title='bbox 2140 1377 2303 1420; x_wconf 60' lang='lat' dir='ltr'>scriben-</span> 
     </span>
     <span class='ocr_line' id='line_1_76' title="bbox 1290 1435 2302 1489; baseline 0.005 -17"><span class='ocrx_word' id='word_1_589' title='bbox 1290 1435 1381 1472; x_wconf 89' lang='lat' dir='ltr'>dum</span> <span class='ocrx_word' id='word_1_590' title='bbox 1401 1435 1710 1486; x_wconf 82' lang='grc' dir='ltr'>ἀπομασσόμενον,</span> <span class='ocrx_word' id='word_1_591' title='bbox 1730 1445 1772 1473; x_wconf 92' lang='lat' dir='ltr'>ut</span> <span class='ocrx_word' id='word_1_592' title='bbox 1791 1438 1951 1488; x_wconf 79' lang='lat' dir='ltr'>intelligi</span> <span class='ocrx_word' id='word_1_593' title='bbox 1974 1440 2116 1489; x_wconf 85' lang='lat' dir='ltr'>possit,</span> <span class='ocrx_word' id='word_1_594' title='bbox 2132 1454 2302 1477; x_wconf 80' lang='lat' dir='ltr'>mensura</span> 
     </span>
     <span class='ocr_line' id='line_1_77' title="bbox 1290 1497 2302 1546; baseline 0.007 -17"><span class='ocrx_word' id='word_1_595' title='bbox 1290 1508 1360 1530; x_wconf 81' lang='lat' dir='ltr'>non</span> <span class='ocrx_word' id='word_1_596' title='bbox 1389 1498 1590 1539; x_wconf 70' lang='lat' dir='ltr'>cumulata,</span> <span class='ocrx_word' id='word_1_597' title='bbox 1619 1497 1686 1531; x_wconf 79' lang='lat' dir='ltr'>sed</span> <span class='ocrx_word' id='word_1_598' title='bbox 1710 1501 1814 1541; x_wconf 77' lang='lat' dir='ltr'>cujus</span> <span class='ocrx_word' id='word_1_599' title='bbox 1840 1500 2003 1533; x_wconf 78' lang='lat' dir='ltr'>cumulus</span> <span class='ocrx_word' id='word_1_600' title='bbox 2025 1501 2128 1534; x_wconf 84' lang='lat' dir='ltr'>radio</span> <span class='ocrx_word' id='word_1_601' title='bbox 2141 1499 2226 1546; x_wconf 79' lang='lat' dir='ltr'>fuit</span> <span class='ocrx_word' id='word_1_602' title='bbox 2242 1500 2302 1537; x_wconf 73' lang='lat' dir='ltr'>vel</span> 
     </span>
     <span class='ocr_line' id='line_1_78' title="bbox 1290 1554 2302 1595; baseline 0.008 -8"><span class='ocrx_word' id='word_1_603' title='bbox 1290 1554 1440 1588; x_wconf 74' lang='lat' dir='ltr'>leostorio</span> <span class='ocrx_word' id='word_1_604' title='bbox 1461 1555 1611 1589; x_wconf 79' lang='lat' dir='ltr'>dirutus.</span> <span class='ocrx_word' id='word_1_605' title='bbox 1639 1556 1886 1591; x_wconf 61' lang='lat' dir='ltr'>VALanxAn.</span> <span class='ocrx_word' id='word_1_606' title='bbox 1911 1555 1957 1591; x_wconf 87' lang='lat' dir='ltr'>ad</span> <span class='ocrx_word' id='word_1_607' title='bbox 1981 1556 2173 1594; x_wconf 91' lang='lat' dir='ltr'>Theocrit.</span> <span class='ocrx_word' id='word_1_608' title='bbox 2192 1558 2302 1595; x_wconf 88' lang='lat' dir='ltr'>Ado-</span> 
     </span>
     <span class='ocr_line' id='line_1_79' title="bbox 1290 1611 2066 1661; baseline 0.006 -15"><span class='ocrx_word' id='word_1_609' title='bbox 1290 1611 1385 1647; x_wconf 85' lang='lat' dir='ltr'>niaz.</span> <span class='ocrx_word' id='word_1_610' title='bbox 1404 1624 1442 1660; x_wconf 88' lang='lat' dir='ltr'>p.</span> <span class='ocrx_word' id='word_1_611' title='bbox 1460 1612 1554 1657; x_wconf 84' lang='grc'>388,</span> <span class='ocrx_word' id='word_1_612' title='bbox 1570 1615 1613 1647; x_wconf 83' lang='grc' dir='ltr'>Α.</span> <span class='ocrx_word' id='word_1_613' title='bbox 1630 1612 1901 1661; x_wconf 85' lang='grc' dir='ltr'>ἀπολειπόμενον</span> <span class='ocrx_word' id='word_1_614' title='bbox 1919 1613 2066 1651; x_wconf 81' lang='lat' dir='ltr'>Suidas.</span> 
     </span>
    </p>

    <p class='ocr_par' dir='ltr' id='par_1_16' title="bbox 1289 1667 2304 2465">
     <span class='ocr_line' id='line_1_80' title="bbox 1345 1667 2302 1719; baseline 0.007 -15"><span class='ocrx_word' id='word_1_615' title='bbox 1345 1670 1434 1715; x_wconf 75' lang='lat'>815,</span> <span class='ocrx_word' id='word_1_616' title='bbox 1454 1670 1500 1712; x_wconf 90' lang='grc'>43</span> <span class='ocrx_word' id='word_1_617' title='bbox 1529 1668 1585 1706; x_wconf 80' lang='grc' dir='ltr'>διὰ</span> <span class='ocrx_word' id='word_1_618' title='bbox 1611 1667 1654 1705; x_wconf 85' lang='grc' dir='ltr'>τὰ</span> <span class='ocrx_word' id='word_1_619' title='bbox 1675 1672 1736 1716; x_wconf 92' lang='grc'>(·).,</span> <span class='ocrx_word' id='word_1_620' title='bbox 1766 1671 1832 1719; x_wconf 90' lang='lat' dir='ltr'>qui</span> <span class='ocrx_word' id='word_1_621' title='bbox 1854 1684 1929 1710; x_wconf 89' lang='lat' dir='ltr'>om.</span> <span class='ocrx_word' id='word_1_622' title='bbox 1955 1678 2146 1719; x_wconf 82' lang='grc'>44-47.-</span> <span class='ocrx_word' id='word_1_623' title='bbox 2165 1674 2213 1718; x_wconf 83' lang='grc'>45</span> <span class='ocrx_word' id='word_1_624' title='bbox 2241 1674 2302 1712; x_wconf 73' lang='grc' dir='ltr'>λε’,</span> 
     </span>
     <span class='ocr_line' id='line_1_81' title="bbox 1292 1728 2302 1770; baseline 0.006 -6"><span class='ocrx_word' id='word_1_625' title='bbox 1292 1731 1373 1764; x_wconf 93' lang='lat' dir='ltr'>Imo</span> <span class='ocrx_word' id='word_1_626' title='bbox 1383 1728 1545 1764; x_wconf 78' lang='lat' dir='ltr'>Piraeeus</span> <span class='ocrx_word' id='word_1_627' title='bbox 1556 1733 1603 1770; x_wconf 90' lang='grc' dir='ltr'>4ο</span> <span class='ocrx_word' id='word_1_628' title='bbox 1614 1728 1745 1764; x_wconf 86' lang='lat' dir='ltr'>stadiis</span> <span class='ocrx_word' id='word_1_629' title='bbox 1753 1729 1913 1766; x_wconf 88' lang='lat' dir='ltr'>Athenis</span> <span class='ocrx_word' id='word_1_630' title='bbox 1922 1730 2097 1768; x_wconf 87' lang='lat' dir='ltr'>distabat.</span> <span class='ocrx_word' id='word_1_631' title='bbox 2107 1735 2148 1768; x_wconf 92' lang='lat' dir='ltr'>V.</span> <span class='ocrx_word' id='word_1_632' title='bbox 2160 1736 2302 1770; x_wconf 77' lang='lat' dir='ltr'>Meurs.</span> 
     </span>
     <span class='ocr_line' id='line_1_82' title="bbox 1290 1786 2303 1835; baseline 0.006 -14"><span class='ocrx_word' id='word_1_633' title='bbox 1290 1786 1330 1821; x_wconf 88' lang='lat' dir='ltr'>in</span> <span class='ocrx_word' id='word_1_634' title='bbox 1350 1786 1490 1822; x_wconf 85' lang='lat' dir='ltr'>Piraeeo</span> <span class='ocrx_word' id='word_1_635' title='bbox 1509 1799 1590 1835; x_wconf 91' lang='lat' dir='ltr'>cap.</span> <span class='ocrx_word' id='word_1_636' title='bbox 1610 1799 1624 1821; x_wconf 94' lang='lat'>1</span> <span class='ocrx_word' id='word_1_637' title='bbox 1642 1815 1652 1832; x_wconf 91' lang='lat'>‚</span> <span class='ocrx_word' id='word_1_638' title='bbox 1674 1794 1711 1822; x_wconf 87' lang='lat' dir='ltr'>et</span> <span class='ocrx_word' id='word_1_639' title='bbox 1731 1786 1770 1822; x_wconf 91' lang='lat' dir='ltr'>in</span> <span class='ocrx_word' id='word_1_640' title='bbox 1794 1790 1898 1824; x_wconf 80' lang='lat' dir='ltr'>Lect.</span> <span class='ocrx_word' id='word_1_641' title='bbox 1917 1789 2030 1824; x_wconf 90' lang='lat' dir='ltr'>Attic.</span> <span class='ocrx_word' id='word_1_642' title='bbox 2052 1789 2118 1827; x_wconf 89' lang='lat' dir='ltr'>lib.</span> <span class='ocrx_word' id='word_1_643' title='bbox 2143 1791 2162 1826; x_wconf 88' lang='grc'>3</span> <span class='ocrx_word' id='word_1_644' title='bbox 2182 1818 2192 1835; x_wconf 89' lang='grc'><strong>,</strong></span> <span class='ocrx_word' id='word_1_645' title='bbox 2214 1804 2246 1826; x_wconf 94' lang='lat' dir='ltr'>c.</span> <span class='ocrx_word' id='word_1_646' title='bbox 2269 1797 2303 1834; x_wconf 91' lang='lat'>4.</span> 
     </span>
     <span class='ocr_line' id='line_1_83' title="bbox 1290 1843 2303 1896; baseline 0.005 -16"><span class='ocrx_word' id='word_1_647' title='bbox 1290 1847 1410 1880; x_wconf 83' lang='lat' dir='ltr'>KUST.</span> <span class='ocrx_word' id='word_1_648' title='bbox 1426 1846 1469 1879; x_wconf 89' lang='lat' dir='ltr'>In</span> <span class='ocrx_word' id='word_1_649' title='bbox 1486 1843 1614 1879; x_wconf 87' lang='lat' dir='ltr'>animo</span> <span class='ocrx_word' id='word_1_650' title='bbox 1638 1843 1835 1880; x_wconf 88' lang='lat' dir='ltr'>Phalerum</span> <span class='ocrx_word' id='word_1_651' title='bbox 1858 1845 2011 1892; x_wconf 84' lang='lat' dir='ltr'>habuit,</span> <span class='ocrx_word' id='word_1_652' title='bbox 2032 1846 2139 1896; x_wconf 82' lang='lat' dir='ltr'>cujus</span> <span class='ocrx_word' id='word_1_653' title='bbox 2159 1848 2232 1884; x_wconf 88' lang='lat' dir='ltr'>hoc</span> <span class='ocrx_word' id='word_1_654' title='bbox 2257 1848 2303 1885; x_wconf 87' lang='lat' dir='ltr'>ab</span> 
     </span>
     <span class='ocr_line' id='line_1_84' title="bbox 1291 1901 2304 1943; baseline 0.006 -6"><span class='ocrx_word' id='word_1_655' title='bbox 1291 1901 1387 1938; x_wconf 82' lang='lat' dir='ltr'>urbe</span> <span class='ocrx_word' id='word_1_656' title='bbox 1410 1902 1456 1938; x_wconf 90' lang='grc'>35</span> <span class='ocrx_word' id='word_1_657' title='bbox 1485 1901 1696 1938; x_wconf 85' lang='lat' dir='ltr'>stadiorum</span> <span class='ocrx_word' id='word_1_658' title='bbox 1714 1903 1955 1940; x_wconf 83' lang='lat' dir='ltr'>intervallum</span> <span class='ocrx_word' id='word_1_659' title='bbox 1981 1913 2074 1941; x_wconf 88' lang='lat' dir='ltr'>erat.</span> <span class='ocrx_word' id='word_1_660' title='bbox 2093 1909 2304 1943; x_wconf 66' lang='lat' dir='ltr'>Maunsms.</span> 
     </span>
     <span class='ocr_line' id='line_1_85' title="bbox 1289 1959 2304 2014; baseline 0.008 -21"><span class='ocrx_word' id='word_1_661' title='bbox 1289 1985 1331 1992; x_wconf 77' lang='lat'><em>-</em></span> <span class='ocrx_word' id='word_1_662' title='bbox 1346 1965 1392 2005; x_wconf 82' lang='lat'>47</span> <span class='ocrx_word' id='word_1_663' title='bbox 1423 1959 1622 2011; x_wconf 67' lang='grc' dir='ltr'>ἐπιφέρεται</span> <span class='ocrx_word' id='word_1_664' title='bbox 1643 1963 1688 1996; x_wconf 90' lang='lat' dir='ltr'>V.</span> <span class='ocrx_word' id='word_1_665' title='bbox 1703 1984 1745 1991; x_wconf 90' lang='lat'>—</span> <span class='ocrx_word' id='word_1_666' title='bbox 1759 1962 1807 2003; x_wconf 89' lang='grc'>48</span> <span class='ocrx_word' id='word_1_667' title='bbox 1829 1961 2098 2014; x_wconf 76' lang='grc' dir='ltr'>προσ-παρέθηκε</span> <span class='ocrx_word' id='word_1_668' title='bbox 2119 1963 2253 2001; x_wconf 86' lang='lat' dir='ltr'>Suidas</span> <span class='ocrx_word' id='word_1_669' title='bbox 2275 1978 2304 2001; x_wconf 88' lang='lat' dir='ltr'>s.</span> 
     </span>
     <span class='ocr_line' id='line_1_86' title="bbox 1291 2016 2301 2071; baseline 0.003 -16"><span class='ocrx_word' id='word_1_670' title='bbox 1291 2016 1510 2068; x_wconf 80' lang='grc' dir='ltr'>Προσέμαξε.</span> <span class='ocrx_word' id='word_1_671' title='bbox 1526 2041 1566 2047; x_wconf 91' lang='lat'>-—</span> <span class='ocrx_word' id='word_1_672' title='bbox 1584 2017 1631 2053; x_wconf 89' lang='grc'>50</span> <span class='ocrx_word' id='word_1_673' title='bbox 1650 2016 1809 2066; x_wconf 84' lang='grc' dir='ltr'>συνάγειν</span> <span class='ocrx_word' id='word_1_674' title='bbox 1833 2017 1877 2054; x_wconf 79' lang='grc' dir='ltr'>τὰ</span> <span class='ocrx_word' id='word_1_675' title='bbox 1897 2018 2026 2071; x_wconf 79' lang='grc' dir='ltr'>ἄλευρα</span> <span class='ocrx_word' id='word_1_676' title='bbox 2053 2020 2201 2058; x_wconf 86' lang='lat' dir='ltr'>Suidas.</span> <span class='ocrx_word' id='word_1_677' title='bbox 2228 2024 2301 2058; x_wconf 62' lang='lat' dir='ltr'>De⁴</span> 
     </span>
     <span class='ocr_line' id='line_1_87' title="bbox 1289 2074 2298 2127; baseline 0.005 -16"><span class='ocrx_word' id='word_1_678' title='bbox 1289 2075 1378 2112; x_wconf 86' lang='lat' dir='ltr'>inde</span> <span class='ocrx_word' id='word_1_679' title='bbox 1400 2074 1594 2127; x_wconf 77' lang='grc' dir='ltr'>προσέθηκε</span> <span class='ocrx_word' id='word_1_680' title='bbox 1622 2078 1668 2112; x_wconf 86' lang='lat' dir='ltr'>V.</span> <span class='ocrx_word' id='word_1_681' title='bbox 1683 2100 1723 2105; x_wconf 90' lang='lat'><strong>—</strong></span> <span class='ocrx_word' id='word_1_682' title='bbox 1740 2076 1788 2111; x_wconf 83' lang='lat'>52</span> <span class='ocrx_word' id='word_1_683' title='bbox 1812 2076 1894 2127; x_wconf 75' lang='grc' dir='ltr'>παρ’</span> <span class='ocrx_word' id='word_1_684' title='bbox 1928 2078 2041 2120; x_wconf 79' lang='grc' dir='ltr'>αὐτοῖς</span> <span class='ocrx_word' id='word_1_685' title='bbox 2063 2084 2133 2120; x_wconf 85' lang='grc' dir='ltr'>τοῖς</span> <span class='ocrx_word' id='word_1_686' title='bbox 2164 2081 2266 2117; x_wconf 81' lang='grc' dir='ltr'>Θ.-</span> <span class='ocrx_word' id='word_1_687' title='bbox 2285 2093 2298 2116; x_wconf 76' lang='grc' dir='ltr'>ι</span> 
     </span>
     <span class='ocr_line' id='line_1_88' title="bbox 1289 2132 2298 2187; baseline 0.004 -18"><span class='ocrx_word' id='word_1_688' title='bbox 1289 2132 1385 2185; x_wconf 84' lang='grc' dir='ltr'>παρὰ</span> <span class='ocrx_word' id='word_1_689' title='bbox 1399 2133 1484 2169; x_wconf 88' lang='lat' dir='ltr'>Ald.</span> <span class='ocrx_word' id='word_1_690' title='bbox 1507 2132 1660 2181; x_wconf 84' lang='grc' dir='ltr'>σημείων</span> <span class='ocrx_word' id='word_1_691' title='bbox 1673 2161 1682 2178; x_wconf 95' lang='grc'><strong>,</strong></span> <span class='ocrx_word' id='word_1_692' title='bbox 1714 2133 1753 2169; x_wconf 89' lang='lat' dir='ltr'>id</span> <span class='ocrx_word' id='word_1_693' title='bbox 1773 2142 1850 2180; x_wconf 86' lang='lat' dir='ltr'>est,</span> <span class='ocrx_word' id='word_1_694' title='bbox 1877 2139 2036 2184; x_wconf 80' lang='lat' dir='ltr'>quinque</span> <span class='ocrx_word' id='word_1_695' title='bbox 2061 2137 2298 2187; x_wconf 65' lang='lat' dir='ltr'>millz·atjibus,</span> 
     </span>
     <span class='ocr_line' id='line_1_89' title="bbox 1291 2191 2304 2240; baseline 0.006 -14"><span class='ocrx_word' id='word_1_696' title='bbox 1291 2205 1375 2240; x_wconf 85' lang='lat' dir='ltr'>quae</span> <span class='ocrx_word' id='word_1_697' title='bbox 1396 2191 1595 2227; x_wconf 89' lang='lat' dir='ltr'>continent</span> <span class='ocrx_word' id='word_1_698' title='bbox 1612 2197 1659 2233; x_wconf 90' lang='lat'>40</span> <span class='ocrx_word' id='word_1_699' title='bbox 1680 2191 1810 2228; x_wconf 83' lang='lat' dir='ltr'>stadia.</span> <span class='ocrx_word' id='word_1_700' title='bbox 1834 2196 1930 2229; x_wconf 66' lang='lat' dir='ltr'>Nam</span> <span class='ocrx_word' id='word_1_701' title='bbox 1949 2194 1987 2229; x_wconf 92' lang='lat' dir='ltr'>in</span> <span class='ocrx_word' id='word_1_702' title='bbox 2006 2207 2124 2230; x_wconf 89' lang='lat' dir='ltr'>unum</span> <span class='ocrx_word' id='word_1_703' title='bbox 2144 2196 2304 2232; x_wconf 87' lang='lat' dir='ltr'>milliare</span> 
     </span>
     <span class='ocr_line' id='line_1_90' title="bbox 1290 2249 2300 2302; baseline 0.005 -17"><span class='ocrx_word' id='word_1_704' title='bbox 1290 2254 1501 2286; x_wconf 85' lang='lat' dir='ltr'>Romanum</span> <span class='ocrx_word' id='word_1_705' title='bbox 1533 2258 1621 2286; x_wconf 88' lang='lat' dir='ltr'>octo</span> <span class='ocrx_word' id='word_1_706' title='bbox 1658 2249 1780 2286; x_wconf 77' lang='lat' dir='ltr'>stadia</span> <span class='ocrx_word' id='word_1_707' title='bbox 1810 2251 1925 2300; x_wconf 80' lang='lat' dir='ltr'>vulgo</span> <span class='ocrx_word' id='word_1_708' title='bbox 1967 2252 2300 2302; x_wconf 78' lang='lat' dir='ltr'>computabantur.</span> 
     </span>
     <span class='ocr_line' id='line_1_91' title="bbox 1289 2308 2302 2357; baseline 0.004 -13"><span class='ocrx_word' id='word_1_709' title='bbox 1289 2311 1407 2344; x_wconf 72' lang='lat' dir='ltr'>Kusr.</span> <span class='ocrx_word' id='word_1_710' title='bbox 1426 2308 1536 2345; x_wconf 87' lang='lat' dir='ltr'>Conf.</span> <span class='ocrx_word' id='word_1_711' title='bbox 1555 2311 1727 2356; x_wconf 80' lang='lat' dir='ltr'>Ducang.</span> <span class='ocrx_word' id='word_1_712' title='bbox 1752 2321 1780 2344; x_wconf 87' lang='lat' dir='ltr'>s.</span> <span class='ocrx_word' id='word_1_713' title='bbox 1800 2309 1968 2357; x_wconf 86' lang='grc' dir='ltr'>Σημεῖον.</span> <span class='ocrx_word' id='word_1_714' title='bbox 1988 2311 2033 2348; x_wconf 94' lang='grc' dir='ltr'>Θ.</span> <span class='ocrx_word' id='word_1_715' title='bbox 2052 2310 2165 2347; x_wconf 87' lang='lat' dir='ltr'>habet</span> <span class='ocrx_word' id='word_1_716' title='bbox 2180 2311 2248 2348; x_wconf 87' lang='grc' dir='ltr'>ἀπὸ</span> <span class='ocrx_word' id='word_1_717' title='bbox 2266 2310 2302 2348; x_wconf 82' lang='grc' dir='ltr'>οέ</span> 
     </span>
     <span class='ocr_line' id='line_1_92' title="bbox 1290 2364 2299 2418; baseline 0.006 -17"><span class='ocrx_word' id='word_1_718' title='bbox 1290 2365 1443 2415; x_wconf 82' lang='grc' dir='ltr'>σημείων</span> <span class='ocrx_word' id='word_1_719' title='bbox 1476 2368 1537 2410; x_wconf 69' lang='grc' dir='ltr'>τῆς</span> <span class='ocrx_word' id='word_1_720' title='bbox 1565 2364 1708 2407; x_wconf 83' lang='grc' dir='ltr'>πόλεως.</span> <span class='ocrx_word' id='word_1_721' title='bbox 1730 2365 1788 2402; x_wconf 86' lang='grc' dir='ltr'>καὶ</span> <span class='ocrx_word' id='word_1_722' title='bbox 1821 2368 1945 2418; x_wconf 72' lang='grc' dir='ltr'>ἀπεῖχε</span> <span class='ocrx_word' id='word_1_723' title='bbox 1971 2370 2032 2413; x_wconf 55' lang='grc' dir='ltr'>τἿς</span> <span class='ocrx_word' id='word_1_724' title='bbox 2051 2367 2184 2412; x_wconf 86' lang='grc' dir='ltr'>πόλεως</span> <span class='ocrx_word' id='word_1_725' title='bbox 2215 2385 2299 2407; x_wconf 90' lang='grc' dir='ltr'>στα-</span> 
     </span>
     <span class='ocr_line' id='line_1_93' title="bbox 1289 2422 1444 2465; baseline 0 -5"><span class='ocrx_word' id='word_1_726' title='bbox 1289 2424 1378 2465; x_wconf 73' lang='grc' dir='ltr'>δίους</span> <span class='ocrx_word' id='word_1_727' title='bbox 1393 2422 1444 2460; x_wconf 77' lang='grc' dir='ltr'>λέ.</span> 
     </span>
    </p>

    <p class='ocr_par' dir='ltr' id='par_1_17' title="bbox 1342 2482 2115 2535">
     <span class='ocr_line' id='line_1_94' title="bbox 1342 2482 2115 2535; baseline 0.004 -16"><span class='ocrx_word' id='word_1_728' title='bbox 1342 2485 1430 2531; x_wconf 88' lang='lat'>816,</span> <span class='ocrx_word' id='word_1_729' title='bbox 1458 2485 1477 2520; x_wconf 92' lang='grc'>3</span> <span class='ocrx_word' id='word_1_730' title='bbox 1499 2484 1537 2520; x_wconf 80' lang='grc' dir='ltr'>ἐκ</span> <span class='ocrx_word' id='word_1_731' title='bbox 1559 2485 1731 2535; x_wconf 84' lang='grc' dir='ltr'>Πειραιῶς</span> <span class='ocrx_word' id='word_1_732' title='bbox 1752 2482 1873 2526; x_wconf 78' lang='grc' dir='ltr'>αὐτοὺς</span> <span class='ocrx_word' id='word_1_733' title='bbox 1892 2484 2051 2532; x_wconf 79' lang='grc' dir='ltr'>ἐποίησεν</span> <span class='ocrx_word' id='word_1_734' title='bbox 2069 2487 2115 2524; x_wconf 95' lang='grc' dir='ltr'>Θ.</span> 
     </span>
    </p>

    <p class='ocr_par' dir='ltr' id='par_1_18' title="bbox 1341 2541 1728 2590">
     <span class='ocr_line' id='line_1_95' title="bbox 1341 2541 1728 2590; baseline 0 -12"><span class='ocrx_word' id='word_1_735' title='bbox 1341 2542 1430 2588; x_wconf 82' lang='lat'>817,</span> <span class='ocrx_word' id='word_1_736' title='bbox 1449 2555 1472 2590; x_wconf 89' lang='lat'><strong>9</strong></span> <span class='ocrx_word' id='word_1_737' title='bbox 1487 2555 1562 2577; x_wconf 91' lang='lat' dir='ltr'>om.</span> <span class='ocrx_word' id='word_1_738' title='bbox 1577 2543 1622 2579; x_wconf 94' lang='grc' dir='ltr'>Θ.</span> <span class='ocrx_word' id='word_1_739' title='bbox 1645 2541 1728 2578; x_wconf 80' lang='lat' dir='ltr'>Ald.</span> 
     </span>
    </p>

    <p class='ocr_par' dir='ltr' id='par_1_19' title="bbox 1287 2600 2302 2709">
     <span class='ocr_line' id='line_1_96' title="bbox 1341 2600 2302 2649; baseline 0.004 -13"><span class='ocrx_word' id='word_1_740' title='bbox 1341 2601 1429 2648; x_wconf 86' lang='lat'>819,</span> <span class='ocrx_word' id='word_1_741' title='bbox 1463 2605 1506 2642; x_wconf 89' lang='lat'>14</span> <span class='ocrx_word' id='word_1_742' title='bbox 1530 2600 1776 2649; x_wconf 72' lang='grc' dir='ltr'>Θεμιστοκλῆν</span> <span class='ocrx_word' id='word_1_743' title='bbox 1797 2601 1841 2638; x_wconf 93' lang='grc' dir='ltr'>Θ.</span> <span class='ocrx_word' id='word_1_744' title='bbox 1856 2626 1896 2632; x_wconf 84' lang='lat'><strong>—</strong></span> <span class='ocrx_word' id='word_1_745' title='bbox 1916 2601 1973 2637; x_wconf 90' lang='lat'>16.</span> <span class='ocrx_word' id='word_1_746' title='bbox 1995 2601 2103 2639; x_wconf 89' lang='lat' dir='ltr'>Conf.</span> <span class='ocrx_word' id='word_1_747' title='bbox 2126 2602 2302 2641; x_wconf 77' lang='lat' dir='ltr'>Schneid.</span> 
     </span>
     <span class='ocr_line' id='line_1_97' title="bbox 1287 2659 1998 2709; baseline -0.001 -12"><span class='ocrx_word' id='word_1_748' title='bbox 1287 2660 1334 2697; x_wconf 79' lang='lat' dir='ltr'>ad</span> <span class='ocrx_word' id='word_1_749' title='bbox 1349 2659 1542 2709; x_wconf 71' lang='lat' dir='ltr'>Theopln‘.</span> <span class='ocrx_word' id='word_1_750' title='bbox 1564 2659 1638 2695; x_wconf 75' lang='lat' dir='ltr'>vol.</span> <span class='ocrx_word' id='word_1_751' title='bbox 1662 2664 1698 2705; x_wconf 85' lang='lat'>4,</span> <span class='ocrx_word' id='word_1_752' title='bbox 1713 2672 1751 2708; x_wconf 91' lang='lat' dir='ltr'>p.</span> <span class='ocrx_word' id='word_1_753' title='bbox 1773 2672 1860 2705; x_wconf 88' lang='grc'>277.</span> <span class='ocrx_word' id='word_1_754' title='bbox 1878 2663 1998 2696; x_wconf 76' lang='lat' dir='ltr'>Dmn.</span> 
     </span>
    </p>

    <p class='ocr_par' dir='ltr' id='par_1_20' title="bbox 1341 2715 1839 2767">
     <span class='ocr_line' id='line_1_98' title="bbox 1341 2715 1839 2767; baseline 0 -13"><span class='ocrx_word' id='word_1_755' title='bbox 1341 2719 1388 2754; x_wconf 89' lang='grc'>82</span> <span class='ocrx_word' id='word_1_756' title='bbox 1402 2732 1432 2764; x_wconf 88' lang='grc' dir='ltr'>ι,</span> <span class='ocrx_word' id='word_1_757' title='bbox 1449 2731 1497 2754; x_wconf 90' lang='grc'>20</span> <span class='ocrx_word' id='word_1_758' title='bbox 1518 2715 1714 2767; x_wconf 67' lang='grc' dir='ltr'>σκέρὸολλα</span> <span class='ocrx_word' id='word_1_759' title='bbox 1730 2720 1775 2753; x_wconf 87' lang='lat' dir='ltr'>V.</span> <span class='ocrx_word' id='word_1_760' title='bbox 1795 2718 1839 2754; x_wconf 93' lang='grc' dir='ltr'>Θ.</span> 
     </span>
    </p>

    <p class='ocr_par' dir='ltr' id='par_1_21' title="bbox 1285 2771 2301 2883">
     <span class='ocr_line' id='line_1_99' title="bbox 1339 2771 2301 2823; baseline 0.004 -13"><span class='ocrx_word' id='word_1_761' title='bbox 1339 2775 1411 2822; x_wconf 90' lang='grc'>827</span> <span class='ocrx_word' id='word_1_762' title='bbox 1429 2803 1438 2820; x_wconf 94' lang='grc'>,</span> <span class='ocrx_word' id='word_1_763' title='bbox 1470 2776 1516 2818; x_wconf 83' lang='grc'>43</span> <span class='ocrx_word' id='word_1_764' title='bbox 1542 2773 1738 2823; x_wconf 76' lang='lat' dir='ltr'>legebatur</span> <span class='ocrx_word' id='word_1_765' title='bbox 1771 2772 1971 2822; x_wconf 81' lang='grc' dir='ltr'>μύστιλλον.</span> <span class='ocrx_word' id='word_1_766' title='bbox 2000 2771 2219 2812; x_wconf 76' lang='lat' dir='ltr'>correctum</span> <span class='ocrx_word' id='word_1_767' title='bbox 2253 2788 2301 2815; x_wconf 72' lang='lat' dir='ltr'>ex</span> 
     </span>
     <span class='ocr_line' id='line_1_100' title="bbox 1285 2831 2114 2883; baseline -0.001 -14"><span class='ocrx_word' id='word_1_768' title='bbox 1285 2832 1399 2870; x_wconf 88' lang='lat' dir='ltr'>Suida</span> <span class='ocrx_word' id='word_1_769' title='bbox 1413 2846 1440 2868; x_wconf 91' lang='lat' dir='ltr'>s.</span> <span class='ocrx_word' id='word_1_770' title='bbox 1456 2833 1689 2869; x_wconf 73' lang='grc' dir='ltr'>Μυστιλᾶται.</span> <span class='ocrx_word' id='word_1_771' title='bbox 1705 2856 1746 2861; x_wconf 93' lang='lat'>—-</span> <span class='ocrx_word' id='word_1_772' title='bbox 1765 2839 1810 2877; x_wconf 84' lang='lat'>47</span> <span class='ocrx_word' id='word_1_773' title='bbox 1835 2831 2047 2883; x_wconf 84' lang='grc' dir='ltr'>ἀρρύσασθαι</span> <span class='ocrx_word' id='word_1_774' title='bbox 2067 2832 2114 2869; x_wconf 92' lang='grc' dir='ltr'>Θ.</span> 
     </span>
    </p>

    <p class='ocr_par' dir='ltr' id='par_1_22' title="bbox 1282 2887 2298 3115">
     <span class='ocr_line' id='line_1_101' title="bbox 1339 2887 2296 2940; baseline 0.003 -16"><span class='ocrx_word' id='word_1_775' title='bbox 1339 2893 1426 2939; x_wconf 82' lang='grc'>829,</span> <span class='ocrx_word' id='word_1_776' title='bbox 1444 2896 1489 2936; x_wconf 83' lang='grc'>47</span> <span class='ocrx_word' id='word_1_777' title='bbox 1507 2889 1556 2925; x_wconf 84' lang='grc' dir='ltr'>ἔλ.</span> <span class='ocrx_word' id='word_1_778' title='bbox 1582 2888 1618 2925; x_wconf 78' lang='grc' dir='ltr'>δὲ</span> <span class='ocrx_word' id='word_1_779' title='bbox 1637 2887 1676 2924; x_wconf 69' lang='grc' dir='ltr'>τὸ</span> <span class='ocrx_word' id='word_1_780' title='bbox 1696 2887 1829 2940; x_wconf 76' lang='grc' dir='ltr'>αἱρήσω</span> <span class='ocrx_word' id='word_1_781' title='bbox 1849 2889 1992 2925; x_wconf 79' lang='grc' dir='ltr'>ἀπὸτοῦ</span> <span class='ocrx_word' id='word_1_782' title='bbox 2021 2888 2181 2940; x_wconf 74' lang='grc' dir='ltr'>χαιρῆσω</span> <span class='ocrx_word' id='word_1_783' title='bbox 2213 2890 2296 2930; x_wconf 82' lang='lat' dir='ltr'>Ald.</span> 
     </span>
     <span class='ocr_line' id='line_1_102' title="bbox 1284 2947 2298 2999; baseline 0.001 -14"><span class='ocrx_word' id='word_1_784' title='bbox 1284 2949 1487 2997; x_wconf 80' lang='lat' dir='ltr'>Sequentia</span> <span class='ocrx_word' id='word_1_785' title='bbox 1514 2961 1588 2983; x_wconf 91' lang='lat' dir='ltr'>om.</span> <span class='ocrx_word' id='word_1_786' title='bbox 1607 2948 1747 2989; x_wconf 91' lang='grc' dir='ltr'>Θ.-48</span> <span class='ocrx_word' id='word_1_787' title='bbox 1774 2948 1904 2991; x_wconf 65' lang='grc' dir='ltr'>κλοπῆς</span> <span class='ocrx_word' id='word_1_788' title='bbox 1924 2947 2232 2999; x_wconf 77' lang='grc' dir='ltr'>συγκατηγορήσας</span> <span class='ocrx_word' id='word_1_789' title='bbox 2250 2953 2298 2989; x_wconf 87' lang='lat' dir='ltr'>V.</span> 
     </span>
     <span class='ocr_line' id='line_1_103' title="bbox 1284 3005 2297 3058; baseline 0.002 -15"><span class='ocrx_word' id='word_1_790' title='bbox 1284 3007 1457 3043; x_wconf 77' lang='lat' dir='ltr'>Correxit</span> <span class='ocrx_word' id='word_1_791' title='bbox 1476 3005 1651 3042; x_wconf 87' lang='lat' dir='ltr'>Dindorf.</span> <span class='ocrx_word' id='word_1_792' title='bbox 1681 3019 1719 3041; x_wconf 88' lang='grc' dir='ltr'>σε</span> <span class='ocrx_word' id='word_1_793' title='bbox 1736 3005 1795 3040; x_wconf 83' lang='lat' dir='ltr'>vel</span> <span class='ocrx_word' id='word_1_794' title='bbox 1816 3019 1875 3040; x_wconf 85' lang='grc' dir='ltr'>σου</span> <span class='ocrx_word' id='word_1_795' title='bbox 1893 3019 1971 3041; x_wconf 83' lang='grc' dir='ltr'>κατ.</span> <span class='ocrx_word' id='word_1_796' title='bbox 2000 3006 2196 3044; x_wconf 85' lang='lat' dir='ltr'>Edebatur</span> <span class='ocrx_word' id='word_1_797' title='bbox 2215 3023 2297 3058; x_wconf 91' lang='grc' dir='ltr'>συγ-</span> 
     </span>
     <span class='ocr_line' id='line_1_104' title="bbox 1282 3063 1558 3115; baseline -0.007 -14"><span class='ocrx_word' id='word_1_798' title='bbox 1282 3063 1558 3115; x_wconf 66' lang='grc' dir='ltr'>κατηγόρήσεως.</span> 
     </span>
    </p>

    <p class='ocr_par' dir='ltr' id='par_1_23' title="bbox 1281 3119 2295 3403">
     <span class='ocr_line' id='line_1_105' title="bbox 1338 3119 2295 3172; baseline 0.001 -13"><span class='ocrx_word' id='word_1_799' title='bbox 1338 3124 1425 3167; x_wconf 86' lang='grc'><strong>830,</strong></span> <span class='ocrx_word' id='word_1_800' title='bbox 1449 3123 1469 3158; x_wconf 87' lang='lat'><strong>5</strong></span> <span class='ocrx_word' id='word_1_801' title='bbox 1493 3120 1634 3172; x_wconf 71' lang='grc' dir='ltr'>ῥήματα</span> <span class='ocrx_word' id='word_1_802' title='bbox 1648 3122 1691 3157; x_wconf 85' lang='lat' dir='ltr'>V.</span> <span class='ocrx_word' id='word_1_803' title='bbox 1716 3127 1753 3155; x_wconf 93' lang='lat' dir='ltr'>et</span> <span class='ocrx_word' id='word_1_804' title='bbox 1773 3119 1904 3156; x_wconf 84' lang='lat' dir='ltr'>Suidas</span> <span class='ocrx_word' id='word_1_805' title='bbox 1928 3133 1955 3157; x_wconf 89' lang='lat' dir='ltr'>s.</span> <span class='ocrx_word' id='word_1_806' title='bbox 1977 3121 2202 3171; x_wconf 86' lang='grc' dir='ltr'>Πλατυγίζει.</span> <span class='ocrx_word' id='word_1_807' title='bbox 2227 3122 2295 3160; x_wconf 87' lang='grc' dir='ltr'>δεί-</span> 
     </span>
     <span class='ocr_line' id='line_1_106' title="bbox 1282 3177 2295 3231; baseline 0 -14"><span class='ocrx_word' id='word_1_808' title='bbox 1282 3180 1494 3231; x_wconf 71' lang='grc' dir='ltr'>γματαΑὶιί.</span> <span class='ocrx_word' id='word_1_809' title='bbox 1513 3178 1617 3216; x_wconf 86' lang='lat' dir='ltr'>Conf.</span> <span class='ocrx_word' id='word_1_810' title='bbox 1637 3177 1682 3213; x_wconf 87' lang='lat' dir='ltr'>ad</span> <span class='ocrx_word' id='word_1_811' title='bbox 1703 3177 1819 3213; x_wconf 85' lang='lat' dir='ltr'>schol.</span> <span class='ocrx_word' id='word_1_812' title='bbox 1840 3178 1935 3215; x_wconf 86' lang='lat' dir='ltr'>Ran.</span> <span class='ocrx_word' id='word_1_813' title='bbox 1950 3180 2090 3227; x_wconf 82' lang='lat'>983.-</span> <span class='ocrx_word' id='word_1_814' title='bbox 2105 3180 2128 3215; x_wconf 89' lang='lat'>6</span> <span class='ocrx_word' id='word_1_815' title='bbox 2146 3179 2221 3217; x_wconf 86' lang='grc' dir='ltr'>ἀντὶ</span> <span class='ocrx_word' id='word_1_816' title='bbox 2236 3184 2295 3217; x_wconf 66' lang='grc' dir='ltr'>τοῦ</span> 
     </span>
     <span class='ocr_line' id='line_1_107' title="bbox 1281 3235 2292 3286; baseline -0.002 -10"><span class='ocrx_word' id='word_1_817' title='bbox 1281 3241 1386 3276; x_wconf 86' lang='grc' dir='ltr'>πλατ.</span> <span class='ocrx_word' id='word_1_818' title='bbox 1403 3237 1547 3275; x_wconf 74' lang='lat' dir='ltr'>Suidas.</span> <span class='ocrx_word' id='word_1_819' title='bbox 1565 3260 1605 3266; x_wconf 91' lang='lat'>—</span> <span class='ocrx_word' id='word_1_820' title='bbox 1631 3249 1650 3282; x_wconf 94' lang='lat'>7</span> <span class='ocrx_word' id='word_1_821' title='bbox 1671 3235 1883 3286; x_wconf 78' lang='grc' dir='ltr'>προσερείόει</span> <span class='ocrx_word' id='word_1_822' title='bbox 1912 3237 1958 3274; x_wconf 95' lang='grc' dir='ltr'>Θ.</span> <span class='ocrx_word' id='word_1_823' title='bbox 1983 3245 2019 3274; x_wconf 80' lang='lat' dir='ltr'>et</span> <span class='ocrx_word' id='word_1_824' title='bbox 2047 3238 2194 3274; x_wconf 89' lang='lat' dir='ltr'>Suidas.</span> <span class='ocrx_word' id='word_1_825' title='bbox 2217 3241 2292 3275; x_wconf 86' lang='lat' dir='ltr'>Le-</span> 
     </span>
     <span class='ocr_line' id='line_1_108' title="bbox 1282 3294 2293 3348; baseline -0.005 -14"><span class='ocrx_word' id='word_1_826' title='bbox 1282 3298 1442 3348; x_wconf 79' lang='lat' dir='ltr'>gebatui·</span> <span class='ocrx_word' id='word_1_827' title='bbox 1467 3294 1734 3347; x_wconf 71' lang='grc' dir='ltr'>προσερείδεται.</span> <span class='ocrx_word' id='word_1_828' title='bbox 1749 3319 1788 3324; x_wconf 86' lang='grc'><strong>-</strong></span> <span class='ocrx_word' id='word_1_829' title='bbox 1806 3295 1828 3331; x_wconf 92' lang='grc'>8</span> <span class='ocrx_word' id='word_1_830' title='bbox 1856 3297 1900 3346; x_wconf 76' lang='grc' dir='ltr'>τῇ</span> <span class='ocrx_word' id='word_1_831' title='bbox 1935 3295 2064 3348; x_wconf 75' lang='grc' dir='ltr'>εἰρεσίᾳ</span> <span class='ocrx_word' id='word_1_832' title='bbox 2093 3310 2167 3333; x_wconf 81' lang='grc' dir='ltr'>οιιι.</span> <span class='ocrx_word' id='word_1_833' title='bbox 2186 3297 2231 3335; x_wconf 91' lang='grc' dir='ltr'>Θ.</span> <span class='ocrx_word' id='word_1_834' title='bbox 2251 3320 2293 3329; x_wconf 77' lang='grc'>.-</span> 
     </span>
     <span class='ocr_line' id='line_1_109' title="bbox 1287 3354 1630 3403; baseline -0.012 -11"><span class='ocrx_word' id='word_1_835' title='bbox 1287 3370 1331 3392; x_wconf 87' lang='lat'>10</span> <span class='ocrx_word' id='word_1_836' title='bbox 1351 3354 1569 3403; x_wconf 78' lang='grc' dir='ltr'>πλατυγίζειν</span> <span class='ocrx_word' id='word_1_837' title='bbox 1585 3354 1630 3390; x_wconf 94' lang='grc' dir='ltr'>Θ.</span> 
     </span>
    </p>

    <p class='ocr_par' dir='ltr' id='par_1_24' title="bbox 1335 3409 2291 3460">
     <span class='ocr_line' id='line_1_110' title="bbox 1335 3409 2291 3460; baseline 0.003 -14"><span class='ocrx_word' id='word_1_838' title='bbox 1335 3414 1424 3459; x_wconf 82' lang='grc'>834,</span> <span class='ocrx_word' id='word_1_839' title='bbox 1448 3426 1490 3447; x_wconf 85' lang='grc'>12</span> <span class='ocrx_word' id='word_1_840' title='bbox 1510 3409 1565 3446; x_wconf 67' lang='grc' dir='ltr'>διὰ</span> <span class='ocrx_word' id='word_1_841' title='bbox 1584 3409 1622 3446; x_wconf 75' lang='grc' dir='ltr'>τὸ</span> <span class='ocrx_word' id='word_1_842' title='bbox 1643 3409 1734 3460; x_wconf 74' lang='grc' dir='ltr'>δῶρα</span> <span class='ocrx_word' id='word_1_843' title='bbox 1760 3409 1889 3448; x_wconf 73' lang='grc' dir='ltr'>διδόναι</span> <span class='ocrx_word' id='word_1_844' title='bbox 1909 3411 2105 3449; x_wconf 78' lang='grc' dir='ltr'>ἀναπείθειν</span> <span class='ocrx_word' id='word_1_845' title='bbox 2127 3412 2172 3450; x_wconf 84' lang='grc' dir='ltr'>Θ.</span> <span class='ocrx_word' id='word_1_846' title='bbox 2188 3413 2291 3449; x_wconf 69' lang='lat'>—13</span> 
     </span>
    </p>
   </div>
  </div>
 </body>
</html>
