2533 3808
256 248 326 280 160

306 336 382 362 1088.
414 316 642 371 (κεντούμενοί
658 329 667 354 :
687 316 800 353 Τοῦτο
819 311 902 363 πρὸς
921 309 983 356 τὴν
1007 310 1196 360 ὁμοιότητα
1216 311 1282 346 τῶν

252 381 417 433 σφηκῶν.)

309 451 383 475 1091.
417 434 495 485 (ἄρα
518 430 646 473 δεινόςε

251 495 324 532 Εῦτὶ
340 509 381 544 τί,
400 493 484 544 (υῦῇ.
504 489 562 527 καὶ
584 487 669 533 αὕτη
687 485 753 536 (αἶ)
773 485 926 522 Χο)λ(ον
912 499 984 520 ἔστι
1002 482 1060 520 καὶ
1081 497 1208 532 σῗῑγίὸν
1227 497 1261 518 ια
1276 511 1285 527 ‚

666 428 711 467 ‘H
730 425 863 479 ἀντῳδὴ
880 424 939 463 καὶ
958 422 1164 496 ἀντιστροφὴ
1182 423 1284 473 ὁμοία

250 569 308 590 και
327 550 370 588 τὰ
390 549 430 586 ιιὲ
434 566 450 586 ν
470 545 662 600 τροχαϊκὰ,
681 545 724 581 τὰ
745 545 772 581 δ’
795 543 867 594 ἔχει
887 539 1054 591 ἷαμέικὰ,
1074 539 1165 585 πλην
1182 541 1215 576 ἐν
1236 542 1286 576 τῶ

251 610 277 653 ζ
300 607 402 645 κώλιι)
421 606 477 642 τὸν
498 604 610 656 τρίτον
628 603 700 654 ἔχει
719 601 809 639 πόδα
825 601 973 652 χορεῖον.
999 598 1056 636 ἐπι
1076 601 1124 634 τῶ
1138 597 1229 634 τέλει
1250 599 1285 633 αἱ

251 665 439 711 συνήθεις
421 664 480 700 δύο
496 663 626 699 διπλαῖ.
643 660 681 697 τὸ
699 659 733 697 33
750 663 770 705 ἦ
788 660 964 696 κάνταῦθα
982 657 1050 694 ἀπὸ
1066 660 1123 693 τοῦ
1140 654 1179 692 ἔα
1197 654 1287 692 κατὰ

251 730 374 776 κρᾶσιν
393 726 414 768 ἠ
436 720 510 758 ἀντὶ
529 723 587 757 τοῦ
609 722 765 770 ὑπηρχον
786 715 880 767 ἐγώ.)

307 794 387 819 1094.
421 781 470 830 (οὖ
494 777 561 830 γὰρ
586 781 627 824 ἠν
649 779 732 825 ἡμῖν
755 789 764 814 ;
786 774 838 813 [ὸ
861 773 995 827 φροντὶς
1017 774 1162 810 ἐνταῦθα
1183 769 1286 808 συνά-

252 855 386 878 πτεται.
391 840 400 888 )
568 887 588 907 ⁵.-

307 910 384 935 1095.
416 897 527 947 (ῥησιν
551 897 586 930 εὖ
603 891 659 935 λέξ
646 904 736 929 ειν;

253 959 288 992 εὖ
308 954 433 1004 λέγειν,
451 954 488 990 οὐ
504 951 548 989 τὰ
567 952 652 988 πολε
640 948 754 999 -μικά.
760 950 770 997 )

308 1026 386 1049 1093.
420 1008 561 1060 (πολλὰς
581 1008 724 1050 πόλεις;
746 1005 874 1048 Ἴσωςε
863 1004 927 1041 υπὸ
948 1003 1088 1050 Μήδους
1107 1000 1290 1052 γενομένας

253 1068 465 1117 Ἀθηναίων.)

309 1140 385 1164 1101.
418 1125 650 1177 [πολλαχοῦζ

253 1183 484 1236 ἐπιρρήματι,
499 1182 557 1219 καὶ
573 1184 673 1218 τοῦτο
689 1182 726 1217 ἐκ
741 1182 808 1217 τῶν
827 1177 992 1216 εἰωθότων
1011 1175 1137 1227 στίχων
1154 1181 1291 1226 τροχαῖ-

202 855 234 879 10

760 890 825 932 ζΩς
842 890 872 926 οἱ
888 891 945 925 νῦν
963 889 1107 925 ἀσκοῦσι
1129 884 1230 936 μόνον
1250 883 1288 920 τὸ

203 1146 234 1171 15
673 1122 725 1161 ΤΟ
746 1120 985 1173 ἀντεΤῐΟρημα
1006 1118 1122 1168 Ομῡῑόν
1146 1133 1219 1154 ἐστι
1241 1133 1290 1154 To)

254 1245 335 1289 κῶν,
349 1241 403 1293 ὑφ’
421 1240 438 1277 ὃ
456 1241 558 1277 διπ)’”
529 1256 558 1285 η
581 1255 643 1282 εςω
662 1242 848 1275 νενευκυῖα.
851 1235 869 1288 Ξῖ

309 1317 386 1341 1108.
416 1304 446 1339 οἱ
467 1301 503 1338 33
519 1299 620 1358 παρὰ
639 1315 717 1341 τους
737 1297 857 1335 ἕνδεκα
885 1309 893 1334 :
918 1294 1100 1345 (Ἐτήρουν
1120 1291 1190 1330 οἵδε
1215 1307 1292 1334 τους

254 1359 463 1410 δεδεμένους.
502 1361 593 1394 οὗτοι
627 1355 661 1393 δὲ
698 1359 756 1392 νῦν
795 1352 971 1404 θεσμοφύλ
974 1367 1053 1393 ακες
1091 1351 1159 1387 καλ
1162 1353 1291 1386 οῦνται.

254 1417 411 1466 Ἄλλι.ι)ς)
435 1419 456 1461 η
486 1418 554 1452 τῶν
581 1413 701 1450 ἕνδεκα
729 1411 820 1464 ἀρχὴ
846 1426 923 1452 τους
952 1409 1013 1459 μὲν
1043 1409 1293 1458 ὁμολογοῦντας

254 1491 313 1513 και
337 1471 611 1524 ἀνδραποδιστὰς
639 1471 698 1508 καὶ
725 1468 928 1510 λωποδύτας
954 1466 1092 1518 θανάτῳ
1118 1464 1293 1509 εκόλαζον,

253 1547 332 1574 τους
352 1530 386 1568 33
410 1529 634 1582 ἀρνουμένους
655 1529 700 1570 εἷς
725 1525 944 1576 δικαστήριον
969 1526 1044 1569 εἷση
1048 1539 1120 1574 γον.
1145 1524 1184 1572 (3
1157 1537 1294 1572 ,ισηγον

469 1586 572 1610 ΞΝΙῩ

255 1589 290 1627 33
310 1589 368 1626 καὶ
391 1604 482 1630 ταςε
485 1602 570 1624 νοει
558 1585 684 1636 „313.‘')
666 1586 738 1622 ενδε
745 1584 771 1622 ι”ν
758 1601 803 1628 ις
823 1583 859 1621 δέ
876 1586 948 1621 ἐστι
969 1582 1066 1628 δίκη,
1084 1597 1129 1624 ως
1151 1595 1254 1633 φησιν
1277 1594 1294 1616 0

201 1433 236 1457 20

255 1646 498 1696 Παλαμήδης,
515 1643 606 1681 κατὰ
627 1646 695 1680 τῶν
715 1642 759 1679 τὰ
776 1641 926 1691 δημόσια
940 1640 1160 1678 πωλούντων.

203 1719 237 1743 25
311 1718 389 1742 1109.
422 1705 464 1753 (οι
485 1703 512 1739 δ’
538 1703 571 1739 ἓν
589 1701 699 1754 ῳδείιι)
725 1714 733 1739 :
755 1699 859 1738 Ἔστι
885 1697 986 1741 τόπος
1006 1695 1239 1748 θεατροειδὴς,
1261 1698 1294 1733 ἐν

255 1766 284 1799 ιῖ)
310 1761 448 1799 εἰώθασι
467 1759 511 1797 τὰ
530 1759 711 1809 ποιήματα
733 1756 978 1807 ἀπαγγέλλειν,
1004 1754 1084 1806 πρὶν
1107 1757 1167 1799 τῆς
1187 1754 1233 1795 εἷς
1257 1753 1296 1790 τὸ

257 1819 424 1870 θεατρον
407 1833 480 1855 απα
483 1816 633 1867 γ(ελίας.
649 1819 709 1853 τοῦ
713 1831 751 1853 το
765 1813 802 1851 δέ
813 1829 897 1866 φησι
913 1813 1042 1855 δεικνυς
1056 1811 1107 1849 ὅτι
1122 1813 1167 1854 εἷς
1180 1810 1295 1848 πάντα

256 1876 358 1914 τόπον
380 1874 516 1927 ευρήσει
532 1890 582 1916 τις
599 1872 765 1914 δικαστὰς
789 1873 822 1908 ἐν
850 1874 893 1922 τῇ
917 1871 1070 1920 Ἀττικῃ.
1154 1867 1295 1911 Ἄλλως.

257 1938 356 1972 τοῦτο
376 1935 413 1970 ού
431 1932 515 1985 πρὸς
538 1931 714 1977 ἀλήθειαν,
739 1928 830 1966 ἀλλὰ
852 1928 937 1980 πρὸς
955 1928 992 1965 τὸ
1011 1929 1140 1973 πλῆθος
1155 1943 1222 1964 των
1247 1928 1297 1964 δι-

258 1994 341 2030 κῶν.
362 1991 455 2042 τάχα
474 1989 509 2027 33
526 1989 585 2027 καὶ
602 1988 662 2031 τὰς
679 1986 810 2030 διαίτας
831 1987 951 2036 δηλοῖ.)

316 2062 395 2087 1110.
428 2045 720 2097 (συμὸεὸυσμένοι
751 2057 759 2083 :

259 2106 338 2157 κάμ’
362 2122 457 2149 αντες
476 2104 530 2142 διὰ
550 2104 588 2142 τὸ
603 2107 723 2155 γῆρας.
804 2101 948 2144 Ἄλλως.
967 2101 1005 2138 τὸ
1017 2100 1145 2138 πυκνὸν
1161 2100 1244 2152 πρὸς
1260 2116 1297 2137 το

259 2161 546 2213 ξυμὸεὸυσυένοι.
564 2160 724 2203 παίοντες
744 2159 779 2197 33
800 2159 897 2209 μόλις
913 2162 955 2210 τῇ
980 2158 1171 2211 βακτηρία,
1191 2161 1236 2200 ὡς
1257 2157 1297 2195 διν

205 2003 239 2029 30

790 2043 1044 2086 Πυκνώσαντες
1069 2042 1210 2085 ἑαυτοὺς
1238 2058 1297 2079 και

259 2221 425 2274 γέροντες.
450 2221 471 2265 ἢ
496 2220 561 2256 ὑπὸ
584 2222 642 2256 τοῦ
664 2220 994 2267 συμπεπυκνῶσθαι.
1014 2217 1162 2254 ἐδίδοντο
1183 2216 1217 2253 δὲ
1238 2231 1297 2253 και

263 2278 448 2331 βακτηρίαι
470 2280 539 2320 τοῖς
563 2278 741 2318 δικασταῖς
766 2274 930 2327 ὅμόχροοι
953 2278 1023 2317 τοῖς
1047 2273 1297 2326 δικαστηρίοις,

261 2338 345 2375 ὅπου
365 2336 528 2378 ἑκάστους
550 2333 763 2376 εἰσελθόντας
784 2333 932 2376 δικάζειν
952 2332 1039 2379 ἔδει,
1062 2331 1118 2369 ἵνα
1139 2336 1197 2370 τὸν
1223 2333 1298 2369 δια-

263 2395 481 2448 μαρτάνοντα
502 2392 608 2430 ἀπελέ
611 2391 672 2443 γξῃ
693 2392 732 2429 τὸ
747 2392 901 2443 χρῶμα.)

316 2467 396 2490 1111.
427 2451 558 2503 (ὥσπερ
579 2452 609 2487 οἱ
629 2448 805 2495 σκώληκες
828 2449 862 2484 ἓν
883 2448 952 2490 τοῖς
971 2447 1182 2498 κυττάροις;

208 2290 242 2315 35

1204 2449 1299 2485 Του-

263 2510 408 2547 τέστιν
391 2508 527 2559 ηρέμα,
543 2510 589 2550 ὣς
607 2510 637 2544 οἱ
657 2506 886 2552 σκώληκες,
868 2505 924 2541 οιὰ
941 2505 979 2542 τὸ
998 2520 1118 2556 γηρας.
1137 2503 1299 2555 κύτταροι

211 2575 246 2600 40
266 2567 300 2605 δὲ
321 2569 356 2604 αἱ
375 2569 441 2603 τῶν
462 2564 592 2615 κηρίων
611 2564 819 2610 κοιλότητες.
841 2562 912 2599 ἔστι
930 2562 964 2599 δὲ
985 2565 1006 2607 ἢ
1024 2562 1143 2603 πυελὶς
1161 2565 1182 2606 ἡ
1203 2577 1300 2612 περι-

264 2624 404 2674 κειμένη
421 2624 495 2666 ταῖς
514 2621 686 2673 βαλάνοις.
770 2620 912 2662 Ἄλλως.
931 2620 990 2656 καὶ
1008 2622 1075 2656 τῶν
1098 2622 1240 2671 σφηκῶν
1256 2618 1299 2656 τὰ

265 2683 366 2721 κοῖλα
382 2680 440 2718 καὶ
456 2680 500 2717 τὰ
513 2683 573 2726 τῆς
588 2678 718 2725 πεύκης
732 2678 791 2715 καὶ
804 2677 847 2714 τὰ
860 2681 921 2723 τῆς
934 2677 1050 2720 πίτυος
1065 2680 1300 2728 προανθοῦντα

267 2738 463 2792 <ra-poema,
481 2736 574 2774 καὶὸ
591 2734 742 2785 πυθμὴν,
766 2734 825 2771 καὶ
849 2737 870 2779 ἡ
894 2733 1116 2785 κατάτρησις.
1135 2736 1165 2770 οἱ
1186 2733 1221 2770 δὲ
1243 2733 1301 2770 καὶ

266 2797 311 2835 τὰ
331 2798 364 2834 ἐν
383 2799 452 2838 τοῖς
468 2797 585 2843 κηροῖς
600 2793 763 2846 τρήματα
775 2823 786 2843 ,
806 2791 828 2838 ἢ
846 2790 889 2829 τὰ
905 2793 1005 2829 κοῖλα
1023 2790 1132 2841 ἄγγη,
1153 2790 1213 2827 καὶ
1233 2793 1300 2827 τῶν

215 2872 249 2896 45
269 2853 405 2892 αἰδοίων
422 2852 499 2895 τοὺς
518 2851 714 2902 βαλάνους.)

323 2925 403 2950 1114.
436 2910 537 2960 (ἀλλὰ
562 2908 628 2961 γὰρ
655 2911 805 2961 κηφῆνες
834 2921 843 2946 :
867 2907 956 2950 Τοὺς
980 2907 1036 2944 ἐπὶ
1061 2911 1119 2944 τοῦ
1149 2905 1303 2957 βήματος

269 2971 362 3020 λέγει
380 2969 536 3020 ῥήτορας.
558 2971 707 3020 κηφῆνες
727 2965 763 3003 δέ
783 2967 868 3003 εἰσιν
890 2967 920 3002 οἵ
941 2965 1079 3017 ἄρσενες
1098 2967 1164 3001 τῶν
1184 2965 1303 3014 μελισ-

272 3031 351 3074 σῶν,
375 3026 493 3069 οἵτινες
511 3026 587 3064 οὔτε
611 3024 736 3077 κέντρα
754 3023 903 3075 ἔχουσιν,
921 3022 997 3061 οὔτε
1019 3022 1124 3074 κηρία
1144 3022 1303 3074 ἐργάζον-

271 3099 349 3130 ται,
372 3082 461 3120 ἀλλὰ
482 3082 526 3120 τὰ
549 3085 616 3119 τῶν
638 3083 810 3132 μελισσῶν
838 3080 921 3133 ἔργα
945 3080 1126 3119 ἐσθίουσιν.
1147 3079 1306 3122 (Ησίοδος

221 3156 256 3182 50
275 3146 349 3198 [Op.
367 3145 432 3186 ³02]

396 3232 563 3272 κηφήνεσσι
580 3232 734 3272 κοθούροις
747 3231 849 3267 ἴκελος
865 3232 973 3272 ὁρμὴν,

356 3278 418 3308 οἶτε
435 3277 608 3317 μελισσάων
621 3278 758 3317 κάματον
774 3277 936 3318 τρύχουσιν
954 3276 1056 3317 ἀεργοὶ

357 3323 518 3361 ἔσθοντες.)

333 3383 410 3408 1116.
441 3369 565 3407 ὡσανεὶ
584 3368 647 3420 ἔφη
662 3369 718 3406 τὸν
735 3369 831 3419 γόνον
846 3371 913 3406 τῶν
934 3369 1119 3418 μελισσῶν.
1139 3374 1175 3404 R.

1369 1058 1381 1071 v

1353 1232 1407 1247 <rm

1357 1464 1394 1484 ³.-

1280 1582 1290 1593 e

1416 1694 1424 1707 l

1285 2042 1291 2054 ι
1380 2043 1401 2051 ω

1281 2100 1290 2112 x

1325 2759 1329 2790 ῖ

1006 224 1255 264 SCHOLIA
1291 224 1349 263 IN
1383 223 1609 263 VESPAS.

1395 322 1474 348 1119.
1507 307 1732 361 (φλύκταιναν
1753 321 1763 347 ;
1782 308 1932 347 Φύσκαν
1951 310 1985 346 ἐν
2006 311 2048 361 τῇ
2067 308 2159 363 χειρὶ
2176 310 2215 347 ἐκ
2232 311 2293 347 τοῦ
2309 325 2380 347 κω-

1341 367 1534 416 πηλατεῖν.)

1397 422 1655 474 112οζἔμ6ραχυ
1670 436 1678 461 :
1697 423 1882 470 Καθάπαξ,
1896 422 1918 470 ἢ
1932 423 2136 461 παντάπασι
2151 423 2190 462 τὸ
2205 423 2380 475 ἔμιὸραχυ,

1343 480 1479 526 Ἀττικὴ
1503 480 1685 527 συνήθεια,
1710 480 1818 530 (οὐδὲν
1840 482 1942 519 πλέον
1967 483 2119 528 δηλοῦσα
2141 480 2163 527 ἢ
2185 482 2223 519 τὸ
2248 481 2380 534 βραχὺ,

1343 541 1388 580 ὡς
1405 540 1570 590 ἐμφαγεῖν
1586 538 1624 575 τὸ
1642 540 1777 590 φαγεῖν.
1798 539 1857 576 καὶ
1872 539 1955 591 παρ’
1978 539 2150 591 Εὐριπίδῃ
2171 545 2297 586 [Phoen.
2313 544 2380 586 739]
2401 550 2417 575 5

1343 596 1382 633 τὸ
1401 597 1653 646 ἐνδυστυχῆσαι
1671 596 1746 633 ἀντὶ
1768 600 1828 633 τοῦ
1850 597 2090 648 δυστυχῆσαι).

1399 667 1479 691 1122.
1510 669 1547 690 ου
1550 668 1602 691 ..οι
1622 653 1706 690 ποτὲ
1723 656 1787 697 ζιι1ν
1809 667 1817 691 :
1839 654 2042 702 (Καυνάκην
2070 654 2243 706 ἀμφιάσαι
2265 654 2386 705 βούλε-

1344 728 1401 749 ται
1418 727 1475 749 τον
1487 710 1621 763 πατέρα
1636 714 1653 748 ὁ
1673 711 1753 758 υἱὸς,
1772 711 1980 764 ἀφελόμενος
1996 712 2033 749 τὸ
2051 711 2244 764 τριὸώνιον.
2250 714 2259 762 )
2281 728 2384 765 φησιν

1345 785 1401 806 ουν
1431 785 1482 806 οτι
1498 785 1555 806 τον
1582 768 1733 820 τρίὸωνα
1761 771 1821 806 οὐκ
1857 770 1994 821 ἀφαιρῶ
2026 771 2205 819 (ἐμαυτοῦ.
2235 770 2302 807 τὸν
2319 769 2386 821 γὰρ

1344 827 1496 879 τρίοωνα
1520 826 1744 878 περισπάσας
1773 826 1863 864 θέλει
1888 826 1991 864 αὐτὸν
2024 826 2202 873 καυνάκην
2234 829 2384 866 ἐνδῦσαι.

1346 884 1522 929 καυνάκης
1543 886 1580 922 δὲ
1593 886 1721 935 χλαῖνα
1739 884 1897 937 Περσικὴ
1920 883 2075 931 ἀλεεινὴ,
2098 884 2195 936 παρὰ
2211 885 2250 922 τὸ
2270 885 2389 923 ἀλεαί-

1346 947 1475 981 νεσθαι.
1496 945 1513 979 ὃ
1534 941 1570 980 δὲ
1590 943 1812 993 Παλαμήδης
1829 942 1946 994 φησίν·
1968 942 2144 989 καυνάκης
2164 943 2237 980 ἐστὶ
2258 945 2388 995 Περσι-

1347 1001 1406 1038 κὸν
1435 1000 1585 1050 ἱμάτιον,
1617 1000 1696 1051 ἔχον
1727 1002 1765 1038 ἐκ
1802 1005 1862 1038 τοῦ
1900 1001 2014 1052 ἑτέρου
2051 999 2173 1052 μέρους
2211 999 2388 1050 μαλλούς.)

1349 1059 1509 1110 [Αλλως.
1537 1059 1712 1104 καυνάκης
1737 1053 1823 1102 εἶδος
1849 1059 2008 1109 ἱματίου,
2041 1057 2126 1110 ὅπερ
2161 1058 2221 1095 καὶ
2244 1058 2390 1111 περσίδα

1348 1118 1524 1153 καλούσιν.
1546 1119 1576 1154 οἱ
1597 1116 1632 1153 33
1655 1115 1798 1168 σισύραν
1819 1116 2039 1166 Θυμαιτίδα,
2063 1116 2148 1168 ὅπερ
2167 1115 2255 1154 ἔοικε
2271 1115 2391 1167 Μορύ·

1348 1190 1412 1225 χου
1430 1174 1597 1224 σάγματι.
1614 1174 1734 1224 σάγμα
1760 1173 1796 1211 33
1818 1177 1839 1219 ἡ
1867 1174 1956 1220 θήκη
1980 1177 2038 1211 τοῦ
2060 1173 2186 1220 ὅπλου,
2211 1177 2255 1217 ὡς
2272 1176 2306 1212 ἐν
2323 1179 2393 1217 τοῖς

1350 1248 1435 1277 εςης.
1455 1232 1754 1283 ἐπεστρατεύσατο
1768 1231 1816 1278 δὲ,
1829 1233 1983 1284 σφοδρῶς
1995 1233 2122 1277 ἐπῆλθε
2132 1232 2202 1274 τοῖς
2212 1230 2394 1283 ἡμετέροις

1351 1289 1590 1340 μαχεσάμενος
1618 1288 1791 1340 σώμασι.]ῖ
1827 1289 1962 1339 μήποτε
1993 1289 2050 1326 τὸν
2082 1288 2281 1326 πνεύσαντά
2309 1304 2394 1341 φησι

1352 1346 1475 1399 βορέαν
1500 1347 1556 1383 ἐπὶ
1583 1349 1632 1398 τῷ
1653 1346 1855 1398 Ἀρτεμισίῳ
1887 1347 1946 1383 καὶ
1968 1346 2212 1399 διαφθείραντα
2236 1346 2294 1384 τὸν
2325 1349 2394 1384 τῶν

1353 1404 1538 1456 βαρὸάρων
1553 1404 1684 1441 στόλον.
1700 1406 1815 1447 καλῶς
1829 1403 1864 1441 33
1879 1404 2190 1456 ἐπεστρατεύσατο.
2205 1403 2313 1448 πολὺς
2325 1403 2392 1455 γὰρ

1352 1461 1502 1499 ειιελθὼν
1532 1461 1716 1499 κατέδυσεν
1744 1463 1856 1499 αὐτῶν
1884 1460 1929 1498 τὰ
1955 1461 2090 1514 σκάφη,
2119 1462 2266 1512 (βοηθῶν
2295 1462 2395 1508 Ἀθη·

1351 1519 1493 1571 ναίοις).

2410 845 2440 870 10

2414 1133 2444 1157 15

2413 1419 2448 1444 20

1407 1592 1484 1616 1126.
1515 1579 1675 1628 οὐδαμῶς
1703 1593 1761 1628 μοι
1787 1577 1958 1631 ξύμφορον
1991 1592 2001 1617 t
2033 1579 2087 1616 Οὐ
2115 1579 2290 1616 λυσιτελεῖ
2321 1593 2396 1628 μοι,

1353 1637 1455 1689 φησὶ,
1473 1638 1647 1682 πολυτελῆ
1666 1636 1929 1689 ἀμφιέννυσθαι.
1949 1636 2022 1686 (καὶ
2037 1636 2104 1689 γὰρ
2120 1635 2240 1689 πρώην
2259 1635 2397 1687 ἰχθύδια

1352 1696 1471 1732 ἐσθιων
1499 1693 1606 1741 ὀπτὰ,
1638 1694 1919 1738 καταστάξαντος
1949 1697 2064 1745 ζωμοῦ
2094 1694 2151 1733 ἐπὶ
2179 1694 2219 1732 τὸ
2244 1693 2394 1744 ἱμάτιον,
2415 1706 2449 1732 25

1353 1752 1537 1805 τριώὸολον
1560 1752 1672 1790 ἔδωκα
1691 1755 1741 1805 τῷ
1758 1753 1881 1805 γναφεῖ
1904 1752 2039 1803 μισθὸν,
2064 1751 2222 1790 τουτέστι
2246 1754 2296 1804 τῷ
2315 1750 2398 1789 πλύ-

1353 1824 1444 1846 νοντι
1460 1808 1504 1846 τὰ
1520 1810 1671 1859 ἱμάτια.)

1408 1880 1487 1906 1128.
1519 1867 1575 1904 ἐπὶ
1590 1867 1628 1905 τὸ
1642 1867 1792 1916 ἱμάτιον.
1814 1876 1852 1906 R.

1408 1939 1486 1963 1132.
1520 1926 1741 1977 (τριὸωνικῶς
1774 1938 1782 1963 1
1814 1924 1899 1964 Ἐὰν
1932 1923 1994 1974 μὲν
2025 1924 2254 1978 τρι6ωνικῶς,
2280 1923 2398 1978 ὥσπερ

1353 1983 1531 2035 τριὸώνιον
1549 1982 1766 2034 τετριμμένῳ
1782 1982 1842 2020 καὶ
1859 1982 2101 2028 ἀσθενήσαντι.
2121 1982 2179 2020 ἐὰν
2197 1981 2233 2020 δὲ
2249 1998 2396 2036 γεροντι-
2417 2000 2452 2025 30

1354 2042 1452 2090 κως,)
1476 2043 1522 2083 ὡς
1539 2040 1663 2092 πρέπει
1683 2039 1827 2092 γέροντι.

1409 2111 1487 2136 11³3.
1520 2097 1687 2149 (φυτεύειν
1710 2112 1718 2136 :
1738 2098 1894 2148 Γεννᾶν.)

1409 2169 1488 2194 1134.
1521 2155 1706 2199 ἀποπνῖξαι
1729 2168 1737 2193 :
1760 2154 1839 2204 (Διὰ
1856 2155 1895 2192 τὸ
1912 2158 2032 2205 καῦμα
2055 2154 2094 2192 τὸ
2113 2154 2183 2192 ἀπὸ
2201 2158 2262 2202 τῆς
2275 2155 2401 2193 καυνά-

1355 2216 1444 2263 κης.)
1469 2239 1511 2244 -
1533 2213 1599 2250 ὑπὸ
1616 2212 1738 2265 κρύους
1758 2212 1914 2259 δηλονότι
1933 2212 2030 2265 παρὰ
2048 2212 2110 2259 τὴν
2129 2213 2303 2253 ὑπόνοιαν.
2321 2229 2400 2251 και-

1355 2272 1409 2309 νὸν
1428 2271 1463 2309 δὲ
1476 2271 1649 2321 λαμὸάνει
1664 2271 1815 2321 ἱμάτιον.
1836 2278 1873 2308 R.
2417 2287 2452 2312 35

1410 2344 1490 2368 1136.
1891 2329 1944 2367 Τὸ
1967 2328 2084 2367 καινὸν
2111 2328 2193 2382 παρ’
2223 2328 2397 2369 ὑπόνοιαν.

1356 2388 1430 2426 ἐπεὶ
1447 2387 1562 2426 καινὸν
1581 2387 1854 2439 παραλαμὸάνει
1870 2386 2034 2437 ἱμάτιον.)

1863 2444 1984 2483 Ἔοικε
2009 2445 2048 2482 τὸ
2072 2445 2284 2498 βαρὸαρικὸν
2311 2439 2399 2484 εῖναι

1523 2329 1629 2378 (τουτὶ
1649 2329 1688 2366 τὸ
1713 2329 1819 2367 κακόν
1846 2343 1855 2368 t

1412 2460 1489 2484 1137.
1523 2448 1564 2495 (οἱ
1585 2445 1619 2483 δὲ
1639 2445 1815 2492 καυνάκην
1835 2460 1844 2485 :

1357 2503 1522 2555 po'pmm.)

1413 2574 1490 2599 1138.
1522 2559 1626 2611 ἐγὼ
1608 2559 1643 2598 οὲ
1669 2560 1840 2611 σισύρανε
1863 2560 1946 2598 Ἀπὸ
1969 2559 2091 2629 δήμου.
2117 2559 2275 2611 φαίνεται
2293 2561 2353 2599 καὶ
2372 2564 2394 2608 ἡ
2417 2581 2453 2607 40

1357 2618 1500 2670 σισύρα
1495 2618 1623 2663 θαπτή.
1636 2625 1672 2654 R
1688 2617 1844 2668 (σισύραν
1859 2621 1932 2654 εἰπε
1943 2619 1980 2655 οὐ
1994 2617 2032 2655 τὸ
2044 2618 2225 2667 μαλλωτὸν
2234 2634 2397 2670 στρωμα,

1358 2675 1448 2713 ἀλλὰ
1471 2675 1607 2726 βαίταν.
1633 2674 1705 2712 ἔστι
1728 2674 1763 2711 δὲ
1782 2678 1803 2720 ἡ
1830 2674 1900 2712 ἀπὸ
1925 2674 2105 2726 δερμάτων
2132 2676 2398 2728 συρραπτομένη

1357 2733 1489 2785 γλανίς.
1511 2732 1746 2783 Θυμαιτίδα
1728 2731 1763 2769 οε
1781 2726 1873 2769 εἶπεν
1895 2732 1964 2769 ἀπὸ
1983 2732 2094 2782 δήμου
2111 2749 2171 2779 της
2187 2733 2398 2773 Ἱπποθοων-

1358 2791 1447 2834 τίδος
1466 2793 1628 2843 φυλης,<
1612 2806 1658 2833 ως
1684 2791 1755 2827 ἐκει
1772 2793 1839 2827 τῶν
1865 2792 2006 2840 βαιτων
2009 2790 2210 2841 γινομένων,
2234 2791 2304 2829 ἀπὸ
2329 2794 2400 2831 Θυ-

1360 2848 1518 2899 μοίτου’
1495 2859 1617 2900 ῆρωος.
1617 2847 1770 2928 ςμήποτε
1791 2848 1825 2885 δὲ
1845 2848 2014 2900 γραπτέον
2031 2849 2253 2900 Θυμοιτίδα.)
2382 2886 2385 2888 ,
2416 2837 2451 2894 45

1414 2920 1493 2945 113⁹.
1527 2909 1555 2955 (3
1558 2908 1586 2949 ἰς
1615 2906 1789 2958 Σάρδειςε
1812 2908 1873 2948 Εἷς
1900 2905 2046 2958 Σάρδεις
2069 2906 2136 2958 γὰρ
2163 2908 2330 2946 ἐπωλεῖτο
2353 2907 2398 2945 τὰ

1360 2963 1540 3016 Περσικὰ“
1534 2963 1666 3013 ιμάτια.
1684 2963 1829 3014 Σάρδεις
1843 2963 1878 3000 δε
1892 2963 1990 3006 πόλις
2002 2963 2159 3007 Λυδίαςς
2146 2964 2212 3001 υπὸ
2228 2963 2398 3016 Πέρσαις,

1361 3021 1555 3072 ἀναγκαίως
1575 3024 1632 3058 οὖν
1654 3020 1812 3072 Περσικὰ
1834 3020 2000 3090 ἐφόρουν.)

1415 3093 1492 3117 1141.
1525 3080 1576 3127 (οὐ
1597 3078 1706 3115 τοίνυν
1725 3079 1773 3128 γ’,
1796 3079 1915 3130 ἀτάρ;
1937 3081 2014 3117 Οὐκ
2033 3073 2135 3125 ἠλθον
2157 3081 2205 3122 εἷς
2224 3077 2398 3132 Σάρδεις.)

1416 3150 1492 3174 1142.
1525 3135 1703 3187 (Μορύχου
1724 3135 1908 3185 σάγματι..
1927 3135 2087 3188 Μόρυχος
2105 3136 2228 3188 ὠχρός.
2243 3136 2397 3187 σάγματι
2415 3166 2451 3192 5⁰

1362 3193 1397 3232 33
1417 3197 1466 3231 τῶ
1491 3194 1584 3243 μαλλ
1586 3196 1664 3230 ωτῶ
1684 3193 1799 3245 σάγω,
1818 3210 1846 3230 ιι)
1867 3195 1994 3245 εχρῆτο
2017 3210 2062 3237 ως
2086 3193 2249 3246 τρυφερὸς
2267 3193 2398 3231 πλείονι

1362 3252 1484 3289 θάλπει
1499 3250 1687 3303 χρώμενος.
1769 3251 1911 3295 Ἄλλως.
1931 3255 2000 3289 τῶν
2018 3251 2098 3302 περὶ
2121 3251 2288 3303 τρυφὴν’
2273 3266 2397 3288 εσπου-

1363 3309 1516 3346 δακότων
1535 3311 1552 3345 ὁ
1573 3308 1745 3360 Μόρυχος.
1765 3309 1918 3359 σάγματι
1938 3307 1991 3355 δὲ,
2009 3308 2084 3345 ἐπεὶ
2102 3307 2233 3358 παχέα.
2251 3308 2333 3350 ἴσως
2351 3309 2396 3349 ὡς

1365 3366 1493 3405 ἐκείνου
1514 3369 1624 3418 παχεῖ
1641 3367 1794 3417 σάγματι
1813 3366 2004 3418 χρωμένου.
2024 3365 2226 3406 Ἔκὸάτανα
2241 3364 2277 3404 δὲ
2298 3364 2396 3408 πόλις
