2517 3792
1030 177 1275 225 EQUITUM.

206 266 268 310 78,
293 272 383 310 4-17
405 265 482 300 lnaec
507 262 619 299 habet
649 263 708 305 R„
736 260 865 298 Χαόσιν
893 255 997 299 εἶπεν.
1017 260 1161 313 Θράκης

152 321 188 359 δὲ
207 322 297 365 ἔθνος
317 323 346 358 οἱ
365 321 492 362 Χαόνες
510 317 603 371 παρὰ
623 317 661 355 τὸ
677 316 848 355 κλέπτειν.
871 319 949 357 Eiet
971 319 1005 357 δὲ
1031 321 1162 371 Κεκρο-

152 380 250 417 πίδαι
279 380 364 429 (scr.
385 378 443 415 καὶ
468 376 664 429 Κρωπίδαι)
694 376 810 425 δῆμος.
840 376 879 413 τὸ
910 379 930 413 λ
960 377 1035 414 ἀντὶ
1056 381 1115 413 τοῦ
1144 391 1160 427 ρ

153 436 518 489 παρεγραμμάτευσεν.
560 433 629 470 ἀπὸ
661 436 718 470 τοῦ
757 433 923 483 ὀνόματος
950 435 988 472 τὸ
1016 440 1161 486 πρᾶγμα

151 493 254 544 λέγει.
277 495 338 530 οὐκ
356 493 390 529 ἐν
412 492 584 544 Αἰτωλία,
604 492 678 528 ἀλλ’
698 492 731 527 ἐν
749 494 798 543 τῷ
821 494 939 529 αἰτεῖν.

205 564 268 610 84,
290 576 409 609 21-27
430 563 482 599 sic
502 563 539 599 iu
557 566 618 609 R.‚
635 564 652 598 ὁ
666 561 908 611 Θεμιστοκλῆς
924 561 980 599 ἐπὶ
994 559 1162 612 προδοσίᾳ

408 626 424 644 τ

151 656 267 706 ψευδεῖ
286 655 368 706 πρὸς
386 654 545 706 ἀνξέρξην
570 653 759 706 κατέφυγεν
780 654 837 690 καὶ
862 653 1016 703 τιμηθεὶς
1033 652 1076 689 τὰ
1097 651 1161 701 μέ-

151 729 253 763 γιστα
272 714 354 766 παρ’
370 715 471 750 αὐτοῦ
491 712 721 761 ἐπηγγείλατο
734 711 772 748 τ)
789 727 821 748 κ.
837 734 887 740 —
903 719 948 755 24
968 710 1003 748 δὲ
1020 709 1102 761 πρὸς
1117 712 1160 745 V.

151 793 200 800 —
220 773 266 808 25
287 772 343 809 τὸν
361 771 495 823 Πέρσου
516 775 561 806 V.
582 774 641 807 τοῦ
668 769 805 820 Πέρσου
826 771 871 807 Θ.
893 779 928 806 et
948 769 1093 805 Suidas.
1111 788 1161 794 —-

154 831 201 865 26
226 829 283 866 καὶ
315 829 417 866 ποτὸν
447 830 618 866 additum
643 841 690 863 ex
726 828 851 863 Suida.
876 825 993 863 λαὸὼν
1008 828 1054 864 Θ.
1082 826 1162 862 sine

153 888 390 936 praecedente
414 889 469 928 ὡς.
485 911 523 917 -
546 888 593 922 28
614 883 939 922 καταδουλώσεσθαι
963 885 1008 920 Θ.
1033 906 1084 910 --
1114 896 1161 930 29

153 944 386 996 στρατεύματι
410 944 555 982 Suidas.
576 942 787 991 Legebatur
806 943 1001 993 στρατηγῷ.
1018 941 1160 977 Victor.

153 1006 301 1055 στρατῷ.
322 1025 368 1030 -
388 1003 437 1039 30
458 1001 515 1037 καὶ
532 999 631 1049 γνοὺς
644 1004 687 1037 R.
712 1001 740 1036 εἰ
767 1001 797 1036 οἱ
828 999 870 1035 δι’
885 998 986 1035 αὐτὸν
1014 998 1100 1035 Ald.
1126 1006 1163 1033 et

154 1061 280 1097 Suidae
299 1061 355 1097 ed.
373 1059 526 1097 Mediol.
543 1079 578 1087 -
602 1058 644 1093 31
674 1054 884 1093 δουλεύσωσι
915 1059 959 1092 R.
986 1055 1161 1092 καταδου-

152 1116 309 1154 λεύσουσι
334 1118 394 1161 Θ.,
416 1117 438 1153 i.
453 1129 483 1152 e.
502 1109 589 1166 κᾷτα
615 1112 845 1151 δουλεύσουσι.
860 1113 944 1150 Ald.
966 1112 1073 1150 Ἵίλλ.
1088 1105 1162 1149 εἶτα

151 1175 243 1212 δουλ.
263 1197 315 1203 -
336 1176 382 1211 32
411 1172 570 1224 βούλεται
593 1172 726 1209 Suidas
756 1170 1163 1223 βούλοιτο-Λευκόφρυι·

151 1246 223 1269 om.
241 1235 286 1270 R.
299 1254 352 1260 -
366 1234 413 1270 33
431 1230 711 1283 Λευκοφρύιδιν.
729 1229 980 1282 Αευκοφρυγίδι
1000 1232 1046 1268 Θ.
1069 1232 1162 1267 Λευ-

648 1284 665 1313 δ

148 1321 320 1377 κοφρυΐνῳ
333 1324 467 1362 Suidas
481 1322 654 1377 δι’ἀρτέμι
668 1327 712 1360 R.
727 1322 923 1373 καλουμένῃ
934 1336 1007 1359 om.
1017 1322 1160 1360 Suidas.

150 1383 306 1436 ὑπερθεὶς
318 1383 364 1421 Θ.
380 1405 431 1412 --
449 1385 495 1426 34
510 1383 569 1420 καὶ
583 1391 670 1419 ante
683 1382 782 1433 χανδ.
802 1396 875 1418 orn.
893 1386 938 1418 R.
955 1390 991 1418 et
1015 1381 1161 1427 suidas,

150 1443 216 1492 qui
231 1443 278 1480 35
303 1440 425 1483 εὐθέως
441 1451 478 1478 et
499 1442 694 1491 sequentia
715 1442 867 1477 omittit.
886 1443 903 1477 ὁ
920 1440 1163 1490 Θεμιστοκλῆς

151 1513 225 1537 0111.
239 1503 285 1537 R.
298 1527 350 1534 .-
366 1506 412 1546 37
428 1497 512 1551 ὅπερ
526 1503 570 1536 R.
588 1507 625 1536 et
643 1497 750 1540 οὕτως
765 1511 840 1534 om.
854 1520 906 1526 ——
920 1505 968 1541 40
983 1498 1066 1549 πρὸς
1086 1496 1162 1539 τοὺς

150 1559 196 1596 Θ.
213 1557 290 1599 τοὺς
309 1558 454 1610 ἐργάτας
470 1561 515 1594 V.
533 1579 580 1584 —
597 1558 643 1600 43
660 1556 856 1606 legebatur
879 1555 1072 1598 Ἀλκαθέας.
1088 1555 1164 1593 Ἀλ-

149 1615 264 1658 κιθέας
279 1617 325 1654 Θ.
337 1615 484 1652 Deinde
496 1614 663 1656 ἐπικότως
676 1615 748 1665 [vel
761 1614 921 1664 ἐγκότως)
937 1628 1162 1664 anonymus.

150 1673 366 1722 Legebantur
389 1673 541 1714 εἰκότως.
557 1694 607 1699 -
624 1679 670 1717 44
690 1670 726 1708 δὲ
749 1685 822 1708 om.
837 1672 882 1710 Θ.
899 1694 948 1700 —-
964 1674 1012 1716 46
1033 1673 1066 1708 ἐν
1088 1686 1162 1709 om.

148 1733 192 1767 V.
206 1752 258 1758 —
274 1731 335 1777 50,
353 1731 396 1767 51
425 1730 587 1779 διαγῆσαι
615 1728 840 1779 τὸ-ζεῧγμα
859 1731 906 1768 Θ.
922 1751 972 1758 -—
991 1731 1037 1767 53
1065 1731 1162 1781 lege-

149 1788 263 1825 batur
287 1787 476 1833 Κλεάνθης.
511 1791 734 1825 Con-rectum
765 1802 811 1824 ex
847 1788 1041 1825 Plutarchi
1074 1791 1162 1826 Vita

148 1847 332 1884 ThemiSt.
345 1860 376 1883 c.
395 1859 456 1895 29.
471 1849 514 1883 In
534 1847 580 1885 Θ.
595 1847 640 1888 ὡς
660 1844 695 1882 δὲ
712 1845 868 1895 λέγουσιν
884 1840 979 1888 αὖθις
994 1847 1052 1884 καὶ
1068 1849 1161 1900 Περ-

147 1903 275 1950 κώτην.
289 1930 342 1936 —
362 1918 373 1940 1
394 1902 430 1940 δὲ
444 1902 659 1956 παραλα6ὼν
672 1903 730 1940 ἀπ’
741 1905 844 1940 αὐτοῦ
859 1903 915 1940 ἐπὶ
929 1903 1096 1957 πόρθησιν
1116 1906 1160 1943 Θ.

149 1976 238 2011 ——9
260 1960 455 2014 ψεύδεσθαι.
473 1961 559 1998 Vid.
586 1962 726 1998 Duker.
751 1961 798 1998 ad
823 1962 991 2011 Thucyd.
1012 1977 1026 1998 1
1041 1991 1050 2008 ‚
1078 1964 1160 2000 138.

150 2040 201 2048 —
220 2033 263 2055 12
283 2019 438 2070 ταύρειον
452 2024 554 2056 πιεῖν.
577 2019 791 2070 Legebatur
814 2019 940 2071 ταύρου
958 2020 990 2070 γ’
1007 2022 1136 2058 ἐκπιεῖν
1153 2037 1160 2045 ·

146 2075 286 2130 ταύριον
299 2083 388 2114 πιεῖν
403 2078 627 2114 Brunckius.
645 2080 772 2114 Altero
786 2092 898 2114 versu
917 2080 1029 2128 vulgo
1045 2079 1094 2129 μή
1108 2096 1160 2130 γε,

147 2136 194 2173 Θ.
222 2137 321 2185 μήτε.
342 2135 592 2173 Scribendum
615 2135 663 2184 μή
684 2151 736 2181 τι,
759 2137 894 2172 collata
917 2139 1161 2175 annotatione

148 2206 231 2230 mea
241 2194 288 2231 ad
302 2194 420 2243 Soph.
429 2194 564 2230 Trach.
577 2201 665 2242 944.
676 2194 820 2231 Deinde
831 2194 1026 2244 legebatur
1039 2196 1159 2243 πλείω,

148 2252 252 2301 quod
276 2260 378 2288 recte
404 2250 518 2288 habet
540 2252 571 2288 si
600 2251 797 2303 δυσφημίαν
832 2252 1022 2290 scribitur.
1043 2255 1159 2291 πλεῖον

148 2311 194 2348 Θ.
211 2314 333 2347 Dum.

203 2379 266 2425 85,
302 2392 314 2414 1
325 2379 392 2414 6-1
403 2379 424 2414 8
451 2377 823 2430 αἰρομένης-Ἄλλως
854 2380 893 2415 in
921 2380 993 2416 fine
1026 2381 1157 2417 scholii

149 2438 259 2487 ponit
282 2440 325 2473 R.
343 2437 433 2487 (θεοῦ
459 2437 517 2473 καὶ
538 2438 620 2489 αἷρ.)
647 2438 786 2474 omisso
815 2436 938 2479 άλλως.
954 2462 1005 2467 --
1024 2453 1067 2485 17
1102 2439 1158 2476 τὸν

148 2496 282 2532 ’δεῖπνον
296 2495 341 2532 Θ.
357 2494 502 2547 ἄκρατος
518 2489 606 2537 οἶνος
620 2495 753 2532 Suidas
768 2508 796 2532 S.
814 2494 989 2547 Ἄκρατος.
1005 2497 1160 2534 ἐκαλεῖτο

147 2555 168 2597 ἡ
187 2558 307 2604 κρᾶσις
319 2552 404 2590 Ald.

201 2619 264 2667 89,
283 2619 331 2654 28
354 2621 376 2664 ἡ
393 2620 517 2670 χρῆσις
529 2622 574 2656 V.
589 2640 641 2647 —
655 2633 702 2667 ²9
717 2617 880 2662 ὀξυτόνως
895 2620 939 2658 Θ.
956 2648 1006 2653 --
1022 2623 1063 2658 31
1085 2620 1158 2673 ῥέον

147 2673 238 2728 ὕδωρ
258 2677 305 2714 Θ.
319 2698 370 2704 —-
385 2678 431 2720 34
451 2676 508 2714 τὸν
530 2679 585 2715 ἀν.
608 2677 761 2722 Suidas,
779 2677 818 2715 τὸ
834 2679 886 2714 ἀν.
902 2678 984 2715 Ald.

201 2752 243 2787 9¹
255 2767 264 2784 ‚
284 2742 329 2784 37
346 2732 433 2782 οἶνος
447 2738 536 2783 ἀέξει
551 2754 624 2778 om.
646 2745 692 2778 R.
706 2763 758 2769 --
774 2743 821 2789 39
838 2740 1058 2791 βουλεύεσθαι
1073 2744 1159 2780 Sui-

148 2797 214 2834 das
241 2811 270 2834 s.
293 2798 561 2848 Εἷσηγήσαιντο.
588 2800 802 2850 Legebatur
834 2800 1084 2851 βασιλεύεσθαι.
1110 2806 1159 2839 At

148 2859 284 2906 κρατεῖν
300 2856 433 2892 Suidas
447 2870 475 2893 s.
487 2856 605 2895 Οἴνου.
620 2859 728 2895 Idem
742 2858 996 2908 εἷσηγήσαιντο.
1012 2859 1157 2909 εἰσηγή-

149 2910 249 2949 σαιτό
270 2927 304 2948 τι
321 2914 367 2950 Θ.
390 2914 621 2963 εἷσηγήσαντό
639 2917 846 2969 τινες.ΑΙά.,
865 2925 901 2954 et
933 2923 980 2960 4ο
997 2916 1158 2967 βουλεύε-

150 2968 229 3006 σθαί
253 2985 298 3006 τι.
323 2970 457 3007 Suidas
481 2972 559 3022 περὶ
578 2972 710 3012 τούτου.
727 2974 943 3023 Legebatur
961 2990 998 3011 π.
1016 2974 1156 3013 τούτοιν.

147 3030 238 3064 Post
253 3025 340 3077 μέθῃ
355 3028 478 3077 pergit
489 3029 637 3076 Suidas‚
655 3032 684 3067 εἷ
698 3029 734 3068 δὲ
745 3031 988 3081 εἷσηγήσαιντο
1005 3034 1038 3069 ἐν
1055 3032 1156 3084 μέθη,

147 3087 249 3120 τοῦτο
265 3087 388 3136 κυροῦν
407 3085 588 3136 νήφοντας.
604 3113 653 3119 -
674 3092 720 3130 41
750 3086 881 3130 Ἄλλως
909 3089 994 3126 add.
1011 3091 1070 3136 Θ.,
1092 3092 1157 3140 qui

149 3140 333 3194 Ἡρόδοτος
348 3157 357 3164 ·
380 3142 462 3194 φασὶ
480 3158 516 3192 μ.
532 3143 748 3192 Legebatur
767 3145 869 3197 φησὶν
885 3140 942 3183 οὖν
963 3146 1155 3199 Ἡρόδοτος.

202 3218 267 3253 92,
282 3210 329 3248 44
351 3204 540 3257 ἀρχόμενος
552 3207 597 3244 Θ.
613 3205 675 3255 μὲν
691 3206 756 3259 γὰρ
775 3211 820 3244 V.
842 3208 1053 3259 σκώμματος
1071 3212 1156 3248 Ald.

147 3286 200 3292 —
214 3264 262 3307 45
277 3264 437 3316 κωμῳδεῖ
450 3265 495 3302 Θ.

202 3327 264 3374 95,
284 3332 333 3376 49
350 3328 380 3363 οἱ
396 3325 474 3377 χόες
489 3327 574 3363 add.
596 3330 642 3363 R.
657 3349 705 3354 -—
723 3328 766 3364 51
791 3327 932 3372 Ἀθήνας
954 3329 1030 3379 περὶ
1051 3329 1157 3368 δίωνα

2153 187 2226 219 399

1220 261 1264 297 Θ.
1283 259 1339 297 τὸν
1355 273 1429 297 om.
1448 264 1493 298 R.
1513 269 1549 299 et
1563 262 1706 300 SuidaS.
1723 286 1774 291 —
1793 277 1805 300 1
1826 263 1974 310 Ἀθηνῶν
1991 273 2027 302 et
2042 264 2227 316 συντυχίαν

1219 318 1295 355 τινὰ
1314 320 1359 357 Θ.
1374 341 1424 347 --
1443 320 1463 355 3
1484 320 1693 366 κοινωνήσας
1715 325 1756 358 V.
1786 322 1946 360 κοινωνὸν
1966 327 2010 360 Β.
2034 322 2068 360 δὲ
2088 337 2161 361 om.
2180 324 2226 361 Θ.

1220 403 1271 407 —
1287 383 1305 419 4
1322 375 1540 425 ἡγησάμενος
1556 378 1636 415 Ald.
1653 406 1702 412 -
1720 379 1740 415 5
1758 379 1871 427 πίνοι,
1890 379 1949 417 ἕνα
1969 381 2114 419 Suidas.
2135 380 2228 418 πίνοι

1220 432 1254 470 ἓν
1275 437 1319 470 R.
1337 433 1464 470 πίνοιεν
1483 435 1564 471 Ald.

1273 505 1319 539 97
1338 492 1517 543 ἀπεργάσῃ
1539 492 1597 528 καὶ
1615 492 1701 543 θήσῃ
1723 494 1798 531 ἀντὶ
1817 498 1876 532 τοῦ
1891 496 1979 538 τίνος
1996 499 2102 534 κακοῦ
2123 495 2228 537 αἴτιος

1220 546 1282 599 ἔτη
1303 553 1345 585 V.
1364 550 1601 592 ἀντὶ-αἴτιος
1617 553 1699 599 ἡμῖν
1721 551 1782 602 ἔσῃ
1797 554 1842 590 Θ.

1280 620 1350 643 100
1386 608 1438 643 sic
1463 611 1507 644 R.
1530 608 1741 656 ἐλευματίων
1757 614 1846 653 (scr.
1873 612 2147 661 βουλευματίων)
2173 611 2229 649 διὰ

1221 664 1403 713 νοημάτων
1423 666 1504 713 (scr.
1523 665 1776 716 διανοημάτων)
1794 669 1928 704 λεπτῶν
1942 670 2000 705 καὶ
2016 685 2097 719 μεμ.
2116 686 2228 707 κατα-

1221 720 1439 769 κλινήσομαι.
1456 723 1553 769 (Hoc
1568 736 1613 758 ex
1629 737 1663 758 v.
1680 724 1756 770 98.)
1771 723 1810 760 τὸ
1820 725 1943 762 νοίδιον
1959 727 2229 778 ὑποκοριστικόν.

1221 778 1421 828 παρήγαγεν
1439 778 1474 815 δὲ
1488 778 1555 816 ἀπὸ
1573 782 1632 816 τοῦ
1646 782 1877 826 πληθυντικοῦ
1897 785 1926 820 οἱ
1945 789 2006 820 νοῖ.
2021 783 2064 820 τὰ
2079 786 2231 821 ἐπιπασ-

1222 835 1351 885 σόμενα
1382 846 1516 873 etc.-—
1536 851 1579 873 12
1610 839 1643 874 ἐν
1670 838 1752 875 add.
1782 842 1826 876 (·).
1854 862 1903 869 —·
1935 843 1978 877 13
2001 843 2231 887 πληθυντικοῦ

1221 892 1387 942 ὀνόματος
1415 895 1689 947 ὑποκοριστικόν.
1725 896 1812 939 τινὲς
1840 896 1875 934 δὲ
1907 899 2144 951 λοιδορησμῶν
2173 898 2231 936 καὶ

1221 952 1423 1002 ὀνειδισμῶν
1434 953 1502 990 ἀπὸ
1511 955 1607 991 Θ.-
1620 969 1629 989 ι
1641 955 1661 991 5
1672 957 1787 997 κακῶς
1795 970 1868 992 om.
1880 958 2010 994 Suidas
2029 973 2056 995 s.
2071 957 2230 995 Νοιδίων.

1281 1011 1350 1046 103
1387 1011 1430 1046 16
1453 1010 1566 1060 μέλιτι
1587 1015 1631 1048 R.
1652 1014 1700 1063 τῷ
1722 1011 1807 1050 ἔτνει
1825 1014 1907 1051 Ald.
1926 1017 1974 1067 τῷ
1992 1014 2128 1065 σώματι
2148 1018 2233 1053 Sui-

1222 1067 1288 1104 das
1308 1081 1336 1104 s.
1361 1068 1586 1116 Ἐπίπαστα,
1602 1071 1666 1120 qui
1687 1070 2066 1125 ἔτνος-πιπράσκεται
2079 1076 2231 1111 omittit.

1225 1148 1271 1156 ν-
1290 1140 1332 1172 17
1354 1127 1592 1164 scribebatur
1611 1128 1780 1167 πίσσινον.
1801 1130 1958 1168 πισσινὸν
1976 1136 2019 1169 V.
2034 1156 2085 1160 —
2104 1134 2148 1168 18
2164 1132 2231 1169 ἄλ-

1221 1185 1298 1226 λως.
1320 1184 1392 1228 ἔθος
1415 1179 1507 1237 εἶχον
1529 1188 1574 1224 Θ.
1591 1209 1639 1214 -
1657 1200 1705 1224 20
1722 1188 1780 1224 καὶ
1801 1189 1840 1225 ἐκ
1858 1188 1979 1227 τούτου
1997 1191 2234 1241 ἠναγκάζοντο

1221 1248 1308 1279 πιεῖν
1326 1243 1439 1281 πολλά
1467 1244 1573 1281 addit
1599 1245 1730 1284 Suidas
1760 1255 1847 1296 post
1875 1247 2023 1300 ἁλμυρά.
2040 1271 2088 1277 -
2105 1263 2151 1285 22
2168 1250 2234 1295 δη-

1222 1299 1398 1352 μιόπρατα
1425 1300 1460 1338 δὲ
1487 1301 1531 1339 τὰ
1559 1303 1640 1352 δημ.
1674 1307 1719 1340 R.
1734 1325 1784 1332 --
1813 1306 1858 1341 23
1883 1307 2006 1342 οὐσιῶν
2034 1310 2233 1344 Kusterus.

1221 1361 1346 1396 θυσιῶν
1371 1365 1414 1397 V.
1434 1362 1478 1399 Θ.
1498 1361 1603 1409 Ald.;
1622 1363 1764 1399 omittit
1783 1377 1867 1399 cum
1886 1365 2133 1414 sequentibus
2149 1367 2234 1403 Sui-

1223 1417 1286 1454 das
1302 1433 1329 1455 s.
1353 1419 1703 1472 Δημιόπρατα.-24
1715 1422 1950 1459 scribebatur
1962 1423 2212 1476 δημόπρατα.-

1221 1476 1424 1527 πράγματος
1439 1479 1497 1525 Θ.,
1516 1479 1581 1527 qni
1597 1479 1644 1515 25
1663 1477 1769 1529 >xqpro
1788 1478 2033 1528 Ἄλλως.-·27
2054 1483 2169 1523 αὐτοῖς
2187 1483 2234 1520 Θ.

1275 1541 1361 1581 104,
1383 1537 1431 1572 28
1452 1536 1646 1585 συμὸαίνει.
1664 1537 1759 1574 Vide
1779 1539 1908 1575 Galen.
1925 1539 1998 1576 vol.
2025 1546 2058 1584 4.
2084 1553 2121 1590 p.
2143 1541 2232 1587 436,

1223 1594 1295 1639 437
1313 1593 1369 1630 ed.
1386 1595 1486 1644 Lips.
1509 1599 1623 1631 Dlxn.

1278 1652 1363 1698 105,
1388 1654 1434 1688 33
1456 1651 1555 1702 ἔκχεε
1579 1652 1788 1702 ἐγκάνωσον.
1810 1653 1903 1704 λέγει
1923 1653 1959 1690 δὲ
1979 1655 2024 1692 Θ.
2043 1653 2232 1694 ε’κκένωσον

1222 1711 1420 1746 Kusterus.
1445 1710 1659 1759 Legebatur
1678 1710 1880 1760 ἐγκένωσον.

1278 1780 1363 1814 107,
1386 1769 1434 1815 39
1451 1767 1557 1805 πολὺν
1581 1767 1703 1820 χρόνον
1719 1770 1764 1806 Θ.
1779 1789 1823 1793 -
1840 1775 1888 1812 40
1917 1768 2106 1818 γινομένων
2123 1774 2169 1808 V.
2183 1797 2234 1804 ..-

1222 1830 1267 1869 41
1288 1825 1345 1862 τὸν
1362 1828 1422 1862 τοῦ
1442 1827 1487 1864 Θ.
1506 1847 1555 1854 -
1569 1833 1615 1870 42
1632 1824 1829 1877 Πράμνειος
1846 1827 1891 1865 Θ.

1279 1898 1294 1920 1
1308 1898 1364 1931 12,
1386 1886 1433 1929 48
1454 1884 1581 1935 δέδοιχ’
1603 1883 1695 1927 ὅπως
1715 1884 1763 1934 μὴ
1786 1884 1842 1922 διὰ
1861 1888 1904 1923 R.
1918 1908 1971 1917 —
1988 1891 2037 1935 49
2056 1890 2116 1924 τοῦ
2135 1903 2236 1926 κακο-

1222 1942 1382 1992 δαίμονος
1397 1943 1481 1981 Ald.

1279 2015 1292 2037 1
1305 2004 1363 2047 13,
1384 2003 1432 2038 50
1453 2000 1553 2051 μόνος
1570 2000 1636 2054 γὰρ
1651 2016 1722 2051 γεν.
1740 2005 1787 2039 R.
1803 2024 1855 2029 —-
1869 2001 1911 2038 51
1932 2000 2056 2053 ἑτέρων
2072 2002 2234 2042 ἀδεέστε-

1222 2073 1276 2111 ρος
1291 2060 1336 2098 Θ.
1352 2082 1401 2087 —
1421 2060 1467 2096 52
1487 2058 1612 2112 ἐκφέρῃ
1631 2063 1674 2096 R.

1278 2131 1291 2153 1
1305 2118 1363 2163 15,
1384 2132 1397 2153 1
1416 2116 1573 2168 ῥέγκεται
1589 2116 1647 2154 καὶ
1663 2116 1837 2169 πέρδεται.
1848 2118 2174 2166 ὁμοιοκαταλῆκτως
2187 2121 2232 2158 Θ.

1277 2189 1291 2211 1
1304 2176 1363 2221 16,
1386 2181 1405 2219 4
1425 2174 1561 2211 Κλέωνι
1580 2176 1625 2216 ὡς
1639 2188 1712 2212 om.
1730 2179 1773 2211 V.
1787 2176 1832 2217 ὡς
1850 2176 2028 2213 0111.Θ.-
2043 2177 2078 2222 5,
2095 2179 2117 2213 6
2133 2181 2233 2216 τοῦτο

1219 2231 1409 2283 -ἔχοντος
1427 2246 1500 2269 om.
1521 2233 1566 2269 Θ.
1584 2232 1801 2284 σοφωτάτους
1818 2236 1864 2269 V.

1277 2304 1411 2339 119‚11
1437 2290 1482 2336 δὲ,
1505 2290 1678 2327 τουτέστιν
1696 2304 1770 2327 om.
1794 2293 1838 2326 R.
1862 2292 1904 2341 τῇ
1928 2289 2036 2342 βί6λῳ
2053 2292 2098 2329 Θ.

1278 2363 1362 2397 120,
1390 2364 1433 2386 12
1452 2349 1489 2387 δὲ
1504 2364 1578 2387 om.
1597 2354 1640 2387 R.
1657 2372 1707 2378 —
1724 2352 1768 2387 13
1800 2349 1874 2387 ἀντὶ
1901 2354 1962 2387 τοῦ
1986 2351 2083 2388 λάὸε.
2103 2353 2138 2390 ἐν
2163 2359 2231 2396 τοῖς

1220 2408 1391 2458 μαντείοις
1410 2408 1529 2460 κράτει
1548 2412 1593 2443 V.
1614 2408 1688 2444 ἀντὶ
1704 2411 1764 2444 τοῦ
1784 2407 1869 2444 λά6ε
1885 2412 1930 2445 R.

1278 2468 1364 2513 123,
1391 2481 1434 2513 17
1457 2465 1599 2517 Λοκρός.
1616 2469 1737 2502 Immo
1753 2466 1885 2517 Ἀρκάς.
1905 2466 1988 2503 Vid.
2006 2467 2123 2505 schol.
2149 2472 2220 2506 Pac

1223 2537 1334 2571 1070,
1352 2529 1422 2561 Av.
1442 2526 1530 2572 962.
1550 2527 1673 2560 ΠιΝο.

1277 2596 1363 2630 129,
1383 2595 1432 2631 29
1451 2581 1473 2627 ἢ
1494 2582 1640 2619 addidit
1663 2585 1862 2618 Kusterus.
1890 2580 2052 2634 Εὐκράτη
2082 2584 2163 2621 Ald.
2181 2607 2232 2614 —

1220 2639 1267 2676 30
1285 2638 1417 2682 στύπαξ
1434 2643 1478 2676 V.
1495 2642 1539 2675 R.
1554 2639 1668 2675 habet
1688 2639 1850 2688 glossam
1879 2639 2032 2688 καθέξει,
2052 2640 2230 2687 διοικήσει.

1220 2699 1317 2734 -31
1336 2695 1608 2742 στυππιοπώλης
1622 2697 1759 2734 Ald.—
1772 2698 1806 2734 ἓν
1818 2695 1954 2750 ἑτέροις.
1971 2701 2014 2734 In
2032 2699 2177 2736 scholio
2195 2714 2230 2737 v.

1220 2759 1307 2802 254.
1322 2780 1375 2785 —
1393 2759 1440 2793 32
1456 2755 1668 2808 διαχειρήσει
1685 2761 1729 2793 V.

1275 2816 1360 2862 132,
1379 2816 1425 2851 36
1447 2814 1635 2852 Λυσικλέα.
1662 2814 1769 2850 Conf.
1797 2814 1961 2862 Hesych.
1987 2827 2014 2850 s.
2042 2814 2229 2865 Προὸατο-

1217 2870 1347 2917 πώλης.
1362 2894 1413 2900 -
1428 2874 1473 2918 37
1496 2871 1631 2921 ἐλέγετο
1645 2871 1715 2913 υἱὸς
1735 2870 1925 2912 Ἀσπασίας
1944 2871 2078 2908 Suidas
2093 2885 2120 2908 s.
2138 2873 2231 2923 Προ·

1218 2929 1435 2975 6ατοπώλης,
1460 2931 1598 2978 inepte.

1275 2989 1343 3033 137
1364 2991 1408 3024 R.
1429 2987 1543 3023 habet
1557 2985 1711 3035 ποταμὸς
1729 2984 1937 3036 χειμάρρους
1952 2984 2039 3034 μετὰ
2056 2984 2174 3038 ψόφων
2190 3002 2229 3037 γε

1217 3044 1263 3082 ὢν
1277 3047 1359 3093 (scr.
1370 3044 1470 3096 ῥέων)
1482 3043 1724 3096 ὃκυκλοὸόρος.
1734 3042 1794 3087 τὴν
1804 3042 2022 3095 κακοφωνίαν
2034 3047 2094 3080 τοῦ
2106 3044 2230 3082 Κλέω-

1217 3119 1272 3145 νος
1285 3103 1394 3154 ᾔκασε
1407 3104 1457 3154 τῷ
1467 3101 1543 3153 ἤχῳ
1552 3105 1610 3138 τοῦ
1624 3104 1794 3150 ποταμοῦ.
1807 3101 1949 3137 Eadem
1964 3102 2042 3138 fere
2056 3102 2188 3139 Suidas
2199 3116 2227 3140 s.

1218 3160 1420 3211 Κεκράκτης
1434 3168 1470 3197 et
1491 3157 1719 3210 Κυκλοὸόρος.
1735 3180 1787 3186 -
1802 3159 1850 3200 46
1867 3160 1936 3195 τῶν
1952 3172 2026 3196 0111.
2047 3162 2090 3196 V.
2106 3162 2152 3198 Θ.
2166 3161 2227 3197 οὐκ

1216 3219 1267 3255 ἀεὶ
1289 3218 1323 3256 δὲ
1337 3219 1382 3256 Θ.
1400 3240 1447 3245 -
1468 3225 1513 3262 47
1538 3215 1691 3267 καθάπερ
1717 3214 1783 3267 γὰρ
1803 3217 1821 3252 ὅ
1844 3218 1888 3253 V.
1905 3238 1952 3243 —
1971 3229 1992 3253 2
2012 3225 2100 3266 post
2122 3217 2228 3266 Ἀγα-

1218 3275 1371 3324 μέμνονα
1388 3275 1493 3312 addit
1508 3274 1589 3310 Ald.
1605 3272 1713 3323 λέγων
1727 3301 1736 3317 ,
1752 3271 1943 3324 δημοῧόρος
1958 3272 2135 3324 βασιλεὺς,
2150 3275 2224 3311 ἐπεὶ

1216 3333 1440 3369 οὐτιδανοῖσιν
1458 3330 1626 3372 ἀνάσσεις.
1640 3358 1689 3364 —
1706 3331 1740 3376 3,
1768 3337 1785 3375 4
1803 3329 1869 3367 ὑπὸ
1881 3330 2068 3376 Ἀθηναίων
2081 3332 2226 3383 χωσθεὶς
