2485 3808
30 3376 33 3394 l

31 3411 33 3422 1

897 190 1150 232 SCHOLIA
1186 196 1244 235 IN
1279 198 1511 240 VESPAS.

143 277 299 328 Περσῶν.
329 276 438 328 κρόκη
465 277 500 314 δὲ
529 278 653 330 ῥοδάνη
680 280 738 317 καὶ
770 283 1019 335 κροκύραντος,
1050 286 1100 324 ὅτι
1121 288 1177 326 διὰ
1211 302 1214 327 ι’

140 333 264 385 κρόκης
283 335 486 385 ὑφαίνεται.)

193 403 274 429 1141.
307 390 416 442 (χόλιξ
443 406 451 431 ;
482 392 588 437 Χόλιξ
615 394 752 445 λέγεται
786 397 824 434 τὸ
855 402 913 436 τοῦ
941 400 1015 451 βοὸς
1043 401 1177 454 ἔντερον

138 448 332 497 μαλλωτὸν,
352 448 372 486 ὅ
387 451 477 487 ἐστιν
493 453 511 488 ὁ
524 452 563 488 ἐκ
582 453 709 504 κρόκης
729 455 868 504 μαλλός.
951 458 1096 503 Ἄλλως.
1116 460 1177 504 τὰς

84 500 119 553 *5
139 504 258 556 ἐξοχὰς
273 508 340 543 τῶν
357 506 490 559 κρόκων
506 510 632 554 εἰκάζει
651 512 777 563 χόλικι.
798 518 898 553 τοῦτο
915 515 951 553 δὲ
970 516 1000 554 ’A
1009 518 1176 569 ρτεμίδω-

138 577 193 614 ρος
208 563 317 614 λέγει,
336 564 396 609 τὰς
411 567 468 604 ἐπὶ
488 570 548 613 τῆς
565 570 693 613 κοιλίας
712 572 897 622 λεγομένας
921 575 1084 625 χολάδας.
1106 578 1175 614 Εὐ-

136 620 269 673 φρόνιος
288 621 324 660 δὲ
343 625 382 661 οὐ
401 623 444 661 τὰ
465 625 583 678 ἔντερα
609 629 685 666 καθ’
712 630 815 682 αὑτὸ,
846 632 936 669 ἀλλὰ
957 639 1025 670 πᾶν
1045 633 1105 671 σὺν
1125 637 1174 686 τῷ

135 678 227 716 λίπει
243 680 302 717 καὶ
318 686 386 724 τοῖς
406 681 554 734 ὑμέσιν.)

190 749 268 776 1148.
299 738 444 791 ἐριώλην
466 753 474 779 ;
495 741 620 795 Ἐρίων
641 744 830 793 ἀπώλειαν,
853 747 961 800 (παρὰ
976 748 1015 785 τὸ
1035 748 1078 786 τὰ
1097 748 1172 801 ἔρια

86 817 117 841 ,0
136 795 339 846 ἀναλῶσαι).

189 866 267 892 1151.
299 855 483 907 (κατήρυγε
512 872 520 897 :

134 910 262 964 τροφὴν
282 913 537 966 ἐρευγομένων.)

189 982 267 1008 1156.
300 972 545 1024 (διερρυηκέναι
563 987 572 1012 2
591 975 679 1026 Πρὶν
696 979 883 1025 συμπεσεῖν
899 978 969 1016 ἀπὸ
987 981 1046 1024 τῆς
1062 978 1170 1024 ὀπτή-

134 1041 220 1071 σεως
237 1027 281 1066 τὰ
297 1029 381 1081 κρέα
398 1046 476 1080 μου.
497 1031 650 1081 ἐμὸάδας
666 1033 709 1070 τὰ
731 1035 913 1073 δικαστικὰ
934 1036 1167 1096 ὑποδήματα.)

189 1099 266 1124 1158.
294 1086 356 1130 τὰς
382 1089 588 1132 Λακωνικάς
611 1103 620 1128 :
643 1091 857 1145 ἀστειότεραι
888 1093 955 1146 γὰρ
985 1099 1099 1134 αὑται.
1130 1104 1167 1134 Β.

135 1143 285 1194 (ἀνδρεῖα
310 1144 531 1196 ὑποδήματα.
549 1146 571 1192 ἢ
596 1148 812 1201 ἀστειότεροι·
835 1153 882 1194 ὡς
900 1152 1002 1196 αὐτὸς
1024 1153 1171 1205 Ἀριστο-

133 1199 241 1251 φάνης
259 1202 294 1238 ἐν
310 1204 673 1256 Θεσμοφοριαζούσαις
692 1206 774 1258 [142]

550 859 801 908 Κατέπνευσεν,
827 864 872 906 ὡς
897 864 953 901 ἐπὶ
984 865 1051 901 τῶν
1084 863 1172 913 μετὰ

83 1113 115 1139 15

253 1297 313 1325 ποῦ
327 1294 362 1326 τὸ
374 1295 467 1335 πέος;
481 1299 542 1328 ποῦ
558 1298 686 1338 χ).αῖνα;
699 1303 760 1331 ποῦ
777 1302 977 1342 Λακωνικαίς

130 1375 149 1410 ὁ
161 1372 198 1411 δὲ
211 1374 413 1413 Φιλοκλέων
429 1377 628 1416 ἀποσείεται
643 1379 749 1423 αὐτὰς
758 1411 766 1427 ,
781 1383 827 1424 ὡς
837 1384 968 1435 ἐχθρῶν
983 1384 1169 1432 Ἀθηναίοις

78 1453 112 1478 20
129 1433 197 1468 τῶν
208 1433 504 1484 Λακεδαιμονίων.
518 1436 724 1486 καττύματα
736 1437 771 1476 δὲ
782 1439 938 1492 δέρματά
952 1458 1027 1480 τινα
1042 1444 1168 1496 ἰσχυρὰ

130 1489 189 1526 καὶ
215 1490 368 1542 σκληρὰ,
389 1492 479 1545 ἅπερ
502 1500 571 1537 τοὶς
596 1496 792 1541 σανδαλίοις
816 1499 875 1536 καὶ
898 1499 1013 1544 ἄλλοις
1038 1503 1168 1549 ὑποδή-

130 1562 235 1596 μασιν
251 1549 513 1602 ὑποὸάλλεται.)

184 1619 260 1643 1161.
293 1606 394 1657 (ἔνθες
411 1622 419 1647 :
438 1607 561 1653 Ἐνθες
574 1610 631 1648 τὸν
646 1612 736 1650 πόδα
753 1629 813 1652 σου
831 1615 948 1662 εἰςτὴν
961 1619 1166 1666 Λακωνικὴν

129 1662 274 1711 ἀνύσας,
290 1665 349 1703 καὶ
364 1667 547 1718 περιπάτει
564 1670 779 1721 ἐρρωμένως.
798 1673 889 1717 ἔνθες
909 1676 983 1712 ἀντὶ
1002 1681 1062 1714 τοῦ
1083 1678 1165 1715 ὑπό-

75 1755 108 1780 25
129 1721 241 1761 δυσαι.
257 1722 331 1773 ἅμα
346 1724 409 1774 μὲν
424 1725 509 1778 πρὸς
522 1726 561 1764 τὸ
578 1728 740 1779 ὑπόδημα
752 1759 763 1781 ,
780 1731 853 1781 ἅμα
868 1731 904 1769 δὲ
918 1734 1001 1786 πρὸς
1019 1734 1080 1781 τὴν
1097 1735 1164 1787 χώ-

128 1780 218 1831 ραν.)

181 1851 258 1877 1163.
287 1841 334 1884 εἰς
349 1839 411 1887 τὴν
425 1842 596 1893 πολεμίαν
616 1857 624 1883 :
648 1844 723 1895 ἅμα
739 1845 800 1896 μὲν
816 1848 901 1899 πρὸς
921 1849 958 1886 τὸ
981 1850 1162 1902 ὑπόδημα,

127 1894 201 1945 ἅμα
221 1896 256 1934 δὲ
275 1898 359 1950 πρὸς
376 1898 439 1946 τὴν
454 1899 586 1953 χώραν.
603 1910 641 1940 R.
662 1904 691 1953 (ὃ
709 1905 770 1954 μὲν
787 1899 862 1943 εἷπε
876 1906 938 1952 τὴν
956 1910 1163 1956 Λακωνικὴν

125 1953 279 2003 ἐμὸάδα,
294 1959 312 1994 ὁ
328 1955 363 1994 δὲ
381 1958 547 2005 ὑπενόησε
564 1959 674 2011 λέγειν
699 1962 801 2000 αὐτὸν
818 1963 879 2010 τὴν
894 1964 1038 2018 χώραν.)

179 2025 256 2051 1167.
287 2013 465 2065 (χίμπλον
484 2031 493 2055 :
515 2016 598 2055 “Ὀτι
611 2019 735 2071 κυρίως
748 2025 806 2058 νῦν
821 2022 860 2059 τὸ
872 2023 940 2060 ἀπὸ
956 2028 1016 2062 τοῦ
1032 2024 1163 2077 ψύχους

124 2069 181 2107 ἐπὶ
199 2073 266 2108 τῶν
281 2072 460 2110 δακτύλων
476 2078 628 2126 τραῦμα.
644 2076 783 2127 λέγεται
801 2079 836 2116 δὲ
856 2080 916 2117 καὶ
937 2082 1038 2134 μέρος
1056 2099 1088 2120 τι
1101 2088 1159 2121 τοῦ

122 2127 245 2175 ποδὸς,
264 2129 344 2181 περὶ
363 2130 381 2167 ὃ
398 2130 437 2168 τὸ
464 2132 582 2175 πάθος.
604 2133 664 2171 καὶ
685 2135 738 2172 ὅτι
763 2135 927 2187 χίμετλον
949 2141 984 2177 οὐ
1005 2139 1160 2191 λέγουσιν

123 2186 259 2233 ἑνικῶς,
271 2187 509 2233 πληθυντικῶς
526 2189 561 2227 δὲ
577 2190 739 2241 χίμετλα.
754 2197 837 2246 παρ’
855 2195 1014 2234 ὑπόνοιαν
1032 2198 1067 2236 δὲ
1084 2200 1159 2237 ἀντὶ

121 2246 181 2280 τοῦ
201 2245 307 2280 εἰπεῖν
329 2245 456 2295 ἀγαθὸν
479 2246 574 2284 οὐδὲν
599 2249 767 2302 λήψομαι.
823 2251 914 2296 ὅστις
941 2254 983 2292 τὰ
1007 2259 1074 2294 τῶν
1098 2273 1159 2308 γε-

73 2043 108 2068 30

70 2335 102 2359 ‘15
124 2300 249 2353 ρόντων
269 2303 307 2338 οὐ
323 2302 506 2354 λήψομαι.)

175 2373 255 2398 1169.
276 2360 570 2400 διασαλακώνισον
586 2377 594 2402 :
610 2365 823 2417 (Ἁὸρύνθητι
833 2369 892 2407 καὶ
905 2371 1157 2426 διαθρύφθητι.)

120 2416 151 2452 οἱ
174 2416 210 2453 δὲ
234 2415 422 2456 λυκώνισον
441 2419 510 2457 ἀπὸ
532 2420 693 2466 Λύκωνος
718 2427 893 2474 μαλακοῦ,
917 2433 976 2466 τοῦ
1001 2432 1158 2469 Αὐτολύ-

119 2488 179 2511 κου
197 2473 339 2526 πατρός.
411 2475 562 2526 (Ἄλλως.
578 2479 686 2517 ἔοικεν
707 2482 930 2534 ἐμφαίνεσθαι
948 2489 995 2539 τῷ
1015 2488 1157 2538 ὀνόματι

99 2541 103 2544 ’
118 2530 158 2568 τὸ
172 2533 490 2582 σαλακωνεύεσθαι,
508 2537 663 2575 τουτέστι
680 2539 717 2577 τὸ
732 2542 890 2579 σαλεύειν
910 2544 966 2581 τὸν
984 2548 1153 2598 πρωκτόν.

68 2623 102 2649 40
120 2587 155 2625 ἔν
173 2604 243 2627 τισι
259 2589 320 2639 μὲν
337 2592 596 2633 διαλυκώνισον.
615 2597 650 2632 ἐν
667 2597 702 2634 δὲ
722 2601 764 2650 τῇ
785 2599 1032 2655 Ἀρτεμιδώρου
1051 2621 1155 2642 συνα-

119 2650 214 2698 γωγῇ
233 2648 492 2688 διαλακώνισον.
514 2652 607 2690 αἰτία
628 2654 663 2691 δὲ
677 2659 735 2693 τοῦ
758 2657 918 2701 λεξειδίου
940 2664 960 2706 ἡ
979 2662 1152 2708 συνήθεια.

121 2702 255 2752 μήποτε
269 2704 335 2757 γὰρ
350 2707 410 2744 καὶ
425 2709 612 2756 πεποίηται
629 2712 686 2748 ὑπ’
704 2715 821 2753 αὐτοῦ.
837 2718 866 2753 εἰ
884 2717 918 2754 δὲ
934 2717 982 2767 μὴ
999 2721 1154 2772 ἀπεσχε-

120 2759 257 2798 δίασται
276 2761 315 2800 τὸ
334 2764 590 2815 διαλυκώνισον,
611 2769 703 2820 τάχα
725 2770 766 2808 ἂν
789 2773 923 2823 λέγοιτο
950 2777 1017 2814 ἀπὸ
1036 2779 1152 2818 Λύκου

119 2818 321 2857 πεντάθλου.
339 2821 496 2872 φαίνεται
509 2824 575 2877 γάρ
590 2842 641 2870 τις
651 2828 709 2865 καὶ
724 2831 966 2884 μαλακώτερος
981 2836 1149 2884 γενέσθαι.

67 2910 96 2935 4,
120 2873 297 2927 Ἀμειψίας
313 2894 326 2909 r«
349 2879 378 2914 εἷ
394 2879 445 2928 μὴ
461 2883 619 2920 θανοῦσιν
637 2885 710 2922 ἐστί
722 2903 771 2930 τις
790 2889 872 2938 τιμὴ
895 2893 1116 2943 καταῧῶμεν.
1135 2915 1149 2928 υ

85 2920 102 2936 ³
120 2933 151 2968 οἱ
168 2931 230 2982 μὲν
247 2932 303 2970 τὸν
317 2934 501 2975 πένταθλον
519 2940 620 2977 αὐτὸν
638 2942 799 2985 Λύκωνα.
817 2948 941 2998 ὁμοίως
956 2951 984 2987 δ’
1002 2952 1074 2989 ἐστὶ
1091 2953 1150 2990 καὶ

119 2989 200 3041 παρ’
216 2988 406 3044 Ἑρμίππῳ
419 2995 454 3031 ἐν
466 2998 535 3038 τοῖς
547 2999 801 3053 Τετραμέτροις
815 3024 830 3038 «
848 3005 986 3059 ὕστερον
1004 3009 1032 3046 δ’
1047 3010 1148 3048 αὐτὸν

119 3062 135 3078 «
151 3046 355 3098 στρατηγὸν,
368 3048 424 3092 οὓς
437 3051 710 3103 ἄνειλωτημένην
747 3060 751 3103 Ι
785 3061 843 3098 καὶ
859 3065 1147 3110 κασαλίῗάζουσαν

119 3120 135 3135 «
155 3097 242 3141 εἶδον
258 3105 316 3142 καὶ
334 3107 692 3160 σεσαλακωνισμένην,
711 3133 725 3148 υ
794 3117 936 3164 Ἄλλως,
960 3123 1073 3175 ἁδρῶς
1089 3127 1147 3163 καὶ

120 3161 306 3208 μαλθακῶς
331 3163 454 3201 σαυτὸν
477 3166 683 3214 διακίνησον.
716 3174 784 3212 ἀπό
820 3193 907 3220 τινος
939 3182 1147 3227 Σαλάκωνος

67 3199 102 3224 ⁵⁰
117 3219 303 3269 τρυφηλοῦ.
332 3219 417 3264 τινὲς
444 3221 480 3259 δὲ
508 3225 743 3266 σαλακωνίσαι

119 3277 268 3326 αἰσχρῶς
289 3280 440 3324 κινῆσαι.
465 3283 590 3320 σαῦλον
615 3283 650 3322 δὲ
676 3287 833 3327 καλεῖται
862 3291 902 3330 τὸ
929 3297 1058 3345 φαῦλον
1086 3298 1145 3336 καὶ

120 3329 341 3384 διερρυηκός.)

258 3407 362 3431 scum„
385 3411 546 3435 AR1ST01‘11.

2203 229 2268 263 161

1293 306 1370 331 1172.
1402 294 1611 346 ὅτῳδοθιῆνι
1637 313 1644 337 :
1673 301 1910 357 Ἀπροσλόγως
1935 310 2060 354 παίζει.
2085 314 2155 362 (καὶ
2177 320 2276 356 τοῦτο

1210 351 1211 355 ,
1236 352 1286 402 τῷ
1304 351 1599 393 διασαλακιιινίσαι
1616 358 1744 408 ὅμοιον.
1763 361 1784 407 ἢ
1800 364 1883 415 πρὸς
1893 366 1950 403 τὸν
1966 370 2099 422 πατέρα
2113 373 2276 427 ἀμόρφως

1198 537 1208 1044 l

1182 2192 1193 2769 f

1178 2801 1186 3131 ι

774 3233 856 3282 φασὶ
894 3235 950 3272 τὸν
988 3241 1146 3290 πρωκτὸν
1177 3237 1179 3242 1

1236 409 1470 460 ἠμφιεσμένον
1490 413 1550 458 τὴν
1568 416 1744 463 καυνάκην
1761 420 1820 456 καὶ
1841 423 2083 475 ἀναρμόστως,
2102 432 2147 473 ὡς
2162 433 2221 469 καὶ
2236 434 2274 471 τὸ

1235 465 1396 517 σκόροδον
1420 471 1469 521 τῷ
1487 471 1612 517 δοθιῆνι
1633 475 1847 526 ἀνάρμοστον
1865 482 1910 523 ὡς
1929 484 1975 525 εἰς
1994 487 2188 536 θεραπείαν.
2213 491 2271 528 δο-

1235 522 1309 569 Οιὴν
1327 524 1361 562 δὲ
1382 530 1478 577 φῦμα
1496 530 1685 583 φλυκταίνῃ
1703 535 1834 585 ἐοικός.)
2292 558 2307 580 ὓ

1289 596 1366 620 1173.
1398 586 1683 639 σαυλοπρωκτιᾶν

1232 640 1290 676 λον
1311 639 1346 677 δὲ
1365 640 1403 678 τὸ
1426 646 1563 696 κοῦφον.

1288 711 1365 736 1177.
1397 702 1532 751 πρῶτον
1550 702 1624 752 μὲν,
1641 707 1686 749 ὡς
1702 710 1722 752 ἡ
1742 708 1862 758 Λάμια
1881 725 1889 749 :
1907 711 1991 751 ‘'Ott
2007 717 2068 753 οὐκ
2086 714 2190 758 οὖσαν
2208 723 2270 769 τὴν

1231 753 1374 804 Λάμιαν
1392 758 1600 800 ὑποτίθεται.
1622 762 1686 811 (διὸ
1702 765 1740 802 τὸ
1758 769 1807 817 χ.)
1830 772 1930 808 τοῦτο
1949 771 1984 808 δὲ
2003 775 2037 810 ἐν
2057 776 2154 829 μύθῳ
2173 780 2269 830 λέγε-

1230 827 1298 849 ται.

1286 884 1362 909 1178.
1395 873 1618 925 (Καρδοπίων
1635 892 1644 917 :
1662 881 1733 918 Καὶ
1748 886 1850 922 τοῦτο
1868 886 1958 938 ἀρχὴ
1976 889 2095 938 μύθου.
2110 894 2268 946 Δίδυμος·

1230 929 1248 964 ὁ
1280 930 1491 981 Καρδοπίων
1524 937 1696 981 ζητητέος.
1732 941 1885 991 οὐδαμοῦ
1922 950 2152 999 κωμῳδεῖται.
2194 953 2270 993 ἀλλ’

1229 984 1429 1036 Ἀγκυλίων,
1453 992 1510 1029 ἐπὶ
1539 996 1587 1045 τῷ
1616 994 1677 1041 τὴν
1705 1000 1840 1052 μητέρα
1871 1003 2070 1046 διατιθέναι.
2103 1011 2212 1050 λείπει
2233 1015 2268 1052 δὲ

1229 1044 1374 1097 ἔτυψεν.)
1398 1074 1443 1078 -
1456 1051 1502 1092 ὡς
1518 1053 1536 1088 ὁ
1553 1053 1760 1104 Καρδοπίων
1782 1057 1843 1103 τὴν
1867 1062 2000 1115 μητέρα
2019 1078 2027 1103 ;
2045 1067 2166 1106 Λείπει
2192 1072 2270 1109 ἐτύ-

1227 1117 1370 1149 πτησεν.
1395 1113 1475 1144 Vict.

1283 1175 1362 1203 1182.
1395 1169 1459 1216 μῦς
1478 1167 1537 1204 καὶ
1562 1172 1653 1219 γαλῆ
1674 1184 1683 1209 :
1703 1173 1809 1224 (Πρὸς
1829 1175 1891 1223 τὴν
1920 1181 2113 1231 συνήθειαν,
2135 1186 2186 1223 ὅτι
2211 1188 2268 1225 τὸν

1229 1222 1334 1268 μῦθον
1344 1224 1554 1275 προέταττον
1568 1226 1692 1275 οὕτως,
1708 1225 1792 1282 οἷον,
1806 1227 1848 1279 ἦν
1860 1234 1948 1273 οὕτω
1961 1239 2069 1291 γέρων
2083 1244 2142 1280 καὶ
2152 1250 2266 1296 γραῦς.

1227 1278 1286 1315 καὶ
1307 1281 1459 1320 Πλάτων
1477 1285 1512 1322 ἐν
1532 1285 1679 1338 Φαίδρῳ
1702 1293 1747 1336 [p.
1769 1304 1838 1339 237,
1856 1298 1893 1339 B]
1912 1313 1926 1328 «
1944 1290 1986 1342 ἦν
2001 1298 2090 1337 οὕτω
2108 1300 2148 1348 δὴ
2169 1305 2267 1352 παῖς,

1229 1353 1242 1369 «
1265 1340 1396 1386 μᾶλλον
1414 1340 1449 1378 δὲ
1468 1344 1701 1394 μειρακίσκος·
1724 1348 1835 1402 τούτῳ
1853 1352 1880 1388 δ’
1906 1348 1993 1399 ἦσαν
2016 1358 2160 1409 ἐρασταὶ
2178 1363 2266 1402 πάνυ

1229 1412 1243 1427 «
1263 1398 1396 1436 πολλοί.
1415 1417 1429 1432 »
1493 1399 1651 1453 Ἄλλως.)
1665 1405 1756 1456 ἀρχὴ
1771 1407 1879 1457 μύθου
1894 1415 1958 1460 μῦς
1970 1414 2029 1451 καὶ
2042 1418 2144 1465 γαλῆ.
2158 1419 2268 1468 (τοῦτο
2285 1438 2319 1463 20

1227 1451 1262 1490 δὲ
1279 1454 1363 1506 πρὸς
1378 1456 1417 1493 τὸ
1433 1459 1510 1495 κατ’
1531 1460 1641 1498 οἰκίαν
1659 1464 1837 1514 εἰρημένον
1854 1470 1902 1520 τῷ
1923 1471 2177 1524 Βδελυκλέωνι,
2198 1480 2266 1517 οἷό-

1227 1525 1324 1559 μενος
1343 1514 1422 1565 περὶ
1437 1516 1610 1568 μυθαρίων
1628 1520 1730 1558 αὐτὸν
1746 1522 1884 1575 λέγειν.)

1281 1582 1364 1608 1183.
1395 1573 1565 1623 Θεογένης
1587 1590 1595 1614 :
1615 1576 1671 1626 (Ὁ
1688 1580 1859 1631 Θεογένης
1875 1577 1970 1628 οῧτός
1985 1588 2087 1638 ἐστιν)
2104 1593 2121 1627 ὁ
2138 1591 2263 1645 Ἀχαρ-

1225 1625 1316 1675 νεὺς,
1336 1627 1372 1665 ὃν
1400 1630 1458 1667 καὶ
1484 1632 1541 1669 ἐπὶ
1567 1636 1615 1685 τῷ
1647 1637 1783 1686 μεγάλα
1804 1642 1995 1680 ἀποπατεῖν
2023 1649 2261 1699 κωμῳδοῦσιν.

1224 1707 1276 1711 --
1293 1686 1394 1731 δῆλον
1413 1687 1448 1725 δὲ
1467 1691 1500 1726 ἓν
1517 1691 1591 1734 ταῖς
1605 1691 1740 1745 (Ὠραις.
1761 1703 1799 1733 V.

1278 1756 1355 1781 1134.
1386 1748 1434 1797 τῷ
1454 1749 1680 1802 κοπρολόγῳ;
1703 1755 1935 1808 Μεγαλοφυὴς
1957 1759 2022 1812 γὰρ
2040 1761 2086 1799 ὢν
2100 1764 2158 1801 καὶ
2176 1767 2263 1803 οἷλα-

1223 1798 1288 1843 ζὼν
1309 1805 1498 1854 παρῃτεῖτο
1517 1809 1562 1849 ὡς
1582 1809 1689 1861 μικρὰ
1708 1815 1818 1849 ταῦτα
1839 1815 1996 1856 ἀκοῦσαι.

1706 604 1714 629 :
1736 593 1903 633 Σαλεύειν
1919 598 1976 635 τὸν
1996 604 2164 652 πρωκτόν.
2183 610 2269 644 σαῦ-

2293 859 2322 882 10

2290 1152 2320 1174 15

2281 1727 2314 1752 25

1277 1872 1353 1898 1187.
1386 1863 1443 1910 (ὡς
1460 1862 1672 1918 ξυνεθεώρεις
1693 1881 1701 1906 2
1724 1869 1912 1922 Ἔμφαίνει
1932 1874 1993 1922 μὲν
2013 1879 2058 1919 ὡς
2080 1880 2158 1931 περὶ
2181 1897 2261 1931 γεν-

1221 1915 1324 1953 ναίων
1345 1922 1444 1956 τινῶν
1464 1922 1522 1959 καὶ
1539 1923 1722 1977 λαμπρῶν.
1742 1927 1944 1981 Ἀνδροκλέα
1956 1933 1991 1970 δὲ
2008 1936 2177 1987 Κρατῖνος
2190 1940 2257 1977 Σε-

1222 1974 1342 2026 ριφίοις
1362 1978 1446 2029 φησὶ
1467 1980 1586 2018 δοῦλον
1606 1983 1665 2019 καὶ
1682 1985 1834 2036 πτωχὸν,
1855 1989 1888 2025 ἐν
1910 1989 1944 2027 δὲ
1964 1989 2094 2044 υΩραις
2113 1998 2259 2049 ἡταιρη-
2278 2018 2312 2044 30

1220 2031 1304 2069 κότα
1343 2035 1585 2089 Ἀριστοφάνης
1624 2040 1681 2078 τὸν
1716 2044 1817 2081 αὐτόν
1840 2061 1847 2068 ·
1883 2049 2118 2098 Τηλεκλείδης
2155 2053 2190 2092 δὲ
2222 2058 2256 2093 ἐν

1220 2089 1390 2137 εΗσιόδοις
1409 2095 1466 2132 καὶ
1484 2096 1717 2149 Ἐκφαντίδης
1735 2103 2042 2156 βαλλαντιοτόμον.
2058 2112 2075 2147 ὃ
2096 2110 2130 2148 δὲ
2150 2113 2258 2150 Κλει-

1219 2148 1337 2195 σθένης
1359 2152 1414 2188 ἐπὶ
1435 2154 1590 2207 μαλακία
1609 2158 1892 2211 γνωριμώτατος,
1917 2162 2029 2216 ἕτερος
2050 2167 2086 2204 δὲ
2105 2172 2258 2219 γενναῖος

1218 2204 1239 2250 ἢ
1259 2207 1417 2260 λαμπρὸς
1436 2212 1643 2259 Κλεισθένης
1659 2216 1696 2252 οὐ
1711 2216 1814 2255 πάνυ.
1897 2219 2043 2266 Ἄλλως.
2065 2225 2138 2264 δέον
2151 2228 2254 2266 αὐτὸν

1219 2265 1324 2302 εἰπεῖν
1350 2267 1505 2318 ἐπίσημα
1534 2271 1709 2323 ὀνόματα,
1740 2275 1880 2321 τούτους
1907 2273 2014 2328 εἶπεν,

1217 2321 1416 2375 διαῧάλλῃ.)

1272 2390 1350 2420 1189.
1380 2383 1471 2430 πλὴν
1483 2386 1515 2428 ἐς
1529 2386 1647 2440 Πάρον
1667 2401 1676 2427 :
1695 2387 1863 2436 Ἐπαιξεν
1879 2396 1952 2432 ἀντὶ
1966 2401 2026 2434 τοῦ
2036 2398 2091 2436 ὅτε
2108 2402 2154 2443 εἷς
2170 2401 2252 2440 Πά-

1218 2453 1273 2489 ρον
1291 2440 1590 2494 ἐστρατευσάμην.
1609 2453 1647 2484 R.
1669 2448 1757 2497 (οἷντὶ
1771 2455 1828 2488 τοῦ
1840 2454 2009 2501 μισθωτὸς
2019 2454 2065 2493 ὢν
2083 2460 2254 2510 στρατιώ-

1215 2512 1286 2543 της.
1306 2497 1344 2535 τὸ
1362 2498 1397 2536 δὲ
1415 2501 1546 2553 Πάριον
1563 2506 1622 2540 τοῦ
1640 2505 1774 2544 Πόντου
1794 2510 1903 2553 πόλις.
1923 2513 1982 2550 καὶ
2001 2516 2172 2567 παροιμία

2045 2281 2101 2320 ἵνα
2131 2286 2253 2331 αὐτοὺς
2272 2306 2306 2331 35

1336 2591 1367 2621 ἐν
1383 2593 1491 2634 Παρίῳ
1505 2596 1621 2636 ψυχρὸν
1633 2598 1686 2638 μὲν
1701 2599 1792 2641 ὕδωρ,
1803 2603 1894 2634 καλαὶ
1909 2604 1940 2635 δὲ
1956 2608 2124 2648 γυναῖκες.)
2268 2630 2303 2656 40

1268 2670 1334 2720 (δύ’
1351 2671 1464 2711 ὂὸολὼ
1489 2675 1600 2728 φέρων
1622 2691 1630 2716 :
1647 2679 1735 2718 Ἀντὶ
1756 2685 1816 2720 τοῦ
1834 2688 2050 2738 μισθοφορῶν
2066 2691 2245 2731 τοσούτου.

1214 2726 1333 2779 Πάρον
1351 2729 1435 2768 δὲοὶ
1457 2731 1519 2781 μὲν
1548 2733 1663 2782 τόπον,
1689 2739 1719 2774 οἱ
1748 2738 1783 2776 δὲ
1814 2740 1905 2778 κατὰ
1930 2744 2070 2782 παιδιὰν
2091 2748 2247 2798 εἰρῆσθαι

1212 2785 1370 2834 κωμικὴν
1399 2787 1461 2833 τὴν
1484 2790 1616 2843 Πάρον.
1644 2794 1763 2846 ἰκρίοις
1791 2796 1826 2834 δὲ
1858 2801 2060 2850 θεωροῦντες
2086 2803 2163 2847 τοὺς
2186 2806 2246 2844 δύο

1211 2841 1352 2886 ὂέολοὺς
1370 2847 1535 2898 παρεῖχον
1552 2850 1620 2892 τοῖς
1637 2851 1899 2902 ἀρχιτέκτοσιν.)

1267 2913 1345 2939 1191.
1378 2901 1552 2957 Ἀσκώνδᾳ
1577 2909 1690 2951 καλῶς
1709 2922 1716 2946 ;
1739 2910 1801 2958 (Τὸ
1816 2912 1873 2962 yffi)
1894 2912 1944 2949 ὅτι
1962 2915 2040 2966 περὶ
2051 2920 2108 2954 τοῦ
2121 2918 2244 2971 Ἐ’ρου-
2261 2942 2295 2967 45

1211 2956 1326 3000 δίωνος
1336 2959 1418 3010 [ὡς]
1430 2962 1564 3007 ἀληθῶς
1575 2964 1716 3014 ἱστορεῖ.
1732 2966 1893 3015 (Ἄλλως.
1906 2971 1957 3008 ὅτι
1971 2976 2242 3027 κατεψευσμένοι

1209 3014 1387 3065 φαίνονται
1400 3012 1491 3055 οῦτοι
1505 3024 1785 3072 παγκρατιασταὶ
1799 3026 1856 3063 ἐπὶ
1869 3030 2004 3081 παιδιᾷ.
2020 3033 2037 3068 ὃ
2048 3030 2084 3069 δὲ
2095 3032 2241 3073 Ἀσκών-

1209 3072 1269 3114 δας
1288 3073 1345 3109 καὶ
1364 3073 1396 3116 ἐξ
1417 3076 1521 3113 αὐτοῦ
1538 3080 1596 3113 τοῦ
1616 3078 1792 3128 ὀνόματος.
1811 3084 1840 3119 εἷ
1861 3083 1908 3133 μὴ
1931 3085 1996 3137 ἄρα
2017 3090 2034 3124 ὁ
2052 3088 2240 3143 Ἐφουδίων

1208 3129 1298 3165 ἐστὶν
1320 3133 1336 3166 ὁ
1354 3131 1387 3167 ἐν
1408 3134 1482 3175 ταῖς
1502 3133 1719 3184 Ὀλυμπιάσι
1736 3138 1918 3190 φερόμενος
1939 3143 2128 3197 Ἐφουδίων
2149 3151 2240 3188 Μαι-

1207 3185 1320 3230 νάλιος
1340 3188 1418 3238 00'.)

1261 3258 1339 3283 1195.
1371 3246 1498 3297 θώρακ’
1516 3247 1604 3299 ἔχων
1629 3263 1637 3288 ;
1663 3251 1733 3290 Τὸν
1760 3256 1947 3304 πολεμικὸν
1976 3261 2143 3309 ὑπενόησε
2169 3264 2237 3316 [χι-

1205 3304 1316 3348 τῶνα,
1346 3307 1404 3341 τοῦ
1432 3306 1689 3352 Βδελυκλέωνος
1714 3310 1753 3347 τὸ
1779 3317 1902 3360 στῆθος
1927 3317 2090 3362 εἰπόντος.
2123 3321 2235 3373 θώραξ

1206 3358 1272 3411 γὰρ
1291 3360 1349 3397 καὶ
1369 3361 1408 3398 τὸ
1427 3366 1546 3409 στῆθος
1563 3366 1677 3414 δηλοῖ,
1698 3370 1793 3421 παρὰ
1812 3371 1850 3408 τὸ
1867 3374 1905 3410 τὸ
1925 3377 2011 3413 θεῖον
2024 3379 2135 3428 ὦρεῖν,
2152 3395 2231 3417 του-·

2063 3450 2090 3473 11

2255 3234 2289 3257 50
