2533 3808
225 233 303 266 254

276 325 341 350 421.
371 309 576 360 ἐκπορίσαςῑ
594 305 778 348 Συλλέξας.
792 303 1024 354 πρόοουλοιδὲ
1043 302 1129 354 πρὸς
1141 303 1254 339 τοῖσδε

225 369 396 422 ηρέθησαν
417 367 515 403 ἄλλοι
534 365 579 409 κ’,
600 361 864 435 εἰσηγησάμενοι
879 360 923 398 τὰ
944 362 1108 398 δοκοῦντα
1127 359 1236 410 (βέὶτι
1241 382 1255 388 -

227 429 303 476 στα)
320 429 360 476 τῇ
381 422 536 461 πολιτεία
552 420 639 470 μετὰ
654 419 715 464 τὴν
736 421 770 456 ἐν
789 422 831 470 τῇ
850 418 993 456 Σικελία
1011 418 1202 470 συμφοράν.

238 517 244 522 .
278 498 340 522 422.
372 484 531 531 (κωπῆςε
554 479 689 523 Κωπηλ
692 478 785 523 άται)
800 500 851 505 --
871 476 1012 519 δέοντος.
1032 483 1070 512 R.

183 558 210 593 *5
280 554 344 579 426.
373 539 407 577 τί
425 537 573 590 κέχηνας
591 538 619 573 ὠ
642 536 818 582 δύστηνε;
841 534 934 586 Πρός
951 550 1028 571 τιια
1053 532 1169 584 (λέγει)
1190 535 1256 570 τῶν

227 598 400 649 δημοσίων
421 598 615 647 ὑπηρεπῗιν.

279 670 344 694 427.
375 655 450 692 ἀλ’λ
471 653 492 699 ἢ
513 654 703 698 καπηλεῖον
723 653 861 689 σκοπῶν

279 728 348 754 434.
375 715 465 763 (δεῖῑ
490 711 578 749 Ἀντὶ
595 714 652 748 τοῦ
674 711 805 759 δῆσον.)

279 784 343 810 437.
376 772 425 821 (οὗ
447 767 644 821 ξυναρπάσῃ
668 766 776 818 μέσην
798 779 806 805 :

179 844 210 868 10
228 844 355 880 γοντος.
359 830 369 879 )

281 900 344 925 439.
373 887 412 931 νὴ
430 884 493 931 τὴν
513 883 741 936 Πάνδροσον;
761 881 957 932 Θυγατέρες
974 880 1152 933 Κέκροπος
1164 879 1264 918 Πάν-

231 945 348 996 δροσος
363 959 422 980 και
437 942 618 995 Ἀγραύλη.
635 942 675 978 ἐκ
687 957 747 986 της
760 938 998 992 Πανδρόσου
979 937 1014 975 03.
1027 954 1085 976 και
1101 941 1123 984 ἡ
1139 938 1264 983 Ἀθηνᾶ·

231 1001 431 1053 Πάνδροσος
449 1002 516 1038 καλ
519 1006 619 1037 εἷται.

287 1059 436 1111 (ταύτης
456 1060 510 1109 Τῃ
531 1055 776 1108 Λυσιστράτῃ.)

181 1130 228 1157 15.
283 1130 347 1155 443.
375 1116 416 1162 νὴ
436 1115 498 1161 τὴν
518 1115 710 1167 Φωσφόρον
733 1127 741 1151 2
773 1112 848 1158 Τὴν
868 1111 1032 1163 Ἄρτεμιν
1053 1110 1159 1153 οὕτως
1178 1110 1260 1148 ἐκά-

232 1177 324 1221 λουν,
341 1173 415 1211 ἐπεὶ
425 1174 600 1224 δᾳδοῦχος.
619 1175 641 1217 ἡ
660 1170 745 1217 αὐτὴ
765 1170 830 1222 γὰρ
850 1173 892 1222 τῇ
911 1169 1060 1219 εΕκοίτῃ.
1083 1167 1169 1213 -ἢ
1190 1167 1264 1205 ἐπεὶ

232 1232 291 1270 καὶ
311 1236 353 1284 τῇ
375 1231 500 1283 σελήνῃ
522 1234 543 1276 ἡ
567 1229 665 1274 αὐτή.
687 1238 724 1267 R.

232 1330 236 1334 ,
284 1303 349 1328 444.
378 1288 502 1326 κύαθον
529 1286 680 1332 αἰτήσεις
707 1300 716 1325 :

885 663 894 689 τ
916 649 976 692 Ὡς
996 647 1133 701 μεθύσῳ
1153 647 1257 699 λέγει.

829 766 891 809 Ὡς
907 770 969 803 τοῦ
988 763 1154 816 δημοσίου
1179 763 1261 817 φεύ-

224 1331 228 1334 ,
745 1286 822 1324 Ἵνα
846 1287 996 1337 προσθῇς
1020 1286 1095 1326 ταῖς
1119 1283 1264 1333 γνάθοις·

233 1346 339 1389 οὕτως
363 1345 617 1394 ὑπωπιασθήσῃ
639 1344 693 1396 ὕφ’
722 1346 834 1392 ἡμῶν.
856 1341 1034 1392 γεμίζουσι
1054 1340 1119 1392 γὰρ
1140 1340 1265 1377 κύαθον

181 1417 216 1442 20
235 1408 378 1457 θερμοῦ,
398 1403 458 1440 καὶ
474 1404 714 1455 προσκολλῶσι
732 1401 802 1444 τοῖς
821 1400 986 1449 οἷδήμασι
1005 1398 1065 1436 καὶ
1083 1397 1267 1450 θεραπεύε-

234 1477 304 1500 ται.

288 1532 351 1558 447.
379 1518 420 1564 νὴ
438 1516 500 1564 τὴν
507 1517 764 1590 ,ΙζΤαυροπόλον
790 1515 918 1565 (Ούτω)
937 1513 998 1560 τὴν
1011 1514 1202 1566 Ἄρτεμιν
1188 1512 1269 1551 εκά-

235 1580 328 1616 λουν,
348 1576 410 1623 τὴν
427 1575 461 1613 δὲ
483 1576 595 1612 αἰτίαν
615 1574 900 1626 Απολλόδωρος’
886 1589 919 1610 εν
940 1575 989 1610 τῶ
1009 1572 1087 1624 περὶ
1107 1573 1223 1608 θεων
1209 1587 1267 1608 εκ-

237 1635 380 1673 τίθετοιι.
402 1633 475 1671 ἔστι
493 1635 521 1671 δ’
543 1632 597 1670 ὅτε
618 1632 752 1679 καιτὴν
773 1633 915 1678 Αθηνᾶν
931 1630 1019 1668 οὕτω
1034 1631 1209 1667 καλουσιν·
1225 1631 1271 1671 ὡς

184 1703 220 1729 25
238 1692 440 1742 Ξενομήδης
459 1692 600 1742 ἱστορεῖ.

178 1742 182 1746 .
236 1743 239 1749 .
291 1764 355 1790 448.
387 1751 556 1788 ἐκκοκκιῶ
578 1763 586 1787 :
612 1748 821 1798 (Ἀνατιλῶ,)
843 1745 1045 1784 ἀνασπάσω.
1067 1744 1135 1781 ἀπὸ
1162 1759 1272 1795 μετα-

240 1815 345 1862 φορᾶς
363 1824 431 1845 των
453 1810 563 1861 ῥοιῶν.
588 1805 870 1857 (στενοκωκύτους
890 1805 937 1856 δὲ)
961 1806 1012 1856 ἐφ’
1033 1797 1086 1846 αἶς
1105 1802 1274 1846 στενάξεις

240 1866 450 1916 τιλλόμενος.

633 1916 684 1960 ΝΩ.
705 1921 899 1972 ὑπηρέται.)

191 1996 225 2021 30
296 1995 359 2019 453.
394 1980 446 2018 ὅτι
470 1996 529 2017 και
554 1980 636 2032 παρ’
663 1981 745 2029 ἡμῖν
775 1981 869 2016 εἴσω

294 1937 357 1961 451.
389 1925 430 1972 (ω
451 1922 583 1962 Σκύθαι
605 1935 613 1961 :

898 1977 1003 2029 Παρὰ
1027 1983 1102 2020 ταῖς
1125 1975 1275 2027 γυναιξὶν

245 2039 438 2091 υπάρχουσι
459 2039 486 2075 δ
507 2037 617 2088 λόχοι.
640 2041 739 2075 τοῦτο
760 2036 796 2074 δέ
815 2052 930 2089 φησιν,
949 2051 1001 2072 οτι
1017 2051 1076 2072 και
1092 2034 1188 2086 παρὰ
1202 2037 1277 2072 Λα-

243 2095 470 2145 κεδαιμονίοις
488 2095 651 2146 τέσσαρες
671 2094 866 2147 ὑπάρχουσι
884 2093 999 2144 λόγοι,
1015 2096 1061 2136 οἷς
1077 2092 1246 2143 κέχρηται
1261 2094 1279 2129 ὁ

248 2152 417 2206 βασιλεύς.

299 2210 470 2263 (τέτταρες
479 2210 577 2261 λόχοι
590 2223 598 2249 2
613 2208 809 2262 Ἀργότερον
821 2207 864 2246 τὰ
876 2206 1081 2247 ΛακώνιιγΝ
1063 2222 1170 2244 εοικεν
1181 2207 1280 2258 ἐξειρ-

193 2282 226 2307 35
245 2269 370 2320 γάσθαι
387 2272 404 2306 ὁ
427 2268 582 2315 ποιητής.
605 2268 703 2319 λόχοι
723 2266 788 2319 γὰρ
808 2268 869 2304 οὐκ
890 2266 955 2303 εἰσὶ
974 2265 1134 2317 τέτταρες
1154 2267 1188 2302 ἐν
1205 2268 1281 2303 Λα-

247 2326 465 2378 κεδαιμονία,
484 2326 574 2363 ἀλλὰ
588 2327 625 2372 ε’,
640 2323 814 2371 ’Ἑδωλος,
833 2324 945 2370 Σίνις,
963 2323 1125 2375 Αρίμας,
1144 2323 1279 2369 Πλοὰς,

192 2380 195 2383 Δ
248 2384 469 2435 Μεσσοάγης.
492 2387 509 2421 6
523 2383 558 2421 δὲ
572 2383 787 2429 Θουκυδίδης
805 2384 853 2434 [5,
870 2383 920 2432 38]
935 2382 961 2426 ζ’
977 2380 1079 2434 φησὶ,
1094 2381 1200 2433 χωρὶς
1213 2383 1280 2418 τῶν

250 2444 444 2493 Σκιριτῶν.)

302 2513 365 2538 457.
392 2498 790 2549 λεκιθολαχανοπώλιδες
814 2510 825 2536 ;
850 2497 918 2552 ᾩὰ
941 2496 1007 2549 γὰρ
1039 2498 1194 2535 πωλοῦσι
1220 2497 1280 2534 καὶ

199 2573 234 2598 40
250 2556 389 2608 λάχανα
406 2556 465 2593 καὶ
483 2555 623 2606 ὄσπρια.

306 2627 371 2652 460.
401 2615 445 2655 ὡς
464 2613 529 2658 ἤδη
547 2611 713 2661 κειμένων
733 2612 859 2650 αὐτῶν.
877 2618 916 2648 R.

309 2684 373 2709 461.
402 2669 589 2716 παύσασθ’,
609 2670 866 2721 ἐπαναχωρεῖτε
887 2681 896 2706 :
921 2669 1056 2718 (Τοῦτο)
1075 2669 1120 2710 ὡς
1134 2670 1202 2705 τῶν
1223 2670 1286 2705 ἀν-

256 2730 343 2780 δρῶν
363 2727 592 2779 πεφευγότων.

308 2800 372 2824 462.
403 2785 471 2835 οἴμ’
492 2787 538 2827 ὡς
556 2800 671 2827 κακως
693 2783 851 2835 πέπραγέ
873 2799 938 2833 μου
960 2797 968 2822 :
991 2782 1080 2821 Ἀντὶ
1098 2786 1158 2820 τοῦ
1176 2783 1285 2828 ἡττή-

203 2861 237 2886 45
257 2847 364 2890 θησαν
385 2842 444 2880 καὶ
464 2841 643 2893 ἠτύχησαν
663 2843 694 2878 οἱ
714 2840 896 2891 σύμμαχοί
916 2856 992 2890 μου.

309 2914 372 2939 466.
403 2900 528 2951 εάνπερ
546 2898 690 2945 πλησίον
709 2898 896 2944 κάπηλος’
879 2911 928 2950 ῃ;
944 2897 1130 2941 Ἐπαιξε
1112 2896 1168 2934 οιὰ
1182 2897 1220 2934 τὸ
1234 2897 1288 2949 φί-

257 2961 381 3004 λοινον,
401 2957 453 2995 ὅτι
469 2958 628 2995 πίνουσαι
645 2960 877 3009 παροινοῦσιν.

311 3029 376 3055 470.
404 3015 518 3058 κονίας
539 3028 547 3053 :
576 3013 774 3068 (Νίτρου,ἢ
799 3014 933 3066 ῥύπου.)
961 3037 1011 3042 -—
1037 3013 1084 3063 μὴ
1109 3013 1290 3063 κεκονιμέ-

260 3089 326 3119 νοις
341 3072 429 3110 ὥστε
448 3074 583 3111 λοῦσαι.
601 3081 637 3110 R.

209 3147 243 3170 50
314 3144 377 3169 472.
406 3132 578 3168 κυλοιδιᾶν
610 3130 743 3180 ἀνάγκη
781 3130 871 3169 :Tae
907 3129 987 3181 περὶ
1023 3129 1081 3166 τὸν
1116 3129 1290 3180 ὀφθαλμὸν

220 3231 226 3233 ‚
265 3187 350 3240 μέρη
369 3188 468 3224 κοῖλα
488 3189 637 3237 (οἰδεῖν).
652 3188 711 3225 καὶ
724 3187 820 3239 παρὰ
835 3187 1014 3239 Θεοκρίτῳ
1032 3191 1085 3233 [1,
1099 3191 1152 3232 38]
1170 3202 1186 3216 «
1206 3185 1292 3232 δηθὰ
1318 3207 1322 3216 ι

222 3247 228 3250 ⁴
264 3244 528 3296 κυλοι-διόωντες.
551 3264 565 3277 υ
586 3269 636 3273 --
651 3245 712 3291 τὴν
732 3246 807 3295 ὄψιν
825 3245 939 3282 οἰδεῖν.
960 3251 997 3280 R.

318 3315 380 3340 475.
409 3300 525 3353 ὥσπερ
540 3301 691 3353 σφηκιάε

269 3357 415 3409 βλίττειν
431 3357 497 3410 γὰρ
518 3358 640 3410 κυρίως
658 3357 697 3395 τὸ
714 3357 879 3403 ἐκπιέζειν
897 3357 986 3407 μέλι.

881 218 1128 257 SCHOLIA
1164 218 1223 255 IN
1258 218 1684 259 LYSISTRATAM.

1371 304 1520 355 (βλήττῃ
1542 319 1551 343 t
1576 305 1738 351 Κινήσει,
1755 305 1929 358 ἕρεθίσει.)

1364 374 1427 400 477.
1457 368 1544 399 τοῖσι
1568 363 1754 406 κνωδάλοις
1778 377 1786 402 :
1816 365 1898 407 Τοῖς
1918 364 2054 415 θηρίοις.
2080 364 2202 417 κυρίως
2219 365 2254 402 δὲ
2272 369 2342 409 τοῖς

1314 418 1518 461 θαλαττίοις.
1540 419 1700 457 κνώδαλα
1719 420 1785 473 γὰρ
1802 420 1845 458 τὰ
1865 423 1898 459 ἐν
1916 427 1960 475 τῇ
1981 422 2038 459 ἁλὶ
2058 422 2254 473 κινούμενα.
2274 439 2342 461 κα-

1313 479 1554 527 ταχρηστικῶς
1580 477 1638 514 καὶ
1667 477 1827 530 εΌμηρος
1852 480 1928 529 [Οά.
1948 493 1989 526 Ρ,
2021 485 2092 526 317]
2124 499 2141 513 (ι
2170 480 2342 518 κνώδαλον

1315 533 1388 570 ὅττι
1406 534 1521 571 δίοιτο.
1545 553 1560 566 »
2364 555 2383 581 5

1473 593 1484 606 a
1542 591 1550 603 r
1669 595 1679 607 e
1723 593 1732 605 x
1805 593 1815 606 l
1964 594 1974 607 3
2029 595 2039 607 x
2157 599 2178 608 ι..
2215 596 2223 608 x
2318 596 2327 609 t

1367 604 1432 630 483.
1465 593 1649 644 ακροπολιν
1671 608 1759 645 ιερον
1777 609 1917 643 τεμενος
1937 607 1946 633 :
1971 597 2046 632 Απο
2065 611 2178 634 κοινου
2193 612 2232 634 το
2243 613 2346 634 κατε-

1314 648 1435 687 λαὸον.

1368 720 1430 745 484.
1460 707 1535 744 ἀλλ’
1553 706 1706 759 ἀνερώτα
1727 721 1735 746 :
1758 708 2020 746 Ἀναπαιστικὸν
2036 709 2075 746 τὸ
2093 709 2226 760 μέτρον.

1369 778 1433 803 485.
1465 765 1702 803 ἀκωδώνιστον
1725 778 1733 803 :
1755 765 1990 818 Ἀπείραστον,
2011 767 2256 807 ἀὸασάνιστον.
2277 784 2341 806 κω-

1318 823 1458 861 δωνίσαι
1483 822 1549 873 γὰρ
1577 823 1616 861 τὸ
1642 824 1917 875 διαπειραθῆναι.
1946 827 2116 874 μετῆκται
2135 824 2170 862 δὲ
2194 825 2262 862 ἀπὸ
2281 829 2348 863 τῶν
2371 841 2403 865 10

1317 881 1592 932 περιπολούντων
1613 881 1672 918 καὶ
1692 880 1828 919 κώδωσι
1849 881 2130 933 διαπειρωμένων
2155 884 2183 920 εἰ
2207 883 2352 935 ἐγρηγό-

1320 954 1419 990 ρασιν
1433 941 1463 976 οἱ
1477 938 1533 976 ἐπὶ
1546 945 1622 991 ταῖς
1633 940 1801 991 φυλακαῖς
1816 939 2031 989 τεταγμένοι.
2049 942 2080 978 οἱ
2098 939 2132 977 δὲ
2149 943 2352 990 ὑπομνημα-

1318 996 1435 1034 τισταὶ
1454 996 1523 1034 ἀπὸ
1539 999 1607 1034 τῶν
1622 997 1773 1048 ὀρτύγιον
1791 997 1875 1049 φασὶ
1894 1001 2065 1048 μετῆχθαι
2078 997 2139 1044 τὴν
2153 997 2256 1042 λέξιν.
2275 998 2354 1042 τοὺς

1318 1056 1384 1109 γὰρ
1411 1057 1664 1106 ὑπομείναντας
1692 1057 1749 1095 τὸν
1776 1053 1863 1108 ἦχον
1884 1062 1943 1095 τοῦ
1971 1057 2126 1102 κώδωνος
2154 1058 2354 1104 ἐπιτηδείως

1320 1114 1411 1165 ἔχειν
1428 1115 1511 1165 πρὸς
1530 1114 1659 1166 μάχην.
1677 1114 1759 1152 ἔνιοι
1775 1115 1810 1152 δέ
1827 1129 1910 1167 φασι
1928 1114 1987 1152 καὶ
2000 1114 2078 1158 τοὺς
2089 1114 2216 1159 ἵππους
2231 1115 2354 1154 κώδων
2372 1132 2406 1156 15

1321 1187 1372 1209 σιν
1395 1172 1572 1216 ἐξετάζειν.

1374 1242 1437 1267 487.
1467 1228 1528 1275 τὴν
1545 1230 1643 1266 πόλιν
1661 1244 1670 1268 t
1688 1229 1763 1275 Τὴν
1783 1227 1981 1281 ἀκρόπολιν.

1375 1299 1439 1325 489.
1473 1286 1554 1334 (καὶ
1573 1287 1684 1324 τᾶλλα
1705 1303 1742 1337 γε
1766 1300 1773 1324 ;
1796 1286 1916 1325 Λείπει
1937 1287 1992 1324 διὰ
2008 1287 2210 1340 χρήματα.)

1375 1356 1438 1381 490.
1467 1341 1522 1380 ἵνα
1539 1343 1604 1394 γὰρ
1625 1344 1837 1396 Πείσανδρος
1856 1358 1865 1383 :
1891 1344 1936 1383 ‘O
1954 1344 2020 1398 γὰρ
2042 1345 2254 1397 Πείσανδρος
2272 1345 2356 1383 ποτὲ

1323 1400 1542 1452 προειστήκει
1558 1404 1618 1446 τῆς
1637 1401 1811 1444 πολιτείας
1832 1402 1919 1452 μετὰ
1939 1403 2166 1454 Θηραμένους
2180 1403 2241 1440 καὶ
2258 1405 2356 1456 Φρυ-
2377 1419 2412 1443 20

1324 1458 1431 1508 νίχου.
1455 1459 1662 1510 κωμῳδοῦσι
1682 1458 1717 1496 δὲ
1746 1459 1848 1497 αὐτὸν
1868 1459 1926 1497 καὶ
1951 1462 1995 1503 ὣς
2015 1460 2217 1530 δωροδόκον,
2236 1463 2283 1504 ὡς
2300 1461 2363 1499 καὶ

1325 1518 1359 1553 ἓν
1377 1515 1559 1553 Βαουλωνί
1549 1531 1609 1559 ·οις
1630 1516 1884 1569 Ἀριστοφάνης.
1906 1512 1946 1563 ἦν
1965 1516 1999 1555 δὲ
2017 1533 2076 1556 και
2097 1517 2216 1561 δειλός.
2236 1517 2309 1556 ἔστι
2325 1519 2360 1557 δε

1296 1599 1302 1640 γ
1326 1589 1385 1611 και
1403 1573 1504 1616 ἄλλος
1526 1573 1754 1625 Πείσανδρος,
1775 1577 1792 1612 ὅ
1808 1574 2076 1626 Ὀνοκίνδιος,“
2059 1592 2104 1619 ως
2120 1575 2272 1618 Εὔπολις
2287 1577 2363 1614 δια-

1326 1631 1432 1684 κρίνει
1449 1631 1510 1677 την
1525 1632 1726 1682 ὁμωνυμίαν
1745 1635 1779 1670 ἐν
1797 1635 1955 1686 Μαρικα.

1379 1702 1442 1727 493.
1475 1690 1596 1740 διχως,
1613 1691 1707 1739 ὑμῖν.
1727 1698 1764 1727 R.
2381 1710 2415 1735 25

1380 1760 1445 1785 499.
1479 1748 1540 1796 (ὡς
1554 1747 1703 1793 σωθήσει
1719 1747 1784 1785 κᾶν
1800 1746 1847 1797 μὴ
1865 1746 1971 1799 βούλῃ
1992 1760 2002 1786 :
2019 1748 2071 1786 Τὸ
2087 1750 2134 1792 ὡς
2147 1749 2364 1802 προσέλαὸεν

1331 1804 1405 1842 ἀντὶ
1419 1808 1477 1842 τοῦ
1499 1804 1590 1842 ἀλλὰ
1611 1805 1691 1854 μήν.
1714 1805 1765 1842 διὸ
1786 1805 1823 1842 τὸ
1842 1806 1898 1856 7.)

1385 1875 1451 1900 501.
1482 1864 1534 1899 κεί
1555 1861 1603 1912 μὴ
1625 1862 1745 1912 δέομαι
1765 1876 1773 1901 2
1796 1863 1868 1901 Καὶ
1889 1864 1917 1899 εἷ
1938 1861 1986 1912 μὴ
2007 1861 2128 1912 δέομαι
2147 1867 2310 1910 σωθῆναι.

1385 1933 1447 1957 506.
1477 1923 1586 1970 σαυτῇ
1614 1920 1759 1972 κρώξαις
1790 1934 1798 1959 :
1831 1919 1915 1959 Ἀπὸ
1933 1926 2129 1973 μεταφορᾶς
2147 1924 2216 1959 τῶν
2240 1921 2365 1975 ὀρνέων

1332 1979 1398 2014 τῶν
1420 1977 1680 2016 δυσοιωνίστων.
2384 1999 2419 2024 30

1386 2049 1448 2073 509.
1478 2037 1539 2072 οὐκ
1557 2035 1723 2087 ἠρέσκετέ
1731 2036 1864 2086 γ’ἡμᾶς
1882 2047 1890 2074 :
1910 2036 1985 2086 (Τὸ)
2005 2040 2127 2088 σχῆμα
2141 2037 2304 2075 Ἀττικόν.
2323 2063 2368 2069 --

1334 2096 1379 2136 ὡς
1398 2093 1436 2130 τὸ
1457 2094 1598 2143 ἐνοχλῶ.
1620 2101 1657 2129 R.

1387 2165 1451 2189 511.
1481 2153 1596 2193 κακῶς
1612 2154 1700 2200 ὑμᾶς
1718 2150 2011 2202 βουλευσαμένους

1336 2224 1461 2258 σκομεν
1483 2211 1572 2258 ὑμᾶς
1588 2211 1703 2250 κακῶς
1724 2207 2026 2258 βουλευσαμένους.

1389 2280 1452 2304 512.
1484 2260 1543 2303 εἶτ’
1565 2267 1734 2316 ἀλγοῦσαι
1759 2265 1919 2303 τᾶνδοθεν
1939 2278 1949 2305 :
1970 2266 2046 2312 Τὴν
2065 2267 2127 2316 μὲν
2143 2266 2288 2320 καρδίαν
2303 2268 2370 2305 λυ-
2390 2284 2424 2309 35

1336 2323 1506 2361 πούμεναι
1516 2324 1723 2373 ,γελωσαι
1705 2322 1752 2361 οέ.

1389 2395 1454 2420 513.
1484 2381 1518 2419 τί
1538 2381 1791 2432 βεὸούλευταιτ
1810 2380 1862 2419 Τὸ
1879 2379 1955 2427 ἑξης
1968 2410 1979 2431 ,
2002 2380 2037 2418 τί
2057 2381 2282 2432 βεὸούλευται
2299 2383 2372 2433 (ἓν)

1338 2455 1387 2476 τω
1404 2439 1515 2490 δήμω.

1391 2510 1455 2535 514.
1486 2513 1519 2533 τι
1512 2496 1570 2533 ’δε
1586 2511 1639 2533 σοι
1652 2511 1733 2532 τουτ
1759 2490 1814 2540 ἧδ’
1832 2495 1899 2538 ὅς’
1881 2495 1997 2546 ανήρ.
2015 2495 2112 2548 ''qu
2132 2495 2218 2547 ἀνήρ
2234 2511 2295 2539 τις.
2313 2496 2373 2534 καὶ

1340 2570 1399 2591 επι
1414 2554 1563 2599 πληθους
1582 2553 1692 2590 τούτω
1712 2555 1864 2606 ἐχρῶντο
1882 2553 1942 2590 καὶ
1958 2552 2015 2590 ἐπὶ
2030 2555 2177 2598 θηλυκοῧ
2194 2552 2254 2589 καὶ
2269 2555 2372 2606 ἄρσε·
2391 2569 2425 2595 40

1340 2614 1434 2647 νικοῦ
1443 2614 1511 2656 ,ὡς
1530 2610 1569 2647 τὸ
1587 2614 1615 2647 ὠ
1634 2626 1710 2648 ταν.

2033 2165 2042 2190 :
2066 2151 2119 2190 Τὸ
2138 2151 2233 2200 ἑξῆς,
2250 2151 2370 2204 {yma-3-

1395 2682 1456 2705 519.
1486 2670 1514 2704 εἷ
1538 2667 1586 2717 μὴ
1607 2683 1664 2704 τον
1688 2682 1844 2716 στημονα
1872 2680 1881 2705 2
1907 2668 1951 2705 Εἰ
1978 2666 2028 2716 μὴ
2055 2666 2244 2718 εὑρεθείης,
2270 2666 2374 2718 φησὶ,

1341 2725 1490 2771 νήθουσα
1505 2726 1560 2762 τὸν
1581 2725 1748 2773 στήμονα.
1769 2724 1828 2772 (τὸ
1844 2724 1879 2761 δὲ
1898 2725 2012 2774 νήσω)
2035 2724 2109 2761 ἀντὶ
2129 2727 2190 2762 τοῦ
2207 2723 2332 2769 νήσεις,

1395 2796 1458 2820 520.
1488 2782 1638 2831 πόλεμος
1655 2783 1684 2818 δ’
1703 2782 1864 2833 ἄνδρεσσι
1883 2781 2029 2831 μελήσει
2051 2795 2060 2819 :
2084 2781 2190 2833 Παρὰ
2211 2780 2250 2818 τὸ
2266 2780 2377 2831 εΟμη·

1345 2840 1437 2893 ρικόν
1460 2844 1511 2885 [11.
1530 2847 1571 2884 Ζ,
1591 2843 1676 2884 492].
2395 2853 2429 2878 45

1398 2910 1460 2934 524.
1491 2897 1552 2933 οὐκ
1576 2896 1666 2933 ἔστιν
1693 2895 1779 2947 ἀνὴρ
1804 2897 1838 2932 ἐν
1857 2899 1899 2946 τῇ
1925 2895 2024 2948 χώρα
2045 2909 2054 2935 :
2078 2895 2199 2934 Λείπει
2219 2895 2296 2948 ἔφη.
2316 2897 2391 2933 οὒκ·

1346 2955 1418 2992 ἔστι
1439 2953 1602 3003 πολέμιος
1628 2955 1661 2990 ἐν
1682 2957 1725 3004 τῇ
1751 2953 1863 3005 χώρα.
1895 2953 1944 3002 μὰ
1963 2954 2016 2991 Δί’
2041 2955 2078 2991 οὐ
2099 2954 2180 2999 δῆθ’,
2195 2953 2306 3005 ἕτερός
2329 2969 2378 2996 τις
2413 2977 2419 2981 -
2440 2968 2442 2971 ’

1348 3012 1424 3064 ἔφη.
1439 3013 1461 3056 ἢ
1481 3013 1543 3048 οὐκ
1565 3011 1655 3048 ἔστιν
1674 3011 1758 3063 ἀνὴρ
1780 3013 1812 3048 ἐν
1830 3014 1873 3062 τῇ
1895 3011 2033 3062 Ἀττικῇ
2049 3010 2153 3062 λόγου
2174 3011 2264 3055 ἄξιος
2281 3014 2380 3061 ἡμῖν.

1346 3069 1490 3111 Ἄλλως.
1523 3068 1599 3105 ἀντὶ
1621 3073 1679 3106 τοῦ
1701 3068 1803 3111 ἄλλος
1826 3084 1876 3111 τις
1899 3068 1963 3121 ἔφη
1976 3099 1985 3115 ,
2013 3070 2052 3106 οὗ
2079 3068 2130 3120 μὰ
2147 3068 2204 3106 τὸν
2226 3068 2296 3108 Δία
2317 3070 2380 3106 οὔκ

1348 3128 1439 3165 ἔστιν
1462 3125 1546 3177 ἀνὴρ
1564 3128 1598 3162 ἐν
1614 3129 1657 3177 τῇ
1674 3126 1783 3163 πόλει.
2392 3146 2432 3170 50

1401 3197 1462 3221 526.
1490 3184 1550 3220 ποῖ
1565 3182 1631 3234 γάρ
1651 3196 1658 3221 :
1682 3183 1770 3220 Ἀντὶ
1789 3186 1848 3220 τοῦ
1870 3181 1953 3220 πότε
1971 3181 2050 3235 γάρ.

1401 3254 1464 3278 530.
1493 3240 1552 3277 καὶ
1565 3244 1674 3277 ταῦτα
1691 3240 1858 3290 κάλυμμα
1875 3240 2025 3292 φορούσῃ
2045 3253 2054 3278 τ
2075 3238 2382 3291 Καλύμματαφο-
2416 3243 2419 3245 ’

710 3302 792 3339 Ἀπὸ
807 3304 873 3338 τῶν
890 3301 1056 3350 μελιττῶν
1071 3298 1289 3350 μετενήνοχε.
1322 3324 1323 3340 ι
1351 3301 1477 3350 ροῧσιν,
1500 3297 1617 3343 ἐπειδὴ
1639 3298 1835 3350 παρρησίαν
1853 3299 1915 3335 οὐκ
1929 3298 2046 3349 ἔχουσι
2062 3298 2122 3336 καὶ
2137 3297 2237 3335 πόλιν
2251 3296 2381 3348 <puldr-

1350 3370 1479 3394 τουσιν.
1549 3356 1624 3393 ἀντὶ
1644 3359 1722 3402 τοῦ,
1740 3355 1816 3394 οὐδὲ
1835 3359 1895 3401 τῆς
1910 3355 2027 3408 τριχὸς
2040 3353 2264 3407 κυριεύουσιν.
