2485 3808
815 229 1074 271 SCHOLIA
1107 228 1170 267 ΙΝ
1205 228 1632 267 Ι.Υ515ΤΒΑΤΑΜ;

171 316 232 354 καὶ
247 314 384 359 τοξότας
403 312 545 351 ἐκάλουν
564 311 640 355 τοὺς
660 311 841 362 δημοσίους
859 312 1030 365 ὑπηρέτας
1052 312 1122 351 ἀπὸ
1140 315 1201 359 τῆς

174 372 319 426 ἀρχαίας
333 370 502 423 χρήσεως.

229 445 288 469 188.
321 429 448 481 (ὥσπερ
478 428 579 481 φασὶν
613 427 786 479 Αἰσχύλος
816 428 899 466 ποτέ
925 444 933 467 2
968 427 1074 480 Παρὰ
1098 428 1141 466 τὰ
1168 431 1202 466 ἐν

172 487 339 540 Αἰσχύλῳ
358 489 393 524 ἐν
411 485 519 525 Ἔπτ’
538 486 595 524 ἐπὶ
612 486 749 532 Θήὸαις
764 487 826 537 [⁴2]

136 597 152 620 5
356 579 458 620 ἄνδρες
474 580 532 619 γὰρ
550 580 625 610 ἑπτὰ
641 579 752 620 θούριοι
766 580 930 618 λοχαγέται

356 630 635 666 ταυροσφαγοῦντες
652 627 692 662 εἷς
710 626 887 666 μελάνδετον
901 624 1021 663 σάκος.)

647 719 656 745 :
686 706 785 745 Ἀντὶ
816 710 875 743 τοῦ
902 702 1206 756 ταυροσφαγούσας

175 764 465 817 μηλοσφαγούσας
482 769 587 804 εἶπεν.
610 767 638 802 εἰ
663 764 712 815 μὴ
734 765 801 817 ἄρα
822 766 917 815 μῆλα
937 763 1051 800 πάντα
1074 761 1118 799 τὰ
1145 777 1204 798 τε-

173 823 341 875 τράποδα.

231 895 293 920 191.
325 883 354 918 εἷ
369 880 490 918 λευκόν
508 884 608 918 ποθεν
624 879 730 918 ἵππον
747 893 755 919 :
779 879 871 931 Πρὸς
887 878 926 916 τὸ
946 878 1072 915 αἰδοῖον
1091 876 1206 920 παίζει

230 720 291 746 1κ9.
323 706 615 759 μηλοσφαγούσας

124 901 155 925 10

174 940 212 977 τὸ
239 939 360 977 λευκὸν
389 938 508 977 ἵππον.
538 938 658 976 λευκὸν
690 936 764 988 μὲν,
793 937 844 974 ὅτι
873 936 984 988 φάλης
1011 935 1050 972 τὸ
1080 935 1205 971 αἰδοῖον

173 995 333 1047 λέγεται,
354 997 473 1048 φάλιον
498 996 533 1033 δὲ
560 997 597 1033 τὸ
616 995 749 1033 λευκόν·
772 994 877 1032 ἵππον
898 992 952 1042 δὲ,
973 993 1048 1041 ἐπεὶ
1066 992 1126 1029 καὶ
1146 991 1207 1029 κέ-

173 1055 236 1101 λης
254 1054 403 1104 λέγεται.
421 1053 442 1099 ἢ
468 1053 584 1097 παίζει
601 1052 690 1090 κατὰ
709 1053 766 1090 τὸν
784 1053 891 1090 τύπον
909 1054 975 1089 τῶν
1000 1050 1206 1102 Ἀμαζόνων.

173 1116 329 1163 γυναῖκες
345 1112 410 1163 γὰρ
428 1106 530 1149 οῧσαι
544 1110 685 1154 λευκοὺς
703 1110 828 1154 ἵππους
845 1109 952 1148 ἔθυον.

230 1184 292 1210 195.
323 1170 447 1208 κύλικα
472 1170 631 1219 μεγάλην
655 1168 808 1208 ὑπτίαν;
839 1168 976 1213 Παίζει.
1002 1166 1077 1205 ἐπεὶ
1097 1166 1157 1205 καὶ
1185 1169 1206 1212 ἡ

174 1227 276 1270 ἀσπὶς
296 1227 402 1264 ὑπτία
421 1227 566 1266 τίθεται.

228 1299 287 1324 196.
316 1286 448 1325 Θάσιον
477 1285 566 1323 οἴνου
597 1284 762 1335 σταμνίον
793 1298 802 1324 :
833 1285 1020 1328 Ἐπιεικῶς
1051 1283 1208 1336 λέγουσιν

175 1345 207 1383 οἷ
223 1344 378 1382 Ἀττικοὶ
391 1343 435 1381 τὰ
451 1343 571 1383 Θάσια
588 1343 739 1395 κεράμια
762 1343 926 1393 σταμνία.

228 1415 290 1442 197.
321 1400 370 1452 μὴ
394 1402 518 1453 ’πιχεῖν
545 1401 635 1453 ὕδωρ
661 1415 670 1440 :
707 1400 792 1439 Δέον
815 1403 936 1448 εἰπεῖν,
960 1399 1008 1451 μὴ
1033 1399 1125 1438 λύειν
1147 1399 1210 1446 τὴν

122 1472 159 1498 20
179 1460 329 1513 εἰρήνην,
353 1454 429 1498 εἰπε
453 1459 501 1511 μὴ
528 1461 659 1511 ἐπιχεῖν
690 1458 795 1511 ὕδωρ,
825 1460 899 1497 ἀλλ’
928 1459 1077 1512 ἄκρατον
1102 1461 1208 1509 πιεῖν,

177 1520 223 1562 εἷς
237 1517 344 1568 μέθην
364 1518 541 1570 κωμῳδῶν
558 1517 618 1560 τὰς
632 1520 809 1567 γυναῖκας.

229 1589 292 1615 200.
321 1576 500 1629 κεραμέων
515 1574 591 1619 ὅσος
608 1588 618 1614 z
639 1575 698 1618 Ὡς
716 1576 869 1627 μεγάλης
882 1575 986 1622 οὔσης
1001 1579 1061 1622 τῆς
1076 1574 1213 1617 κύλικος

176 1634 305 1679 παίζει.

229 1706 293 1731 202.
323 1696 381 1731 τοῦ
415 1691 551 1744 κάπρου
583 1704 593 1730 2
627 1690 720 1730 Ἀντὶ
754 1695 812 1730 τοῦ
855 1692 997 1730 αἰδοίου.
1032 1690 1150 1737 ἐπειδὴ
1183 1693 1213 1729 οἱ

122 1761 158 1786 25
180 1753 359 1801 ὀμνύοντες
375 1750 533 1787 εἰώθασιν
551 1749 763 1802 ἐφάπτεσθαι
781 1754 840 1788 τοῦ
858 1750 991 1803 ἱερείου.

125 1185 155 1210 15

228 1823 292 1848 205.
322 1807 568 1852 κάποπυττίζει
597 1821 606 1846 z
630 1808 799 1861 Ἀπορρεῖ.
829 1813 939 1846 ταῦτα
971 1809 1007 1846 δὲ

176 1867 331 1917 μουμένη
359 1865 436 1908 τοὺς
463 1865 841 1916 θυοσκόους.κτουτέστι
868 1866 945 1910 τοὺς
963 1870 1063 1920 ἱερε”ς
1082 1897 1089 1905 .
1106 1870 1216 1904 ταῦτα

175 1925 241 1978 γὰρ
255 1924 415 1975 ἐπέλεγον
430 1929 500 1966 τοῖς
516 1922 662 1974 θύμασιν
679 1923 849 1977 εὐφημίας
863 1924 979 1978 χάριν.

230 1998 293 2023 206.
318 1982 388 2029 ,ἡδὺ
410 1982 580 2034 προσόζει.
598 1993 636 2023 R,

231 2055 294 2080 208.
326 2040 456 2092 μὲι-την
476 2039 675 2092 Ἀφροδίτην
695 2054 703 2080 :
732 2041 837 2080 Ἐπεὶ
852 2044 874 2087 ἠ
899 2042 1074 2092 ὀμνύουσα
1095 2041 1216 2094 πρώτη

183 2099 306 2149 ἔμελλε
325 2099 384 2136 καὶ
396 2097 517 2151 πρώτη
532 2099 636 2145 πιεῖν,
651 2099 751 2137 τοῦτό
766 2115 884 2152 φησιν,
903 2100 954 2137 ὅτι
969 2101 1088 2153 κλήρῳ
1104 2108 1216 2138 πᾶσαι

181 2158 319 2209 ἔλαχον.
339 2155 573 2207 ἐμπεδώσατε.
591 2157 820 2209 ἀσφαλίσατε.

1039 1808 1132 1859 λέγει
1158 1824 1215 1858 μι-

124 2053 160 2088 30

233 2230 295 2254 216.
323 2214 510 2252 ὑπολύεταί
533 2229 598 2264 μου
623 2214 667 2252 τὰ
685 2215 815 2265 γόνατα
841 2229 849 2254 :
878 2218 1050 2270 Εἰρηκυῖα
1073 2217 1130 2254 τὸν
1159 2218 1218 2255 ἕνα

182 2272 298 2325 στίχον
319 2302 453 2311 .....
476 2275 666 2321 μνησθεῖσα
691 2272 743 2310 ὅτι
772 2274 957 2325 χωρίζεται
984 2279 1043 2312 τοῦ
1074 2275 1216 2327 ἀνδρὸς,

129 2339 165 2363 35
180 2330 272 2380 λέγει
302 2329 341 2367 τὸ
361 2329 548 2366 ὓπολύεταί
571 2345 636 2379 μου
655 2329 700 2366 τὰ
727 2330 870 2380 γόνατα.
968 2336 1079 2369 ταῦτα
1110 2349 1216 2379 :tp-At

183 2388 246 2438 μία
268 2386 461 2437 ὀμνύουσα,
489 2390 549 2434 τῆς
579 2387 824 2440 Λυσιστράτης
848 2388 1135 2441 προὸαλλομένης
1161 2392 1218 2430 τὸν

185 2446 301 2498 ὅρκον.

236 2517 286 2541 217
301 2532 313 2554 ,ι
341 2501 524 2554 ἀταυρώτη
553 2502 657 2547 διάξω
691 2517 700 2542 :
732 2498 816 2543 Οῗον
849 2504 936 2555 ἁγνὴ
968 2507 1028 2544 καὶ
1061 2507 1217 2558 ἄμικτος.

183 2565 307 2613 ταῦρον
330 2560 396 2613 γὰρ
419 2561 458 2598 τὸ
482 2562 609 2598 αἰδοῖον
634 2561 804 2613 λέγουσιν.
832 2563 993 2608 ἅζευκτος
1018 2565 1133 2616 γάμου
1160 2568 1219 2605 καὶ

131 2631 167 2655 40
186 2618 324 2668 ἀζυγής.
351 2619 411 2656 καὶ
430 2621 561 2670 βοῶπις
586 2623 607 2666 ἡ
628 2618 725 2672 (Ἡρα
747 2620 807 2658 καὶ
826 2622 940 2673 Ζυγία
959 2624 1018 2661 καὶ
1040 2626 1217 2676 Γαμηλία.

186 2676 260 2714 ἐπεὶ
278 2679 308 2714 οἳ
324 2681 444 2728 ταῦροι
463 2679 683 2730 κατωφερεῗς.

231 2747 295 2772 221.
326 2735 483 2787 (ἐπιτυφῇ
502 2748 511 2774 :
531 2736 730 2788 Ἔπικαυθῇ
747 2737 806 2774 καὶ
825 2743 967 2791 πυρωθῇ
988 2742 1042 2778 ἐπ’
1063 2743 1164 2793 ἐμοί.)

241 2804 303 2829 227.
332 2795 447 2835 κακῶς
469 2793 607 2843 παρέξω
635 2807 645 2833 z
672 2796 903 2835 Συνουσιάσαι
929 2800 1023 2850 αὐτῷ
1045 2801 1220 2851 δηλονότι,

192 2847 263 2898 (καὶ
281 2850 318 2885 οὐ
336 2851 660 2902 συντερφθήσομαι).

243 2918 307 2944 229.
337 2905 381 2943 τὰ
400 2908 558 2957 Περσικά
581 2922 589 2946 :
615 2903 712 2953 Εἶδος
732 2911 964 2962 ὑποδήματος.
988 2917 1026 2953 ἐκ
1047 2915 1081 2954 δὲ
1101 2918 1221 2956 τούτου

189 2962 267 3005 τοὺς
286 2963 392 3005 πόδας
411 2965 473 3000 οὐκ.
493 2966 660 3012 ἀνατενῶ,
678 2969 712 3004 ἐν
727 2971 771 3019 τῇ
789 2969 892 3020 στέγη
911 2974 1194 3018 συνουσιάζουσα.

224 3032 308 3067 εει.
338 3020 376 3056 οὗ
408 3020 581 3069 στήσομαι
610 3023 729 3062 λέαινα
761 3039 770 3064 :
799 3026 888 3065 Ἀντὶ
919 3034 977 3067 τοῦ
1012 3033 1058 3075 ὡς
1085 3032 1219 3073 λέαινα.

189 3079 314 3128 ,σχῆμα
339 3076 375 3114 δέ
393 3079 484 3114 ἔστιν
504 3080 694 3125 ἀκόλαστον
715 3083 774 3120 καὶ
795 3087 979 3138 ἑταιρικόν.
1002 3090 1224 3142 τυρόκνηστις

193 3136 228 3172 δὲ
261 3137 308 3183 (ἡ)
341 3134 512 3187 μάχαιρα.
540 3136 597 3173 ἐπὶ
627 3137 662 3174 δὲ
692 3141 766 3183 ταῖς
797 3143 921 3186 λαὸαῖς
945 3148 1012 3182 τῶν
1040 3153 1223 3200 μαχαιρῶν

140 3206 176 3232 50
196 3191 405 3244 ἐλεφάντινοι
431 3192 564 3236 λέοντες
593 3194 778 3247 γλύφονται
805 3201 1020 3249 ὀκλάζοντες,
1049 3192 1142 3249 ὅπως
1176 3208 1223 3254 μὴ

139 3247 144 3251 .
196 3248 442 3302 ἀποθραύοιντο
469 3251 582 3288 αὐτῶν
602 3253 632 3288 οἱ
656 3247 775 3301 πόδες,
801 3259 830 3294 εἰ
852 3260 944 3310 ὀρθοὶ
971 3264 1114 3306 ἑστῶτες
1136 3244 1225 3315 γλύ-

195 3322 323 3359 φοιντο.
351 3306 444 3358 λέγει
474 3302 543 3354 οὖν,
573 3308 625 3347 ὅτι
642 3312 702 3348 οὐκ
732 3313 787 3350 ἐπὶ
822 3317 919 3367 ἀνδρὶ
936 3319 1110 3370 στήσομαι
1136 3339 1227 3376 πορ-

198 3364 359 3412 νεύουσα,
376 3368 426 3409 ὡς
441 3366 559 3404 λέαινα
579 3367 640 3406 ἐπὶ
654 3370 925 3420 τυροκνήστιδος.

137 2915 171 2941 45

2204 235 2280 267 '251

1309 324 1373 350 233.
1404 310 1479 348 ἀντὶ
1495 314 1553 348 τοῦ
1570 311 1709 362 ἀσφαλῆ
1726 309 1959 361 φυλάττουσα.
1979 316 2021 348 R:
2034 317 2104 348 Bar·

1312 383 1373 407 237.
1404 371 1672 420 ἐρωτηματικῶς
1692 367 1795 418 λέγει.
1815 379 1853 409 R,

1311 440 1373 465 238.
1403 426 1582 475 καθαγίσω
1601 439 1609 464 :
1631 420 1714 463 Οῗον
1735 425 1873 473 καύσω,
1893 428 2106 481 καθιερώσω.

1312 484 1350 522 τὸ
1368 484 1485 535 μέρος,
1506 477 1534 520 ῶ
1560 484 1641 535 φίλη
1665 497 1673 521 z
1706 485 1974 537 Καταλείψομαι
2003 486 2121 539 μέρος,
2151 484 2243 529 ὅπως
2269 487 2292 530 ἠ

1261 542 1357 594 φιλία
1377 545 1526 579 ἐντεῦθεν
1546 541 1701 592 ἄρξηται.

1315 612 1376 637 240.
1398 599 1447 641 τίς
1463 600 1484 635 ἁ
1501 598 1648 647 ὀλολυγά
1672 611 1680 636 :
1704 598 1944 643 Ὀλολυξασῶν
1966 604 2034 638 τῶν
2052 603 2086 638 ἐν
2107 599 2293 654 ἀκροπόλει

1261 658 1429 705 γυναικῶν
1451 656 1561 703 (τοῦτο
1575 654 1694 704 λέγει).

1316 726 1378 750 244.
1407 713 1509 750 τασδὶ
1535 713 1563 749 δ’
1593 712 1742 763 ὁμήρους

2306 554 2327 579 5

1771 726 1781 751 z
1811 712 1868 753 Τὰ
1895 716 1929 752 ἐν
1952 715 2106 753 συνθέσει
2133 716 2295 766 διδόμενα

1261 769 1408 822 ἐνέχυρα
1424 770 1575 821 ὁμήρους
1591 770 1747 807 ἐκάλουν.

1315 827 1416 865 τασδί
1431 840 1440 865 :
1460 826 1533 869 Τὰς
1553 827 1759 878 θεραπαίνας
1775 828 1871 881 φησί.

1316 898 1380 924 245.
1410 888 1453 936 τῇ
1474 885 1659 936 ἀκροπόλει
1678 885 1775 938 φησί.
1800 898 1838 927 R.

1316 956 1380 981 246.
1415 942 1690 993 συνεμὸάλωμεν
1731 958 1740 982 :
1777 945 2004 997 Συνέλθωμεν
2037 947 2175 994 αὐταῖς,
2210 945 2301 985 ὥστε

1263 999 1340 1044 τοὺς
1361 999 1510 1052 μοχλοὺς
1529 1004 1589 1038 τοῦ
1609 1006 1689 1039 ναοῧ
1708 1004 1843 1053 βαλεῖν.

1316 1072 1380 1097 247.
1411 1058 1486 1095 ἀντὶ
1505 1062 1564 1095 τοῦ
1581 1060 1657 1097 καθ’
1673 1063 1785 1110 ἡμῶν.
1801 1074 1839 1104 Β,

1317 1130 1381 1156 250.
1411 1119 1456 1160 ὡς
1474 1116 1604 1160 ἀνοῖξαι
1631 1116 1693 1160 τὰς
1719 1117 1830 1162 πύλας
1852 1132 1863 1158 :
1892 1119 1978 1158 Ἐπὶ
2002 1122 2052 1171 τῷ
2081 1123 2223 1167 ποιῆσαι
2248 1121 2300 1158 εἷ-
2323 1134 2354 1158 15

1267 1174 1388 1227 ρήνην.

1320 1244 1382 1271 252.
1414 1230 1489 1268 ἀντὶ
1505 1235 1565 1269 τοῦ
1580 1232 1706 1282 μάτην.
1719 1240 1758 1271 R.

1322 1303 1385 1328 253.
1416 1289 1548 1340 ἄμαχοι
1566 1303 1574 1328 :
1594 1290 1885 1343 Ἀκαταμάχητοι
1904 1293 1963 1330 καὶ
1980 1293 2100 1332 δειναί.

1321 1348 1421 1400 χορὸς
1442 1349 1572 1399 ἀνδρῶν
1592 1348 1760 1400 γερόντων
1778 1363 1786 1388 2
1804 1349 1853 1389 Ἣ
1873 1351 2135 1403 Στρυμόδωρος.

1322 1419 1384 1443 262.
1416 1405 1507 1457 ἔχειν
1529 1405 1679 1458 βρέτας;
1712 1406 1882 1458 Κατέχειν
1904 1408 1943 1445 τὸ
1968 1408 2064 1459 ἅγιον
2093 1408 2215 1462 βρέτας
2241 1411 2301 1455 τῆς
2324 1420 2358 1445 20

1270 1465 1423 1510 Ἀθηνᾶς.

1323 1536 1386 1561 263.
1417 1522 1537 1559 λαὸεῖν
1564 1535 1573 1560 :
1595 1522 1694 1560 Ἀντὶ
1712 1527 1773 1561 τοῦ
1790 1524 2016 1563 καταλατῧεῒν.

1323 1593 1387 1619 265.
1417 1584 1572 1618 πακτοῦν
1589 1593 1596 1618 :
1617 1581 1767 1627 Κλείειν,
1786 1581 2043 1633 ἀσφαλίζεσθαι.

1324 1652 1386 1676 266.
1419 1639 1594 1689 Φιλοῦργε
1627 1651 1635 1676 :
1666 1637 1752 1677 Ἐὰν
1782 1634 1803 1690 ἦ
1840 1641 2015 1691 Φιλοῦργε
2042 1642 2087 1683 ὡς
2119 1643 2308 1694 πανοῦργε,

1271 1695 1380 1746 ὄνομα
1399 1695 1528 1748 κύριον·
1547 1695 1606 1732 ἐὰν
1624 1695 1660 1733 δὲ
1677 1696 1862 1747 ὀξυτόνως,
1881 1698 2044 1736 ἐπίθετον.

1327 1767 1389 1791 267.
1417 1753 1460 1790 τὰ
1482 1754 1629 1804 στελέχη
1650 1757 1716 1791 τῶν
1739 1754 1858 1799 ξύλων.
1876 1763 1914 1792 R.

1326 1826 1389 1850 268.
1419 1812 1646 1857 ἐνεστήσαντο
1664 1826 1672 1851 :
1691 1810 1859 1866 Ἔκριναν
1875 1816 2032 1860 ποιῆσαι.

1327 1885 1390 1909 269.
1422 1869 1668 1921 σωρεύσαντες.
1685 1883 1721 1912 R,
1739 1883 1806 1913 Bar.

1328 1943 1391 1968 270.
1421 1928 1486 1966 ὑπὸ
1508 1927 1622 1981 ψήφου
1648 1934 1728 1978 μιᾶς
1754 1942 1763 1968 :
1791 1928 1875 1967 Ἀπὸ
1896 1936 1977 1980 μιᾶς
1997 1931 2136 1981 γνώμης
2157 1930 2218 1968 καὶ
2236 1929 2314 1983 κρί-

1275 2003 1372 2030 σεως.

2320 845 2352 870 10

2328 1711 2362 1736 25

1612 2026 1614 2028 ,
2331 2004 2365 2029 30

1328 2045 1390 2090 τὴν
1408 2044 1570 2088 Λύκωνος
1587 2058 1596 2084 :
1616 2044 1692 2092 Τὴν
1709 2044 1847 2084 Ῥοδίαν
1866 2045 1959 2096 λέγει
1976 2046 2064 2084 οὕτω
2083 2046 2312 2097 καλουμένην,

1275 2103 1338 2149 τὴν
1357 2103 1556 2141 Αὐτολύκου
1575 2103 1636 2153 μὲν
1657 2103 1810 2155 μητέρα,
1833 2110 1981 2154 γυναῖκα
2007 2104 2041 2141 δὲ
2059 2103 2237 2151 Λύκωνος,
2258 2106 2312 2142 ἐπ’

1275 2162 1432 2213 αἰσχροῖς
1464 2161 1755 2213 κωμῳδουμένην.
1787 2161 1940 2204 Εὔπολις
1973 2161 2123 2200 Πόλεσιν
2151 2180 2167 2195 α
2196 2161 2313 2215 ὥσπερ

1275 2219 1332 2256 ἐπὶ
1349 2218 1410 2264 τὴν
1432 2218 1593 2261 Λύκωνος
1611 2218 1699 2271 ἔρρει
1720 2225 1786 2261 πᾶς
1808 2219 1908 2271 ἀνήρ,
1929 2237 1944 2252 »³

1423 2278 1647 2327 ἐγχανοῦνται
1665 2290 1673 2314 ;
1692 2276 1998 2327 Ἐπεγγελάσουσι.

1329 2347 1391 2372 273.
1425 2333 1624 2383 Κλεομένης
1645 2347 1654 2372 :
1673 2334 1946 2384 Λακεδαιμόνιος
1961 2333 2007 2372 ὢν
2022 2334 2231 2387 στρατηγὸς,
2245 2336 2321 2372 ἐπι·

1277 2391 1487 2444 στρατεύσας
1520 2395 1562 2443 τῇ
1599 2392 1743 2443 Ἀττικῇ
1783 2392 1870 2442 μετά
1908 2409 2008 2431 τινων
2040 2392 2225 2439 Ἀθηναίων
2259 2393 2316 2430 ἐπὶ

1281 2450 1475 2500 τυραννίδι,
1507 2449 1570 2495 τὴν
1605 2449 1789 2500 ἀκρόπολιν
1822 2450 1986 2502 κατέσχε.
2015 2450 2254 2502 πολιορκηθεὶς
2280 2450 2315 2488 δὲ

1277 2508 1342 2545 ὑπὸ
1373 2510 1440 2545 τῶν
1482 2507 1670 2552 Ἀθηναίων
1698 2508 1758 2545 καὶ
1789 2509 1922 2561 ἀφεθεὶς
1947 2509 2174 2553 ὑπόσπονδος,
2205 2508 2317 2546 ἀπιὼν

1277 2565 1394 2603 οἴκαδε
1417 2565 1522 2602 πάλιν
1553 2565 1738 2603 Ἰζλευσῖνα
1755 2566 1918 2618 κατέσχε.
1945 2570 2013 2604 τῶν
2035 2568 2070 2604 δὲ
2094 2566 2182 2616 μετὰ
2204 2568 2313 2605 Κλεο-

1279 2623 1396 2674 μένους
1428 2624 1610 2662 Ἐλευσῖνα
1641 2623 1889 2675 κατασχόντων
1920 2625 2090 2671 Ἀθηναῖοι
2113 2623 2176 2668 τὰς
2208 2624 2317 2668 οἰκίας

1277 2681 1502 2733 κατέσκαψαν
1527 2681 1586 2718 καὶ
1602 2680 1662 2724 τὰς
1681 2682 1798 2725 οὐσίας
1819 2682 2028 2733 ἐδήμευσαν,
2056 2684 2168 2720 αὐτῶν
2188 2681 2224 2719 δὲ
2247 2682 2313 2720 θά-

1279 2755 1378 2777 νατον
1397 2739 1620 2792 ἐψηφίσαντο.
1641 2739 1700 2776 καὶ
1722 2740 1982 2793 ἀναγράψαντες
2004 2743 2050 2783 εἰς
2074 2740 2203 2786 στήλην
2223 2742 2317 2791 χαλ-

1277 2801 1341 2843 κῆν
1357 2797 1506 2842 ἔστησαν
1524 2799 1557 2834 ἐν
1574 2797 1672 2834 πόλει
1689 2797 1784 2849 παρὰ
1803 2798 1861 2836 τὸν
1879 2801 2022 2851 ἀρχαῖον
2039 2798 2134 2835 νεών.

1329 2290 1391 2314 272.

2333 2291 2367 2317 35

2335 2573 2369 2598 40

1331 2868 1395 2893 275.
1427 2855 1626 2906 ἀψάλακτος
1644 2868 1653 2893 :
1676 2855 1844 2901 Ἀπαθὴς,
1866 2855 2094 2907 ἀτιμώρητος.

1332 2926 1396 2950 276.
1428 2912 1629 2950 Λακωνικὸν
1658 2912 1770 2950 πνέων

1280 2972 1424 3022 φρονῶν.

2335 2867 2369 2892 45

1794 2925 1802 2951 :
1828 2912 2001 2965 Ἰσχυρόν.
2025 2912 2047 2958 ἢ
2074 2911 2117 2949 τὰ
2140 2911 2316 2951 Λακώνων

1333 3041 1395 3066 277.
1425 3025 1600 3078 παραδοὺς
1613 3026 1691 3076 ἐμοί
1707 3039 1715 3065 :
1734 3029 1796 3078 Τῷ
1814 3026 1914 3079 δήμῳ
1931 3026 1974 3064 τὰ
1991 3026 2081 3065 ὅπλα
2102 3026 2289 3079 παραδούς.

1333 3099 1397 3123 279.
1429 3083 1660 3136 ἀπαράτιλτος
1689 3097 1698 3122 :
1727 3085 1817 3124 Ἀντὶ
1845 3089 1904 3122 τοῦ
1935 3085 2040 3129 δασὺς
2067 3085 2127 3123 καὶ
2161 3085 2315 3136 ἄκοσμος

1281 3142 1340 3185 τὰς
1357 3142 1492 3194 τρίχας.

1337 3215 1400 3239 282.
1431 3200 1482 3238 ἐφ’

1457 3240 1462 3253 Δ

2336 3162 2376 3185 50

1523 3200 1743 3238 ἑπτακαίδεκ’
1780 3201 1930 3244 ἀσπίδας
1957 3215 1967 3240 2
2009 3201 2096 3241 ‘'O-et
2123 3204 2184 3247 τὰς
2205 3203 2318 3248 τάξεις

1283 3259 1430 3302 ἀσπίδας
1458 3258 1588 3309 ἔλεγον,
1623 3258 1700 3308 (καὶ
1729 3257 1830 3301 αὐτὸς
1861 3258 1967 3297 πάλιν
2001 3259 2248 3313 Ἀριστοφάνης
2281 3261 2319 3298 ἕν

1283 3315 1516 3358 Βαὸυλωνίοις

1429 3397 1549 3428 ἵστασθ’
1567 3396 1667 3436 ἐφεξῆς
1680 3396 1789 3433 πάντες
1805 3396 1853 3428 ἐπὶ
1870 3400 1946 3438 τρεῖς
1962 3398 2119 3439 ἀσπίδας.)
