2533 3808
256 205 328 236 35⁴

223 296 229 303 '
254 286 301 327 εἷς
320 299 348 319 ω
367 281 456 331 μέγα
479 279 626 330 ἔρρωγα.
644 282 726 313 virt.
754 273 910 324 μάκτρας
938 286 946 310 :
974 272 1131 325 Σκάςρης,
1153 281 1218 310 Dp,
1244 278 1286 308 Ρ,

305 353 369 379 540.
400 337 566 382 πιθάκνης
593 349 600 374 ;
624 335 892 386 ὑποκοριστικῶς
911 334 956 373 ὡς
976 329 1153 380 πολίχνης.
1170 337 1207 368 R.
1228 343 1289 365 κε-

254 398 363 450 ράμου
380 393 560 440 ἢπιθήκου
577 391 827 440 κεκλασμένου.
858 390 1130 440 ὑποκοριστικῶς
1148 387 1183 423 δὲ
1205 385 1288 423 αὐτὸ

253 472 265 492 Μ

282 470 344 491 πεν
366 452 482 504 ὥσπερ
498 451 659 503 πολίχνη.
677 459 717 489 Υ.
739 450 1018 500 ὑποκοριστικῶς·
1048 449 1170 497 μικροῦ
1188 444 1288 481 πίθου

215 528 229 550 5
254 511 471 564 ἐσχισμένου.
487 519 550 549 ὒν.
566 510 664 548 πίθου
687 512 821 560 μικροῦ.
841 515 878 545 Θ.
895 515 936 545 Ρ.
965 507 1154 558 ἐρρωγυῖαν
1181 517 1188 542 :
1215 506 1286 541 Τε-

249 569 480 621 θραυσμένην.
496 572 542 608 Θ.
557 566 861 619 συντετριμμένην.
919 561 987 617 ἆρά
1001 579 1038 614 γε
1066 578 1073 599 :
1095 562 1288 614 Συμπέρα-

249 645 321 679 σμα
341 626 527 680 εἷρωνικόν.
549 635 586 664 Θ.
608 634 649 665 Ρ.

302 700 364 724 547.
397 685 577 737 ἀποφαίνω
593 685 622 722 σ’
639 684 753 721 αἰτίαν
768 698 776 722 z
793 680 1105 721 Ἀποδεικνύουσαι.
1126 688 1188 717 Do.
1208 680 1288 715 ἀπο-

249 744 391 782 δεικνύω
423 742 595 795 πρόξενον.
624 751 665 782 P.
698 741 810 779 αἰτίαν
842 755 850 780 :
887 738 1070 791 Πρόξενον·
1103 737 1286 783 συνίζησις.

252 812 311 841 Dc.

301 873 364 898 5¹18.
395 857 596 910 ὑπεκρούσω
618 871 626 896 ;
649 856 844 910 Ἐφθέγξω,
864 854 1112 907 [ἀνεκρούσω,]
1131 853 1200 890 ἀπὸ
1221 868 1286 903 με-

248 924 398 970 ταφορᾶς
428 919 495 954 τῶν
515 916 705 967 κρουόντων
732 915 794 961 τὴν
818 913 976 965 κιθάραν,
1006 913 1041 963 (ἥ
1067 928 1156 954 τινος
1182 911 1286 949 ἄλλου

199 812 229 835 Η)

248 976 399 1013 τοιούτου
421 974 576 1026 ὀργάνου.
599 973 774 1024 διενήνοχε
795 972 829 1010 δὲ
850 971 1009 1023 πτωχεία
1029 970 1167 1016 πενίας,
1194 969 1244 1006 ὅτι
1265 972 1286 1014 ἦ

249 1033 310 1082 μὲν
323 1032 423 1070 πενία
443 1031 689 1084 μεμετρημένη
705 1032 796 1069 ἐστὶν
811 1030 922 1068 ἔνδεια
935 1060 944 1076 ,
962 1029 1056 1081 πόνῳ
1074 1027 1117 1065 τὰ
1133 1027 1285 1079 χρειώδη

199 1104 227 1127 15
249 1094 399 1143 θηρῶσα·
417 1094 438 1136 ἡ
454 1089 489 1128 δὲ
500 1089 664 1141 ’πτωχεία
678 1088 850 1135 παντελὴς
866 1092 926 1135 τῆς
939 1088 1092 1134 κτήσεως
1105 1087 1286 1129 ἔκπτωσις·

249 1149 306 1186 καὶ
325 1152 342 1186 ὃ
365 1147 427 1199 μὲν
454 1147 560 1194 πένης
587 1148 684 1201 παρὰ
709 1148 748 1185 τὸ
768 1147 949 1193 πένεσθαι,
968 1145 989 1184 ὅ
1008 1148 1100 1184 ἐστιν
1127 1147 1287 1196 ἐνεργεῖν,

249 1207 394 1260 εἴρηται,
405 1205 464 1244 καὶ
475 1208 513 1244 ἐκ
524 1205 644 1244 τούτου
659 1206 810 1258 πορίζειν
826 1204 870 1242 τὰ
879 1204 1048 1257 χρειώδη,
1065 1202 1125 1241 ὅδὲ
1136 1203 1287 1253 πτωχὸς,

248 1266 344 1318 παρὰ
366 1265 404 1302 τὸ
421 1263 592 1302 πτώσσειν
612 1264 770 1313 πάντας.)
799 1288 845 1292 -
875 1264 932 1300 τὸν
954 1262 1035 1312 ἐμὸν
1066 1261 1138 1313 βίον
1173 1275 1181 1298 :
1211 1260 1288 1305 Τὴν

248 1324 333 1372 ἐμὴν
354 1322 541 1373 διαγωγήν.
559 1322 762 1374 ὑπεκρούσω
785 1335 793 1361 :
821 1321 1039 1368 Ἔδήλωσας.
1060 1327 1100 1357 Ρ.
1121 1321 1287 1369 αἰνιγμα-

248 1383 363 1424 τωδῶς
380 1380 579 1432 ἀπήχησας.
605 1389 640 1419 C.
657 1380 845 1422 ὠνείδισας.
865 1388 906 1417 Ρ.

302 1454 365 1479 550.
398 1439 496 1492 οἵπερ
520 1439 580 1476 καὶ
600 1436 843 1490 Θρασυὸούλῳ
866 1450 874 1475 z
904 1435 961 1475 Τὰ
987 1435 1035 1486 μὴ
1057 1434 1160 1485 ὅμοιά
1186 1450 1288 1487 φησιν

250 1497 370 1540 αὖτοὺς
389 1500 541 1547 ὁμοιοῦν,
558 1498 603 1539 ὣς
616 1496 650 1534 εἴ
663 1512 712 1539 τις
725 1495 820 1546 λέγοι
836 1493 1012 1533 Διονύσιον
1027 1494 1083 1531 τὸν
1101 1493 1209 1539 ἐξώλη
1230 1493 1290 1530 τύ-

1042 1553 1051 1565 ἳ
1080 1553 1095 1564 ’ἱ
1117 1552 1124 1564 Χ

249 1571 366 1608 Ιοαννον
384 1551 782 1606 ἓοικέναιΘρασυὸούλῳ
796 1555 845 1605 τῷ
863 1551 998 1598 Λύκου,
1015 1553 1129 1604 (ανορι
1144 1552 1287 1603 φιλοπό-

195 1396 228 1419 20

247 1615 313 1651 λιδι
330 1614 389 1651 καὶ
408 1613 536 1656 παντὸς
561 1613 729 1666 κρείττονι
745 1612 869 1663 λόγου,
898 1611 955 1648 διά
980 1627 1017 1648 τε
1033 1609 1096 1653 τὰς
1112 1612 1289 1663 ἐπιφανεῖς

193 1683 225 1707 25
247 1675 350 1710 αὐτοῦ
369 1671 458 1710 κατα
474 1674 541 1709 τῶν
557 1670 734 1721 πολεμίων
751 1669 847 1713 νίκας
864 1669 923 1707 καὶ
939 1670 1024 1707 διότι
1038 1669 1206 1707 κατέλυσε
1226 1668 1288 1711 τὴν

246 1734 311 1768 τῶν
332 1731 362 1767 λ’
380 1729 578 1782 τυραννίδα.
600 1729 743 1781 εὔπορος
762 1728 828 1780 γὰρ
846 1727 893 1765 ὢν
915 1728 974 1765 καὶ
995 1727 1028 1771 ἐξ
1049 1729 1161 1764 αὐτῶν
1182 1728 1288 1763 ἐκπε-

247 1788 316 1826 σὼν
333 1787 421 1838 μετὰ
441 1792 550 1825 ταῦτα
576 1787 700 1832 Φυλὴν
727 1785 939 1824 καταλαὲὼν
969 1786 1125 1823 καθεῖλεν
1153 1785 1286 1827 αὐτούς.

245 1846 388 1889 Ἄλλως.
409 1845 544 1895 μήποτε
557 1848 574 1883 ὅ
589 1844 820 1895 ἀξιωματικος
833 1844 892 1881 καὶ
910 1843 1077 1890 αὐθάδης,
1088 1846 1133 1886 ὡς
1153 1843 1288 1894 Στράτ-

247 1920 294 1947 τις
314 1906 347 1941 ε’ν
368 1906 416 1955 τῷ
434 1903 595 1955 Κινησία.
608 1901 784 1943 Διονύσιος
799 1900 832 1938 δὲ
851 1905 868 1938 ὃ
886 1901 948 1951 μέν
968 1917 1018 1944 τις
1038 1900 1194 1953 φαίνεται
1213 1916 1289 1950 μαι-

190 1976 224 2000 30
244 1962 399 2011 νόμενος,
422 1965 440 1999 ὁ
469 1961 522 2007 δὲ,
547 1964 591 2004 ὡς
617 1961 738 2005 ἔοικεν,
760 1959 1010 2011 ἰχθυοπώλης.)
1038 1982 1082 1985 -
1108 1959 1250 2002 Ἄλλως.
1273 1962 1289 1996 ὅ

247 2020 308 2070 μὲν
327 2019 557 2070 ἀξιωματικὸς
572 2020 632 2057 καὶ
647 2019 815 2064 αὐθάδης,
834 2021 850 2055 ὁ
868 2017 904 2055 δὲ
920 2018 1126 2068 μαινόμενος
1142 2018 1220 2064 καὶ,
1242 2020 1288 2060 ὡς

246 2079 374 2126 ἔοικεν,
393 2077 624 2130 ἰχθυοπώλης.
645 2077 865 2122 Πολύζηλος,

327 2172 343 2201 ὁ
356 2170 540 2210 μαινόμενος
558 2169 688 2199 ἐκεινοσὶ
703 2169 863 2204 Διονύσιος

326 2220 459 2258 χρυσοῦν
474 2216 554 2256 ἐ’χων
572 2216 708 2256 χλίδωνα
721 2217 772 2246 καὶ
787 2216 968 2256 τρυφήματα

189 2279 221 2303 35
323 2265 353 2295 ἐν
367 2267 410 2304 τῷ
428 2263 513 2304 μύρῳ
529 2263 601 2303 παρ’
617 2262 782 2299 Ἀθηναίων
805 2263 1014 2303 μακαρίζεται.
1031 2264 1070 2293 V.

245 2352 392 2402 (μήποτε
413 2351 447 2388 δὲ
464 2351 523 2388 καὶ
548 2350 627 2403 περὶ
649 2349 712 2396 τὴν
732 2350 810 2401 ὄψιν
828 2350 1071 2389 ἀποσκώπτει.
1090 2377 1137 2381 —
1157 2348 1179 2395 ἢ
1198 2349 1250 2387 ὅτι
1271 2353 1288 2387 ὁ

244 2409 305 2459 μὲν
332 2408 508 2451 Διονύσιος
535 2408 718 2460 τύραννος,
745 2408 995 2460 Θρασύὸουλος
1021 2407 1056 2445 δὲ
1085 2407 1288 2460 δημοφιλής.

243 2475 283 2504 Υ.
302 2468 434 2516 μᾶλλον
452 2466 487 2504 δὲ
506 2466 546 2503 ἄν
561 2482 612 2509 τις
631 2467 850 2512 ὑπονοήσειεν
867 2467 979 2518 ἕτερον
998 2465 1174 2504 Διονύσιον
1195 2468 1288 2517 Θρα-

245 2524 415 2562 συῧούλου
435 2527 494 2562 τοῦ
517 2523 720 2567 Κολλυτέως
746 2524 892 2575 ἀδελφὸν
918 2524 1061 2574 ἔγγιστα
1091 2523 1289 2574 συγγενείας

244 2576 340 2619 εἶναι.
353 2582 412 2619 καὶ
424 2583 457 2618 ἐν
472 2584 514 2631 τῇ
529 2580 654 2619 Ἰλιάδι
665 2581 874 2632 σαφέστερον
887 2575 974 2618 οἶδεν
985 2580 1006 2625 ἢ
1019 2580 1108 2617 κατὰ
1121 2580 1285 2630 Δίδυμον.

244 2643 289 2682 ὡς
309 2638 341 2676 εἴ
358 2655 407 2682 τις
425 2638 520 2688 λέγοι
540 2636 718 2676 Διονύσιον
738 2638 795 2675 τὸν
819 2637 928 2683 ἐξώλη
954 2636 1119 2688 τύραννον
1143 2637 1289 2674 ἐοικέναι

189 2595 224 2619 40

243 2697 485 2750 Θρασυὸούλῳ
505 2699 554 2748 τῷ
576 2695 692 2734 Λύκου
705 2725 715 2745 ,
746 2695 843 2747 ἀνδρὶ
863 2694 1058 2747 φιλοπόλιδι
1078 2694 1136 2731 καὶ
1162 2694 1289 2737 παντὸς

243 2757 411 2809 κρείττονι
430 2754 552 2805 λόγου,
569 2752 655 2790 διότι
673 2752 844 2791 κατέλυσε
871 2753 933 2799 τὴν
953 2755 1021 2790 τῶν
1037 2753 1069 2790 λ’
1091 2751 1287 2802 τυραννίδα.

242 2814 384 2857 Ἄλλως.
414 2815 444 2850 οἱ
465 2810 736 2861 Λακεδαιμόνιοι
761 2811 998 2863 κρατήσαντες
1016 2813 1082 2848 τῶν
1101 2810 1288 2856 Ἀθηναίων

243 2872 365 2916 ἔταξαν
381 2871 413 2909 λ’
428 2869 612 2921 τυράννους
626 2869 695 2906 ἀπὸ
714 2872 774 2915 τῆς
788 2869 920 2912 πόλεως
934 2871 967 2906 ἐν
990 2869 1144 2914 Ἀθήναις
1158 2868 1288 2919 διατρί-

245 2931 329 2969 ἕειν.
349 2934 366 2968 ὁ
387 2923 443 2967 οῦν
469 2927 718 2980 Θρασύὸουλος
736 2927 883 2980 ἐραστὴς
902 2926 948 2964 ὢν
967 2930 1027 2973 ’.ἧς
1052 2926 1289 2978 δημοκρατίας

244 2988 416 3026 κατέλαὸε
437 2986 561 3031 Φυλὴν
578 2988 640 3032 τῆς
657 2985 815 3031 Ἀττικῆς
835 2985 923 3035 μετά
941 3000 1041 3022 τινων
1064 2984 1190 3029 ἄλλων,
1214 2983 1287 3032 μεθ’

245 3041 291 3084 ὧν
308 3045 477 3083 κατέλυσε
495 3043 571 3086 τοὺς
586 3044 628 3080 λ’.
645 3042 821 3086 Διονύσιος
839 3044 874 3080 δὲ
890 3043 1052 3096 τύραννος
1067 3041 1159 3092 ὠμὸς
1179 3042 1212 3078 ἐν
1232 3042 1289 3079 Σι-

441 3100 585 3144 Ἄλλως.
604 3104 621 3138 ὁ
639 3100 701 3151 μὲν
718 3100 894 3144 Διονύσιος
911 3100 1081 3151 ἐμμανής·
1102 3102 1120 3136 ὁ
1134 3098 1169 3136 δὲ
1190 3099 1289 3150 Θρα-

190 2885 222 2908 45

246 3103 358 3155 κελία.

192 3175 203 3186 ³
245 3161 413 3203 σύὸουλος
426 3159 551 3200 εὔνους.
578 3158 600 3204 ἢ
628 3158 803 3202 Διονύσιος
829 3159 1012 3211 τύραννος,
1042 3161 1059 3195 ὃ
1088 3156 1123 3194 δὲ
1144 3155 1289 3207 Θρασύ-

245 3220 366 3267 ὅουλος
381 3216 506 3262 ἀτελὴς
528 3216 588 3253 καὶ
608 3216 731 3262 πένης,
752 3217 842 3263 πλὴν
875 3216 1028 3269 θρασύς.)
1068 3237 1114 3243 -
1141 3213 1285 3256 Ἄλλως.

245 3281 268 3324 ἡ
281 3276 389 3316 Πενία
400 3274 503 3328 φησὶν
518 3275 551 3310 ἐν
567 3275 615 3325 τῷ
626 3273 710 3325 πρὸς
720 3274 777 3312 τὸν
791 3275 986 3327 Χρεμύλον,
1001 3274 1052 3311 ὅτι
1066 3272 1110 3310 τὰ
1123 3272 1172 3322 μὴ
1183 3271 1287 3322 ὅμοια

246 3341 348 3386 ὅμοια
364 3334 473 3384 λέγεις
493 3326 598 3379 εἶναι,
619 3332 736 3384 ὥσπερ
756 3332 796 3370 ἂν
815 3336 842 3371 εἰ
863 3334 920 3372 τὸν
941 3332 1102 3375 Σικελίας
1120 3331 1284 3383 τύραννον

1316 454 1320 554 Ξ

993 185 1244 224 SCHOLIA
1285 185 1344 223 IN
1382 186 1635 224 PLUTUM.

1347 269 1524 308 Διονύσιον
1541 270 1656 319 ὅμοιον
1674 264 1762 308 εἶναι
1778 272 1827 322 τῷ
1847 269 2090 322 Θρασυὲούλῳ
2117 269 2213 321 ἀνδρὶ
2236 273 2380 324 χρηστῷ

1346 327 1406 364 καὶ
1416 327 1562 379 κοσμίῳ.
1579 336 1669 366 Junt.

1352 421 1356 425 ,
1401 383 1598 436 [Διονύσιον
1619 397 1627 422 2
1653 384 1697 423 ‘O
1719 383 1780 434 μὲν
1806 384 1982 428 Διονύσιος
2003 379 2044 431 ἦν
2078 385 2239 428 Σικελίας
2257 385 2383 437 τύραν-

1345 457 1410 484 νος·
1431 444 1448 478 ὁ
1469 441 1503 478 δὲ
1523 441 1771 492 Θρασύέουλος
1791 441 1876 494 ἀνὴρ
1900 443 2050 494 χρηστὸς
2079 442 2263 489 Ἀθηναῖος·
2294 445 2381 494 ὁρῶν

1346 494 1402 540 οῦν
1429 498 1492 545 τὴν
1517 502 1640 536 ἑαυτοῦ
1665 499 1765 536 πόλιν
1794 499 1860 536 ὑπὸ
1886 503 1954 537 τῶν
1978 502 2162 552 τριάκοντα
2193 501 2379 552 τυράννων,
2401 515 2416 538 5

1346 556 1401 600 οὒς
1427 556 1576 603 ἔστησαν
1607 558 1637 594 οἱ
1664 556 1951 607 Λακεδαιμόνιοι,
1974 557 2261 609 τυραννουμένην,
2280 557 2382 610 φίλην

1347 614 1429 664 μίαν
1457 614 1668 653 καταλαὸὼν
1700 614 1778 657 τοὺς
1810 614 1992 665 τυράννους
2023 614 2135 667 λάθρα
2173 615 2381 653 ἀπέκτεινεν·

1345 672 1447 723 ᾔδετο
1465 667 1522 710 οῦν
1539 671 1635 723 παρὰ
1652 671 1806 718 πάντων,
1826 674 1871 714 ὡς
1891 671 2079 717 Ἀθηναίων
2106 672 2296 724 εὐεργέτης.
2318 681 2381 710 Dv.

1346 731 1443 779 ὑμεῖς
1460 744 1468 768 :
1490 730 1590 768 Φατὲ
1608 731 1686 775 δηλ.
1714 728 1955 782 Θρασυέούλῳ
1971 742 1979 767 :
1997 731 2058 780 Τῷ
2075 731 2193 782 ἀγαθῷ
2208 732 2285 777 δηλ.
2305 734 2384 769 Διο-

1344 787 1458 826 νύσιον
1483 802 1491 826 2
1514 788 1705 840 Τύραννον.
1729 787 1791 839 R]

1398 859 1459 884 551.
1491 845 1609 896 μέλλει
1629 859 1638 884 :
1660 846 1863 884 Πείσεσθαι.
1885 852 1926 882 P.

1398 918 1460 942 552.
1489 904 1574 956 πρὸς
1593 903 1655 949 τὴν
1673 903 1839 956 διαφορὰν
1856 906 1923 940 τῶν
1944 904 2136 954 ὀνομάτων.
2159 910 2198 939 Υ.

1397 975 1460 1000 553.
1490 962 1716 1014 φειδόμενονῑ
1745 960 2103 1014 Ἀκριὸο).ο·(ούμενον.
2134 969 2195 998 Dv.
2219 968 2258 998 P.
2272 975 2382 1011 προσ-

1345 1019 1470 1071 έχοντα
1494 1034 1502 1059 ;
1525 1019 1796 1072 Προσκείμενον.
1816 1027 1855 1056 P.

1400 1091 1464 1116 554.
1490 1078 1724 1130 περιγίνεσθαι
1746 1079 1775 1115 δ’
1807 1079 1902 1129 αὐτῷ
1930 1090 1938 1115 :
1959 1076 2195 1128 περιγίνεσθαι
2222 1075 2386 1126 σημαίνει
2405 1087 2436 1111 15

1347 1135 1408 1185 μὲν
1424 1136 1484 1173 καὶ
1509 1136 1548 1173 τὸ
1566 1142 1681 1188 νικᾷν,
1703 1136 1865 1186 σημαίνει
1886 1135 1921 1172 δὲ
1950 1135 2009 1172 καὶ
2032 1135 2072 1172 τὸ
2092 1133 2316 1187 περιττεύειν,
2340 1137 2386 1176 ὡς

1346 1195 1503 1230 ἐνταῦθα.
1525 1201 1631 1237 Junt„
1649 1199 1731 1231 Υἱοὶ.
1753 1192 2009 1245 περιγίγνεσθαι
2030 1206 2038 1230 2
2057 1191 2383 1243 περιλιμπάνεσθαι.

1347 1258 1437 1287 ΚΥ.
1467 1250 1691 1303 περιττεύειν.
1718 1259 1755 1288 Θ.
1771 1259 1835 1288 Dv.
1857 1251 2014 1288 περιττὸν
2042 1249 2229 1302 γίγνεσθαι.
2251 1248 2385 1287 ἐπιλεί-

1345 1324 1421 1346 πειν
1443 1322 1451 1347 :
1471 1313 1675 1361 στερεῖσθαι.
1696 1317 1736 1346 Ρ.

2407 801 2437 825 10

1400 1379 1463 1405 555.
1495 1370 1540 1410 ὡς
1560 1366 1770 1419 μακαρίτην,
1794 1359 1822 1403 ῶ
1842 1365 2009 1418 Δάματερ
2035 1379 2043 1404 :
2070 1364 2156 1405 ιὈτι
2186 1366 2304 1409 ἁπλῶς
2326 1366 2386 1404 καὶ
2405 1378 2440 1403 20

1347 1424 1524 1470 ἀσυνήθως
1547 1424 1793 1477 κατεχρήσατο
1810 1425 1886 1462 ἀντὶ
1913 1428 1973 1461 τοῦ
1992 1423 2176 1476 μακάριον·
2200 1426 2229 1462 εἷ
2249 1423 2298 1474 μὴ
2317 1424 2386 1476 ἄρα

1346 1482 1479 1529 παίζει,
1506 1477 1574 1520 οἷον
1595 1487 1715 1534 νεκροῦ
1737 1482 1821 1534 βίον.
1906 1481 2067 1533 [Ἄλλως.
2089 1480 2208 1535 ὥσπερ
2227 1482 2385 1520 εἰώθασιν

1347 1543 1377 1578 οἱ
1394 1539 1566 1586 ’Έλληνες
1579 1571 1588 1587 ,
1608 1540 1747 1578 ἐπειδάν
1758 1556 1790 1577 τι
1803 1539 1997 1590 παράδοξον
2020 1539 2213 1587 ἀκούσωσι,
2230 1540 2389 1591 σχετλιοίί

1348 1601 1415 1643 ζειν
1431 1599 1490 1636 καὶ
1521 1602 1604 1651 βοᾶν
1623 1599 1828 1652 Ἡράκλεις,
1851 1598 1873 1644 ἢ
1892 1597 2076 1645 Ἄπολλον,
2096 1596 2118 1645 ἢ
2139 1589 2168 1635 ῶ
2189 1601 2277 1645 Ζεῦ,
2297 1598 2388 1636 οὕτω

1347 1656 1406 1694 καὶ
1421 1651 1517 1699 οὗτος
1538 1657 1688 1700 ἀκούσας
1703 1660 1765 1702 τῆς
1780 1656 1911 1699 Πενίας
1930 1659 2073 1693 τοιαῦτα
2090 1655 2256 1707 λεγούσης
2272 1655 2388 1709 ὥσπερ
2406 1672 2440 1698 25

1584 1708 1713 1737 Hm?

1348 1714 1560 1765 σχετλιάζων
1584 1731 1668 1767 ροᾳ,
1689 1732 1716 1752 ω
1733 1714 1911 1765 Δάματερ·
1929 1714 2068 1757 εἰκότως
2089 1713 2124 1751 δὲ
2142 1714 2227 1766 πρὸς
2246 1713 2308 1760 τὴν
2324 1718 2388 1765 γῆν

1346 1775 1496 1811 ποιεῖται
1515 1773 1572 1811 τὸν
1592 1773 1707 1823 λόγον,
1728 1776 1773 1816 ὣς
1792 1772 1975 1825 γεωργόςῑῖ
1994 1800 2040 1804 -
2058 1772 2254 1825 μακαρίτην
2275 1786 2283 1811 :
2306 1775 2387 1811 Μα-

1346 1831 1523 1883 καριστόν.
1556 1839 1594 1868 Θ.
1615 1840 1672 1868 De.
1703 1831 1901 1881 εὐδαίμονα.
1932 1839 1973 1869 Ρ.
2013 1831 2051 1868 τὸ
2086 1830 2205 1883 μάκαρ
2233 1830 2289 1867 ἐπὶ
2319 1834 2388 1868 τῶν

1348 1889 1454 1940 ἁγίων
1474 1888 1612 1939 λέγεται
1637 1889 1752 1939 μόνον.
1776 1889 1815 1926 τὸ
1839 1888 2008 1941 μακάριος
2024 1888 2082 1926 καὶ
2102 1889 2314 1940 μακαριστὸς
2331 1889 2388 1926 ἐπὶ

1348 1949 1483 1992 ζώντων
1505 1948 1565 1986 καὶ
1585 1947 1838 1985 ἀποθανόντων.
1860 1947 2055 1999 μακαρίτης
2077 1947 2112 1984 δὲ
2131 1946 2187 1984 ἐπὶ
2204 1949 2272 1984 τῶν
2294 1949 2385 1984 ἀπο--
2405 1959 2442 1984 30

1347 2006 1517 2044 θανόντων
1539 2005 1653 2056 μόνον.
1673 2014 1709 2042 Ρ.
1728 1999 1756 2043 ῶ
1773 2004 1940 2056 Δάματερ
1962 2018 1970 2042 :
1991 2006 2107 2042 Τοῦτο
2127 2003 2183 2042 διὰ
2204 2004 2325 2054 μέσου.
2347 2012 2384 2043 Θ.

1348 2072 1409 2101 Dc.
1427 2062 1612 2107 κατέλεξας
1635 2077 1643 2102 :
1668 2062 1946 2115 Κατηριθμήσω.
1966 2071 2006 2100 Ρ.

1401 2135 1463 2159 550.
1495 2121 1699 2172 μοχθήσαςε
1721 2120 1914 2163 Κοπιάσας.
1947 2122 2099 2171 ταφῆναι
2114 2132 2124 2158 :
2141 2114 2268 2159 ‘'ssaffe.
2291 2128 2332 2158 Ρ.

1400 2194 1464 2219 557.
1497 2179 1670 2217 σκώπτειν
1690 2193 1698 2217 2
1718 2178 1915 2230 Διασύρειν.
1937 2185 1978 2215 Ρ.
2001 2177 2251 2230 εἰρωνεύεσθαι.
2268 2185 2306 2216 Θ.
2323 2187 2383 2216 Βυ.

1347 2239 1527 2290 κωμῳδεῖν
1548 2252 1556 2276 :
1572 2237 1756 2289 Ὕὸρίζειν.
1772 2245 1833 2275 Dv.
1852 2236 1909 2274 ἐπὶ
1924 2235 2084 2287 γέλωτος.
2098 2243 2138 2272 Ρ.
2156 2235 2359 2280 σπουδάζειν
2375 2248 2384 2273 :

1346 2298 1414 2333 τῶν
1442 2295 1648 2333 σπουδαίων.
1681 2302 1717 2332 R.
1747 2299 1806 2332 τοῦ
1835 2294 1948 2346 λέγειν
1973 2294 2018 2331 τὰ
2044 2294 2217 2331 σπουδαῖα
2237 2293 2260 2339 ἢ
2278 2309 2386 2332 σπου-

2408 2247 2441 2272 35

1348 2355 1612 2404 δαιολογεῒσθαι.
1629 2361 1669 2390 V.
1690 2352 1885 2396 σπουδαίως
1902 2352 2026 2403 λέγειν.
2045 2359 2084 2389 Ρ.
2102 2367 2163 2390 σπ.
2180 2353 2226 2398 λ.,
2244 2353 2386 2398 ἐπιστη-

1349 2411 1460 2460 μόνως
1477 2411 1720 2449 ἀποδεικνύναι
1739 2411 1790 2448 ὅτι
1810 2410 1974 2463 κρείττων
1992 2412 2009 2447 ὃ
2023 2411 2168 2452 πλοῦτος
2182 2412 2243 2455 τῆς
2257 2409 2387 2453 πενίας.

1354 2477 1437 2506 VICC.

1401 2540 1464 2565 558.
1495 2525 1672 2576 γινώσκων
1692 2539 1700 2563 :
1723 2525 1989 2575 Ἔπιστάμενος.
2011 2533 2051 2562 Ρ.

1401 2597 1461 2621 559.
1491 2586 1540 2634 τῷ
1555 2582 1616 2632 μὲν
1630 2596 1638 2620 :
1655 2585 1704 2634 τῷ
1718 2582 1868 2634 Πλούτῳ
1883 2582 2054 2628 δηλονότι.
2066 2588 2106 2617 Υ.
2121 2581 2361 2632 ποδαγρῶντες
2374 2594 2383 2619 :

1347 2640 1399 2677 ὅτι
1417 2640 1622 2686 Ἑλληνικὸν
1643 2640 1681 2677 τὸ
1704 2641 1896 2691 ποδαγρᾶν.
1921 2639 2019 2688 (τινὲς
2036 2638 2072 2676 δὲ
2098 2637 2281 2691 φεύγοντες
2302 2639 2386 2676 αὐτὸ

2406 2542 2440 2567 40

1346 2700 1549 2746 ποδαλγῶσι
1560 2697 1726 2747 λέγουσι.)
1745 2706 1782 2735 R.
1801 2707 1839 2735 Υ.
1856 2698 2107 2747 ποδαλγοῦντες
2121 2710 2130 2735 :
2146 2698 2306 2735 Τοιοῦτοι
2319 2695 2386 2749 γὰρ

1347 2758 1377 2792 οἱ
1396 2755 1556 2793 πλούσιοι
1578 2754 1730 2805 γίνονται
1750 2755 1816 2792 ὑπὸ
1836 2757 1897 2800 τῆς
1918 2757 2067 2806 τρυφῆς,
2094 2753 2177 2805 ὅπερ
2206 2755 2387 2804 ἀσελγείας

1347 2812 1406 2850 καὶ
1436 2811 1647 2864 φαυλότητος
1672 2812 1747 2862 βίου
1768 2812 1956 2858 δηλωτικόν
1979 2815 2063 2850 ἐστι.
2085 2811 2254 2864 γράφεται
2275 2811 2309 2849 δὲ
2327 2812 2386 2849 καὶ

1347 2870 1600 2919 ποδαλγοῦντες
1617 2869 1676 2906 καὶ
1693 2870 1943 2921 ποδαγρῶντες·
1973 2868 2024 2905 ὅτι
2041 2868 2100 2906 καὶ
2124 2867 2208 2905 αὐτὸ
2225 2868 2264 2906 τὸ
2280 2869 2388 2912 πάθος

1347 2927 1406 2964 καὶ
1426 2926 1586 2977 ποδάγρα
1599 2925 1737 2975 λέγεται
1753 2926 1812 2963 καὶ
1829 2925 2016 2976 ποδαλγία.
2031 2933 2122 2962 Junt.
2139 2925 2208 2971 τὴν
2216 2924 2359 2975 γνώμην
2378 2939 2386 2964 ζ

1347 2983 1422 3030 Τὴν
1441 2983 1614 3035 φρόνησιν.
1638 2991 1675 3021 Θ.
1695 2992 1756 3020 Dz‘.
1775 2982 1836 3029 τὴν
1853 2982 1946 3020 ἰδέαν
1966 2996 1974 3021 :
1993 2982 2069 3028 Τὴν
2087 2982 2233 3035 μορφήν.
2248 2991 2287 3021 θ.
2312 2992 2388 3028 Ηυ.,

1349 3050 1411 3080 Br.
1433 3040 1523 3078 κατὰ
1542 3041 1579 3078 τὸ
1599 3035 1696 3083 εἶδος.
1718 3050 1757 3078 P.
1776 3041 1858 3093 παρ’
1877 3042 1970 3093 αὐτῷ
1989 3054 1997 3079 ;
2019 3043 2082 3093 Τῷ
2099 3040 2262 3093 Πλούτῳ.
2278 3041 2388 3078 ποδα-

1347 3102 1494 3152 γρῶντες
1519 3112 1526 3137 2
1548 3098 1735 3150 Ποδαγροί.
1756 3107 1794 3135 Ρ.

2405 2829 2441 2853 45

2407 3114 2442 3138 50

1401 3171 1462 3195 560.
1495 3156 1560 3193 ὑπὸ
1578 3156 1698 3207 ἀργίας
1716 3156 1863 3207 μεγάλοι
1875 3156 2026 3207 γίνονται
2044 3156 2104 3193 καὶ
2119 3161 2245 3208 παχεῖς
2258 3154 2302 3193 τὰ
2319 3155 2387 3193 σώ-

1349 3231 1457 3265 ματα.
1476 3216 1644 3264 (ἀσελγῶς
1659 3214 1693 3251 δὲ
1711 3215 1786 3251 ἀντὶ
1804 3219 1861 3252 τοῦ
1881 3214 2017 3257 ἀτόπως
2033 3213 2088 3251 διὰ
2097 3213 2160 3260 τὴν
2177 3213 2385 3265 ἀσέλγειαν.)

1349 3280 1385 3310 R.
1399 3280 1439 3309 Υ.
1456 3273 1531 3310 ἀντὶ
1544 3277 1602 3310 τοῦ
1617 3278 1833 3325 καταφερεῖς.
1851 3280 1888 3310 R.
1907 3281 1945 3311 Υ.
1961 3287 2049 3323 παχ.
2068 3272 2128 3309 καὶ
2147 3271 2260 3314 πίονες
2278 3285 2287 3310 :
2308 3272 2388 3308 Πα-

1349 3333 1423 3381 χεῒς
1451 3332 1526 3373 ταῖς
1551 3330 1668 3383 σαρξὶν
1693 3330 1901 3383 ἀσωρρόνως
1924 3329 2079 3380 λιπαροί.
2109 3331 2263 3379 ἀσελγῶς
2290 3341 2299 3367 :
2324 3330 2387 3367 Αἷ-
