2533 3808
280 243 353 276 426

332 319 404 355 215
424 329 497 353 0111.
520 318 561 350 V.
587 317 627 348 In
651 311 735 347 Ald.
758 311 826 353 ita,
848 306 1055 345 τοῦτοπάνυ
1077 308 1280 359 φροντίζετε;

277 380 376 415 τοῦτο
406 373 527 421 λέγει,
559 368 610 406 ὅτι
642 366 843 419 προσέκειτο
879 365 1077 411 Ἀθηναίοις.
1115 366 1186 415 (De
1224 365 1283 401 his

278 433 403 470 verbis
433 430 573 466 dictum
603 426 650 463 ad
676 439 712 464 v.
733 424 834 472 213.)
863 422 1030 475 γράφεται
1064 421 1174 472 μέγα,
1208 422 1282 459 ἀντὶ

276 494 335 528 τοῦ
363 487 531 539 μεγάλως.
557 485 596 522 τὸ
616 483 651 521 δὲ
680 482 889 535 φροντίζετε,
918 480 993 517 ἀντὶ
1020 483 1079 518 τοῦ
1108 479 1282 529 μεταὸου-

275 548 425 585 λεύεσθε.
455 544 554 594 ἐγγυς
575 542 610 580 δὲ
638 544 736 591 ἡμῶν
764 540 819 577 διὰ
847 538 946 576 τοῦτό
967 554 1073 591 φησι,
1102 537 1157 574 διὰ
1182 538 1220 574 τὸ
1249 539 1282 574 ἐν

276 620 368 657 χωρο
371 602 500 656 γραφία
522 600 683 650 σύνεγγυς
705 604 875 652 παρεῖναι·
898 598 970 634 ἐπει
992 598 1053 635 οὒκ
1081 596 1164 633 εἷσὶν
1193 600 1284 632 οὑτοι

276 661 518 712 ἀστυγείτονες.
541 681 587 687 -
611 661 658 702 48
678 671 725 694 ex
744 658 815 694 hoc
839 658 922 693 loco
940 655 1052 692 habet
1072 655 1218 693 Suidas.
1234 676 1285 682 —-

277 725 326 768 49
347 716 656 769 μεταῧουλεύεσθαι
672 719 717 752 R.

332 778 405 813 218
437 775 527 813 Ἀντὶ
547 777 605 811 τοῦ
628 772 752 809 ὑπόθου
782 785 854 809 0111.
876 774 922 809 V.
954 771 987 807 ἀ.
1015 786 1075 815 της
1104 770 1168 807 ὑπὸ
1197 769 1283 807 Ald.

277 838 496 872 Correctum
519 846 565 869 ex
588 832 719 878 Suida‚
737 831 803 879 qui
826 828 906 881 φέρε
924 831 1193 879 intelpretatm
1216 832 1246 864 οἱ
1249 842 1284 863 ον

276 892 400 929 ὑπόθου
413 920 423 937 ,
447 890 515 940 εἴγε
532 884 601 927 οῦν.
617 916 669 922 -
685 903 698 926 1
725 887 854 940 ἀρχαία
874 887 909 924 δὲ
924 888 1076 933 Suidas,
1092 886 1126 924 δὲ
1150 901 1224 923 0111.
1241 889 1283 922 V.

278 973 325 977 —
341 963 361 986 2
382 945 423 996 ἧς
438 948 670 1000 προτάσσεται
701 956 738 984 et
767 946 805 983 τὸ
827 944 905 998 φέρε
926 960 1000 982 om.
1032 949 1076 982 V.
1098 967 1147 974 -
1165 951 1184 989 4
1205 944 1284 980 Ald.

276 1006 392 1059 ὥσπερ
414 1005 649 1056 Δημοσθένης.
670 1005 728 1042 Ι1).
751 1003 866 1056 ὥσπερ
894 1002 1120 1053 Δημοσθένει,
1141 1004 1169 1040 εἷ
1193 1002 1288 1044 δίκας

275 1064 484 1110 ἀπητῆσειεν
500 1064 582 1114 (sic)
600 1068 641 1101 V.
662 1062 701 1099 ἂν
716 1065 808 1112 ἡμᾶς
829 1062 1066 1106 ἀπαιτήσωσιν
1079 1063 1160 1100 Ald.
1172 1061 1287 1111 Apud

274 1123 572 1159 Demosthenem
603 1122 631 1158 εἰ
664 1120 764 1170 λόγον
796 1123 884 1170 ὑμᾶς
907 1120 1146 1166 ἀπαιτήσειαν.
1180 1146 1230 1152 --
1264 1119 1285 1155 5

275 1197 456 1233 παρηκατε
474 1186 518 1219 G.
542 1180 746 1233 παρήκασθε
768 1180 855 1217 Ald.
879 1209 926 1214 ..-
955 1182 976 1216 6
996 1180 1120 1229 λέγειν,
1140 1177 1229 1216 οὕτω
1252 1177 1288 1215 δὲ

276 1239 470 1290 ὑποθέμεθα
493 1243 539 1277 V.
564 1240 635 1277 Hic
655 1240 760 1276 addit
779 1239 859 1275 Ald
882 1238 1094 1308 κρεμάθρα
1077 1253 1111 1274 οε
1130 1237 1286 1286 )εγεται,

276 1296 330 1333 διὰ
348 1295 387 1334 τὸ
413 1297 582 1350 μετέωρον
606 1292 695 1334 εἰναι
730 1295 836 1342 αὐτὴν
866 1295 1104 1381 κηρεμωμένην.
1139 1295 1211 1332 ἔστι
1252 1294 1287 1331 δὲ

276 1357 413 1402 σκεῦος,
435 1356 480 1396 εἷς
499 1354 516 1391 ὃ
535 1353 578 1391 τὰ
604 1353 846 1407 περιττεύοντα
877 1353 944 1405 ὄψα
967 1353 1133 1403 εἰώθαμεν
1164 1352 1287 1421 ἀπρτί-

275 1415 401 1449 θεσθαι.
420 1411 551 1455 Ἄλλως
571 1410 1208 1483 0111.ν.(111111).παρεγκύκλημα
1191 1409 1224 1446 οὲ
1249 1409 1288 1446 τὸ

274 1469 330 1506 επὶ
356 1473 417 1515 τῆς
448 1469 651 1522 κρεμάθρας.
667 1472 727 1507 δεῖ.
745 1492 789 1498 -
806 1483 846 1506 11
885 1473 942 1506 νῦν
963 1468 1024 1519 μὲν
1047 1467 1091 1505 τὰ
1116 1472 1160 1505 R.
1185 1469 1219 1504 ἐν
1237 1470 1290 1509 αῖς
1313 1497 1319 1506 .

275 1543 391 1576 μεντοι
418 1527 524 1570 οὕτως
555 1527 662 1573 αὐτὴν
689 1531 747 1564 νῦν
769 1531 813 1565 G.
841 1526 947 1569 αὐτὰς
969 1531 1012 1565 R.
1036 1549 1074 1555 —-
1109 1540 1153 1562 12
1177 1530 1234 1563 τοῦ
1252 1523 1288 1562 δὲ

273 1584 457 1635 γελοίουχ.
478 1589 521 1623 V.
541 1601 590 1622 τω
607 1600 681 1623 0111
703 1589 743 1622 R.

327 1655 401 1690 219
426 1644 515 1692 τιμῶ
531 1645 573 1680 G.
592 1642 654 1680 τίω
675 1647 719 1681 V.

327 1713 416 1745 220,
442 1715 486 1747 17
506 1704 605 1737 τοῦτο
631 1705 700 1738 οἷον
725 1714 798 1738 0111.
823 1704 868 1738 R.
894 1722 944 1728 —
973 1701 1016 1737 18
1037 1700 1112 1737 ἀλλ’
1135 1696 1286 1749 αὖτὸςβ.

274 1760 318 1794 V.
311 1785 334 1803 .,
359 1759 424 1807 qui
446 1757 535 1808 μέγα
552 1772 626 1795 0111.

328 1818 486 1877 223,19
503 1818 773 1867 ὑποκοριστικῶς
792 1819 836 1852 R.
842 1822 942 1859 -24
964 1814 1025 1862 τὴν
1045 1815 1121 1866 ὄψιν
1139 1827 1212 1851 om.
1229 1818 1287 1862 V.

274 1874 404 1912 Suidas
425 1889 451 1912 5.
460 1869 533 1912 '³9’
536 1890 678 1926 φημερε.
689 1874 747 1912 lb.
762 1873 887 1924 σελήνη
907 1889 990 1925 παρ.
1010 1877 1055 1910 V.
1067 1872 1288 1925 παρεμφερὴς

275 1936 363 1970 εἶναι
381 1933 528 1970 Suidas.
552 1955 602 1961 -—
623 1933 671 1968 26
692 1931 807 2005 φωνὴν
828 1930 890 1976 τὴν
919 1935 979 1969 τοῦ
1002 1931 1097 1983 παρὰ
1122 1932 1287 1983 Πινδάρι)

275 1991 444 2036 Σειληνου
455 1991 598 2028 Suidas.
621 1989 736 2042 φωνὴν
759 2006 820 2036 την
839 1990 933 2043 παρὰ
951 1989 1116 2041 Πινδάρι)
1133 2004 1169 2025 σε
1159 1989 1287 2034 -ληνιον

275 2053 321 2086 V.
351 2049 564 2098 Legebatur
597 2043 664 2085 οἷον
701 2051 760 2084 τοῦ
789 2050 884 2100 παρὰ
914 2047 1079 2099 Πινδάρῳ
1119 2048 1287 2093 Σειληνοῦ

275 2106 403 2159 φωνήν.
422 2133 473 2139 -
493 2120 539 2154 27
560 2106 727 2158 παράγων
744 2106 800 2143 τ’ὸν
822 2107 985 2153 Σειληνὸν
1012 2106 1158 2144 SuidaS.
1177 2106 1289 2142 παοά-

273 2165 555 2213 γοντοςᾸΣιληνοῦ
576 2167 617 2200 V.
635 2162 846 2215 παραγαγὼν
871 2165 954 2202 Ald.
975 2187 1026 2192 —-
1050 2164 1097 2199 28
1116 2162 1288 2215 Ὀλύμπῳ

274 2221 422 2259 Suidas.
441 2221 655 2271 Legebatur
673 2221 872 2273 Ὀλυμπίῳ.
888 2248 938 2254 --
960 2235 1007 2269 29
1028 2219 1176 2272 ἐφάμερε
1197 2223 1289 2256 Her-

275 2292 446 2315 mannus.
473 2280 597 2329 Vulgo
623 2278 786 2331 ἐφήμερε.
815 2279 922 2325 νήπια
954 2283 1154 2316 Kustcrus.
1187 2278 1288 2323 νήπιε

273 2336 374 2375 libri.
395 2336 450 2373 lb.
471 2336 639 2389 χρήματά
660 2353 717 2386 μοι
744 2336 962 2387 διακομπέων
984 2351 1058 2374 om.
1075 2340 1120 2373 V.
1143 2338 1287 2385 διακομ-

274 2393 387 2431 πεύων
408 2395 489 2431 Ald.
509 2403 546 2431 et
564 2396 719 2441 Suidas,
734 2396 836 2444 quod
851 2396 1017 2432 correxit
1034 2398 1285 2432 Hennanuus.

276 2472 326 2478 —
347 2452 394 2487 32
414 2450 503 2487 οὕτω
523 2451 562 2488 τὸ
580 2453 632 2501 ἐφ.
654 2453 800 2489 Suidas.
820 2451 923 2493 οὕτως
939 2454 990 2503 ἐφ.
1012 2452 1090 2488 Ald.

329 2508 417 2554 225,
441 2509 489 2544 36
511 2522 566 2557 sq.
583 2508 622 2545 τὸ
639 2508 855 2561 δὲ-δρόμον
885 2524 958 2547 0111.
983 2514 1028 2546 V.
1052 2509 1126 2546 ἀντὶ
1144 2514 1203 2546 τοῦ
1223 2525 1287 2547 πε-

277 2564 498 2617 ριεργάζομαι
515 2565 571 2602 τὸν
595 2565 704 2611 ἥλιον,
732 2566 788 2602 τὸν
809 2566 928 2604 τούτου
957 2566 1093 2618 δρόμον.
1123 2566 1287 2603 ἔπιῧαίνω

275 2624 323 2673 τῷ
343 2621 428 2673 ἀέρι.
447 2620 502 2658 διὰ
521 2626 619 2660 τοῦτο
637 2622 703 2674 γὰρ
726 2623 1045 2672 καὶ-*καθήμενοω
1077 2622 1228 2672 ἔγκειται
1252 2624 1286 2660 δὲ

276 2678 349 2729 ἅμα
369 2679 428 2716 καὶ
445 2679 484 2716 τὸ
505 2685 573 2722 τοῖς
592 2682 729 2722 πολλοῖς
749 2681 869 2723 ἀσεὸὲς
889 2682 943 2717 διὰ
967 2684 1027 2726 τῆς
1048 2680 1181 2724 λέξεως.
1211 2680 1286 2719 ἴσον

275 2736 340 2789 γὰρ
361 2739 410 2788 τῷ
435 2740 639 2790 καταφρονῶ
668 2738 747 2776 Ald.
772 2738 810 2775 τὸ
832 2738 865 2775 δὲ
891 2741 1092 2790 περισκοπῶ
1111 2743 1214 2775 R.—
1240 2747 1286 2784 40

275 2797 474 2846 ὓπερφρονῶ
507 2797 713 2835 Ernestius.
745 2799 939 2849 περιφρονῶ
973 2797 1056 2834 Ald.
1084 2799 1287 2848 καταφρονῶ

275 2861 377 2893 recte
394 2853 516 2889 codex
533 2857 624 2903 Reg.
645 2856 758 2892 2821.

334 2911 422 2957 226,
444 2916 489 2956 47
525 2924 579 2960 sq.
604 2910 747 2948 Ἀττικοὶ
776 2910 817 2948 τὰ
845 2913 883 2949 ἐκ
909 2911 1069 2962 σχοινίων
1103 2911 1286 2962 πλέγματα

274 2966 442 3019 ταλάρους
465 2967 542 3010 τοὺς
562 2968 730 3010 καλάθους
752 2971 896 3006 καλοῦσι
916 2973 959 3006 V.
981 2969 1164 3015 Ἀττικῶς,
1187 2969 1229 3007 τὰ
1249 2972 1288 3007 ἐκ

276 3024 421 3074 σχοίνων
444 3026 638 3076 πλέγματα.
658 3026 734 3070 τοὺς
752 3031 829 3077 γοῦν
852 3027 1028 3076 καλάμους
1047 3026 1122 3069 τοὺς
1139 3043 1287 3080 γεωργι-

275 3080 352 3123 κοὺς
369 3083 537 3134 ταλάρους
561 3085 704 3122 καλοῦσι
724 3086 857 3122 Suidas
878 3100 905 3122 s.
924 3084 1064 3137 Ταρροί.
1087 3108 1136 3113 -
1161 3092 1209 3134 49
1229 3089 1286 3122 νῦν

277 3138 312 3177 δὲ
333 3149 369 3177 et
396 3142 591 3190 sequentia
612 3156 684 3179 0111.
707 3147 751 3180 V.
771 3165 821 3172 --
845 3143 888 3179 51
921 3144 956 3180 αἱ
983 3142 1217 3194 ἀλεκτορίδες,
1239 3143 1286 3180 53

277 3197 472 3250 κρεμάθραν
491 3199 634 3236 8111ᾰιι5.

307 3285 311 3287 .
332 3269 420 3303 227,
444 3262 462 3299 4
491 3265 574 3305 post
597 3259 656 3302 τῆς
673 3260 734 3307 γῆς
752 3259 874 3307 pergit
895 3261 937 3295 V.
955 3250 1046 3294 εἶπεν
1073 3257 1153 3306 (scr.
1176 3256 1286 3309 εἴπερ)

277 3313 454 3365 ἄνθρωπον
478 3313 559 3351 ὄντα
592 3315 701 3363 (adde
721 3316 783 3365 δεῖ),
813 3318 998 3367 διαγνῶναι
1023 3314 1079 3352 τὸν
1104 3314 1202 3361 ἥλιον
1228 3314 1285 3352 καὶ

649 3374 670 3382 ω

276 3370 350 3413 τοὺς
369 3370 472 3414 θεούς.
499 3371 551 3408 ἐπὶ
571 3370 604 3408 δὲ
628 3388 687 3417 της
703 3375 764 3423 γῆς
788 3373 942 3423 βεὸηκὼς
962 3373 1183 3422 ἀπολογεῖται
1202 3371 1285 3424 πρὸς

1046 223 1341 262 ADNOTATlO
1372 223 1421 260 ΙΝ
1454 224 1627 262 SCHOL.

1344 329 1388 335 --
1408 311 1426 344 ὃ
1441 308 1641 359 Σωκράτης.
1662 309 1795 361 ψυχρὰν
1817 331 1865 338 —
1887 309 1995 347 λύσιν.
2030 309 2159 362 ἐξεῦρον
2182 332 2229 338 -
2248 311 2350 362 λέγει.

1397 367 1470 401 228
1488 365 1567 402 Ald.
1587 366 1718 418 ἐξεῦρον
1733 369 1838 419 ὀρθῶς
1852 367 2027 419 εάκριὸῶς.
2047 367 2089 404 τὰ
2111 367 2287 419 μετέωραι
2308 369 2352 406 τὰ

1341 421 1456 475 ὑψηλὰ
1478 423 1535 460 καὶ
1562 424 1714 475 οὐράνια.
1733 445 1775 449 —
1800 427 1822 462 8
1848 425 2169 477 περὶ-ζητήματα
2202 440 2277 465 om.
2308 431 2352 464 V.

1342 481 1457 517 Uncis
1481 481 1625 518 inclusa
1662 484 1899 520 Hermannus
1931 484 2044 521 refert
2065 485 2112 520 ad
2133 498 2167 520 v.
2195 486 2281 531 231,
2309 485 2354 521 Εἰ

1344 539 1371 575 δ’
1386 535 1431 574 ὢν
1453 537 1579 588 χαμαί.

1398 598 1482 633 230.
1505 597 1634 634 Codex
1656 601 1744 645 Reg.
1764 597 1859 633 2821
1886 612 1893 633 :
1915 599 1975 639 Εἷς
1990 598 2028 635 τὸ
2049 600 2093 636 Εἰ
2114 599 2162 649 μὴ
2180 599 2355 650 κρεμάσας

1343 652 1492 690 κάτωθεν
1513 653 1668 702 λάμὲανε
1696 653 1734 690 τὸ
1760 653 1945 697 ἐσκόπουν,
1966 654 2075 705 λέγων
2096 655 2224 699 οὕτως·
2254 658 2282 694 εἷ
2307 656 2355 706 μὴ

1345 710 1512 748 ἐσκόπουν
1536 711 1712 764 κρεμάσας
1733 711 1772 749 τὸ
1790 710 1905 761 νόημα
1925 712 1982 748 καὶ
2003 712 2065 758 τὴν
2089 714 2251 764 φροντίδα
2264 729 2271 737 ·
2297 715 2356 752 καὶ

1343 767 1407 821 γὰρ
1425 772 1442 806 8
1462 768 1500 806 τὸ
1523 772 1625 818 σῶμα
1648 769 1860 822 κρεμάμενος
1878 769 1935 805 καὶ
1958 769 2014 807 τὸν
2038 774 2113 807 νοῦν
2144 773 2357 824 κρεμάμενον

1345 825 1415 876 ἔχει
1429 856 1439 872 ,
1469 826 1659 876 καταμίξας
1676 826 1803 873 ταύτην
1823 828 1870 870 εἷς
1893 825 1949 863 τὸν
1968 825 2086 875 ὅμοιον
2111 827 2195 878 ἀέρα
2215 829 2356 877 λεπτῄν.

1344 883 1366 930 ἢ
1386 884 1541 933 λάμὸανε
1571 883 1691 928 ἔξωθεν
1719 884 1759 924 τὸ,
1785 883 1953 934 ἐμαυτὸν,
1977 883 2087 933 λέγων
2110 883 2232 928 οὕτως·
2257 888 2286 923 εἷ
2309 886 2358 937 μὴ

1345 942 1522 1018 κρεμάσας
1551 941 1698 992 ἐμαυτὸν
1720 941 1886 979 ἐσκόπουν
1906 941 2099 991 καταμίξας
2112 942 2151 980 τὸ
2166 943 2280 993 νόημα
2301 945 2359 982 καὶ

1345 1003 1406 1049 τὴν
1428 1003 1587 1056 φροντίδα
1591 1002 1736 1048 λεπτὴν
1767 1005 1813 1045 εἷς
1836 1001 1892 1040 τὸν
1916 1017 2033 1051 ομοιον
2053 1003 2157 1054 ἀέρα·
2185 1002 2300 1053 ὅμοιον
2325 1006 2361 1042 δε

1347 1076 1421 1098 ειπε
1443 1060 1499 1097 τὸν
1522 1060 1607 1112 ἀέρα
1627 1063 1669 1111 τῇ
1689 1060 1841 1113 φροντιδι
1862 1060 1918 1097 διὰ
1936 1059 1974 1097 τὸ
1999 1059 2056 1097 τὸν
2078 1065 2154 1098 νοῦν
2175 1061 2360 1112 ἀσώματον

1347 1113 1444 1156 εῖναι.
1460 1141 1512 1145 —
1534 1120 1578 1155 15
1599 1122 1798 1170 περιθεωρεῖ
1799 1134 1816 1154 ν
1842 1122 2041 1155 Kustems.
2056 1122 2205 1169 περιθεῖν
2219 1120 2306 1158 Α1(1.

1401 1177 1474 1212 232
1493 1179 1537 1212 R.
1551 1175 1589 1212 τὸ
1608 1177 1644 1213 οὗ
1662 1175 1727 1226 γὰρ
1743 1174 1830 1213 ἀλλὰ
1847 1176 1922 1212 ἀντὶ
1943 1179 2003 1213 τοῦ
2023 1175 2081 1213 καὶ
2101 1177 2167 1228 γὰρ
2188 1177 2360 1220 Ἀττικῶς.

1346 1238 1390 1271 V.
1412 1233 1485 1270 ἀντὶ
1505 1237 1562 1270 τοῦ
1582 1233 1640 1269 καὶ
1666 1233 1839 1276 Ἀττικῶς.
1877 1237 2019 1271 Totum
2042 1235 2213 1272 scholion
2247 1235 2362 1272 habet

1348 1291 1479 1329 Suidas
1500 1305 1527 1328 5.
1547 1293 1599 1329 Οὐ
1616 1290 1692 1342 γάρ.

1401 1350 1472 1392 231,
1487 1352 1589 1394 ,-30
1598 1349 1644 1385 35
1670 1348 1810 1385 habent
1832 1349 1981 1385 codices
2009 1351 2165 1387 Taurin.
2199 1359 2237 1387 et
2270 1354 2361 1400 Reg.

1349 1407 1461 1443 2821.
1475 1408 1586 1453 -37
1611 1399 1895 1458 Εἰδος-Περσ,
1916 1419 1990 1443 0111.
2025 1410 2068 1444 V.
2094 1429 2137 1437 —
2164 1409 2211 1444 38
2234 1407 2362 1460 σφάκον

1348 1464 1688 1515 1ἰ115101115.σκάφον
1707 1464 1786 1500 Ald.
1805 1463 1849 1501 τὰ
1868 1463 1999 1516 καιγὰρ
2014 1463 2101 1502 αὐτὰ
2120 1467 2185 1501 τῶν
2199 1469 2242 1502 R.
2258 1473 2363 1510 -40

1348 1527 1407 1560 τοῦ
1427 1523 1647 1576 ὑγραίνεσθαι
1678 1527 1724 1561 R.
1754 1523 1979 1574 ἐπισπώμενα
2017 1523 2102 1577 ξηρὰ
2126 1528 2236 1562 ταῦτα
2261 1526 2363 1562 καθί-

1349 1598 1469 1628 στησιν
1485 1587 1573 1631 Reg.
1597 1595 1710 1628 2712.

1403 1642 1490 1687 236,
1514 1647 1560 1683 42
1579 1639 1652 1677 δέον
1674 1639 1708 1676 δὲ
1725 1643 1770 1676 V.
1787 1648 1824 1676 et
1838 1652 1912 1676 om.
1935 1637 1981 1677 δὲ.
2005 1640 2046 1677 R.
2067 1638 2160 1677 ἕλκει
2176 1640 2253 1686 ἢτὰ
2271 1656 2366 1678 κ.-

1351 1699 1397 1743 45
1413 1698 1561 1748 ἀμαθίαν
1580 1700 1625 1736 Θ.
1647 1696 1815 1747 ἀμάθειαν
1836 1698 1923 1734 Α1ι1.
1943 1697 2114 1748 ἀγνωσίαν
2138 1702 2229 1749 Reg.
2249 1701 2361 1736 2821.

1402 1757 1489 1804 239,
1513 1763 1561 1804 49
1584 1754 1648 1808 γὰρ
1668 1755 1796 1793 τούτων
1821 1758 1866 1792 V.
1896 1753 2075 1806 φθάσαντι.
2101 1759 2247 1806 Inepte.
2267 1760 2363 1794 Nam

1347 1813 1475 1850 Nubes
1507 1813 1616 1850 editae
1640 1823 1727 1850 sunt
1755 1813 1897 1862 olymp.
1922 1816 1984 1861 89,
2011 1827 2043 1860 1,
2067 1817 2143 1849 Pax
2169 1815 2218 1852 ol.
2239 1816 2302 1863 89,
2327 1819 2361 1854 3.

1347 1875 1465 1908 Dmo.

1402 1934 1489 1972 240,
1510 1929 1556 1964 53
1584 1928 1769 1964 δανειστῶν
1793 1928 1921 1962 κακῶν.
1947 1925 2101 1977 χρήστας
2123 1926 2188 1979 γὰρ
2214 1930 2231 1965 8
2253 1932 2294 1966 V.
2313 1952 2362 1959 —

1352 2000 1365 2022 1
1393 1985 1453 2035 μὲν
1473 2000 1547 2022 0111.
1565 1990 1609 2023 R.
1632 2007 1683 2013 -—-
1701 1999 1721 2021 2
1742 1999 1799 2036 χρ.
1818 1986 1850 2021 λ.
1869 1998 1943 2020 0111.
1965 1988 2009 2021 V.
2028 2006 2080 2013 -—
2108 1999 2126 2031 7
2149 1989 2271 2037 φεῦγε,
2293 2001 2363 2037 pro

1347 2058 1424 2094 quo
1452 2043 1585 2096 φεύγειν
1614 2043 1714 2093 apud
1735 2043 1888 2079 Suidam
1913 2050 1967 2078 est
1987 2055 2016 2080 5.
2047 2043 2225 2094 Χρῆσται.
2247 2046 2360 2082 scho-

1348 2103 1464 2138 liastae
1493 2115 1573 2138 esse
1610 2101 1909 2137 additamentum
1944 2100 2213 2137 aninmdvertit
2241 2106 2362 2140 Erne—

1348 2161 1453 2196 511115.
1472 2163 1588 2196 Deest
1608 2159 1757 2195 initium
1777 2167 1813 2195 et
1832 2159 1916 2195 finis
1933 2171 2074 2195 versus.
2093 2162 2136 2194 In
2154 2160 2264 2196 initio
2286 2162 2363 2198 for-

1348 2228 1445 2255 tasse
1465 2217 1638 2268 μηδέποτε
1657 2217 1795 2253 fuit.—
1811 2218 1832 2252 8
1859 2216 1907 2266 μή
1930 2215 1968 2254 σε’
1990 2216 2021 2266 γ’
2038 2216 2174 2253 Suidas
2197 2231 2223 2254 5.
2242 2217 2358 2256 Ἀπαι·

1347 2275 1444 2320 τέων,
1473 2276 1537 2311 ubi
1557 2276 1670 2314 Paris.
1696 2278 1728 2311 A
1745 2273 1792 2323 μή
1809 2289 1866 2323 γε,
1889 2274 1966 2310 (1110
1986 2273 2049 2309 alii
2073 2272 2121 2323 μή
2138 2288 2177 2323 γε
2195 2289 2243 2311 σε.
2263 2275 2310 2324 μή
2332 2277 2362 2314 α’

1347 2334 1480 2370 Suidas
1501 2348 1527 2370 5.
1548 2335 1706 2383 Χρῆσται
1720 2362 1729 2378 ,
1750 2332 1817 2368 ubi
1842 2332 1945 2368 Paris
1967 2337 1997 2367 A
2020 2332 2157 2368 iterum
2177 2331 2225 2380 μή
2245 2348 2294 2383 γε.
2313 2362 2364 2367 ,-

1348 2392 1477 2428 Codex
1509 2392 1686 2428 Tauria:
1713 2389 1877 2441 Χρήστης
1909 2389 1966 2426 καὶ
1997 2388 2174 2434 δανειστὴς
2198 2390 2363 2443 διαφέρει·

1348 2447 1524 2494 δανειστὴς
1542 2447 1602 2498 μὲν
1616 2448 1681 2498 γάρ
1703 2450 1794 2485 ἐστιν
1809 2450 1826 2484 8
1840 2446 1924 2499 πρὸς
1942 2446 1981 2484 τὸ
1999 2446 2118 2483 λαὸεῖν
2135 2445 2288 2493 τόκουςῆ
2304 2449 2363 2486 καὶ

1349 2505 1426 2542 ἄνευ
1446 2505 1556 2543 τόκων
1584 2505 1746 2549 δανείζων
1767 2503 1954 2557 χρήματα,
1977 2502 2132 2554 χρήστης
2155 2502 2190 2539 δὲ
2215 2506 2233 2541 ὃ
2253 2505 2363 2548 διδούς

1347 2579 1413 2600 τινι
1433 2564 1554 2613 ἱμάτια
1575 2562 1597 2608 ἢ
1617 2562 1720 2608 σκεύη
1736 2560 1899 2613 ἀργυρᾶῆ
1920 2561 2062 2598 τοιαῦτά
2077 2576 2154 2598 τινα
2176 2561 2260 2614 πρὸς
2276 2568 2364 2615 χρῆ-

1348 2637 1399 2657 σιν
1430 2624 1614 2672 βραχεῖαν,
1637 2619 1694 2656 ἵνα
1714 2619 1818 2656 πάλιν
1849 2617 2010 2668 ἀπολάὲῃ
2035 2621 2143 2654 ταῦτα
2172 2619 2361 2670 συντόμως.

1349 2679 1466 2715 Addit
1500 2682 1592 2726 Reg.
1615 2679 1729 2722 2821,
1756 2678 1901 2713 ἐνταῦθα
1923 2674 1958 2712 δὲ
1980 2678 1998 2712 8
2016 2675 2163 2721 ποιητὴς
2183 2676 2272 2715 κατὰ
2291 2694 2362 2716 πα-

1349 2735 1516 2787 ράχρησιν
1537 2734 1692 2785 χρήστας
1708 2732 1782 2775 τοὺς
1808 2733 1987 2776 δανειστάς
2009 2749 2123 2785 φησιν.

1401 2801 1471 2839 241
1502 2795 1547 2835 εἷς
1567 2792 1723 2843 ἐνέχυρον
1744 2791 1858 2828 habet
1882 2795 1925 2828 R.

1358 2885 1363 2889 .
1402 2858 1491 2898 242,
1514 2865 1557 2899 19
1582 2849 1727 2901 ἔτριψεν.
1753 2853 1790 2885 V.
1814 2848 1997 2900 ἐπέτρεψεν
2019 2851 2065 2886 G.

1402 2915 1489 2955 247,
1510 2911 1556 2945 33
1575 2907 1664 2945 κατὰ
1688 2906 1749 2951 τὴν
1770 2911 1815 2943 V.
1835 2928 1882 2933 —-
1908 2908 1953 2950 34
1975 2906 2093 2952 ἧσέὸει
2112 2908 2193 2945 Ald.
2218 2909 2361 2959 ὀμνύναι

1347 2971 1390 3004 V.
1419 2967 1499 3003 Ald.
1519 2989 1567 2995 -—
1594 2966 1639 3002 35
1658 2965 1715 3002 καὶ
1740 2980 1798 3016 πρ.
1820 2980 1848 3000 τ.
1865 2964 2038 3001 πλάτανον
2059 2979 2134 3001 0111.
2154 2969 2195 3003 Υἶ
2210 2982 2355 3018 προσκυ-

1347 3027 1412 3062 νῶν
1434 3038 1507 3061 0111.
1523 3024 1604 3060 Ald.
1620 3049 1671 3054 -
1689 3024 1736 3059 36
1757 3022 2038 3073 ἀπομνήμασιΐ.
2055 3024 2185 3060 Voluit
2202 3024 2360 3063 fortasse

1346 3081 1581 3132 ὑπομνήμασι.
1600 3085 1716 3118 Β1Ν1).
1735 3087 1827 3124 -41
1852 3082 1896 3121 ὡς
1916 3084 2121 3118 Hermann.
2141 3083 2188 3124 εἷς
2209 3083 2293 3120 Ald.
2314 3086 2360 3126 ὡς

1347 3143 1394 3183 εἰς
1410 3142 1602 3177 Kustcrus.
1626 3163 1673 3167 —
1695 3142 1740 3183 43
1760 3140 1933 3176 lacunam
1953 3140 2137 3177 indicavit
2160 3145 2359 3181 Kusterus.

1347 3199 1428 3250 φασὶ
1460 3198 1524 3250 γὰρ
1556 3196 1755 3248 τριπλάσιον
1789 3197 1884 3246 γένος
1915 3199 1998 3234 θεῶν
2032 3198 2166 3234 inserit
2191 3201 2356 3239 Reizius.

1346 3280 1395 3284 -—
1429 3258 1476 3300 46
1506 3255 1745 3307 Οὐρανίωνας,
1770 3257 1867 3292 καλεῖ
1893 3254 1999 3291 addit
2023 3257 2274 3294 Hermannus.
2305 3283 2359 3292 .-

1345 3313 1421 3356 τοὺς
1435 3314 1590 3351 1110111115
1615 3313 1761 3349 addidit
1778 3328 1784 3349 :
1807 3313 1872 3362 qui
1892 3313 2017 3349 locum
2039 3313 2085 3349 de
2104 3313 2149 3349 iis
2169 3314 2357 3365 iutelligit,

1346 3372 1409 3421 qui
1428 3372 1465 3407 in
1489 3371 1645 3420 gratiam
1665 3371 1767 3407 Jovis
1787 3370 1987 3419 imperium
2003 3383 2134 3407 eorum
2147 3399 2157 3417 ,
2183 3370 2247 3420 qui
2271 3381 2357 3409 ante
