2533 3808
293 190 366 224 6³21

332 270 511 302 Slratlidis
530 270 698 301 Atalanta
724 270 832 300 multo
852 270 931 308 post
948 271 1064 300 Rarius
1089 267 1202 305 docta,
1222 269 1309 299 Ran.

336 320 404 348 146.

291 363 461 402 Stratyllis,
479 370 594 392 nomen
612 361 765 398 mulieris,
784 363 861 400 Lys.
878 364 949 391 365.

291 409 434 449 strepsaei
449 410 479 447 (a
489 408 642 439 Thracico
655 408 772 446 oppido
786 408 938 448 Strepsa),
954 407 1134 447 Georqu.
1153 411 1220 438 174.
1232 409 1315 439 Stre-

334 463 440 494 psaeus
454 454 642 492 MercuriuS,
656 453 737 484 ibid.

292 501 497 541 strepsiades,
514 508 632 531 nomen
657 509 678 530 a
700 501 937 541 στρεψοδικῆσαι.
951 501 1111 540 (Iactum,
1125 501 1194 532 seh.
1222 501 1311 533 Nub.

332 550 403 586 434,
421 550 454 578 in
475 546 627 578 Nubibus
643 555 738 577 senex
761 547 915 587 rusticus,
933 548 1084 579 Phidonis
1107 547 1190 579 tilius
1206 548 1316 587 Cicyn-

333 596 441 627 nensis
453 620 461 634 ,
476 595 552 626 olim
566 595 653 625 dives
668 619 676 631 ,
698 596 752 635 qui
771 605 903 627 uxorem
927 597 1081 627 urbanam
1095 621 1103 635 ,
1118 597 1314 627 luxuriosam

331 643 371 673 de
386 641 534 681 Megaclis
546 641 693 680 prosapia
709 641 855 680 duxerat,
870 651 925 682 per
940 642 1138 682 Phidippidac
1154 642 1210 672 ulii
1227 645 1315 673 ἱππο-

330 689 454 729 τροφίαν
476 696 538 718 aere
562 687 665 717 alieno
691 686 839 719 obrutus.
864 693 938 719 Haic
954 689 1114 728 sigillatim
1140 691 1247 720 narrat
1260 698 1315 729 per

331 735 522 766 iusomniam
536 735 630 764 nocte
642 733 711 771 ejus
726 734 788 765 diei
800 743 864 774 quo
878 735 1051 766 creditores
1066 736 1197 775 pignora
1209 739 1314 775 captu-

332 790 383 811 ros
395 782 557 820 exspectat
569 791 576 818 ;
591 780 676 810 silius
688 780 817 811 iuterim
829 781 990 813 dormiens
1002 791 1100 822 equos
1114 785 1144 813 et
1159 783 1316 813 curricula

332 827 470 859 somniat
485 837 493 865 3
510 827 751 866 expergefactus
768 836 785 858 a
801 831 889 868 patre
906 831 1034 869 rogatur
1057 831 1093 860 ut
1116 829 1315 869 philosophis

331 884 365 905 se
379 873 559 905 docendum
574 874 714 913 praebeat
729 878 827 905 artem
843 876 1052 915 sophisticam
1068 900 1076 915 ,
1094 884 1167 916 quae
1193 879 1314 916 patrem

332 921 410 952 nihil
439 921 555 952 debere
575 920 738 959 ostendat;
758 922 897 960 frustra3
925 932 1022 962 quare
1038 922 1230 962 Strepsiades
1250 923 1315 962 ipse

332 968 371 999 ad
388 968 526 999 Socratis
538 967 679 998 scholam
700 968 799 1007 pergit
814 993 822 1002 ,
840 970 996 1000 sermonis
1012 970 1174 1010 sophistici
1193 969 1315 1000 subtili-

332 1016 425 1052 tates,
444 1023 627 1054 quanquam
642 1022 736 1044 senex
756 1038 764 1051 ,
779 1018 995 1054 assecuturus,
1014 1019 1141 1047 1-132,
1157 1016 1264 1046 Prodit
1277 1025 1314 1047 ex

332 1061 557 1100 phrontisterio
574 1060 750 1099 discipulus
769 1062 928 1092 Socratis:
948 1072 1013 1101 quo
1031 1065 1177 1093 narrante
1203 1062 1315 1093 callida

334 1155 418 1183 trare
435 1152 588 1192 discupit,
610 1156 782 1185 133-183,
801 1157 918 1194 Aperto
938 1155 1166 1194 phrontisterio
1183 1155 1316 1185 miratur

335 1199 560 1230 meditantium
576 1199 807 1239 discipulorum
826 1201 954 1232 habitus
974 1204 1005 1232 et
1029 1202 1254 1232 mathematica
1271 1202 1316 1232 in·

334 1248 514 1277 strumenta
528 1248 558 1277 et
572 1248 666 1277 terrae
682 1246 943 1286 descriptionem,
961 1247 1080 1278 rustica
1092 1250 1124 1278 et
1139 1249 1266 1278 indocta
1278 1248 1317 1278 de

335 1293 373 1324 iis
392 1293 477 1323 dicta
496 1294 672 1333 proferens,
692 1296 859 1325 184-217.
876 1297 1037 1326 Socratem
1062 1297 1210 1334 precatur
1233 1296 1267 1325 ut
1285 1303 1318 1325 se

333 1348 519 1378 oppressum
533 1348 597 1370 acre
609 1339 712 1370 alieno
724 1340 835 1371 doceat
846 1349 1023 1372 sermonem
1036 1341 1112 1371 nihil
1123 1340 1316 1378 reddentem,

336 1386 516 1416 mercedem
538 1395 571 1417 se
599 1386 780 1418 soluturum
804 1389 914 1426 jurans
936 1396 991 1427 per
1006 1387 1081 1418 deos
1096 1412 1104 1426 ,
1134 1389 1315 1424 218-2465

335 1432 376 1463 ob
394 1433 682 1472 hocjnsjnrandum
701 1434 900 1473 xituperatus
917 1444 935 1465 a
952 1437 1091 1473 Socrate,
1107 1434 1134 1465 ei
1152 1443 1186 1465 se
1203 1435 1316 1465 docen-

334 1479 411 1509 dum
433 1480 554 1519 pra-bet
582 1489 630 1510 res
650 1480 786 1518 divinas,
813 1484 845 1512 et
863 1483 1036 1512 coronatus
1054 1482 1193 1522 inspersa
1219 1483 1318 1514 farina

336 1525 493 1564 initiatur,
508 1528 681 1557 247-262,
703 1529 853 1557 Terretur
870 1527 1009 1558 adventu
1028 1527 1182 1565 nubium,
1196 1532 1253 1560 293
1267 1538 1316 1569 sq,

335 1576 392 1603 Eas
410 1575 590 1612 veneratur,
607 1575 638 1604 et
654 1573 718 1603 iim
737 1582 846 1604 earum
865 1574 982 1611 sentit,
998 1574 1061 1613 jam
1086 1574 1237 1606 volitante
1260 1576 1316 1615 ipsi

335 1620 440 1649 anima
457 1643 465 1657 ,
485 1622 659 1650 314-322.
678 1623 930 1660 conspectarum
957 1621 1134 1660 potentiam
1150 1621 1246 1652 discit
1262 1646 1270 1660 ‚
1287 1625 1318 1653 et

335 1675 407 1704 cur,
425 1666 553 1705 quando
570 1666 696 1705 volunt,
712 1670 855 1698 mutetur
868 1676 977 1698 earum
1004 1668 1121 1707 ligura,
1143 1672 1316 1700 327—355.

334 1712 494 1742 salutatur
506 1711 547 1742 ab
561 1711 620 1749 iis,
635 1715 707 1743 358.
736 1712 769 1743 Ei
793 1713 1003 1752 persuadetur
1025 1723 1043 1743 a
1065 1716 1193 1745 Socrate
1207 1718 1317 1745 iovem

335 1767 397 1788 non
413 1766 493 1795 esse,
508 1766 611 1796 neque
624 1758 702 1788 alios
715 1758 793 1789 deos
811 1759 890 1789 ullos
907 1761 1023 1798 prater
1036 1761 1149 1797 chaos,
1167 1760 1274 1791 Nubes
1288 1763 1318 1791 et

335 1805 506 1843 Linguam;
523 1804 620 1834 simul
633 1803 726 1836 discit
740 1805 860 1836 fulmen
875 1808 905 1836 et
922 1806 1043 1836 tonitru
1057 1806 1133 1846 quid
1150 1806 1203 1845 sit,
1219 1810 1319 1838 365-

336 1852 407 1881 426.
425 1850 570 1881 nubibus
590 1853 695 1882 totum
712 1860 745 1882 se
767 1852 874 1889 dedit,
900 1854 932 1883 et
953 1852 1003 1883 hae
1027 1853 1164 1883 vicissim
1185 1855 1317 1892 gratiam

338 1899 369 1927 et
387 1897 562 1936 potentiam
579 1897 609 1926 in
630 1897 759 1928 civitate
782 1906 817 1928 ac
844 1898 945 1929 vitam
969 1898 1182 1929 beatissimam
1212 1900 1269 1939 ipsi
1287 1908 1320 1930 se

335 1943 512 1974 tributuras
528 1943 731 1984 pollicentur,
747 1946 919 1976 413-477.
935 1948 1078 1976 Socrates
1092 1946 1235 1985 explorat
1251 1947 1320 1985 ejus

336 1989 495 2028 ingenium
507 1992 537 2020 et
551 1990 581 2020 in
595 1990 853 2030 phrontisterium
863 1992 983 2030 ingredi
994 1992 1085 2030 iubet
1097 1993 1232 2031 nudum,
1243 1995 1321 2025 473..

338 2040 409 2067 509.
433 2036 521 2066 L‘nde
535 2036 728 2076 Strepsiades
745 2038 927 2077 proceditet
942 2038 1072 2077 grabato
1094 2039 1260 2070 cimicibus
1274 2049 1319 2070 re-

336 2083 416 2113 ferto
430 2082 570 2114 insidens
585 2082 718 2114 docetur
732 2084 771 2114 de
785 2085 907 2122 metris,
924 2085 1096 2124 rhythmis,
1112 2086 1150 2116 de
1164 2095 1318 2125 gramma-

335 2129 398 2160 tica
415 2129 704 2169 substantivorum,
723 2131 779 2162 sed
803 2131 912 2162 onmia
934 2132 1072 2163 Socratis
1098 2133 1215 2163 rustice
1241 2135 1270 2163 et
1287 2133 1322 2163 ri-

337 2176 442 2206 dicule
458 2176 572 2215 accipit
588 2186 594 2206 :
611 2186 709 2216 quare
722 2178 761 2208 de
775 2178 840 2209 suis
853 2179 989 2218 negotiis
1003 2179 1122 2218 aliquid
1139 2180 1320 2218 excogitare

331 2223 473 2260 jubetur,
489 2225 662 2254 527—695.
682 2228 716 2255 In
733 2233 770 2255 ea
784 2225 991 2256 meditatione
1005 2226 1044 2256 de
1058 2226 1226 2256 cimicibus
1238 2226 1320 2256 etde

333 1107 401 1145 ejus
416 1106 546 1137 iuventa
571 1106 767 1146 Strepsiades
785 1108 991 1139 vehementer
1007 1109 1187 1140 admiratur
1213 1112 1244 1139 et
1266 1109 1315 1139 in·
1345 1118 1351 1374 ι

1346 1389 1351 1424 l

337 2316 430 2355 titur,
450 2317 489 2347 ab
507 2318 652 2350 Nubibus
667 2320 868 2359 aliquatenus
890 2324 1015 2352 erectus
1028 2345 1036 2360 ,
1053 2321 1091 2351 ah
1109 2323 1235 2352 Socrate
1254 2330 1318 2353 mc-

336 2363 449 2393 ditanti
477 2370 637 2405 praecepta
661 2367 840 2406 accipiens,
859 2370 1034 2399 696-745.
1063 2369 1228 2399 bibitores
1249 2377 1320 2399 eva·
1350 2378 1352 2381 ’

1349 2200 1355 2244 l

335 2269 373 2299 iis
389 2277 462 2308 quae
478 2270 508 2299 in
523 2270 751 2309 phrontisterio
767 2272 827 2311 ipsi
845 2273 999 2312 perierint
1017 2273 1221 2303 vehementer
1244 2281 1320 2312 que·
1349 2253 1355 2334 i

1347 2340 1354 2360 i

989 183 1143 220 lNDEx
1175 180 1422 220 NOMINUM
1451 184 1514 220 ET
1544 184 1737 222 RERUM.

1414 268 1547 300 ducens.
1564 270 1702 308 Pasiam,
1717 271 1910 302 creditorem
1928 273 2098 306 duodecim
2119 275 2298 316 minarum,
2323 287 2400 310 cum

1417 316 1498 347 teste
1515 316 1750 355 advenientem,
1770 317 1973 358 impudenter
1990 322 2143 361 insultat,
2159 322 2296 354 absurde
2315 333 2403 356 com-

1415 362 1521 393 mistis
1538 372 1610 402 quae
1627 364 1667 394 ab
1683 367 1812 396 socrate
1828 365 1997 407 didicerat,
2024 373 2237 401 1221-1258.
2265 371 2401 403 Advenit

1414 408 1499 440 alius
1513 410 1653 440 creditor
1670 414 1822 450 Amyntas
1846 412 2106 454 intelicissim1153
2135 416 2187 447 cui
2214 416 2292 448 item
2317 418 2402 450 inso-

1417 455 1518 487 lenter
1533 457 1639 488 illudit
1655 459 1748 497 nugis
1764 460 1946 499 Socraticis,
1963 470 2040 501 quae
2065 465 2099 494 in
2126 463 2376 503 phronttsterto
2391 490 2401 504 ‚

1415 510 1480 533 non
1496 505 1529 534 in
1544 512 1645 535 scena
1657 504 1838 544 didicerat,
1852 515 1888 537 ac
1902 509 2029 539 tandem
2044 509 2129 541 velut
2141 519 2259 550 equum
2271 511 2406 543 stimulo

1413 550 1542 581 admoto
1555 551 1665 591 abigit,
1687 555 2056 593 1259—13025d0mum
2075 558 2168 597 redit,
2189 559 2272 590 mala
2285 568 2325 591 ex
2339 560 2401 591 im·

1415 596 1571 636 probitate
1585 598 1643 629 ista
1671 601 1847 638 augurante
1864 601 1979 632 choro.
2012 604 2082 633 Exit
2104 605 2258 644 vapulans
2279 615 2297 637 a
2318 606 2401 646 filio,

1418 646 1632 675 1321-1324.
1649 648 1678 675 Is
1692 648 1799 676 autem
1814 647 1897 686 patri
1912 656 1949 679 ex
1964 649 2086 688 injusto
2097 651 2194 690 λόγῳ,
2211 661 2306 691 quem
2320 653 2403 684 didi-

1415 692 1513 729 cerat,
1528 690 1741 730 probaturum
1760 700 1793 723 se
1807 693 1978 733 pollicetur
1997 696 2213 734 justissimum
2237 707 2308 729 esse
2324 699 2403 730 saci—

1415 744 1489 775 nus,
1511 739 1723 768 1325-1344.
1738 738 1820 769 Hinc
1837 739 1941 770 Choro
1953 741 2101 780 cupiente
2123 746 2231 775 narrat
2251 746 2404 785 Strepsia.

1415 781 1483 819 des,
1502 784 1535 813 nt
1554 783 1585 813 in
1601 792 1691 813 coena
1711 783 1822 822 jussus
1840 785 2047 826 Phidippides
2071 796 2185 820 cauere
2206 791 2404 824 venerabilia

1415 828 1556 859 carmina
1570 829 1742 859 Simonidis
1756 833 1787 860 et
1805 830 1954 871 ffischyli,
1967 841 2004 863 ea
2017 836 2246 875 contempserit
2266 839 2299 868 et
2316 839 2402 870 Euri-

1416 874 1496 913 pidis
1510 883 1622 906 versus
1638 876 1815 915 piaculares
1832 877 1994 910 inchoarit
2011 879 2106 911 :hinc
2120 882 2264 922 jurgium
2289 887 2322 915 et
2336 893 2408 916 ver-

1416 921 1490 952 bera
1505 923 1587 961 patri
1605 923 1743 961 inflicta,
1766 926 1874 955 1354-
1891 927 1980 956 1376.
2010 928 2051 957 At
2075 927 2281 969 Phidippides
2297 931 2378 971 patri
2394 957 2407 971 ,

1415 977 1598 1008 quanquam
1613 969 1765 1000 beneficia
1776 974 1807 1001 et
1817 970 2016 1003 educationis
2028 973 2207 1006 molestiam
2218 984 2254 1007 ex
2260 978 2404 1017 ponenti,

1415 1014 1544 1045 tandem
1559 1016 1729 1055 persuadet
1741 1015 1865 1054 justum
1883 1020 1913 1048 et
1926 1027 2055 1058 aequum
2071 1028 2139 1051 esse
2157 1029 2176 1052 a
2199 1021 2264 1053 filio
2280 1025 2403 1063 patrem

1415 1061 1588 1101 verberari,
1603 1066 1816 1095 1380-1439.
1829 1067 1948 1095 Verum
1966 1065 2005 1097 de
2020 1068 2124 1098 matre
2134 1067 2219 1099 idem
2232 1077 2267 1101 se
2278 1069 2408 1102 demon-

1421 1111 1596 1138 straturum
1615 1109 1961 1148 pollicitosexardeseit
1980 1113 2190 1154 Strepsiades,
2208 1118 2242 1147 et
2267 1125 2285 1147 a
2301 1116 2404 1148 Nubi-

1415 1154 1477 1184 bus
1494 1155 1583 1186 audit
1608 1164 1642 1186 se
1667 1155 1739 1187 ideo
1764 1157 1796 1186 in
1814 1157 1897 1188 mala
1922 1159 2104 1198 conjectum
2128 1160 2169 1192 ab
2198 1161 2276 1201 ipsis
2308 1171 2379 1195 esse
2394 1188 2403 1200 ‚

1417 1201 1493 1240 quia
1507 1202 1588 1232 mala
1606 1204 1639 1233 et
1661 1203 1806 1234 fraudem
1828 1204 1985 1236 adamarit
1998 1208 2029 1237 et
2045 1206 2154 1238 divina
2164 1210 2406 1249 contempserit,

1421 1251 1632 1278 1440-1461.
1643 1251 1711 1279 Jam
1720 1249 1814 1288 igitur
1822 1258 1918 1289 quam
1930 1252 2070 1290 graviter
2089 1254 2200 1285 errarit
2214 1263 2406 1294 cognoscere

1419 1294 1546 1334 incipit,
1562 1304 1759 1335 quamquam
1777 1296 1890 1327 irrisus
1908 1306 1926 1328 a
1940 1297 2017 1337 filio,
2033 1301 2067 1330 et
2078 1301 2232 1340 tanquam
2248 1303 2408 1334 Mercurio

1417 1341 1571 1372 suadente
1584 1365 1592 1380 ,
1608 1342 1828 1382 improborum
1846 1343 2108 1384 philosophorum
2135 1347 2404 1387 phrontisteriunn

1417 1387 1534 1426 exurit,
1548 1390 1761 1419 1462-1509.

1377 1434 1612 1473 Strpmodoiiffi,
1641 1443 1757 1466 nomeu
1783 1436 2013 1475 Acharnensis,
2040 1439 2077 1468 in
2102 1438 2251 1471 Achai-n.
2277 1444 2346 1473 273.
2364 1461 2408 1468 -

1417 1481 1643 1519 Strymodorus
1671 1490 1711 1512 ex
1734 1482 1889 1522 Conthyle
1905 1491 2010 1523 payo,
2040 1492 2137 1515 senex
2156 1485 2255 1525 judex
2282 1488 2316 1518 in
2353 1489 2407 1519 Ve-

1418 1530 1486 1566 spests
1513 1531 1583 1558 233.
1601 1547 1642 1553 -
1661 1528 1909 1568 δίνμυοάοτυε,
1934 1538 2050 1561 nomen
2075 1531 2183 1571 senis,
2201 1534 2237 1564 in
2256 1535 2403 1573 Lysistr.

1420 1578 1491 1605 239.

1377 1621 1587 1661 Ssyziiplmlis
1600 1623 1708 1662 palus
1722 1624 1758 1653 in
1773 1621 1942 1662 Arcadia,
1957 1626 2044 1655 Ran.
2067 1629 2157 1658 1266.

1378 1668 1600 1707 szfsmplmlus
1618 1670 1653 1700 in
1670 1669 1818 1700 Arcadia
1836 1679 1847 1700 .·
1864 1669 1910 1700 ibi
1925 1678 1988 1701 rex
2001 1671 2205 1711 Aqamedes,
2222 1673 2312 1705 Nub.
2332 1677 2405 1705 568.

1378 1717 1465 1753 Styx.
1488 1714 1591 1754 Stygis
1610 1717 1699 1754 petra
1716 1715 1964 1756 μελανοκάρδιος,
1979 1718 2068 1748 Ran.
2084 1719 2155 1749 470.

1378 1761 1500 1799 Suada,
1523 1763 1638 1800 Πειθώ,
1657 1761 1787 1792 domina
1802 1762 1972 1793 invocatur
1993 1765 2072 1804 Lys.
2091 1767 2162 1796 203.
2186 1765 2300 1797 Suadae
2320 1768 2404 1798 tem-

1421 1808 1507 1847 plum
1520 1832 1528 1847 ,
1548 1809 1712 1848 Euripides
1726 1811 1909 1849 Antiqone,
1929 1811 2018 1841 Ran.
2037 1814 2125 1843 1391.

1379 1855 1534 1894 Suffragia
1550 1856 1637 1895 paria
1652 1855 1843 1894 absolvunt,
1857 1855 1935 1887 inde
1951 1865 1974 1888 a
1986 1856 2118 1896 judicio
2140 1860 2268 1890 orestoe
2280 1883 2291 1898 ,
2316 1862 2404 1893 Ran.

1423 1903 1493 1931 685.

1380 1948 1514 1977 Sunium
1529 1971 1538 1987 ‚
1555 1948 1810 1987 promontorium
1827 1949 2021 1980 Athenarum
2033 1973 2041 1988 ,
2062 1951 2097 1981 in
2117 1951 2271 1983 Attalida
2288 1953 2406 1992 tribu,

1423 1993 1511 2024 [tub.
1529 1997 1601 2025 40t.
1629 1995 1677 2025 lbi
1703 1998 1870 2034 Neptunus
1893 1996 2065 2035 adoratur,
2091 1997 2315 2039 Σουνιάρατος,
2338 2002 2405 2041 Eq.

1422 2044 1492 2070 500.
1510 2040 1601 2071 Adde
1619 2041 1723 2072 schol.
1741 2043 1798 2071 Αυ.
1818 2044 1890 2079 869,
1907 2044 1982 2081 Lys.
2001 2045 2072 2073 808.

1380 2087 1527 2127 supellex
1542 2087 1719 2118 domestica
1740 2090 1923 2118 recensetur
1940 2088 2031 2119 Eccl.
2059 2091 2236 2120 728—745.
2257 2091 2404 2131 supellex

1420 2133 1572 2163 ditiorum
1588 2135 1620 2164 ct
1639 2133 1769 2174 inopum
1786 2137 1992 2173 comparatur
2011 2135 2062 2165 Pl.
2080 2137 2254 2167 540-546.

1381 2181 1565 2219 Supplicum
1586 2188 1692 2210 ramus
1709 2181 1821 2218 oliva’,
1837 2181 1890 2212 Pl.
1909 2184 1970 2212 383
1987 2183 2020 2212 et
2036 2182 2142 2213 schol.
2166 2186 2238 2214 385.

1380 2230 1448 2256 Sus.
1468 2229 1546 2255 Sues
1566 2227 1680 2256 Cereri
1699 2225 1731 2256 iu
1749 2226 1908 2265 mysteriis
1926 2226 2153 2267 immolantur,
2176 2228 2255 2260 Ach.
2274 2231 2332 2260 764
2346 2253 2354 2268 ,
2373 2232 2406 2261 et

1424 2272 1567 2305 Baccho,
1584 2280 1704 2311 qnare,
1721 2275 1806 2304 Rau.
1826 2275 1896 2304 338.
1918 2276 1978 2304 Sus
1997 2282 2061 2304 non
2077 2274 2261 2305 immolatur
2276 2277 2403 2315 Veneri,

1421 2318 1501 2349 Aclz.
1522 2320 1592 2349 793.
1610 2319 1701 2349 suile
1715 2321 1790 2349 erat
1808 2318 1996 2358 cirisacum,
2011 2328 2119 2360 prope
2144 2322 2286 2359 ts'estam,
2312 2323 2403 2361 t'esp.

1421 2367 1492 2396 844.

337 2407 430 2439 dendi
448 2411 558 2441 modos
570 2414 633 2442 tres
648 2413 723 2444 satis
739 2414 876 2445 rusticos
886 2415 1063 2454 excogitat,
1078 2423 1176 2455 quare
1187 2415 1319 2445 docendi
1348 2382 1353 2457 Ι
1380 2414 1466 2443 Susa
1480 2436 1488 2451 ,
1509 2414 1594 2451 reqz's
1609 2414 1797 2443 Persarum
1818 2412 1910 2444 sedes
1927 2422 1990 2453 per
2006 2415 2176 2453 oeslalem,
2190 2416 2251 2454 Eq.
2275 2418 2364 2446 1089.

336 2456 470 2485 taedium
486 2457 571 2497 capit
583 2462 758 2497 Socratem,
781 2461 835 2500 qui
850 2469 956 2491 senem
972 2461 1125 2491 stolidum
1141 2464 1171 2491 et
1187 2461 1319 2491 oblivio·
1349 2473 1352 2480 ·
1379 2461 1561 2496 Susarion,
1592 2458 1852 2497 Plzilinifilius,
1880 2461 2089 2498 Meyarcusis
2108 2484 2118 2498 ,
2150 2460 2379 2500 Tripodiscius
2392 2484 2403 2500 ,

337 2509 407 2531 sum
430 2502 460 2532 in
484 2504 602 2534 malam
626 2513 690 2535 rem
713 2506 800 2536 abire
820 2506 930 2545 jubet,
946 2510 1121 2538 Tio—790.
1148 2511 1253 2546 Quare
1281 2507 1320 2538 ab
1348 2486 1353 2551 Ι

338 2547 482 2577 Nubibus
499 2550 665 2581 consilium
682 2552 772 2590 petit.
788 2556 866 2591 Quae
883 2554 982 2583 tilium
997 2554 1178 2584 docendum
1195 2555 1320 2585 mittere
1348 2554 1352 2592 l

334 2592 468 2631 jnrbent3
486 2595 552 2634 ipse
570 2597 768 2629 adducturus
783 2608 855 2630 eum
873 2601 950 2637 abit,
969 2604 1144 2632 791-804.
1162 2603 1319 2633 Convenit

339 2639 547 2679 Phidippiden
575 2645 605 2672 et
622 2652 704 2673 nova
726 2654 797 2684 quae
824 2645 970 2676 didicerit
985 2647 1023 2677 de
1040 2650 1120 2677 Jove
1147 2656 1164 2676 a
1181 2648 1319 2678 'l‘urbiuc

342 2686 425 2722 (Διὸς
451 2688 511 2717 ὑπὸ
535 2688 639 2727 Λίνου)
654 2694 765 2719 exacto
782 2693 813 2720 ct
842 2691 881 2722 de
906 2701 1021 2730 genere
1045 2692 1318 2724 substantivorum

339 2733 493 2771 superbus
518 2735 649 2774 exponit
674 2737 943 2777 philosophosqne
965 2739 1131 2778 dilaudat3
1164 2739 1236 2770 iude
1264 2749 1319 2781 per
1347 2745 1351 2770 t

341 2786 480 2809 amorem
498 2789 590 2811 suum
609 2782 648 2813 ab
666 2783 797 2813 infantia
817 2784 913 2815 tilium
937 2790 1083 2825 precatur
1109 2790 1143 2817 ut
1158 2790 1317 2818 Socratem

341 2825 445 2864 adeat,
463 2829 637 2867 814—865,
652 2830 702 2860 cui
717 2839 789 2860 cum
805 2833 839 2861 ut
853 2832 1015 2863 scitissimi
1031 2833 1146 2872 ingenii
1161 2842 1318 2864 commen-

341 2870 395 2901 dat
411 2874 441 2902 et
459 2875 491 2903 ut
505 2873 659 2913 injustum
677 2876 789 2907 saltem
806 2879 895 2917 λόγον
911 2879 1066 2910 doceatur
1079 2880 1247 2919 supplicat,
1261 2881 1316 2912 877

340 2921 452 2949 -888,
477 2922 595 2951 Iterum
622 2925 733 2954 monet
759 2927 936 2964 Socratem,
969 2928 1003 2956 ut
1030 2926 1130 2957 tilium
1153 2926 1211 2957 sihi
1240 2926 1319 2957 bene

341 2967 488 3004 exacuat,
510 2970 722 3000 1107—1110.
744 2970 835 3001 Redit
851 2971 918 3003 dies
932 2981 1102 3003 numerans
1119 2973 1157 3003 ad
1174 2982 1319 3013 eumquo

341 3010 514 3043 creditores
529 3022 561 3044 se
572 3015 751 3054 perdituros
766 3017 883 3047 malum
899 3018 1076 3050 debitorem
1090 3018 1252 3058 jurarunt;
1265 3020 1318 3050 sed

343 3055 374 3086 iu
388 3056 454 3087 filio
471 3067 559 3097 spem
574 3062 684 3100 ponit,
707 3064 926 3103 1131—1143,
953 3073 1047 3104 quem
1072 3065 1152 3095 bene
1173 3065 1320 3096 didicisse

343 3103 486 3134 t'raudem
501 3108 534 3135 ut
552 3115 569 3136 a
585 3111 712 3140 Socrate
728 3110 874 3151 percipit,
891 3111 919 3142 ei
944 3111 1221 3150 saecumsare‘ncz’
1246 3111 1318 3149 dat,

346 3150 422 3179 1146
438 3158 486 3190 sq.
503 3154 533 3182 et
548 3152 728 3186 immaniter
744 3157 936 3197 triumphat,
960 3160 1172 3195 1154—1164,
1193 3157 1321 3188 obtutu-

344 3205 406 3234 que
419 3197 488 3235 eJus
506 3198 683 3238 impudenti
708 3202 853 3241 laetatur,
873 3207 1095 3242 1169-1177;
1126 3203 1240 3234 deiude
1266 3203 1317 3234 ubi

316 3250 320 3253 “
345 3241 384 3272 de
401 3243 512 3274 ultima
530 3245 582 3276 die
595 3248 724 3285 mensiS,
743 3258 806 3288 qua
821 3251 952 3289 pignora
975 3251 1015 3282 ad
1030 3251 1117 3281 litem
1135 3250 1319 3289 deponenda

343 3290 430 3325 SUUY,
448 3290 498 3330 ἕνῃ
513 3293 563 3321 καὶ
581 3293 645 3332 νέᾳ,
671 3297 777 3325 vetere
795 3299 826 3326 et
840 3306 934 3335 nova,
962 3298 1162 3336 argutantcm
1184 3295 1319 3333 amiixu,

349 3335 559 3376 1178—1200,
578 3340 677 3370 multo
699 3341 795 3371 etiam
815 3344 914 3381 magis
934 3344 1107 3382 triumphat
1127 3345 1157 3373 et
1182 3343 1319 3373 felicissi-

347 3387 432 3411 mum
443 3390 477 3413 se
488 3383 652 3424 praedicat,
667 3390 878 3427 1201—1212,
894 3389 992 3420 hlium
1003 3390 1041 3420 ad
1052 3398 1175 3420 cor‘nam
1189 3389 1319 3419 domum

1345 3245 1352 3439 —-—-.-—-—

1420 2506 1515 2536 J’rol.
1532 2506 1596 2542 IX,
1613 2513 1646 2543 a,
1661 2508 1698 2535 30
1713 2516 1721 2543 ;
1737 2505 1767 2543 b,
1783 2507 1834 2543 46,
1849 2506 2019 2536 comoeclice
2033 2508 2201 2545 inventor,
2216 2507 2309 2537 Prot.
2331 2509 2401 2546 III,

1424 2556 1432 2582 1
1449 2563 1456 2589 ;
1476 2553 1510 2589 Γ,
1534 2556 1568 2582 16
1588 2551 1659 2587 gabe*
1677 2551 1758 2581 libri
1775 2553 2009 2590 Sannyrion);
2029 2554 2097 2590 IX,
2115 2561 2155 2591 a,
2175 2555 2234 2591 833
2252 2554 2403 2584 victricae

1419 2598 1553 2638 quidem
1570 2597 1753 2635 comccdiae,
1771 2598 1869 2636 cujus
1889 2600 1957 2629 tres
1972 2607 2088 2629 versus
2105 2599 2238 2630 iambici
2262 2602 2402 2632 oetaeem

1422 2644 1594 2681 tulerunt,
1615 2644 1712 2673 Prol.
1736 2645 1809 2682 IX,
1838 2652 1879 2682 a,
1911 2647 2051 2682 25—325
2069 2645 2087 2675 b
2100 2669 2108 2683 ,
2125 2647 2270 2684 40—48‚·
2289 2647 2340 2685 X,
2358 2646 2398 2685 b,

1420 2693 1470 2720 80.

1378 2739 1527 2775 syayrzcs
1554 2736 1693 2775 (vitiose
1722 2735 1854 2766 (lictum
1881 2739 2051 2777 Salyrus)
2084 2737 2227 2776 insertor
2256 2741 2402 2771 cerlave'c

1419 2791 1495 2813 cum
1510 2785 1668 2820 Homero,
1690 2785 1771 2813 Ιίωι.
1787 2785 1864 2822 Arq.
1881 2785 1941 2814 JV.

1379 2830 1533 2868 Sybare'a
1566 2829 1846 2869 epiplzllteymala
1861 2852 1871 2868 ,
1898 2830 1994 2871 apud
2021 2831 2290 2871 Epicharmi-¹171,
2315 2833 2399 2863 Pac.

1420 2878 1491 2906 344.
2192 2906 2202 2912 c

1378 2921 1504 2961 snitu-is
1518 2946 1526 2959 ,
1554 2923 1647 2961 t'esp.
1681 2923 1767 2952 1435.
1799 2923 1934 2953 Colonia
1969 2923 2225 2954 Alhemcnsimn
2253 2923 2397 2963 Sybarin

1418 2969 1564 2999 (ledacla
1585 2971 1726 2999 ‹mccvi-e
1744 2970 1910 3009 compone
1938 2972 2032 3008 mle,
2054 2972 2126 3009 ipso
2142 2970 2298 3011 profecto
2320 2979 2399 3001 cum

1419 3023 1533 3046 norem
1548 3015 1626 3045 aliis
1640 3015 1911 3054 Atheniensibus,
1924 3020 1982 3048 Αυ.
1997 3021 2065 3048 521.
2077 3017 2196 3056 sybari
2206 3016 2398 3055 destructa,

1422 3061 1590 3092 leuricem
1608 3061 1651 3092 ibi
1669 3061 1841 3092 commum
1856 3086 1865 3101 ,
1884 3062 1971 3093 Ναί).
1990 3066 2063 3093 :³32-

1378 3108 1560 3147 Sybariticae
1574 3108 1688 3148 epulae,
1699 3108 1754 3146 fr.
1785 3111 1814 3138 3.
1833 3109 2021 3148 Sybariticoe
2044 3108 2173 3145 tabulae,
2199 3109 2397 3150 Συὸαριτικὸν

1419 3156 1535 3194 γέλοιον
1552 3165 1558 3184 :
1577 3157 1678 3186 eran!
1690 3156 1842 3195 polilicae
1858 3157 1891 3186 ec
1905 3155 2081 3186 homiuum
2104 3163 2157 3186 res
2176 3154 2396 3194 tractabant,

1419 3204 1458 3232 ut
1473 3204 1505 3232 ιή
1521 3203 1685 3242 AEsopa‘ce‘s
1694 3202 1809 3233 besliae
1822 3202 2037 3240 exhibentur,
2055 3204 2144 3241 Vesp.
2159 3201 2397 3239 1259,sc11.Av.

1420 3251 1490 3279 471.
1507 3249 1583 3287 Alii,
1602 3250 1638 3279 ut
1655 3249 1906 3279 itlnesimacltzzs
1920 3250 2080 3286 comicus,
2097 3248 2212 3279 breves
2222 3250 2255 3278 et
2267 3249 2395 3278 succin-

1420 3297 1493 3325 ctas
1508 3295 1658 3332 fabulas
1679 3296 1875 3336 Συὸαρίτιδας
1894 3297 2028 3333 vocant,
2040 3298 2099 3326 Αυ.
2117 3296 2186 3325 471.
2205 3296 2267 3332 (Ex
2286 3294 2335 3324 his
2352 3294 2395 3325 t‘a-

1421 3341 1503 3371 bulis
1526 3341 1712 3380 Sybariticis
1732 3341 1816 3372 haud
1843 3340 1938 3371 dubie
1966 3341 2034 3371 ha=c
2067 3340 2187 3379 petita:
2210 3340 2220 3377 )
2249 3339 2394 3378 sybarita

1420 3387 1550 3427 (puidam
1567 3388 1734 3426 imperitus
1753 3387 1796 3417 rei
1812 3387 1970 3426 equestris
1986 3386 2062 3426 quid
2077 3386 2116 3417 ab
2131 3386 2236 3416 amico
2258 3385 2395 3419 audierit
