2453 3808
881 149 1144 192 SCHOLIA

259 229 439 268 πεισθέντα
460 230 488 267 τ’
507 230 681 270 ἐπιθέσθαι
698 232 758 270 σὺν
779 234 939 274 ἱππεῦσίν
960 254 1046 285 τισι,

259 293 294 329 ἐν
307 294 356 344 τῷ
371 295 465 345 χορῷ
482 298 650 346 παροῦσι,
667 298 710 347 τῇ
723 299 790 334 τῶν
805 300 1022 350 πραγμάτιον

258 355 362 407 ἀρχῆ·
383 356 539 400 Κλέωνός
551 359 582 395 τ’
602 361 636 397 ἐν
653 359 748 413 μέσῳ
766 371 962 416 κατηγορεῖ.

254 419 389 471 ἐγένετο
403 422 506 459 τοῦτ’·
524 422 681 467 ἐξέπεσεν
702 427 720 462 ὁ
738 426 858 464 Κλέων
876 429 1075 479 παγκοίκως·

114 487 132 512 ⁵
254 484 272 519 ὁ
286 481 321 520 δὲ
341 484 557 538 σκατοφάγος
575 486 676 538 ἔτυχε
694 490 874 542 προεδρίας
895 493 1030 544 καλῆς.)

564 591 781 605 --οθςοῇ

335 656 596 702 SCHOLIA
631 660 695 703 IN
730 661 997 718 EQUITES.

200 755 260 807 (Ἡ
285 757 430 803 εἴσθεσις
448 764 510 799 τοῦ
534 762 701 815 παρόντος
723 765 897 816 δράματος
917 766 1062 810 εὐθὺςῗ
1030 783 1062 811 ,ς
1081 770 1186 817 οἶμοι-

145 814 255 852 6αίων
271 831 467 868 προσωπων
492 819 648 872 ἄργεται.
677 824 706 859 οἱ
730 821 765 860 δΞ
791 823 902 874 στί-[οι
923 825 1008 862 εἰσὶν
1028 825 1184 875 ἷαμέικοι

143 871 320 926 τρίμετροι
349 875 586 924 ἀκατάληκτοι
621 879 743 917 ἑκατὸν
772 897 974 925 ενενηκοντα
1008 899 1107 936 τρεις.
1136 889 1184 922 ὡν

142 931 336 976 τελευταῖος

91 1010 124 1035 10
331 1010 383 1040 καὶ
399 1010 547 1047 ποικίλως
560 1023 625 1048 πως
638 1014 690 1044 καὶ
704 1018 806 1055 σοφῶς
820 1016 990 1056 ᾐνιγμένος.

141 1070 217 1119 μεθ’
244 1070 300 1115 οὒς
327 1073 405 1110 καθ’
435 1074 610 1121 ὑποὸολὴν
637 1077 767 1124 ἐπικοὶ,
795 1081 953 1118 τουτέστι
981 1082 1181 1122 δακτυλικοὶ

139 1128 320 1182 ἑξάμετροι
343 1130 457 1171 πέντε.
482 1132 557 1179 ἑξῆς
581 1134 616 1172 33
650 1136 754 1173 πάλιν
786 1148 821 1174 εν
852 1138 997 1177 εἷσθέσει
1024 1141 1180 1191 ἷαμέικοὶ

138 1202 252 1236 ομοιοι
265 1188 314 1238 μ’.
332 1191 366 1227 ἐν
387 1190 553 1229 ἐκθέσει
534 1191 570 1230 οὲ
584 1192 713 1231 τούτων
735 1195 847 1247 στίχοι
865 1199 1045 1250 τροχαϊκοὶ
1062 1200 1180 1254 τετρά-

137 1260 257 1298 μετροι
272 1249 522 1294 καταληκτικοι
541 1250 653 1290 πέντε.
670 1256 718 1290 ὧν
733 1256 927 1300 τελευταιος

85 1330 117 1356 15
257 1327 323 1360 ἀλλ’
337 1328 455 1369 ἆμυνου
467 1332 519 1362 καὶ
533 1332 626 1364 δίωκε
640 1335 692 1365 καὶ
708 1336 823 1376 τροπην
836 1337 931 1369 αὐτοῦ
947 1342 1053 1371 ποιοῦ.

135 1396 192 1434 ἐπὶ
213 1400 289 1441 ταῖς
316 1399 503 1440 ἀποθέσεσι
525 1403 763 1458 παράγραφος.
791 1408 819 1445 ἐ
809 1407 848 1445 -τὶ
865 1408 901 1446 δε
925 1425 973 1447 τι)
1000 1410 1091 1448 τέλει
1115 1415 1176 1450 τοῦ

134 1455 331 1551 τελευταίου
349 1474 403 1496 στι
404 1475 470 1511 706
486 1462 638 1513 κορωνίς.
643 1464 653 1513 >

186 1514 508 1565 1.(Ἰατταταιὰξ·
499 1548 508 1557 .
530 1520 774 1593 Σχετλιασμὸν
796 1524 934 1570 δηλοῖα
913 1526 997 1564 αὐτό
1017 1542 1054 1565 τε
1075 1531 1176 1566 τοῦτο

131 1570 191 1608 καὶ
209 1571 249 1610 τὸ
269 1572 355 1620 ἑξῆς.
376 1574 465 1613 ἔοικε
482 1575 550 1614 33‘
537 1594 554 1615 ο
577 1580 788 1631 προλογίζων
811 1587 898 1620 εἶναι
918 1587 1170 1635 Δημοσθενηςζ
1157 1604 1174 1624 0

78 1644 114 1670 20
132 1630 324 1682 προκαμὼν
336 1634 371 1671 ἐν
384 1633 505 1687 Πύλῳ,
517 1634 603 1673 διὰ·
584 1652 694 1676 τουτο.
751 1638 897 1685 Ἄλλως.
911 1645 1173 1694 σχετλιαστικὸν

130 1687 170 1726 τὸ
189 1691 296 1741 ρῆμα.
313 1693 560 1746 παρεπιγραφη
577 1694 612 1733 33
629 1696 766 1746 λέγεται
779 1698 822 1736 τὰ
837 1705 992 1740 τοιαῦτα.
1008 1703 1099 1740 ἀλλὰ
1112 1705 1172 1742 καὶ

128 1745 258 1798 γίνεται
285 1754 353 1793 τοῖς
377 1750 567 1802 σχήμασιν.
593 1753 665 1792 ἔστι
695 1754 730 1794 33
751 1761 798 1800 εἷς
822 1760 890 1796 τῶν
912 1761 1170 1813 προειρημένων

128 1805 228 1853 δῆθεν
243 1808 383 1846 οἰκετῶν
398 1810 650 1864 ἀποδυρόμενος
664 1813 722 1852 τὸν
738 1814 862 1868 ἕτερον.
866 1818 876 1867 )

179 1867 484 1940 ’κΠαφλαγόναῖ
499 1870 581 1919 (Τὸν
594 1871 773 1910 Κλέωναε
756 1891 832 1918 ως3
815 1876 1000 1926 δημοτικὸν
1019 1878 1166 1927 οἷκετην.

74 1932 110 1960 25
126 1923 380 1976 Παφλαγόνα
361 1925 397 1963 03
417 1928 455 1964 οὐ
471 1944 521 1980 τῳ
540 1928 648 1980 γένει,
678 1933 755 1969 ἀλλ’
777 1934 896 1981 επειδη
919 1937 962 1972 ε’τ·
951 1935 1033 1988 ,οἷ’ρλ
1026 1940 1113 1982 αζεν
1133 1941 1167 1976 ἓν

125 1983 169 2032 τῇ
196 1983 375 2037 εκκλησία.
400 1985 567 2033 νεώνητον
594 1988 648 2035 δε,
676 2006 734 2028 τον
759 1993 880 2030 νεωστὶ
913 2010 1018 2032 κατα
1007 1995 1167 2040 ζιωθέντα

125 2041 186 2085 τῆς
200 2041 321 2114 ἀρχῆς.
325 2043 336 2092 )
370 2044 588 2096 Παφλαγόνα
606 2047 662 2085 τὸν
684 2050 868 2088 ΚλΞωνα
850 2051 905 2089 διὰ
922 2052 961 2090 τὸ
977 2070 1037 2101 της
1054 2059 1167 2108 φωνῆς

126 2098 260 2151 ἀπηχὲς
286 2100 356 2138 ἀπὸ
385 2106 447 2140 τοῦ
474 2105 707 2156 παφλάζειν
688 2107 880 2157 ωνόμασεν.
906 2110 990 2164 ἔφην
1000 2113 1088 2184 γὰρ
1113 2117 1165 2154 ὅτι

125 2155 250 2200 ξένος*
228 2174 275 2196 ων
295 2144 552 2201 ἐπολιτεύσατό.
570 2165 723 2209 ὀνειδίζει
740 2182 797 2204 ουν
815 2168 917 2206 αὐτον
935 2173 979 2214 ὡς
1000 2170 1088 2215 ξένον
1105 2190 1163 2212 και

70 2220 106 2247 30
124 2215 313 2268 βαρὸαρον.

173 2272 232 2311 τὸν
250 2275 444 2322 νειι’3νητον;
462 2278 534 2317 Τὸν
552 2280 675 2318 νεωστὶ
690 2283 711 2328 ἠ
715 2284 940 2335 Ινορασμένον.
963 2288 1037 2325 ἐπεὶ
1057 2289 1106 2339 μὴ
1124 2292 1162 2329 ἐκ

143 2329 237 2375 ένους
261 2336 303 2380 ἠν
329 2333 522 2382 Ἀθηναῖος,
552 2338 654 2387 (ἀλλὰ
684 2355 807 2378 νεωστι
828 2345 958 2412 προσελ
960 2346 1093 2390 ηλυθὼς
1117 2352 1159 2400 τῇ

119 2390 290 2443 πολιτείᾳ.
304 2393 463 2445 ἐμφαίνει
477 2394 512 2432 33
526 2395 581 2433 διὰ
595 2396 723 2435 τούτων
735 2415 785 2436 οτι
777 2401 798 2449 ι)
817 2416 876 2438 και
892 2405 959 2440 τῶν
974 2403 1158 2450 Ἀθηναίων

118 2447 353 2497 καθάπτεται,
368 2467 418 2489 οτι
436 2452 509 2491 δέον
523 2455 695 2493 πιστεύειν
712 2457 833 2502 αὐτοὺς
848 2465 917 2503 τοῖς
932 2463 1083 2511 γνησίοις
1099 2465 1158 2502 καὶ

67 2511 102 2539 ³5
119 2505 232 2544 πολλὰ
250 2507 313 2555 τὴν
341 2509 440 2548 πόλιν
467 2514 739 2565 εὖεργετηκόσιν,
761 2518 791 2554 οἱ
816 2516 851 2555 33
878 2521 1045 2568 μαλλον’
1030 2521 1156 2572 ετίμων

117 2561 175 2601 τὸν
194 2564 350 2606 Κλέωνα.
375 2568 578 2622 πεφύκαμεν
596 2571 662 2624 γὰρ
685 2574 745 2612 καὶ
764 2591 833 2612 των
855 2577 995 2615 οἰκετῶν
1023 2560 1155 2629 μαλλον

117 2621 289 2662 πιστεύειν
301 2626 371 2669 τοῖς
386 2627 473 2665 οἴκοι
490 2631 680 2679 γεννηθεῖσι
701 2632 774 2681 (καὶ
792 2641 969 2688 τραφεῖσιν
993 2636 1014 2683 ἢ
1039 2638 1094 2682 οὒς
1112 2639 1155 2677 ἂν

116 2678 323 2731 κτησώμεθα
339 2684 536 2737 πριάμενοι.
557 2687 739 2732 Ἄλλωςό
717 2706 768 2728 οτι
785 2693 907 2731 νεωστὶ
927 2696 970 2745 τῇ
988 2696 1028 2742 δη
1033 2712 1153 2748 μαγω-

116 2733 174 2788 γίᾳ
193 2741 378 2808 προσῆλθε.
398 2743 437 2781 τὸ
459 2745 495 2782 33
519 2745 613 2796 ἑξῆς,
633 2747 739 2785 κακὸν
761 2753 876 2794 κακῶς
899 2752 1104 2792 ἀπολέσειαν
1121 2758 1151 2794 οἷ

63 2797 99 2823 ⁴⁰
117 2793 184 2832 θεοι
199 2795 256 2833 τὸν
273 2800 488 2852 Παφλαγόνα
508 2803 565 2841 τὸν
584 2805 781 2859 νεώνητον.)

167 2866 195 2891 3.
233 2855 383 2903 (αὐταῖσι
411 2862 551 2911 βουλαῖς
589 2877 597 2902 :
633 2864 784 2903 Ἀττικον
818 2866 856 2904 τὸ
889 2870 1011 2919 σχῆμα
1043 2886 1101 2907 και
1128 2874 1148 2917 ἦ

116 2909 271 2956 σύνταξις
297 2929 354 2952 του
385 2917 505 2969 λόγου,
537 2922 583 2964 ὡς
607 2924 635 2960 εἰ
661 2922 835 2974 λέγοιμεν,
869 2927 983 2970 αὐτοις
1013 2927 1147 2976 οπλοις,

114 2969 229 3012 αὐτοῖς
244 2969 374 3016 ἵπποις.
393 2975 507 3015 λείπει
523 2978 559 3016 33
578 2983 600 3026 ἦ
620 2980 681 3018 σύν
698 2982 881 3034 πρόθεσις.)

167 3038 198 3066 4.
227 3028 471 3082 εἷσηρρησεν·
462 3064 471 3072 .
500 3035 591 3074 Ἀντὶ
618 3054 676 3076 του
709 3042 808 3086 εἷσῆλ
810 3044 877 3088 θεν,
907 3044 1145 3091 εἰσεπήδησεν.

62 3092 98 3120 ⁴5
115 3085 161 3127 ὥς
184 3085 242 3139 βία
265 3086 324 3124 καὶ
349 3089 494 3134 αναιδῶς
512 3094 616 3132 αὐτοῦ
641 3099 683 3146 τῆ
702 3099 859 3136 πολιτεία
884 3104 1015 3153 προσελ
1008 3103 1142 3146 θόντος.

115 3141 264 3191 (Ἀττικὴ
285 3145 354 3183 33‘
336 3160 358 3192 η
373 3146 472 3191 λέξις.
488 3165 522 3186 εν
543 3152 640 3195 ἐνίοις
664 3154 699 3192 33
721 3158 940 3210 ἀντιγράφοις
964 3160 1142 3217 εἷσέρρησε

113 3200 298 3253 γράφεται,
316 3205 486 3251 δηλούσης
502 3210 563 3253 τῆς
583 3209 705 3255 λέξεως
724 3213 762 3251 τὸ
781 3216 1013 3268 ἐπεπηδησεν,
1036 3199 1085 3256 έτι
1107 3219 1142 3257 33

110 3257 170 3295 καὶ
184 3258 223 3297 τὸ
239 3260 326 3310 μετὰ
346 3265 471 3315 φθορᾶς
490 3266 662 3306 εἰσελθεῖν.
679 3292 731 3299 -
748 3270 890 3317 Ἄλλως.
912 3291 978 3324 μετ
981 3292 1001 3312 α
1020 3280 1143 3329 ρθορας

110 3318 327 3369 παρεγένετο.
344 3321 403 3371 V.)

207 3386 339 3414 senon*
359 3391 592 3420 AmsropnAxcs.

1183 156 1244 194 m
1279 158 1556 206 EQUITES.
2237 188 2282 221 33

1302 260 1329 283 5.
1367 248 1518 298 πληγαῖς
1543 263 1552 288 :
1579 249 1692 303 ὖῧρεις
1726 253 1785 290 καὶ
1812 256 1904 293 κακὰ
1938 272 2142 311 πραγματα.
2175 266 2266 313 (τὸ
2248 268 2282 304 οὲ

1248 305 1493 374 πρρστρίοεται
1526 308 1601 345 ἅιτι
1626 313 1697 360 τοῦ)
1721 315 1971 360 κατασκευάζει
1996 318 2055 355 καὶ
2081 329 2283 372 μηγαναται

1248 362 1307 398 καὶ
1326 368 1575 415 προσποιεῖται.
1597 375 1634 405 Β.
1648 381 1685 406 V.

1299 434 1326 457 c..
1357 424 1491 473 πρῶτος
1518 425 1757 497 Παφλαγόνων
1788 442 1796 467 :
1830 429 1887 473 Ὡς
1916 447 2054 473 παντων
2086 437 2149 486 μὲν
2173 439 2282 479 ὄντων

1250 500 1269 512 J
1246 491 1416 529 οπνηρων,
1435 479 1614 533 εξαιρετως
1631 483 1666 521 33
1687 489 1746 523 τοῧ
1765 487 1934 533 Κλέωνος.
2300 515 2316 539 5

1298 548 1324 572 7.
1356 538 1494 575 αυταῖσι
1512 540 1715 585 διαοολαῖςε
1733 543 1760 593 (
1763 547 1894 594 Ομοιον
1908 549 1967 586 καὶ
1986 555 2085 590 τοῦτο
2102 569 2140 592 το
2158 559 2279 608 σχῆμα

1244 609 1292 630 τιι)
1313 595 1451 633 αὐταῖσι
1474 599 1624 647 βουλαῖς.
1646 616 1746 640 τουτο
1766 603 1801 640 δὲ
1819 609 1876 641 εἰτ’
1865 609 1965 655 εν,)ε
1953 610 2010 645 ’π-
1998 610 2025 647 εὶ
2044 612 2241 652 διαέοίλλων
2262 619 2280 654 ὁ

1246 651 1367 689 Κλέων
1398 669 1475 696 τους
1500 655 1623 699 αλλους
1649 662 1862 710 στρατηγοὺς
1888 679 1947 701 και
1975 671 2200 722 προσκρούων
2229 676 2279 726 τῷ

1243 709 1344 761 δημι)
1362 712 1407 754 εἷς
1424 713 1543 750 ἑαυτὸν
1567 714 1655 764 βλέτ·
1645 731 1704 753 ,ειν
1723 733 1798 761 τους
1820 720 2090 767 Ἀθηναίουςέπ
2078 728 2184 774 οίησε.

1294 781 1320 805 8.
1351 769 1541 820 πρόσελθ’;
1534 774 1882 827 -ιησιαν-οι,-ιγ3ς
1899 781 1985 818 3J03'.
2003 790 2039 819 R.
2300 803 2330 827 ιιι

1293 839 1319 862 9.
1342 824 1523 868 ξυναυλίαν
1543 843 1551 867 ;
1572 832 1763 878 (Ξυναυλία
1781 836 1938 874 καλεῖται
1955 838 2069 876 ὅταν
2051 842 2110 880 060
2128 846 2274 891 αὐληταὶ

1239 881 1277 919 τὸ
1295 884 1378 921 αυτὸ
1395 884 1551 936 λεγωσιν.
1569 891 1586 925 ὃ
1603 888 1638 926 δὲ
1655 887 1838 941 Ὄλυμπος
1855 897 2018 944 μουσικὸς
2035 915 2088 946 ην,
2108 903 2276 954 Μαρσύου

1240 942 1408 989 μαθητης.
1438 943 1565 997 {spab3
1596 947 1631 984 33
1661 950 1867 995 αυλητικους
1895 955 1953 991 καὶ
1983 930 2205 1008 θρηνητικους
2229 964 2278 1001 νο·’

1238 1014 1333 1047 μους.
1391 1000 1533 1046 Αλλως
1557 1004 1718 1048 ξυναυλία
1738 1007 1875 1059 λέγεται
1893 1027 1974 1049 οταν
1991 995 2115 1068 κιθαρα
2132 1034 2192 1056 και
2212 1023 2276 1058 αὐ-

1237 1056 1294 1100 λος
1319 1063 1501 1111 συμῡωνῆ.
1526 1062 1623 1112 νόμοι
1649 1063 1684 1101 δὲ
1710 1068 1896 1106 καλουνται
1922 1073 1952 1108 οἱ
1979 1073 2024 1115 εἷς
2049 1074 2175 1119 θεοὺς
2166 1077 2276 1126 υμνοι.
2300 1091 2330 1116 15

1236 1113 1418 1167 Ὄλυμπος
1438 1118 1473 1156 3:
1492 1122 1648 1170 μαθητης
1664 1122 1781 1174 γέγονε
1801 1128 1968 1179 Μαρσύου
1990 1146 2032 1168 πε
2018 1132 2069 1183 ερὶ
2087 1133 2149 1180 τὴν
2170 1138 2276 1183 αὐλη-

1235 1174 1333 1220 τικῆν
1362 1176 1517 1228 ἄρισ-ος,
1542 1180 1602 1217 καὶ
1632 1182 1734 1224 αὐτὸς
1759 1184 1979 1237 δυστυχησας
2007 1189 2063 1227 δια
2093 1196 2274 1241 μουσικην.

1234 1232 1391 1286 καθαπερ
1417 1238 1474 1272 οὐν
1497 1235 1678 1287 Ὄλυμπος
1705 1244 1783 1292 εὑρε
1808 1242 1847 1280 τὸ
1873 1247 2066 1294 συναυλεῖν,
2092 1251 2150 1288 καὶ
2176 1255 2276 1302 ημεῖς

1233 1289 1336 1339 ὅμοια
1353 1292 1411 1330 καὶ
1429 1292 1547 1347 ὥσπερ
1565 1296 1634 1334 ἀπο
1647 1313 1728 1347 μιας
1745 1304 1858 1350 φωνῆς
1871 1303 1908 1339 ὀο
1894 1303 2085 1356 δυρώμεθα.
2090 1310 2099 1358 )
2116 1313 2275 1359 μιμησώ·

1234 1352 1320 1397 μεθα
1337 1354 1394 1387 οὖν
1411 1353 1444 1389 ἐν
1460 1368 1508 1390 τω
1526 1332 1660 1406 θρηνειν
1677 1372 1739 1403 την
1754 1359 1938 1398 συναυλίαν
1953 1361 2137 1415 Ὀλύμπου
2153 1369 2212 1407 καὶ
2229 1373 2274 1415 ὡς
2294 1386 2328 1410 20

1232 1407 1301 1444 ἀπὸ
1327 1415 1407 1457 μιᾶς
1433 1425 1546 1462 ’ρωνης
1570 1415 1606 1450 ὀο
1594 1412 1782 1467 υρώμεθα.
1809 1424 1847 1454 Β.
1883 1421 2072 1461 κοινωνίαν.
2099 1427 2273 1467 τουτέστιν

1249 1465 1502 1518 ἄποδυρώμεθα
1519 1469 1637 1519 ὁμόσε.
1658 1480 1698 1509 V.

1285 1536 1330 1562 10.
1367 1524 1412 1574 μὺ
1445 1542 1490 1574 μυ
1519 1541 1528 1566 :
1561 1529 1836 1584 (Ὁμορωνουσιν
1871 1535 2060 1591 ἀμφότεροι
2094 1541 2268 1591 μύζοντες.

1229 1584 1328 1620 τοῦτο
1348 1582 1383 1620 33
1402 1600 1446 1627 ως
1469 1588 1683 1637 θρηνητικόν.
1710 1589 1784 1627 ἔστι
1811 1590 1847 1629 33
1871 1593 2038 1644 ἴαμὸος”
2017 1613 2108 1649 370JJJ
2136 1601 2175 1639 τὸ
2204 1603 2267 1649 μὲν

1228 1655 1364 1692 πρωτον
1392 1643 1524 1695 βραχὺ,
1549 1646 1589 1683 τὸ
1614 1645 1691 1684 33
1673 1646 1828 1701 οεύτερον
1856 1653 2017 1706 μακρόν.)
2039 1658 2086 1700 ὡς
2105 1662 2267 1711 θρηνοῢν-
2288 1684 2320 1707 2⁵

1227 1714 1294 1742 τες.
1316 1706 1353 1737 Β.

1281 1771 1325 1797 11.
1355 1759 1390 1797 τί
1415 1760 1663 1812 κινυρόμεθα·
1655 1795 1663 1802 .
1695 1765 1742 1803 Τί
1767 1767 1960 1818 δακρύομεν
1987 1771 2047 1809 καὶ
2075 1774 2267 1828 ὀδυρόμεθα

1226 1817 1272 1859 εἷς
1290 1816 1386 1854 κενὸν
1405 1818 1464 1856 καὶ
1485 1820 1640 1874 ἀνωρελέ
1626 1838 1673 1869 -ς;
1693 1847 1744 1851 -
1757 1824 1792 1861 τί
1810 1826 2032 1879 xtJ696630’:
2052 1833 2265 1885 Δακρύομεν,

1225 1876 1426 1930 θρηνουμεν,
1437 1878 1641 1930 ὀδυρόμεθα.
1663 1887 1743 1918 ῐὶεί.
1763 1884 1952 1934 θρηνοῦμεν
1975 1889 2142 1936 ματαίως.
2173 1900 2206 1929 V.
2231 1901 2263 1931 C.

1276 1934 1336 1970 οὐκ
1361 1935 1467 2004 ἐχρῆν
1492 1938 1604 1982 ζητεῖν
1627 1953 1703 1976 τινα
1736 1953 1745 1978 :
1779 1941 1917 1992 (Ημεῖς
1945 1944 1981 1981 δΞ
2007 1947 2265 1999 ἀπαλλαγέ·εςιτ
2284 1972 2317 1996 30

1221 1992 1288 2027 τῶν
1308 1991 1490 2045 δακρύων
1486 1996 1586 2032 Βουλε
1589 1995 1751 2034 υσώμεθα
1768 1999 1843 2036 τίνα
1864 2001 1990 2053 τρόπον
2008 2005 2264 2057 ἀπαλλαγησό-

1222 2051 1309 2097 μεθα
1329 2066 1396 2087 των
1415 2067 1474 2088 του
1498 2053 1573 2091 Κλ
1558 2069 1658 2097 εωνος
1683 2071 1813 2095 κακων.
1818 2059 1828 2107 )
1851 2059 1951 2102 αὐτὸς
1972 2077 2065 2113 γαρ
2060 2063 2164 2103 μελλε
2151 2081 2179 2103 -ι
2199 2067 2261 2114 τὴν

1219 2110 1280 2144 τοῦ
1301 2109 1494 2160 ἀποδραναι
1514 2110 1655 2161 γνώμην
1680 2115 1797 2165 εἷσηιε
1797 2117 1906 2155 ἴσθαι
1925 2118 2097 2170 [ζητεῖν
2079 2121 2133 2169 03,
2155 2126 2262 2163 πολυ-

1219 2180 1308 2216 πρα
1294 2168 1432 2216 ιμονεῒν
1449 2183 1509 2205 και
1529 2170 1700 2222 σκοπεῖν]

1273 2237 1316 2261 13.
1366 2224 1414 2267 τίς
1442 2241 1500 2263 ουν
1525 2226 1646 2277 γένοιτ’
1668 2228 1709 2265 ἂν
1737 2230 1816 2281 λέγε
1836 2230 1877 2269 σύ
1902 2263 1910 2270 .
1902 2233 2006 2276 ’Τίς
2031 2239 2089 2273 οὖν
2118 2239 2257 2291 ἀφορμὴ
2277 2260 2311 2285 35

1484 2300 1537 2321 συ.
1567 2301 1653 2337 προς
1679 2302 1741 2333 την
1768 2289 1981 2341 ἐπερώτησιν
2010 2297 2070 2331 τοῦ
2095 2295 2211 2348 ἐτέρου
2239 2302 2257 2337 ὃ

1216 2338 1329 2392 ε’τερος
1354 2340 1457 2378 πάλιν
1486 2343 1707 2395 ἀπεκρίνατο.
1739 2347 1898 2398 ἑκάτερος
1929 2349 1965 2387 3:
1999 2353 2203 2397 εὐλαοως”
2184 2372 2256 2407 εγει

1214 2401 1275 2435 τοῦ
1299 2401 1420 2446 εἷπειν,
1442 2400 1563 2439 διὰτὸ
1582 2402 1761 2454 φορεῖσθαι
1786 2406 1864 2451 δηθε
1869 2422 1884 2443 ν
1910 2407 1967 2445 τὸν
1990 2409 2154 2458 Κλέωνα,
2179 2416 2256 2453 καθ’

1214 2459 1253 2492 οὑ
1281 2471 1507 2496 συνταττουσι
1533 2476 1595 2505 την
1623 2461 1822 2508 ἐπιδουληκι
1847 2465 1963 2516 φιλονε
1967 2482 2094 2506 ικουσιν
2121 2474 2178 2508 οὖν
2205 2473 2257 2516 τίς

1211 2529 1347 2566 πρωτος
1363 2515 1455 2566 εἴτ-ν,-
1460 2516 1477 2568 Ξ
2273 2554 2306 2579 40

1644 2577 1734 2616 Ἀντὶ
1756 2583 1815 2617 το3
1839 2597 1879 2619 συ
1903 2584 1976 2621 εἷπ·
1949 2608 1994 2631 .3,
2021 2601 2074 2623 ινα
2101 2588 2253 2634 εἰπόντος

2232 2648 2242 2664 Χ

1210 2646 1290 2678 σου,
1311 2631 1360 2682 μὴ
1390 2633 1553 2678 ἀντιλέξω
1574 2636 1662 2685 μηδὲ
1693 2638 1912 2690 μαγησωμαί
1931 2657 1996 2681 σοι.
2023 2643 2181 2693 ἢ(οῧτως·
2209 2664 2250 2686 συ

1209 2689 1248 2727 λε’
1249 2706 1300 2740 γε,
1306 2690 1351 2745 )²‘
1337 2707 1389 2729 ινα
1407 2692 1454 2742 μη
1468 2693 1554 2731 εἴπω
1564 2697 1716 2747 πρῶτος,
1734 2713 1792 2735 και
1810 2703 1975 2751 φθονῶν
1956 2704 2134 2756 αντείπης,
2153 2707 2250 2757 καγώ

1216 2280 1346 2351 γένοιτο
1374 2282 1525 2333 λέγεσυ

1265 2589 1306 2611 66
1334 2590 1376 2624 με
1379 2591 1396 2611 ν
1423 2579 1480 2612 Οὖν
1505 2576 1584 2627 13'73

1208 2764 1261 2786 σοι
1279 2765 1473 2801 μαγωμαι.

1262 2821 1304 2846 16.
1337 2809 1367 2845 δι’
1372 2809 1414 2858 μὲ
1437 2809 1505 2862 χρὴ
1531 2810 1640 2861 λέγειν
1663 2827 1672 2851 ;
1692 2812 1835 2851 Ἅτινα
1829 2831 1871 2864 με
1887 2817 1975 2868 χρη,
1993 2834 2075 2866 οτσ·
2078 2836 2107 2866 ι,
2127 2823 2245 2869 εἰπεῖν,
2265 2843 2298 2868 45

1223 2864 1274 2902 ἴθε
1297 2866 1385 2913 (περι
1399 2866 1585 2918 τούτων)
1563 2885 1696 2914 ηκουσα
1716 2887 1847 2923 παρα
1831 2888 1891 2910 σου
1897 2875 2113 2946 ¹‘J3763JJtoJJn
2133 2880 2248 2928 (τουτο

1263 2917 1338 2960 εἷπε
1364 2923 1420 2960 δια
1445 2924 1483 2962 τὸ
1510 2926 1687 2972 φοοεῖσθαι
1708 2928 1768 2965 λεν
1755 2944 1831 2978 [ειν.
1838 2932 1847 2973 J
1872 2930 1963 2968 ,ἐστι
1984 2932 2019 2969 33
2040 2934 2135 2988 παρα
2154 2936 2193 2974 τὸ
2212 2940 2246 2975 ἐν

1263 2981 1351 3018 ·.06J
1334 2998 1404 3019 υτι)
1422 2984 1609 3035 Εὐριπίδου
1629 2986 1744 3037 [345]
1732 3003 1798 3025 υπο
1816 3005 1877 3034 της
1894 2990 2082 3044 Φαίδρας
2072 3010 2156 3047 προς
2179 2995 2241 3043 τὴν

1289 3039 1316 3076 ὸ
1309 3041 1466 3092 ιεῖρηυιε
1470 3057 1524 3079 νον
1540 3043 1647 3087 ου’τως
1668 3046 1957 3098 ἀποκρινομένην.

1283 3106 1319 3136 Οὐ
1334 3117 1437 3145 μΖΨἾζ
1454 3118 1478 3138 Ξῑ
1482 3109 1514 3147 μὶ
1528 3109 1644 3149 ΐᾶαανῆ
1658 3115 1772 3151 γνῶναι
1790 3118 1905 3154 σῙ-ιῶζ-
1910 3106 1928 3159 3
2257 3147 2290 3170 50

1255 3176 1297 3202 17.
1330 3165 1404 3201 ἀλλ’
1423 3176 1485 3203 ουκ
1506 3183 1553 3204 ενι
1575 3184 1634 3218 μοι
1656 3169 1693 3207 τὸ
1713 3170 1860 3223 θρέττε.
1853 3186 1860 3193 ·
1883 3173 1971 3211 Ἀντὶ
1991 3191 2069 3223 του,
2089 3193 2128 3215 το
2154 3181 2235 3230 θαρ-

1201 3222 1279 3272 ραλ
1269 3220 1333 3259 Ξον.
1354 3223 1444 3260 0633
1462 3224 1499 3261 τὸ
1513 3241 1617 3277 τυγον
1635 3227 1726 3278 ἔγω,
1748 3230 1832 3281 ’.οησὶ
1844 3261 1853 3277 ,
1867 3232 1943 3284 περὶ
1965 3233 2094 3272 τούτων
2113 3238 2169 3273 εἷ.-
2160 3239 2231 3275 ,εἷ”.ι

1198 3259 1349 3330 θρέττε
1333 3279 1366 3317 3Ξ
1384 3281 1609 3335 βαροαριστι,
1628 3285 1702 3323 ἀντὶ
1719 3291 1777 3324 το3
1796 3291 1943 3341 θαρρεῖν
1961 3291 2056 3343 παρα
2072 3308 2110 3329 το
2126 3293 2231 3344 θρασυ

1197 3336 1256 3373 καὶ
1276 3339 1441 3390 ἀνδρεῖον.
1463 3342 1525 3378 067.
1546 3341 1638 3380 ἔστιν
1657 3359 1714 3381 ο3ν
1741 3347 1849 3383 εἰπειν
1870 3346 1888 3384 3
1909 3364 1949 3385 συ
1971 3349 2100 3400 διανοῆ.
2127 3351 2230 3401 τ’,ριήι

2081 3428 2096 3452 3
