2517 3792
1072 183 1414 223 LYSISTRATAE.

188 271 451 323 εἶσηγαγόμενοι
475 274 557 308 Bar.
578 269 741 322 βέλτιστα
762 283 835 306 om.
867 271 978 307 ctiam
1002 273 1082 307 Pnt.
1103 293 1154 298 —
1176 273 1195 307 3

188 334 230 376 τῆ
254 329 351 367 πόλει
377 330 478 377 Put.‚
506 338 617 366 recte.
645 327 735 365 κατὰ
751 327 813 373 τὴν
835 332 880 365 K.
916 332 959 366 L.
974 351 1026 356 -—
1046 330 1197 368 Scholia

190 389 360 434 422-437
380 400 453 424 0111.
473 391 557 426 Bar.

243 451 315 488 422
336 443 468 487 δέοντος
481 475 490 492 ,
508 444 608 496 χρεία
625 444 721 486 ὄντος
738 447 833 489 Put.‚
854 445 918 494 qui
936 445 981 482 ad
1001 459 1033 482 v.
1051 451 1123 489 424
1147 447 1199 483 οὗ-

188 502 288 552 δεμία
308 502 420 553 χρεία.

242 563 316 603 426
337 561 474 599 lemma
494 561 527 598 τί
560 560 710 612 κέχηνας
739 561 853 598 habet
880 565 960 599 Put.
981 571 1017 599 et
1047 562 1138 611 λέγει
1161 563 1199 599 111

188 617 260 654 fine
281 619 402 667 ponit.

242 680 313 721 427
337 675 425 713 Ἀντὶ
444 679 504 713 τοῦ
527 678 572 718 ὡς
590 693 626 726 μ.
647 680 693 714 R.
706 681 837 714 ..Put.
859 677 905 713 ad
924 690 960 712 v.
979 683 1052 725 429
1070 676 1201 714 ἐνθένδε

188 731 221 768 δ’
238 731 326 782 ἐγὼ,
346 735 381 771 ἐν
399 734 499 784 ἄλλῃ.

243 792 332 840 439,
356 806 398 828 12
418 792 474 829 καὶ
492 790 682 844 Ἄγραυλος
698 791 920 828 Brunckins.
945 789 980 826 δὲ
994 794 1014 835 ἡ
1032 789 1099 827 Ἀθ.
1117 792 1200 826 Put.

245 851 331 893 443.
351 853 433 887 Hoc
458 851 630 887 scholion
650 864 734 886 cum
763 849 1022 885 additamento
1048 851 1202 884 Raven—

189 907 289 944 natis
310 911 393 944 Put.
416 907 529 944 habet
549 908 595 944 ad
621 921 657 943 v.
687 913 757 953 447
774 936 783 953 ,
804 905 844 950 νὴ
875 906 936 949 τὴν
964 903 1176 956 ταυρόπολον
1191 933 1202 951 ,

187 974 227 1001 ct
247 966 365 1003 schol.
389 972 460 1011 447
481 966 632 1002 omittit.

245 1030 333 1070 444,
357 1025 398 1060 18
415 1025 566 1074 προσθῇς
582 1028 654 1064 ταῖς
674 1025 720 1059 R.
743 1025 826 1058 Pnt.
849 1029 885 1057 et
904 1020 1036 1057 Suidas
1058 1034 1086 1056 5.
1110 1019 1205 1057 Κύα-

188 1083 259 1123 θος.
281 1081 478 1133 προσθήσῃς
500 1086 568 1122 τοῖς
598 1084 642 1116 R.
670 1084 714 1117 In
741 1083 823 1116 Put.
853 1093 937 1115 cum
958 1079 1103 1115 lacunis
1130 1085 1206 1120 ταῖς

197 1167 208 1175 .
226 1168 235 1177 .
251 1167 261 1175 .
279 1139 434 1189 ,μίζουσι
454 1138 520 1191 γὰρ
540 1137 683 1176 κύαθον.
701 1169 710 1176 .
728 1166 737 1175 ,
755 1139 923 1175 ,κολλῶσι
935 1167 943 1175 .
960 1168 969 1176 .
987 1167 995 1173 .
1015 1166 1022 1173 .
1040 1137 1206 1189 θεραπεύ-

188 1211 276 1233 εται.
291 1219 341 1225 -
358 1211 401 1234 21
425 1196 680 1247 ὓπωπιοισθήσῃ
699 1196 757 1233 καὶ
777 1195 934 1249 τυφθήσῃ
952 1196 1098 1234 Suidas.

245 1260 334 1301 447,
356 1262 403 1299 24
424 1254 497 1292 ἔστι
514 1255 570 1292 καὶ
586 1253 640 1291 ὅτε
661 1254 723 1300 τὴν
741 1259 785 1292 R.
805 1283 854 1287 —
872 1256 920 1291 25
939 1254 1206 1304 intelligendus

189 1320 248 1349 est
261 1314 504 1350 Xenomedes
524 1314 639 1351 Chius
661 1314 867 1351 historicus
887 1327 906 1350 a
924 1314 1110 1362 Dionysio
1132 1327 1207 1350 me-

190 1379 361 1408 moratus
382 1373 456 1408 vol.
490 1373 536 1418 6,
554 1386 590 1421 p.
625 1374 699 1409 818
724 1373 851 1409 Reisk.
878 1372 968 1421 Ejus
994 1385 1133 1409 nomen
1165 1372 1205 1408 iu

190 1429 377 1479 Ξενομήδη
390 1440 613 1481 corruptum
635 1432 674 1468 in
696 1432 840 1469 scholio
863 1433 1005 1468 Victor.
1026 1432 1072 1468 ad
1092 1434 1204 1468 Hom.

190 1486 234 1524 li.
250 1488 300 1533 Π,
329 1490 418 1525 328.
438 1488 626 1538 Ἐνομίδης
643 1492 659 1526 ὁ
680 1488 722 1525 τὰ
743 1492 816 1525 θεῖα
836 1489 970 1541 γράψας
996 1490 1137 1526 citatur
1157 1488 1205 1525 ab

192 1547 319 1594 Etym.
335 1550 388 1582 M.
410 1559 447 1596 p.
471 1548 559 1592 445,
582 1548 617 1592 8,
643 1547 708 1584 ubi
729 1547 850 1584 codex
869 1548 986 1585 Paris.
1015 1546 1206 1596 ἐνομήδης,

190 1601 231 1638 id
250 1610 306 1639 est
323 1602 538 1652 Ξενομήδης.
555 1606 675 1640 Dn’n.

247 1660 338 1709 448,
359 1673 404 1706 27
427 1661 598 1705 στενάζεις
614 1663 662 1699 K.

247 1717 349 1765 453,
378 1719 422 1754 31
451 1718 480 1755 δ’
503 1723 545 1755 R.
579 1732 655 1756 om.
677 1721 814 1766 ceteri,
843 1722 959 1757 etiam
988 1722 1207 1759 Put.-32

190 1774 386 1826 ὑπάρχουσι
405 1774 427 1821 ὴ
444 1776 473 1827 (Ξ)
490 1776 625 1813 ductus
646 1777 847 1828 obscurus)
873 1778 972 1829 λόχοι
997 1783 1082 1817 Put.
1097 1805 1140 1810 —
1161 1780 1208 1816 36

191 1830 220 1870 ε’
233 1836 274 1869 L.
298 1837 382 1871 Bar.
399 1836 433 1878 ς’
457 1838 502 1872 K.
518 1834 628 1877 πλόας
646 1839 688 1873 L.
705 1861 745 1868 —
763 1838 808 1883 37
825 1838 878 1874 sic
895 1841 938 1874 L.
960 1841 1041 1874 Bar.
1064 1837 1209 1875 Μεσοοί-

190 1906 255 1940 γης
273 1895 323 1928 Κ.
346 1892 530 1938 Μεσοάτης
545 1897 592 1931 0.
615 1895 764 1933 Msiller.
782 1898 876 1932 Dor.
898 1896 973 1932 vol.
997 1909 1032 1941 2,
1053 1909 1090 1946 p.
1117 1898 1204 1933 238.

190 1949 300 1986 Conf.
320 1949 440 1986 schol.
464 1951 636 2000 Thucyd.
666 1958 706 1998 4,
728 1953 770 1999 8,
791 1954 812 2001 §
834 1968 870 2001 9.
889 1978 929 1983 —
948 1956 995 1990 38
1025 1956 1208 2005 νικηριτῶν

194 2009 237 2042 L.
253 2010 460 2059 νικηριστῶν
474 2012 560 2045 Bar.
579 2010 715 2047 Scribe
727 2012 906 2063 221.tath
918 2026 965 2048 ex
977 2013 1208 2061 Thucydide.

195 2065 292 2102 Vide
310 2067 531 2104 Valckenar.
563 2069 611 2104 ad
641 2070 828 2106 Herodot.
856 2085 898 2120 9,
917 2071 983 2116 53,
1003 2075 1050 2110 Ο.
1072 2073 1209 2109 Mtille-

193 2137 279 2160 rum
298 2127 390 2163 Dor.
409 2126 486 2162 vol.
514 2139 549 2171 2,
566 2139 606 2175 p.
630 2128 715 2164 233.
734 2131 852 2165 Disn.

250 2182 338 2228 457,
358 2182 407 2230 39
427 2182 499 2220 Ὠὰ
520 2185 696 2221 πωλοῧσαι
720 2189 768 2222 K.
784 2210 822 2216 —
844 2192 892 2229 4ο
908 2187 1041 2241 ὅσπρεα
1057 2191 1102 2224 R.

249 2240 337 2282 460.
363 2242 534 2278 Pertinet
562 2242 611 2278 ad
630 2256 781 2279 versum
813 2245 883 2287 461
900 2275 909 2292 ‚
939 2246 986 2296 μὴ
1017 2245 1210 2284 σκυλεύετε.

194 2306 280 2339 Put.
295 2303 342 2339 ad
361 2317 395 2343 V.
411 2305 486 2353 459
507 2296 573 2355 γ-ρ’.
596 2307 657 2342 οὐκ
678 2307 758 2356 (sic)
783 2306 894 2351 ἕλξετε
908 2339 917 2356 ,
934 2307 952 2346 ὃ
968 2309 1026 2346 καὶ
1046 2315 1210 2361 κρεῖττον.

196 2361 306 2397 Multi
323 2361 422 2398 enim
448 2375 535 2398 cum
551 2367 642 2400 Rav.
662 2366 723 2401 οὐκ
744 2364 903 2408 ἐξέλκετ’.

252 2423 355 2465 472,
380 2419 427 2456 50
451 2433 504 2469 sq.
523 2424 567 2457 R.
597 2430 633 2458 et
651 2425 738 2458 Put.
769 2422 851 2461 Ὅτι
877 2418 965 2461 οἶδεν
994 2418 1093 2469 (εἶδεν
1123 2429 1206 2462 Put.

195 2478 278 2513 Ser.
315 2476 413 2527 οἰδεῖ)
449 2476 492 2514 τὰ
531 2478 610 2531 περὶ
646 2482 714 2517 τῶν
751 2482 938 2531 ὀφθαλμῶν
982 2482 1070 2535 μέρη
1098 2485 1210 2520 κοῖλα.

198 2555 246 2562 -
267 2533 316 2570 52
333 2535 473 2572 κοιλοιδ.
490 2540 574 2573 Put.
598 2538 862 2582 κυλοιδιόωντας
882 2544 930 2577 K.

253 2598 327 2639 474
345 2597 429 2632 Put.
450 2592 554 2643 ἤγουν
574 2593 662 2642 μηδὲ
681 2596 720 2633 τὸ
739 2597 842 2647 τυχὸν
863 2602 1023 2636 ποιοῦσα.

252 2651 326 2697 475
347 2651 548 2688 delendum
564 2653 713 2691 lemma.
731 2658 848 2692 Recte
862 2660 948 2693 Put.
968 2656 1121 2703 κινήσει,
1135 2658 1211 2710 ἐρε-

199 2708 297 2746 θίσει.
319 2708 388 2746 ἀπὸ
406 2711 474 2745 τῶν
495 2711 574 2760 μελ.
600 2726 677 2760 μετ.
709 2713 857 2763 βλίττειν
889 2715 1019 2764 (ceteri
1038 2716 1210 2765 βλήττειν)

199 2764 412 2817 γὰρ-μέλι.

255 2830 344 2870 477,
366 2824 387 2860 3
407 2823 474 2860 ἅλα
490 2840 555 2863 κιν.
573 2828 631 2863 καὶ
651 2842 797 2880 καταχρ.
815 2828 905 2878 ςὈμ.
926 2834 996 2880 R.,
1015 2844 1061 2868 ex
1085 2845 1162 2880 quo
1186 2831 1206 2867 5

201 2876 275 2916 ὅττι
297 2879 401 2916 δίοιτο
432 2881 614 2919 additum.
631 2883 670 2920 τὸ
688 2891 848 2937 χερσαῖον
877 2886 970 2936 λέγει
995 2890 1211 2938 parenthesi

203 2938 346 2974 inclusa
365 2938 561 2976 addiderat
577 2944 644 2985 K.‚
668 2956 752 2990 quae
771 2957 847 2980 non
870 2953 956 2993 sunt
978 2946 1017 2982 in
1033 2949 1076 2982 L.

259 2998 334 3040 482
364 2995 454 3033 'Am-¹2
486 3001 546 3035 τοῦ
574 3000 633 3036 καὶ
665 3001 722 3038 ἐπὶ
760 3003 911 3050 τούτοις,
942 3004 994 3041 ὅτι
1021 3004 1144 3043 {hem
1172 3006 1211 3043 τὸ

204 3054 292 3106 ἱερὸν
308 3054 446 3104 τέμενος
459 3059 544 3094 Put.
563 3059 624 3107 (ad
640 3059 692 3111 ἐφ’
706 3061 792 3110 ὅτι).

237 3114 346 3167 υ483,
365 3114 388 3149 6
408 3112 446 3153 τὸ
465 3127 512 3150 ex
531 3119 613 3153 Put.
634 3117 815 3156 additum.

258 3172 332 3214 484
354 3171 407 3208 sic
430 3173 664 3210 Dindorfius.
682 3179 728 3212 R.
753 3177 998 3215 ἀντισπατικὸν
1021 3180 1086 3231 γὰρ
1109 3181 1147 3218 τὸ
1174 3198 1208 3230 μ.

204 3232 289 3266 Put.
308 3228 383 3265 ἀντὶ
402 3230 565 3267 πεστικὸν
591 3232 684 3281 (sic).
705 3235 838 3271 Glossa
859 3236 897 3271 in
921 3239 964 3272 L.
987 3238 1209 3276 ἀντι-παιστι-

204 3284 274 3326 κός.
295 3288 345 3322 K.
365 3286 620 3330 ἀναπαιστικός.

259 3344 347 3392 485,
361 3358 389 3394 9
404 3344 610 3397 ἀπείραστον
629 3355 664 3384 et
686 3363 698 3385 1
713 3362 726 3383 1
747 3349 1022 3395 περιπολούντων
1043 3357 1089 3390 R.
1123 3359 1204 3391 Pnt.

2195 197 2258 231 501

1257 281 1293 308 et
1311 273 1443 310 Suidas
1461 287 1489 311 s.
1514 273 1776 313 Ἀκωδώνιστον.
1798 279 1846 313 K.
1870 276 2185 330 ἀπείρατον-περὶ
2203 294 2269 315 πα·

1258 330 1463 381 ραλούντων.
1487 331 1580 370 lbid.
1606 332 1740 370 κώδωνι
1766 335 1920 382 Suidas,
1951 337 2017 386 qui
2044 350 2119 372 non
2149 336 2267 373 habet

1257 386 1333 429 τοὺς
1351 388 1555 441 γὰρ-ἐξεπ
1595 393 1726 434 14-16.

1313 451 1398 495 490,
1416 461 1462 483 20
1478 451 1538 493 τῆς
1555 457 1591 486 et
1613 463 1656 485 21
1679 451 1836 487 alterum
1855 450 1914 487 καὶ
1931 464 1976 487 ex
1999 455 2042 488 R.
2061 474 2109 479 —
2127 453 2173 488 23
2190 466 2267 502 seq.

1260 504 1346 540 vide
1366 506 1483 541 schol.
1506 506 1552 542 ad
1576 511 1644 545 Av.
1670 509 1780 554 1556,
1802 510 1966 547 Mcinek.
1985 510 2079 546 Hist.
2099 512 2204 547 Com.
2230 523 2268 559 p.

1264 574 1331 606 177
1350 576 1430 612 sqq.

1315 620 1400 667 493.
1423 623 1510 657 Haec
1531 634 1605 657 non
1632 621 1745 658 video
1764 636 1840 672 quo
1862 625 2089 673 pertineant.

1316 677 1357 712 51
1372 691 1402 723 1,
1419 679 1464 720 34
1479 681 1570 727 ἡμᾶς
1587 682 1631 715 R.
1653 680 1947 729 βουλευσαμένους
1962 685 2044 718 Bar.
2062 682 2272 731 βουλευομέ-

1260 748 1336 775 νους
1357 739 1403 771 Κ.
1421 749 1494 771 0111.
1512 740 1555 773 R.

1317 792 1404 838 512,
1426 794 1474 830 36
1495 794 1640 843 γελάσαι
1659 799 1742 832 Put.
1761 796 1840 832 sine
1859 796 1906 833 δέ.

1316 850 1389 887 513
1412 855 1494 888 Put.
1515 853 1746 905 παραγράψαι
1766 869 1773 889 :
1791 853 1923 904 Ἤγουν
1944 855 2040 907 παρὰ
2065 861 2133 897 τοῖς
2161 855 2275 897 ἄλλοις

1261 909 1514 959 γεγραμμένοις
1531 912 1641 947 ἐκεῖσε
1659 910 1718 948 καὶ
1737 912 1827 948 ἄλλα
1861 912 2004 965 γράψαι.

1318 966 1410 1013 514,
1436 969 1484 1017 39
1506 968 1592 1019 ἀνήρ
1614 984 1662 1010 τις
1680 970 1714 1006 ἐν
1735 971 1776 1019 τῇ
1800 971 1910 1021 στήλῃ
1933 973 1993 1017 R.,
2011 971 2114 1021 quod
2135 981 2277 1009 restare

1263 1023 1416 1061 videtur
1436 1039 1482 1062 ex
1497 1026 1644 1062 scholio
1670 1027 1798 1077 aliquo
1820 1029 1866 1064 ad
1897 1029 2134 1081 παραγράψαι.
2163 1034 2245 1067 Put.
2262 1033 2280 1066 ὁ

1263 1082 1349 1135 ἀνὴρ
1367 1083 1402 1120 δὲ
1418 1084 1480 1137 ἔφη
1499 1085 1538 1122 ἂν
1554 1116 1563 1133 ,
1582 1085 1614 1122 τί
1634 1086 1743 1123 ταῦτα
1760 1102 1824 1125 σοι.
1849 1089 1886 1125 οὗ
1907 1088 2066 1139 σιγήσει,
2099 1089 2162 1141 ἔφη
2193 1089 2280 1141 ἀνήρ

1264 1155 1314 1182 τις
1334 1142 1368 1177 ἐν
1386 1144 1428 1193 τῇ
1449 1142 1574 1193 στήλῃ.
1588 1171 1638 1177 .-
1657 1149 1705 1186 40
1725 1147 1826 1183 τοῦτο
1843 1149 1888 1182 R.

1321 1201 1418 1249 519,
1441 1203 1489 1244 43
1517 1200 1656 1247 ἀνήσεις
1685 1204 1731 1239 R.
1751 1225 1800 1231 ——
1815 1203 1873 1240 Ad
1888 1217 1923 1240 V.
1950 1204 2023 1240 522
2044 1206 2280 1242 Ριιῑ..νουθε-

1264 1260 1379 1303 τ’ἧσαι.

1321 1317 1394 1361 524
1418 1319 1471 1355 510
1491 1322 1589 1366 Put.‚
1609 1319 1670 1357 Ἐν
1692 1320 1831 1371 Ἀττικῇ
1858 1322 1920 1358 οὐκ
1948 1319 2040 1357 ἔστιν
2067 1319 2153 1372 ἀνὴρ
2179 1319 2282 1369 λόγου

1267 1373 1358 1418 ἄξιος
1375 1378 1478 1425 ἡμῶν
1491 1406 1500 1422 ,
1527 1377 1685 1423 δηλονότι
1709 1379 1770 1415 οὐκ
1789 1378 1862 1415 ἔστι
1881 1378 2044 1428 πολέμιος
2061 1379 2094 1415 ἐν
2112 1380 2153 1428 τῇ
2172 1377 2283 1429 χώρα.

1265 1432 1287 1479 ἢ
1310 1435 1412 1476 ἄλλος
1431 1451 1482 1477 τις
1510 1434 1572 1486 ἔφη
1595 1438 1656 1473 οὔκ
1680 1435 1772 1473 ἔστιν
1801 1436 1887 1488 ἀνὴρ
1910 1440 1942 1472 ἑν
1963 1439 2005 1487 τῇ
2029 1436 2139 1473 πόλει.
2168 1458 2213 1463 -
2235 1437 2283 1479 46

1267 1492 1390 1530 Λείπει
1411 1507 1487 1529 0111.
1509 1497 1555 1531 R.
1575 1516 1624 1521 ——
1645 1496 1691 1537 48
1709 1496 1809 1543 ἡμῶν
1832 1499 1875 1531 R.
1894 1497 1978 1530 Put.

1324 1551 1411 1598 530,
1431 1552 1477 1588 52
1503 1552 1685 1601 Καλυμμα
1705 1556 1790 1588 Put.
1815 1555 1866 1588 K.
1887 1551 2084 1594 Praemittit
2111 1555 2195 1587 Put.
2227 1552 2287 1592 Ei:

1267 1608 1305 1646 τὸ
1321 1612 1501 1655 σιωπῆσαι
1521 1611 1585 1659 (ad
1606 1610 1819 1659 κάλυμμα),
1841 1610 1943 1659 qnod
1962 1609 2009 1646 ad
2034 1623 2069 1645 v,
2096 1608 2166 1645 531
2188 1610 2285 1658 legi—

1269 1676 1344 1704 tur.
1363 1695 1413 1701 —-
1436 1670 1482 1705 53
1506 1667 1557 1705 ὅτι
1588 1682 1741 1720 παρρησ.
1762 1676 1799 1704 et
1831 1667 1889 1704 καὶ
1910 1667 2015 1704 πάλιν
2042 1665 2282 1718 φυλάττουσιν.

1268 1725 1321 1762 ὅτι
1337 1725 1414 1762 οὐδὲ
1431 1730 1476 1764 R.
1495 1731 1593 1771 Put.‚
1609 1727 1634 1763 i.
1658 1740 1692 1763 e.
1718 1726 1758 1762 ni
1777 1725 1900 1771 fallor,
1914 1722 2067 1776 κεφαλὴν
2085 1724 2287 1763 καλύπτου-

1269 1799 1341 1829 σιν,
1366 1783 1417 1821 ὅτι
1435 1793 1505 1822 etc.
1536 1785 1604 1822 Illa
1637 1792 1738 1820 certe
1769 1796 1852 1832 quae
1883 1784 2081 1832 leguntur,
2102 1783 2160 1819 καὶ
2187 1783 2285 1821 πόλιν

1270 1841 1499 1894 φυλάττουσιν
1513 1871 1523 1888 ,
1543 1842 1590 1879 ab
1614 1842 1687 1878 hoc
1706 1842 1791 1877 loco
1812 1854 1966 1890 prorsus
1990 1841 2111 1877 aliena
2137 1851 2238 1879 sunt.

1325 1900 1412 1947 537,
1434 1908 1453 1945 4
1473 1899 1529 1937 ἵνα
1544 1904 1589 1937 R.
1613 1898 1709 1945 ἢῗνα
1728 1902 1775 1936 K.
1795 1899 1904 1936 Conf.
1929 1899 2049 1936 schol.
2075 1899 2163 1949 690,
2189 1906 2221 1943 4.
2240 1923 2287 1928 —

1271 1960 1291 1997 5
1312 1959 1378 2013 γὰρ
1398 1954 1439 2006 ἦν
1457 1964 1504 1997 Κ.

1327 2019 1416 2065 542,
1448 2033 1489 2056 11
1515 2018 1564 2057 Ἀ,
1589 2022 1648 2056 τοῦ
1667 2033 1743 2056 0111.
1768 2023 1813 2059 R.
1830 2046 1880 2052 -
1897 2032 1942 2055 12
1967 2017 2212 2070 καματηφόρος
2244 2022 2287 2055 R.

1270 2076 1375 2121 κόπος
1389 2081 1439 2115 K.

1325 2136 1400 2184 549
1418 2149 1461 2175 ex
1487 2139 1534 2173 R.
1560 2139 1642 2173 Put.
1660 2144 1697 2173 et
1716 2135 1831 2173 Suida
1851 2148 1881 2174 s,
1902 2134 2004 2180 Τήθη
2025 2133 2283 2172 emendatum.

1271 2216 1322 2223 —-
1344 2195 1388 2231 18
1419 2193 1556 2246 ὄστρεια
1573 2224 1582 2241 ,
1619 2207 1666 2230 2ο
1701 2193 1853 2246 κορέσειε
1882 2192 1989 2238 τήθεα
2021 2196 2084 2238 Κ.,
2120 2205 2287 2242 quocum

1271 2255 1486 2291 consentire
1508 2253 1656 2290 videtur
1676 2256 1762 2289 Bar.
1793 2251 1850 2289 Ib.
1869 2249 1904 2287 δὲ
1925 2264 2001 2287 0111.
2032 2255 2072 2286 R.
2106 2251 2206 2287 ἀκαλ.
2229 2251 2288 2287 λε’-

1271 2327 1370 2362 γουσι
1391 2310 1454 2361 μὲν
1474 2310 1509 2347 Ρὲ
1528 2309 1587 2353 τὰς
1606 2312 1680 2347 θαλ.
1699 2315 1782 2348 Put.
1800 2335 1840 2340 —
1861 2322 1908 2346 22
1928 2308 2028 2346 κνίόα
2046 2312 2127 2346 Put.
2147 2309 2180 2351 ἐς
2208 2307 2286 2345 ὅσον

1272 2371 1311 2408 ἂν
1327 2372 1387 2408 ἁπ.
1408 2371 1557 2408 Suidas.
1585 2369 1642 2406 Ib.
1661 2369 1724 2420 ἔχῃ
1738 2399 1747 2415 ,
1771 2366 1875 2413 23¹1&
1896 2367 2080 2419 σπέρματα
2102 2366 2160 2409 τὰς
2179 2367 2286 2419 σφαί-

1273 2444 1331 2488 ρας
1345 2432 1392 2465 K.
1407 2454 1457 2460 -
1480 2433 1526 2470 24
1546 2440 1600 2476 sq.
1625 2427 1742 2472 ἐπειδὴ
1758 2426 2024 2478 καὶ,..δριμεῑαι
2044 2423 2079 2461 δὲ
2096 2425 2282 2476 στερραὶ...

1271 2489 1370 2532 ἦσαν.
1386 2483 1526 2535 καὶγὰρ
1543 2489 1628 2522 Pnt.
1648 2486 1758 2522 Unde
1787 2486 1834 2521 25
1850 2486 2029 2521 vitiosum
2041 2488 2194 2533 γενναῖαι
2208 2497 2287 2520 cor-

1271 2546 1382 2594 rigas.
1415 2544 1471 2582 lb.
1506 2543 1579 2580 ἕπεὶ
1603 2538 1907 2595 οῧν-ν-μητριδίων
1938 2555 2014 2579 om.
2032 2545 2115 2578 Put.
2131 2563 2176 2569 —
2191 2543 2239 2577 26
2252 2542 2287 2579 δὲ

1270 2602 1419 2653 λέγειΒ.
1435 2607 1519 2641 Put.
1531 2624 1577 2631 —
1590 2603 1637 2638 28
1651 2605 1807 2638 τοιαῦται
1820 2605 1868 2638 R.
1885 2605 1966 2638 Put.
1980 2605 2021 2636 L.
2036 2603 2118 2636 Bar.
2131 2603 2286 2636 τοιαῦται

1272 2661 1306 2699 δὲ
1323 2662 1381 2699 καὶ
1400 2664 1434 2698 αἱ
1448 2667 1567 2713 γραῖαι
1588 2661 1737 2706 Suidas,
1760 2670 1860 2697 recte
1882 2661 2022 2718 omisso
2038 2659 2205 2719 &Wlffzmg
2219 2657 2285 2710 γὰρ

1272 2734 1348 2758 0111.
1371 2725 1416 2758 R.
1433 2720 1547 2769 Apud
1565 2724 1613 2757 K.
1638 2728 1718 2756 erat
1734 2718 1896 2756 δάκνουσι
1913 2716 1959 2754 δέ.
1980 2720 2081 2753 αὗται
2098 2715 2165 2766 γὰρ
2182 2719 2282 2760 ἦσαν.

1327 2780 1413 2822 550,
1437 2780 1483 2815 33
1504 2779 1569 2815 sic.
1591 2782 1635 2815 R.
1663 2781 1747 2814 Put.
1779 2775 1829 2813 ὅτ’
1847 2776 1886 2812 ἂν
1918 2774 1979 2824 μὲν
2004 2773 2083 2825 (γὰρ
2114 2774 2176 2823 L.)
2196 2789 2286 2825 κρα-

1271 2841 1384 2888 τῶμεν
1414 2841 1464 2874 K.
1499 2835 1666 2880 ἀλλήλαις
1693 2831 1989 2886 παρακελεύονται
2021 2833 2059 2867 111
2093 2831 2283 2880 principio

1271 2896 1404 2934 scholii
1423 2902 1572 2944 ponunt
1598 2896 1643 2929 R.
1674 2896 1758 2929 Pur.
1784 2895 1830 2929 R.
1854 2901 1939 2927 ante
1969 2888 2137 2933 ἀλλήλαις
2168 2889 2284 2926 habet

1272 2955 1320 3005 μὴ
1343 2953 1522 3003 μελήσετε.

1327 3012 1412 3056 556,
1432 3013 1479 3058 39
1503 3019 1540 3046 et
1563 3016 1610 3053 40
1631 3007 1723 3057 quid
1754 3006 1827 3043 sibi
1848 3005 1966 3042 velint
1992 3005 2056 3041 illa
2086 3002 2162 3041 τινὰ
2194 3004 2282 3042 δὲ-

1271 3068 1347 3106 τινὰ
1372 3068 1407 3105 δὲ
1421 3097 1430 3113 ,
1450 3081 1535 3116 quae
1551 3069 1586 3102 in
1607 3070 1650 3102 R.
1671 3065 1742 3113 legi
1765 3063 2032 3113 perhibentur,
2045 3075 2156 3099 nemo
2175 3063 2283 3101 facile

1272 3127 1422 3163 dixerit.
1452 3123 1540 3165 τινὲς
1563 3120 1766 3172 μὲν-τινὲς
1791 3120 1825 3157 δὲ
1855 3129 1956 3157 recte
1986 3124 2091 3166 Put.‚
2122 3121 2281 3158 alterum

1271 3186 1384 3221 etiam
1401 3183 1515 3220 ceteri
1537 3181 1646 3220 codd.
1662 3183 1790 3216 Priore
1814 3180 1898 3216 loco
1918 3182 1964 3216 K.
1982 3178 2021 3216 τὸ
2038 3178 2074 3215 δὲ
2093 3178 2148 3224 νὴ.
2166 3202 2211 3207 -
2233 3186 2280 3223 4ο

1271 3241 1354 3278 αὐτὸ
1375 3241 1592 3277 Dindorfius
1610 3238 1755 3274 addidit
1773 3251 1818 3273 ex
1845 3241 1900 3284 L.,
1918 3239 2095 3287 ignorant
2116 3241 2162 3275 R.
2193 3242 2277 3277 Put.

1271 3320 1320 3326 —
1342 3304 1389 3341 42
1404 3295 1678 3347 λαχανοπωλίοις
1696 3295 1945 3347 χυτροπωλιόις
1964 3299 2007 3332 R.
2219 3341 2222 3343 -

1326 3357 1414 3402 558,
1437 3357 1481 3399 43
1504 3355 1577 3398 τοὶς
1602 3359 1647 3392 R.
1668 3358 1750 3391 Put.
1776 3364 1811 3392 et
1829 3355 1961 3392 Suidas
1985 3369 2011 3391 5.
2041 3352 2272 3406 Κορύὲαντες.
