2517 3792
958 167 1210 207 SCHOLIA
1247 169 1306 207 IN
1347 169 1546 208 RANAS.

187 258 259 298 ἐστὶ
277 262 346 301 τοῖς
368 254 522 308 ἄρχαίοις
543 254 647 292 ἐνίοτε
665 253 714 304 μὴ
732 253 948 306 προστιθέναι
973 253 1030 291 τὸν
1050 253 1124 291 θεὸν
1149 254 1221 304 [εὐ-

184 316 329 359 λαὸείας
344 315 474 367 χάριν].
493 312 669 351 εἰώθεισαν
691 311 725 350 δὲ
742 315 811 355 τοῖς
827 311 989 354 τοιούτοις
1004 312 1115 363 ὅρκοις
1133 328 1157 363 χ
1161 315 1222 364 ρῆ-

185 378 263 414 σθαι
280 370 607 425 ἐπευφημιζόμενοι,
624 369 713 408 ὥστε
739 371 844 408 εἰπεῖν
866 369 927 420 μὲν
954 369 1004 419 μὰ
1025 370 1095 417 τὸν,
1113 370 1220 420 ὄνομα

184 434 219 472 δὲ
252 431 377 483 μηκέτι
400 434 610 482 προσθεῖναι.
631 428 706 479 (καὶ
736 428 912 468 Πλάτωνα
941 428 976 466 δὲ
1004 431 1053 480 τῷ
1078 428 1220 480 τοιούτῳ

149 510 166 535 5
185 492 387 542 κεχρῆσθαι.
405 487 496 538 λέγει
514 486 567 532 65,
588 488 649 524 οὐκ
674 486 714 524 ἂν
734 486 929 536 ἐπειθόμην,
947 486 1022 524 οὐδὲ
1052 487 1082 524 εἴ
1097 486 1146 529 τίς
1163 501 1220 536 μοι

182 547 278 598 ἔλεγε
292 549 360 584 τῶν
375 545 431 584 ἐπι
447 550 506 584 τοῦ
525 544 729 597 πράγματος
749 544 933 596 τυχόντων.
925 549 985 596 )
968 544 1025 582 Ττὸ
1046 544 1080 582 δὲ
1102 555 1220 581 επιτυ-

181 604 325 657 χόντων,
347 604 422 642 ἀντι
436 607 494 641 τοῦ
514 602 755 641 συνελθόντων.
772 605 826 648 ἧ’
811 602 867 641 επί
887 602 961 640 ἀντι
978 605 1038 648 τῆς
1055 602 1128 640 σύν.
1134 601 1151 653 ᾞ
1170 624 1220 629 -

182 663 233 714 μὰ
249 662 333 701 τὸν;
355 662 440 702 Δεον
464 664 570 700 εἰπεῖν
589 660 639 711 μὰ
657 661 713 699 τὸν
735 661 820 707 Δία,
850 660 898 711 μὰ
924 661 981 698 τὸν
1006 664 1079 698 εἰπε
1103 660 1217 709 μόνον.

182 721 240 759 καὶ
269 720 342 758 ἔστι
371 724 470 758 τοῦτο
499 699 636 757 εὐλαὲεί
627 734 678 762 ·ας
703 719 798 766 ἴδιον,
826 719 865 756 τὸ
884 718 1134 771 ῑπεφεισμενως
1162 732 1219 754 και

130 797 163 822 10
182 779 405 822 ἐλλειπτικῶς
419 782 476 816 τοῦ
491 778 593 831 ὅρκου
610 777 789 815 ἅπτεσθαι.
809 786 845 814 Ε.

236 850 313 876 1378.
343 836 408 889 [ἴθι
424 841 481 874 νῦν
495 837 727 889 παρίστασθον
743 849 751 874 ;
769 835 922 887 Κορωνὶς
935 834 1032 885 ἑτέρα
1047 833 1219 870 εἰσιόντων

181 897 248 933 τῶν
267 898 473 947 ὑποκριτῶν.
494 897 524 932 οἱ
543 895 577 932 65
594 895 705 946 στίχοι
724 892 881 943 ἷαμὸικοὶ
894 891 1068 944 τρίμετροι
1087 890 1218 928 ἀκατά-

179 955 300 1000 ληκτοι
322 953 394 1006 ριε’·
411 947 458 990 ὧν
474 954 667 995 τελευταῖος

302 1047 338 1084 νὴ
351 1046 402 1078 τὸν
413 1045 460 1077 Δί’
474 1046 510 1077 οὐ
526 1046 583 1086 γὰρ
596 1044 729 1085 ἄχθομαι
746 1047 790 1083 τῷ
804 1043 969 1084 πράγματι.

129 1148 160 1172 15
180 1128 237 1167 ἐπὶ
253 1130 302 1181 τῷ
315 1126 407 1165 τέλει
422 1125 594 1178 κορωνίς]

233 1184 330 1238 παρὰ
356 1184 406 1222 τὼ
433 1183 617 1235 πλάστιγγ’
644 1197 652 1222 :
685 1182 808 1236 (Παρὰ
842 1188 911 1226 τοῖς
938 1185 997 1219 νῦν
1024 1180 1218 1231 λεγομένοις

177 1242 316 1295 ζυγίοις.
330 1242 370 1280 τὸ
384 1241 420 1280 δὲ
433 1245 556 1294 σχῆμα
570 1241 786 1289 Ἀττικὸν,ὡς
798 1240 847 1279 τὼ
856 1246 950 1293 χεῖρε
959 1270 969 1287 ,
982 1243 1031 1278 τὼ
1045 1239 1143 1277 πόλει
1159 1238 1217 1276 καὶ

176 1300 218 1348 νὴ
246 1300 296 1339 τὼ
312 1300 402 1350 σιώ.)
429 1299 600 1352 πλάστιγξ
624 1299 660 1338 δὲ
682 1300 720 1338 τὸ
743 1299 1003 1352 κατηρτημένον
1028 1301 1216 1348 τοῦθζυγοῦ

177 1357 296 1411 μέρος,
327 1352 355 1411 ᾧ
386 1358 574 1396 ἐπιτίθεται
593 1357 637 1396 τὰ
654 1358 752 1408 ζυγά.
783 1381 834 1386 -
863 1357 901 1395 τὸ
930 1356 1001 1394 ἰδού
1030 1355 1216 1408 ἀμφότεροί

125 1433 160 1459 20
179 1431 274 1469 φασι.
292 1424 331 1455 R.

233 1487 312 1513 1380.
341 1474 501 1513 κοκκύσω
523 1488 532 1513 :
553 1474 888 1527 Συρίσωξσύνθημα
908 1475 973 1520 δῶ,
995 1472 1112 1525 [δίκην
1134 1474 1217 1510 ἀλε-

177 1532 337 1585 κτρυόνος
355 1532 483 1583 βοήσω.
502 1532 540 1570 τὸ
557 1532 592 1571 δὲ
610 1551 624 1566 «
650 1533 710 1570 εἴθ’
739 1532 869 1585 ὤφελεν
890 1552 904 1565 »
935 1533 1026 1584 ἀρχὴ
1054 1535 1112 1569 τοῦ
1133 1533 1217 1577 Μη-

179 1590 271 1634 δείας
290 1590 465 1643 δράματος
481 1591 702 1644 Εὐριπίδου]

232 1662 312 1688 1383.
345 1649 506 1701 βούνομοι
525 1663 533 1689 :
555 1650 645 1690 Ὑπὸ
665 1653 752 1702 βοῶν
772 1649 1093 1701 καταστρεφόμεναι
1112 1649 1217 1698 ἤγουν

125 1723 160 1748 25
179 1707 469 1758 κατανεμόμεναι.
485 1708 556 1746 ἐστὶ
574 1707 609 1746 δὲ
624 1710 662 1746 ἐκ
679 1708 901 1754 Φιλοκτήτου
919 1707 1110 1759 Αἰσχύλου.

232 1778 312 1805 138σ.
342 1767 576 1819 ἐριοπωλικῶς
596 1780 604 1805 t
626 1766 690 1810 εΩς
706 1769 737 1804 οἱ
752 1766 796 1804 τὰ
814 1766 888 1818 ἔρια
905 1767 1114 1812 πωλοῦντες,
1133 1764 1216 1817 βρέ-

178 1839 299 1876 χουσιν
314 1824 420 1872 αὐτὰ,
434 1823 490 1862 ἵνα
506 1824 697 1878 βαρύνωσιν
709 1827 744 1862 ἐν
757 1827 806 1877 τῷ
824 1827 979 1876 σταθμῷ.
991 1824 1048 1876 [τὸ
1059 1824 1093 1861 δὲ
1103 1854 1112 1871 ,
1127 1843 1141 1857 «
1155 1825 1216 1861 οὐκ

177 1882 251 1921 ἔστι
275 1886 430 1930 πειθοῦς,
451 1901 467 1917 υ
484 1883 519 1928 ἐξ
545 1883 736 1935 Ἀντιγόνης
754 1883 958 1936 Εὐριπίδου.
976 1882 1038 1929 τὴν
1057 1881 1094 1920 65
1108 1881 1214 1920 πειθὼ

175 1944 299 1994 χρῆμα
317 1945 396 1980 νοῦν
412 1943 475 1980 οὖκ
491 1941 570 1993 ἔχον
587 1942 702 1995 φησὶν,
720 1942 771 1980 ὅτι
786 1942 825 1980 τὸ
841 1941 966 1980 πείθειν
983 1941 1136 1979 ποικιλία
1156 1940 1215 1978 καὶ

125 2011 160 2037 30
178 1998 309 2052 στροφὴ
335 1999 445 2050 λόγων
471 2001 563 2046 ἐστὶ,
590 2000 797 2053 παράγουσα
826 2000 903 2044 τοὺς
931 1999 1134 2046 ἀκούοντας,
1155 1999 1214 2037 καὶ

176 2059 239 2096 οὐκ
255 2057 383 2105 ἀληθὴς
395 2057 540 2096 διάνοια.
555 2058 593 2096 τὸ
607 2059 636 2096 δ’
649 2058 725 2105 ἑξῆς
741 2060 778 2096 ἐκ
793 2059 924 2105 Νιόὸης
941 2058 1152 2110 Αἰσχύλου]

230 2129 309 2154 1390.
338 2116 390 2162 ἦν’
411 2115 484 2154 ἰδού
503 2129 512 2155 :
530 2116 610 2155 Ἤνὶ
623 2116 694 2154 ἰδοὺ
712 2119 750 2155 ἐκ
765 2116 1004 2168 παραλλήλου.
1023 2124 1063 2155 Θ.
1093 2124 1173 2155 Vict.

232 2186 312 2212 1400.
357 2173 500 2224 §emme
530 2173 705 2225 Ἀχιλλεὺς
731 2174 987 2227 εἈρίσ-ι-αρχός
1011 2189 1113 2227 φησιν
1134 2175 1212 2212 ἀδε-

178 2230 313 2274 σπότως
330 2234 430 2269 τοῦτο
445 2230 692 2283 προφέρεσθαι,
711 2234 757 2275 ὡς
781 2232 968 2284 Εὐριπίδου
987 2232 1213 2292 πεποιηκότι-ας

124 2309 159 2335 ³5
178 2288 385 2332 κυὸεύοντας
398 2290 433 2326 ἐν
449 2291 499 2341 τῷ
512 2288 676 2341 Τηλέφῳ,
689 2288 742 2331 οὒς
752 2288 810 2327 καὶ
821 2291 979 2341 περιεῖλε.
995 2289 1138 2341 (μήποτ’
1155 2294 1212 2328 οὐν

178 2347 306 2384 ἐκεῖθεν
318 2341 374 2393 ἦν.
396 2348 528 2397 μᾶλλον
545 2346 578 2384 δὲ
596 2346 805 2398 ἐσχεδιακὼς
821 2346 861 2384 ἂν
878 2346 930 2393 εἴη
948 2347 1209 2400 Ἀριστοφάνης.

177 2404 254 2442 οὐδὲ
269 2403 335 2457 γὰρ
350 2403 408 2442 τὸν
425 2404 617 2457 Εὐριπίδην
642 2408 741 2442 τοῦτο
767 2404 1030 2458 προφερόμενον.
1050 2405 1139 2443 ἀλλὰ
1155 2405 1213 2466 τὲν

177 2461 340 2501 Διόνυσον
355 2462 579 2514 χλευάζοντα.
596 2462 682 2506 τινὲς
698 2461 751 2509 65,
768 2462 820 2500 ὅτι
839 2465 873 2500 ἐν
889 2466 938 2515 τῷ
951 2463 1152 2515 Φιλοκτήτῃ
1171 2468 1212 2510 ἦν

176 2522 195 2557 6
207 2518 321 2564 τόπος.
336 2522 367 2558 οἱ
381 2519 416 2558 δὲ
431 2521 466 2558 ἐν
483 2523 526 2572 τῇ
544 2520 723 2574 Ἰφιγενείᾳ
740 2524 783 2573 τῇ
799 2523 832 2559 ἐν
850 2521 984 2561 Αὐλίδι.
1002 2521 1159 2574 ἐμφαίνει
1178 2521 1212 2559 65

70 2609 74 2612 .
123 2595 158 2621 ⁴0
175 2577 236 2614 καὶ
249 2576 402 2621 Εὔπολις
413 2581 513 2616 τοῦτο
529 2578 627 2621 εἰδὼς

297 2671 478 2713 ἀποφθαρεὶς
494 2672 527 2704 δὲ
541 2672 594 2704 δύο
607 2673 693 2704 κύὸω
703 2673 756 2704 καὶ
769 2673 908 2714 τέτταρα.

175 2748 274 2785 τοῦτο
284 2745 320 2783 δὲ
327 2745 489 2790 Διόνυσος
499 2747 690 2786 ὖποὸάλλει
700 2749 794 2801 αὐτῷ
804 2748 1008 2800 χλευάζων.)
1039 2747 1209 2802 [Ἄλλως.

175 2804 215 2841 ἐκ
227 2803 470 2855 Μυρμιδόνων.
488 2805 657 2852 πεποίηκε
673 2805 740 2859 γὰρ
759 2806 881 2851 αὐτοὺς
903 2806 1122 2851 κυὸεύοντας.
1141 2807 1212 2851 ἔθος

176 2860 212 2898 δὲ
227 2865 298 2904 τοῖς
313 2860 517 2900 κυὸεύουσιν
531 2862 622 2900 οὕτω
637 2863 760 2914 λέγειν,
779 2864 830 2916 β,
853 2866 881 2902 δ’
891 2866 974 2916 ,γ’,
991 2866 1031 2904 ε’.
1059 2869 1159 2904 τοῦτο
1176 2865 1211 2904 65

122 2939 157 2965 45
174 2917 266 2968 λέγει
281 2921 301 2955 6
326 2917 487 2962 Διόνυσος
508 2920 637 2964 δεικνυς
660 2925 705 2965 ὡς
726 2922 902 2974 Αἰσχύλος
922 2924 1090 2971 νενίκηκε.
1110 2924 1149 2962 τὸ
1177 2923 1212 2962 65

176 2975 427 3028 σιδηροὸριθὲς,
452 2979 491 3014 ἔκ
513 2978 729 3032 Μελεάγρου.
748 2981 787 3018 τὸ
810 2981 865 3028 65,
883 2984 934 3034 ἐρ’
964 2983 1119 3035 ἅρματος
1145 2982 1211 3036 γὰρ

177 3033 291 3093 ἅρμα,
306 3035 346 3072 ἔκ
358 3033 517 3073 Γλαύκου
533 3038 706 3080 Ποτνιέως
722 3039 912 3090 Αἰσχύλου.
929 3041 969 3079 τὸ
987 3041 1053 3079 65⁷
1039 3041 1212 3088 εξηπάτη-

175 3106 234 3129 κεν
256 3094 351 3128 εἶπεν
376 3092 416 3129 ἐκ
441 3100 637 3145 μεταφορᾶ,
660 3097 728 3133 τῶν
756 3098 971 3138 παλαιστων.
996 3100 1117 3138 ἐκεῖνοι
1145 3098 1211 3150 γὰρ

176 3150 376 3192 ἅπατωντες
390 3148 466 3193 τους
485 3151 691 3195 ἀντιπάλους
706 3156 842 3192 νικῶσιν
849 3154 878 3207 ,Ἦ

122 3227 158 3252 50
231 3219 310 3249 1491.
341 3208 468 3260 σφῷνε
491 3209 521 3246 Γ
523 3223 553 3260 ρ
575 3225 634 3246 και
653 3213 733 3262 νῶν.
753 3218 791 3248 R.

229 3277 308 3303 1402.
338 3265 377 3302 ἔκ
395 3265 601 3316 Μελεάγρου
622 3268 820 3320 Εὐριπίδου.
840 3273 878 3302 R·

229 3334 309 3362 1403.
339 3323 377 3360 ἐκ
394 3323 554 3361 Γλαύκου
575 3324 763 3376 Αἰσχύλου.
787 3330 821 3358 R·

2244 186 2309 218 311

1336 269 1412 294 1406.
1444 257 1580 307 [ἑκατὸν
1601 258 1784 309 Αἰγύπτιοι
1806 273 1813 298 :

1280 315 1347 350 τῶν
1367 315 1567 364 Αἰγυπτίων
1588 316 1791 367 μέμνηται.]

1335 385 1413 411 1408.
1446 374 1670 426 (Κηφισοφῶν
1700 388 1708 412 :
1746 375 1816 413 Και
1848 376 1903 413 διὰ
1928 378 2048 416 τούτου
2082 381 2180 425 δηλοῖ
2212 381 2316 418 πάλιν

1282 430 1405 480 σχεδόν
1432 446 1464 467 τι
1492 431 1530 468 τὸ
1547 432 1814 485 συναμρότερον,
1839 437 1883 477 ὡς
1911 438 2122 489 Κηφισοφῶν
2147 439 2317 477 συνεποίει

1279 487 1322 524 τὰ
1343 488 1522 540 δράματα,
1543 504 1601 526 και
1621 490 1682 535 τὴν
1700 497 1844 541 γυναῖκα
1862 495 1966 531 αὐτοῦ
1985 510 2087 546 ειχεν.
2171 495 2313 541 Λλλως.
2337 520 2352 543 5

1280 546 1344 596 οὐχ
1365 548 1411 588 ὡς
1440 545 1542 595 μόνον
1569 551 1816 595 συαποιοῦντος
1842 550 1935 587 αύτι)
1961 556 2018 588 τοῦ
2051 555 2317 606 Κηφισοφῶντος

1279 602 1322 640 τὰ
1339 603 1522 673 δράματα,
1544 603 1633 641 ἀλλὰ
1651 605 1708 642 καὶ
1727 607 1772 647 ὡς
1793 606 1946 651 συνόντος
1967 611 2069 647 αυτοῦ
2090 614 2130 661 τῇ
2150 614 2314 682 γυναικί.)

1279 659 1328 712 [οἱ
1356 659 1392 697 65
1420 660 1606 713 γράφοντες
1634 664 1687 712 χώ
1721 664 1944 716 hysopum,
1975 671 2060 704 εἰναι
2087 670 2115 705 δ
2147 669 2185 705 ἀῖ
2172 675 2317 714 ιοῦντες

1280 717 1492 756 ἀνάπαιστον
1520 719 1576 756 τὸν
1602 735 1637 756 τε
1625 720 1796 758 ελευταῖον
1828 722 1936 768 πόδα,
1964 727 2212 777 σκε,·ράσοιι)σαν
2240 732 2267 766 εἷ
2295 733 2316 775 ἢ

1278 775 1599 827 προπαραλήγουσα
1620 777 1807 815 συστέλλετ
1788 795 1857 817 -.αι
1850 779 1879 831 .]
2340 813 2370 837 ω

1333 846 1413 872 1413.
1443 834 1500 871 τὸν
1530 833 1591 883 μὲν
1612 833 1679 886 γὰρ
1699 838 1852 886 ἡγοῦμαι
1874 839 1976 890 σορὸν
2007 854 2015 878 :
2044 842 2114 879 Τὸν
2145 845 2318 895 Αἰσχύλον

1278 891 1396 943 σοφὸν,
1417 891 1546 942 ἥ3ομαι
1572 892 1607 930 65
1630 895 1678 930 τῶ
1697 895 1882 946 Ευριπίδῃ.
1907 904 1941 934 R
1962 900 2066 951 σορὸν
2087 900 2148 950 μὲν
2170 903 2318 954 Ευριπί-

1278 950 1338 995 δην
1358 949 1468 999 λέγει,
1494 950 1638 995 ἥδεσθαι
1668 950 1702 988 65
1732 968 1780 989 τω
1801 954 1978 1008 Αἰσχύλῳ.
2004 957 2109 1001 οὕτως
2140 960 2319 1011 Ἀρίσταρ-

1276 1021 1348 1057 χος.
1370 1007 1504 1045 ἄλλοι
1486 1009 1521 1045 οὲ
1538 1007 1576 1045 τὸ
1597 1008 1763 1058 ἐναντίον,
1786 1011 1845 1048 καὶ
1863 1013 2014 1067 ἑκατέρω
2035 1019 2245 1090 συνηγορεῖν
2259 1019 2317 1055 καὶ

1278 1064 1449 1114 μάλιστα,
1490 1064 1528 1103 ὅτ
1533 1081 1542 1101 ι
1583 1065 1702 1111 ἥδεται
1741 1069 1933 1121 Εὐριπίδῃ,
1971 1074 2017 1115 ὡς
2056 1089 2117 1110 και
2157 1077 2190 1112 ἐν
2227 1078 2318 1128 ἀρχῇ

1276 1137 1448 1174 προειπεν.

1332 1195 1410 1220 1414.
1440 1183 1536 1220 οὐδὲν
1554 1182 1622 1235 ἄρα
1638 1182 1806 1235 πράξεις;

1846 262 2032 313 Πολλαχοῦ
2052 264 2097 306 ὡς
2117 265 2316 316 ἀχθοφόρων

2341 1096 2370 1119 15

1829 1186 2057 1237 Ἀπολλώνιος
2074 1194 2133 1228 τοῦ
2155 1192 2318 1230 Πλούτω·

1276 1254 1329 1281 νος
1358 1243 1458 1277 τοῦτο
1493 1234 1580 1278 ειναί
1613 1255 1715 1291 φησι,
1752 1243 1826 1292 (και
1856 1244 1986 1295 γίνεται
2013 1248 2184 1299 πρόσωπα
2215 1266 2249 1287 εν
2276 1254 2318 1302 τῇ

1277 1312 1386 1348 σκηνῃ
1408 1298 1436 1334 δ’
1457 1297 1572 1341 ,τινὲς
1594 1297 1628 1335 65
1648 1303 1708 1337 τοῦ
1724 1305 1842 1353 χοροῦ.

1331 1369 1410 1394 1417.
1442 1356 1620 1396 πύθεσθε·
1612 1391 1619 1398 .
1643 1360 1839 1399 Ἀκούσατε.
1862 1366 1921 1396 Br'·
2339 1385 2372 1408 20

1333 1428 1412 1453 1418.
1443 1419 1503 1453 τοῦ
1522 1417 1652 1469 χάριν;
1671 1419 1787 1458 Οὐκ’
1769 1435 1859 1456 εστιν
1878 1419 2010 1458 ἄλλου
2000 1422 2186 1474 προσώπου
2203 1424 2241 1462 τὸ
2261 1428 2318 1462 τοῦ

1277 1472 1396 1525 χάριν,
1418 1474 1494 1511 ἀλλ’
1516 1477 1533 1512 6
1549 1477 1746 1520 Διόνυσος
1733 1490 1817 1514 εαυτ
1819 1494 1846 1514 ι)
1865 1479 2103 1532 o’wfiurtoae'pm.

1332 1545 1409 1570 1422.
1439 1535 1574 1587 πρῶτον
1601 1535 1663 1584 μὲν
1683 1540 1740 1574 οὐν
1766 1537 1844 1588 περὶ
1865 1537 2086 1577 Ἀλκιὲιάδου
2112 1554 2119 1579 :
2146 1542 2234 1594 Περὶ
2259 1545 2320 1589 τῆς

1277 1590 1436 1642 δευτέρας
1462 1594 1565 1631 αυτοῦ
1593 1594 1684 1645 λέγει
1711 1595 2001 1669 ἀποῖοιρήσεως,
2021 1597 2062 1643 ἣν
2090 1598 2215 1636 ἑκων”
2197 1615 2318 1652 εφυγε,

1277 1647 1451 1686 κατελθὼν
1482 1649 1543 1700 μὲν
1573 1652 1629 1689 ἐπὶ
1659 1652 1866 1703 Ἀντιγένους
1894 1653 1961 1705 πρὸ
1986 1656 2140 1694 ἐνιαυτοῦ
2159 1660 2227 1694 τῶν
2247 1660 2314 1696 Βα·
2338 1681 2370 1705 25

1276 1705 1426 1775 τράχων,
1454 1707 1509 1745 δια
1532 1708 1568 1746 65
1594 1709 1632 1747 τὸ
1653 1714 1835 1748 πιστεῦσαι
1856 1711 2019 1765 Αντιόχῳ
2047 1730 2096 1750 τω
2124 1715 2294 1767 κυοερνήτ
2295 1732 2316 1767 ῃ

1275 1763 1313 1800 τὸ
1333 1766 1491 1803 ναυτικὸν
1514 1767 1573 1804 καὶ
1594 1771 1819 1815 ἧττηθηναι
1807 1769 1873 1806 υπὸ
1896 1770 2098 1823 Λυσάνδρου
2125 1773 2316 1825 δυσχεραν-

1275 1821 1376 1864 θεὶς
1364 1823 1422 1860 υπ’
1443 1823 1642 1871 Αθηναίων.
1679 1823 1840 1878 (Ἄνδρων
1863 1827 1898 1864 δὲ
1925 1828 2126 1880 διαφέρεται
2146 1831 2230 1882 πρὸς
2250 1834 2318 1869 Ξε-

1275 1895 1430 1932 νοφωντα
1460 1882 1540 1942 περὶ
1573 1899 1634 1929 της
1666 1884 1825 1924 καθόδου.
1860 1885 2121 1939 Καλλίστρατος
2153 1889 2190 1925 δέ
2215 1904 2318 1938 <pro-w

1275 1936 1326 1975 ὅτι
1351 1955 1447 1983 ουτος
1465 1944 1508 1987 ἠν
1532 1943 1549 1978 6
1578 1942 1714 1995 καιρὸς,
1734 1943 1810 1980 καθ’
1839 1943 1874 1980 ὃν
1904 1943 1990 1980 {mov
2017 1943 2077 1981 ἔϊιυ
2080 1960 2137 1995 γεν
2160 1949 2178 1983 6
2201 1947 2316 1985 Ἀλκι-
2338 1967 2371 1991 30

1275 1994 1406 2043 &ade-45.
1436 2001 1453 2035 6
1480 1998 1514 2036 65
1535 2000 1757 2053 Ἀρίσταρχός
1789 2017 1859 2052 φησ
1842 2018 1891 2048 ι,
1923 2001 1998 2038 καθ’
2031 1984 2066 2039 δν
2099 2004 2252 2041 ἐκπεσων
2283 2007 2316 2042 ἐν

1274 2055 1509 2106 Λακεδαίμονι
1537 2057 1722 2110 διατρίὸων
1755 2058 1870 2096 ἔπεισε
1899 2060 2191 2110 Λακεδαιμονίους
2211 2062 2314 2110 Ἀθη-

1273 2112 1378 2156 ναίοις
1397 2093 1619 2153 Δέκέλειαν’
1604 2117 1824 2168 επιτειχίσαι·
1848 2117 1972 2161 τελέως
1993 2118 2029 2155 65
2054 2118 2229 2158 πταίουσι.
2255 2121 2316 2158 λέ-

1272 2186 1324 2242 γει
1362 2176 1418 2209 οὐν
1447 2174 1525 2242 περὶ
1551 2190 1613 2220 της
1639 2175 1798 2226 δευτέρας
1832 2176 2108 2227 ἀποχωρήσεως,
2149 2177 2190 2223 ἣν
2228 2179 2315 2215 ἑκὼν

1274 2227 1390 2280 ἔφυγε.
1423 2232 1607 2281 γεγόνασι
1616 2231 1652 2269 65
1681 2232 1894 2270 Ἀλκιοιάδαι
1923 2233 2150 2286 τέσσαρες.)Ι
2141 2234 2316 2286 [δυστοκεῖ
2336 2255 2368 2278 35

1273 2287 1308 2323 65
1333 2287 1425 2336 λέγει
1454 2288 1529 2325 ἀντὶ
1553 2292 1612 2326 τοῦ
1644 2291 1833 2340 ἀγανακτεῖ
1859 2290 1918 2327 καὶ
1951 2293 2065 2334 κακῶς
2096 2292 2244 2343 πάσχει,
2277 2296 2314 2332 ἐκ

1273 2350 1467 2396 μεταφορᾶς
1486 2347 1552 2382 τῶν
1574 2348 1812 2385 δυστοκουσῶν
1829 2350 2013 2398 γυναικῶν.
2030 2348 2052 2395 ἢ
2076 2350 2236 2388 δυστοκεῖ
2253 2352 2313 2389 λέ-

1271 2417 1324 2452 γει
1351 2403 1425 2440 ἇντὶ
1456 2408 1533 2450 τοῦ,
1566 2404 1658 2442 κακὰ
1680 2405 1881 2456 γεννήματα
1908 2406 2064 2458 προάγει.
2097 2407 2315 2455 Ἀλκιὸιάδης

1271 2459 1338 2511 γὰρ
1370 2460 1468 2512 φύσει
1501 2462 1675 2509 Ἀθηναῖος
1701 2462 1747 2501 ὢν
1778 2464 1883 2516 ἔφυγε
1909 2463 1970 2514 μὲν
1999 2466 2059 2503 καὶ
2085 2468 2231 2518 πρόσθεν
2259 2468 2315 2505 διά

1270 2534 1347 2555 τινα
1369 2518 1480 2556 αἰτίαν
1501 2522 1540 2558 ἐκ
1564 2520 1715 2568 πόλεως,
1734 2522 1948 2560 κατελθὼν
1931 2522 1965 2560 οὲ
1994 2539 2133 2575 υστερον
2153 2526 2212 2563 καὶ
2236 2526 2313 2563 ναύ-

1272 2591 1378 2627 αρχος
1405 2577 1581 2622 καταστὰς
1606 2580 1872 2618 ἐνεπιστεύσατο
1893 2581 1932 2619 τὸ
1949 2582 2108 2620 ναυτικὸν
2131 2583 2311 2636 Ἀντιόχῳ-

1272 2637 1310 2672 οὗ
1337 2650 1397 2672 και
1421 2635 1486 2673 ὑπὸ
1508 2636 1708 2689 Λυσάνδρου
1731 2638 1935 2684 ἡττηθέντος
1955 2639 2114 2692 ’.ροὸηθεις
2134 2641 2313 2680 Ἀλκιὸιά-

1272 2693 1332 2738 δης
1361 2696 1560 2747 μεταχωρεῖ
1589 2697 1672 2748 πρὸς
1702 2696 2014 2746 Λακεδαιμονίους,
2037 2697 2093 2741 οὒς
2116 2715 2175 2736 και
2205 2700 2312 2737 πείθει

1272 2749 1465 2797 Ἀθηναίοις
1508 2754 1718 2805 ἐπιτειχίσαι
1762 2754 1959 2794 Δεκέλειαν.
2005 2758 2026 2800 ἡ
2072 2755 2107 2793 65
2146 2757 2311 2795 Δεκέλεια

1270 2808 1370 2860 χώρα
1390 2812 1424 2847 έν
1443 2814 1486 2862 τῇ
1515 2811 1677 2862 Ἀττικῇ,
1697 2807 1737 2858 ἧς
1758 2813 1988 2864 τειχισθείσης
2009 2812 2115 2864 μέγας
2135 2809 2175 2860 ἧν
2197 2815 2310 2852 κίνδυ-
2348 2860 2360 2866 ν

1271 2882 1325 2909 νος
1345 2867 1533 2914 Ἀθηναίοις
1557 2869 1606 2919 μὴ
1635 2870 1834 2919 δυναμένοις
1863 2869 2038 2921 ἓξελθεῒν.]
2058 2894 2109 2898 -
2128 2872 2213 2924 πρὸς
2233 2872 2308 2914 τοὺς
2329 2859 2362 2883 ⁴³

1271 2925 1415 2972 ποιητὰς
1460 2929 1478 2963 6
1499 2958 1658 2967 ......
1676 2935 1714 2965 R.

1327 2997 1405 3023 1425.
1438 2986 1548 3033 (ποθεῖ
1577 2985 1655 3035 μὲν,
1688 2985 1839 3037 ἐχθαίρει
1865 2985 1899 3022 δὲ
1928 2999 1935 3023 :
1968 2985 2074 3037 Παρὰ
2103 2986 2146 3023 τὰ
2175 2989 2214 3025 57.
2239 2990 2306 3025 τῶν

1270 3038 1392 3085 Ἴωνος
1417 3044 1598 3094 Φρουρῶν,
1627 3042 1711 3080 ὅπου
1731 3046 1752 3088 ἡ
1780 3042 1904 3088 Ἑλένη
1934 3043 2017 3095 πρὸς
2046 3044 2102 3080 τὸν
2135 3045 2307 3083 Ὀδυσσέα

1271 3099 1355 3148 φησὶ

2332 2561 2367 2585 40

2327 3148 2360 3171 50

1395 3196 1467 3233 σιγᾷ
1485 3193 1550 3232 μὲν,
1566 3192 1696 3232 ἐχθαίνει
1714 3193 1745 3224 δὲ
1756 3216 1764 3231 ,
1784 3193 1924 3233 βούλεταί
1938 3204 1972 3233 γε
1989 3194 2059 3233 μήν.

1271 3276 1289 3310 6
1309 3273 1343 3311 65
1366 3273 1482 3324 λόγος,
1508 3278 1605 3312 ποθεῖ
1625 3273 1686 3323 μὲν
1707 3276 1752 3316 ὡς
1773 3275 1993 3326 δραστήριον,
2014 3282 2107 3324 μισεῖ
2127 3275 2160 3313 65
2180 3278 2226 3318 ὡς
2245 3291 2303 3311 τυ-

1237 3353 1246 3377 1
1274 3331 1455 3382 ραννικόν.)
1481 3331 1520 3383 ἶῆ
1541 3334 1586 3375 ὡς
1603 3333 1648 3374 εἷς
1666 3332 1958 3379 Λακεδαιμονίους
1970 3333 2216 3386 χωρήσαντι]
