2533 3808
133 221 180 251 50
871 199 1131 238 SCHOLIA
1163 199 1222 236 IN
1259 200 1523 247 EQUITES.

130 314 184 341 τος
203 294 355 347 κορωνίς.
349 294 373 343 .]
391 309 428 329 το
461 306 520 328 πνε
521 289 580 338 66.’
601 287 742 325 ἐλαττον
763 284 896 337 γίνεται
917 298 925 322 t
947 282 1106 333 ἐπέμεινε
1125 285 1168 333 τῇ

129 358 240 406 τροπῇ·
262 355 328 390 τῶν
360 349 548 388 ὀνομάτων,
570 346 587 383 6
617 344 652 382 65
674 343 788 393 λεγει,
817 341 967 380 τοιοῦτόν
988 343 1091 378 ἐστιν·
1120 341 1171 378 ὅτι

130 411 377 460 ἐπιεικέστερος
398 408 495 445 ἔσται
513 421 571 442 και
595 402 723 455 πραότε
730 417 796 454 ρος.
818 400 937 438 λοιπον
966 401 1032 469 γὰρ
1053 398 1169 445 ἐπειδὴ

129 471 260 524 φθάσας
280 472 372 505 εἶπεν
389 466 466 510 ἤτοι
480 462 604 505 κακίας
620 461 679 498 καὶ
692 458 922 512 συκοφαντίας
941 458 1044 496 αὐτον
1062 460 1172 504 πνεῖν,

91 547 105 567 ι.
129 528 183 568 διὰ
201 531 300 566 τοῦτο
331 524 437 562 πάλιν
459 520 590 564 οἰκείως
614 518 756 557 ἔλαττον
783 517 908 569 ἔφησεν
929 519 1035 554 αὐτοῦ
1055 515 1173 568 γίγΓε-

127 591 204 624 σθαι
224 601 262 622 το
281 586 430 631 πνεῦμα

179 657 243 681 442.
275 640 386 694 φεύξει
409 654 544 707 γραφάς
582 636 767 675 :Amnem
804 634 865 672 καὶ
898 633 1033 687 φεύ(ειΓ
1057 633 1173 682 ἐλεγον

127 703 186 741 ἐπι
203 704 269 738 τ(“)ν
304 697 508 750 κατηγόρων
530 712 589 733 και
609 697 675 732 τῶν
703 693 1005 744 ἀπο)ογουμέν()ν.
1034 690 1174 728 ἐοί()κον

129 760 168 798 μὲ
173 758 273 810 νγὰρ
309 759 340 795 οἱ
366 756 572 828 κατήγοροι,
603 753 744 806 ἔφευγον
779 752 814 789 δὲ
850 754 879 789 οἱ
911 749 1175 800 κατηγορούμε-

78 834 107 857 10
127 835 190 857 νοι
229 832 332 870 φησιν
368 819 425 853 οὐν
460 813 511 851 ὅτι
547 810 823 864 κατηγορηθήσῃ
856 809 952 853 δίκας
986 811 1175 846 ἑκατοντα-

129 877 284 919 λάντους.

183 950 247 974 445.
279 937 317 973 ἐκ
360 935 426 971 τῶν
463 930 648 982 ἀλιτηρίων
686 943 693 968 :
740 931 822 968 Τῶν
861 925 1076 979 μετεγόντων
1113 928 1172 962 του

132 993 326 1034 Κυλωνείου
346 989 564 1062 ἅγους,ὅπερ
582 991 627 1032 εἷς
649 987 710 1034 τὴν
735 987 878 1033 Αθηνᾶν
904 986 996 1023 δοκεῖ
1011 983 1170 1035 γενέσθαι

133 1052 316 1124 ἀσέὸημα,
347 1048 535 1101 ἐπειδήπερ
564 1049 594 1085 οἳ
624 1043 994 1096 συγκατακλεισθέντες
1021 1045 1069 1095 τ(Ν)
1104 1040 1178 1080 Κύ-

78 1124 108 1147 ῐνό
132 1113 216 1149 λωνι
246 1113 280 1148 ἐν
309 1125 352 1160 τῃ
383 1106 568 1177 ἀκροπόλει
596 1107 642 1148 εἷς
672 1104 734 1149 τὴν
765 1103 877 1156 κρίσιν
909 1101 1108 1147 κατέδησαν
1141 1102 1175 1138 ἐν

130 1169 250 1220 ’ςΑρείω
276 1167 398 1218 πάγι),
427 1167 465 1202 ἐκ
497 1168 556 1202 του
577 1163 672 1206 ἕδους
692 1179 753 1208 της
781 1165 856 1199 θεου
887 1159 1073 1213 ἐξάψαντες
1111 1158 1172 1204 τὴν

132 1227 326 1299 ἱκετηρίαν
354 1229 394 1270 ἧς
415 1222 658 1275 διαρρυείσης,
683 1220 789 1264 λίθοις
825 1218 947 1261 αὐτους
979 1217 1128 1256 5'6ch5J501
1149 1232 1178 1253 οι

132 1287 320 1332 Ἀθηναιοι.
342 1282 526 1334 ἀλιτηρίων
545 1282 599 1328 δε,
616 1279 691 1317 ἀντὶ
706 1282 766 1316 τοῦ
783 1280 928 1328 ἐναγῶν.

186 1342 412 1395 ἀλιτηρί()ν;
434 1343 515 1379 Τῶν
546 1337 823 1391 ἁμαρτησάντων
854 1337 900 1378 εἷς
918 1335 1076 1381 Αθηνᾶν.
1107 1332 1180 1371 Κύ-

78 1418 112 1440 26
132 1406 201 1441 )ων
232 1402 299 1453 γὰρ
330 1401 506 1446 Λθηναῖος
540 1397 639 1450 ἀνὴρ,
670 1394 854 1447 Μεγαρίδα
890 1408 1036 1445 γυναικα
1066 1408 1181 1443 γημας

106 1456 325 1511 ’Θεαγένους
358 1455 552 1508 θυγατέρα,
585 1457 621 1492 θε
614 1453 693 1490 λων
728 1454 918 1504 τυραννεῖν,
948 1449 1053 1488 ἔλαὸε
1087 1465 1180 1501 ’,Γρη-

134 1519 221 1569 σμὸν
239 1534 280 1569 τῃ
303 1531 344 1566 με
331 1515 469 1566 εγάλη
457 1529 556 1565 εορτῃ
587 1527 646 1549 του
667 1511 748 1554 Διὸς
782 1509 960 1548 ἐπιθέσθαι
987 1525 1029 1560 τῃ
1063 1508 1176 1546 πόλει.

134 1579 167 1614 ἐν
205 1573 386 1625 Ὀλυμπία
422 1571 457 1609 δε
494 1570 712 1620 ἐπιθέμενος,
749 1568 898 1619 νομίζων
933 1566 1066 1612 ταύτην
1088 1569 1174 1604 εἶναι

136 1634 248 1686 μεγά)
241 1650 290 1680 ην
310 1631 483 1685 ἑορτην,ο
466 1629 611 1680 δύναμιν
611 1626 842 1688 προσλαῧων
856 1626 953 1678 παρὰ
969 1623 1182 1676 Θεαγένους,

136 1693 183 1744 μὴ
203 1708 302 1743 γνους
324 1690 376 1728 ότι
405 1706 448 1727 τα
466 1687 593 1727 Διάσια
609 1703 651 1734 ην
667 1689 696 1732 ἡ
719 1685 855 1736 μεγάλη
881 1683 1004 1738 ἑορτὴ,
1029 1682 1182 1720 ἐπελθων

135 1755 176 1804 τη
198 1748 385 1802 ἀκροπόλει
408 1747 572 1799 ελῄστευε
604 1761 663 1783 και
684 1744 827 1782 ἁλίσκετ
830 1759 877 1781 αι.
899 1741 1030 1793 ἐληφθΓ]
1055 1740 1090 1779 δὲ
1121 1756 1181 1778 συ-

134 1813 208 1849 λῶν
228 1809 266 1847 τὸ
307 1823 394 1880 ιερον
429 1810 490 1852 της
511 1806 666 1850 Ἀθηνᾶς.
696 1803 755 1840 καὶ
777 1802 878 1845 αυτὸς
911 1800 972 1851 μὲν
1005 1803 1022 1837 6
1056 1799 1182 1838 Κύλων

138 1869 280 1937 φεύγει,
301 1882 378 1908 τους
404 1864 438 1902 δὲ
457 1864 523 1901 ἀλ)
516 1879 580 1906 ους
600 1860 799 1914 φονεύουσι,
821 1859 915 1903 τινὰς
936 1858 970 1897 δὲ
991 1858 1050 1897 καὶ
1069 1856 1184 1900 ἱκετας

1018 1933 1094 1960 τους
1126 1920 1182 1953 οὐν

81 1715 96 1737 ἑᾷ

100 1715 114 1737 :fl

135 1930 178 1965 ἐκ
199 1929 266 1964 τῶν
300 1926 426 1976 βωμῶν
464 1921 731 1962 ἀποσπάσαντες
760 1918 980 1956 ἀπέκτειναν.

80 2003 114 2028 36
135 1982 396 2057 ἁμαρτάνοντας
438 1983 483 2023 εἷς
516 1995 593 2022 τους
629 1977 745 2021 ἱκέτας
779 1976 975 2029 ἀλιτηρίους
1018 1975 1182 2028 ἔφασκον.

134 2043 189 2087 οὒς
224 2041 283 2080 καὶ
310 2040 470 2085 ἐξέὸαλον
497 2042 557 2084 τ·Γ]ς
586 2036 737 2083 πόλεως,
751 2035 821 2074 ὅτι
851 2037 888 2073 ἐκ
921 2037 989 2072 τ(Ν)ν
1026 2033 1183 2086 ἀρχαίων

134 2102 247 2139 νόμων
268 2098 474 2151 παρεὸησαν
494 2112 571 2139 τους
596 2095 710 2138 ἱκέτας
737 2093 978 2147 φονεύσαντες.
1036 2090 1182 2135 Ἄλλως.

134 2159 260 2199 Κύλων
284 2158 346 2204 τὴν
369 2155 556 2209 ἀκρόπολιν
578 2153 771 2192 κατέλαὸεν
802 2152 859 2190 ἐπι
886 2152 1085 2204 τυραννίδι,
1125 2166 1185 2188 και

136 2219 267 2271 ἐλήφθη
287 2215 370 2254 ποτὲ
381 2217 493 2253 συλῶν
508 2230 546 2251 το
563 2213 654 2266 ἷερον
670 2216 730 2258 τῆς
746 2212 911 2257 Ἀθηνας,
930 2226 990 2248 και
1009 2210 1075 2247 ὑπὸ
1091 2207 1186 2256 Αθη-

83 2298 116 2323 :35
136 2281 239 2319 ναίων
259 2278 431 2324 ἐκλείσθη
459 2276 518 2314 καὶ
539 2275 644 2318 ούτως
665 2277 791 2316 ἐκεῖνος
811 2272 918 2324 εὑρὼν
940 2287 1072 2324 καιρον,
1094 2286 1184 2323 φυγη

135 2338 330 2391 ἐχρήσατο,
352 2351 411 2373 και
444 2350 474 2372 οι
506 2333 629 2386 φίλοι
618 2332 741 2385 ε’φυγον
769 2333 816 2374 εἷς
848 2346 925 2373 τους
957 2328 1094 2381 βωμούς
1118 2332 1185 2366 τῶν

136 2399 231 2443 θεῶν,
265 2395 320 2438 ους
345 2398 438 2432 ουτοι
468 2392 734 2433 ἀποσπάσαντες
761 2389 983 2439 ἀπέκτειναν,
1011 2387 1085 2426 ὅθεν
1105 2389 1184 2425 ἀλι-

137 2469 248 2506 τηριοι
270 2451 479 2498 ἐκληθησαν.

191 2525 257 2549 448.
288 2513 318 2547 οἱ
354 2508 574 2560 περιέποντες
601 2522 661 2543 και
688 2508 957 2562 φρουροῦντες
953 2518 1032 2545 τους
1066 2501 1187 2554 τυράν-

90 2589 123 2613 40
140 2586 229 2612 νους.
253 2573 287 2606 θε
274 2567 359 2605 έ»λων
380 2566 447 2619 γὰρ
473 2570 649 2618 τυραννεῖν
684 2563 892 2616 δορυφόρους
926 2564 1018 2611 εἶχεν
1048 2559 1184 2603 αὐτούς.

139 2634 220 2663 Van.

195 2698 259 2723 449.
289 2686 356 2721 τῶν
378 2681 548 2735 Βυρσίνης
580 2695 588 2719 z
611 2679 764 2724 ’Έπαιξε
790 2677 884 2731 παρ’)
911 2677 950 2715 τὸ
973 2676 1187 2728 βυρσοδέψην

143 2749 229 2782 εἰναι
255 2759 311 2781 τον
346 2741 418 2780 Κλε
404 2757 512 2786 ς(,)να
536 2756 596 2777 και
619 2738 716 2791 παρὰ
744 2754 783 2775 το
811 2736 978 2788 τυράννου
999 2735 1108 2784 ὅνουα
1129 2739 1187 2772 του

143 2801 304 2851 Ἱππίου,
335 2805 429 2853 ᾡπερ
458 2802 508 2852 τῷ
540 2798 684 2848 ὀνόματι
715 2800 775 2834 του
805 2794 941 2834 Ἱππίου
969 2793 1189 2845 περιεργότε-

91 2880 123 2904 5„
145 2876 199 2914 ρον
224 2859 332 2931 ἐγρησ
336 2875 410 2898 ατο.
433 2859 535 2904 οΝΓ]λον
564 2873 605 2907 με
609 2872 625 2894 ν
655 2855 721 2907 γὰρ
748 2870 807 2893 και
827 2857 866 2892 ἐκ
890 2855 957 2890 τ(Ν)ν
975 2851 1167 2925 προειρημέ
1173 2875 1189 2879 -

143 2934 222 2965 νων,
246 2920 311 2969 οὐχ
330 2920 458 2963 Γ]ἰιιστα
491 2915 526 2953 οὲ
549 2915 608 2953 καὶ
630 2914 698 2952 ἀπὸ
725 2913 869 2958 τούτων,
898 2910 950 2948 ὅτι
980 2909 1028 2960 μὴ
1050 2910 1151 2953 αὐτὸς
1173 2912 1190 2946 6

149 2975 288 3019 Ἱππίας
322 2974 516 3020 κατέστησε
549 2989 612 3019 την
647 2971 852 3022 τυραννίοα,
880 2967 970 3007 ἀλλὰ
1001 2967 1098 3019 παρὰ
1130 2983 1189 3004 του

149 3050 276 3086 πατρος
305 3034 378 3082 ἅμα
397 3038 467 3075 τοῖς
496 3033 654 3084 ἀδελφοῖς
684 3028 864 3082 παρέλαὸε
891 3031 950 3065 του
977 3025 1191 3078 Πεισιστρά-

148 3109 219 3131 του.
244 3108 282 3130 ου
302 3091 438 3133 πάντως
459 3089 500 3127 ἂν
518 3089 787 3139 ἐμνημόνευσεν,
807 3089 836 3124 εἰ
857 3085 906 3137 μὴ
926 3099 1190 3138 γρησιμωτερον

97 3168 130 3193 50
149 3167 188 3190 το
204 3150 312 3200 ὄνομα
331 3153 392 3186 τοῦ
407 3148 545 3187 Ἱππίου
562 3163 646 3199 προς
662 3163 701 3184 το
725 3145 876 3198 συνάψαι
896 3147 938 3196 τῇ
961 3143 1112 3196 Βυρσίνῃ
1133 3159 1193 3181 κα-

149 3208 287 3262 τεφαίνε
273 3217 339 3246 -το.
362 3208 423 3245 οὐκ
443 3205 569 3252 ἄδηλόν
594 3207 667 3242 ἐστι
690 3209 747 3243 του
770 3203 927 3246 Ιιλέωνος
946 3202 1193 3244 διαὲάλλοντος

152 3267 255 3306 αὐτὸν
285 3269 330 3309 ὡς
360 3269 428 3303 τῶν
462 3266 505 3302 α)
498 3279 646 3316 ιτηριωΓ
668 3279 722 3313 γε]
722 3262 862 3308 ονέναι,
896 3264 964 3298 τῶν
997 3260 1157 3298 ἐπιδουλε
1144 3275 1193 3296 6-

153 3325 285 3364 σάντων
320 3327 362 3376 τῇ
392 3321 491 3359 πόλει
523 3337 581 3359 και
613 3321 681 3363 τοῖς
708 3319 885 3371 τυράννοις
931 3316 1191 3368 συναραμένων.

152 3384 293 3426 Ἄ.λλως
315 3380 567 3433 Πεισιστράτου
593 3378 677 3430 γυνὴ
704 3377 839 3429 ]ε’]ονεν
859 3381 879 3424 ἡ
906 3376 1088 3428 Μυρρίνη,
1117 3375 1192 3413 Ἱπ-

1230 282 1310 321 πίου
1346 300 1405 321 και
1433 284 1632 356 Ἱππάρχου
1666 284 1792 337 μήτηρ.
1819 286 1990 338 Βυρσίνην
2006 280 2119 325 οὖν
2087 291 2182 325 εἶπεν
2200 288 2275 325 ἀντι

1231 355 1291 378 του
1321 341 1512 393 Μυρρίνην,
1544 345 1589 384 ὡς
1617 343 1801 394 βυρσοπώλ
1794 359 1844 389 »ην
1876 343 1948 382 πα)
1953 360 1981 381 ιν
2008 346 2186 398 κωμωδων
2217 362 2275 383 τον

1235 397 1393 436 Κλέωνα.
1419 399 1547 445 ταύτην
1575 403 1592 437 ὃ
1611 400 1892 471 Πεισίστρατος
1879 401 1980 440 οπότε
2007 419 2204 475 κατ-τμάγεν
2231 406 2277 447 εἷς

1233 456 1374 501 Ἀθήνας
1405 457 1455 509 ἐφ’
1491 457 1658 509 ἅρματος,
1687 458 1835 511 ἔφασκεν
1870 460 2054 507 Ἀθηναίαν
2075 465 2161 499 εἰναι
2196 464 2276 513 βου-

1233 507 1375 559 λόμενος
1394 525 1584 561 τυραννειν.
2296 527 2312 551 5

1287 586 1354 611 450.
1385 572 1533 617 κόδαλος
1557 578 1586 611 εἰ
1609 587 1616 594 ·
1608 574 1915 627 ,Προειρήκαμεν
1934 575 1986 613 ὅτι
2012 576 2089 621 τοὺς
2109 577 2198 628 μετὰ
2218 578 2275 623 ξύ-

1234 633 1294 669 λου
1314 631 1445 683 λῃστὰς
1469 631 1576 675 οὕτως
1595 633 1740 670 ἐκάλουν
1762 636 1792 671 οἱ
1812 634 1968 672 παλαιοί.

1295 708 1359 734 451.
1401 695 1451 733 ἰοὺ
1482 710 1491 735 ;
1530 699 1644 735 Τοῦτο
1673 697 1935 750 παρεπιγραφή.
1967 698 2180 749 τυπτόμενον
2212 698 2279 751 γὰο

1237 753 1468 807 ὑποκρίνεται.
1485 777 1538 783 --
1555 755 1817 807 σχετλιαστικὸν
1833 754 1868 792 δὲ
1883 755 1922 792 τὸ
1941 757 2051 808 ῥῆμα.
2073 765 2114 795 V.
2261 739 2268 752 ι

1288 832 1352 857 452.
1383 819 1577 870 ξυνωμόται
1606 833 1613 859 :
1643 822 1689 858 Οἱ
1708 819 1898 872 ἀντάρται,
1926 822 1957 858 οἱ
1972 820 2156 874 προδόται,
2179 822 2210 860 οἱ
2235 820 2277 860 τὰ
2301 842 2334 866 10

1237 877 1326 915 αὐτὰ
1349 880 1427 916 κατ’
1446 880 1530 929 ἐμοῦ
1548 878 1748 930 συνθέμενοι
1771 881 1917 931 φρονεῖν.

1291 955 1357 981 453.
1385 943 1461 980 παῖ’
1491 943 1593 980 αὐτὸν
1623 957 1632 982 :
1667 942 1795 981 Ἰστέον
1821 941 1873 981 ὅτι
1908 945 1926 981 6
1957 943 2060 996 χορὸς
2089 947 2201 981 ταῦτα
2231 947 2282 997 τῷ

1240 1000 1494 1053 ἀλλαντοπώλῃ
1539 1000 1831 1054 παρακελεύεται.
1869 1001 2013 1045 ἀστείως
2048 1000 2084 1039 δὲ
2122 1000 2179 1039 διὰ
2217 1000 2280 1047 τὴν

1240 1058 1369 1096 ἐκείνου
1399 1059 1524 1111 τέχνην
1546 1059 1593 1103 εἴς
1619 1076 1655 1097 τε
1676 1059 1720 1097 τὰ
1747 1058 1866 1111 ἔντερα
1891 1059 1950 1097 καὶ
1975 1059 2033 1097 τὸν
2054 1059 2154 1098 κόλον
2176 1059 2281 1097 αὐτὸν

1239 1117 1380 1154 τύπτειν
1401 1117 1544 1155 κελεύει.
1565 1117 1718 1168 μάλιστα
1734 1117 1802 1170 γὰρ
1822 1120 1843 1163 ἡ
1861 1120 1929 1156 τῶν
1948 1119 2227 1157 ἀλλαντοπωλῶν
2244 1119 2283 1156 ἐκ
2307 1138 2338 1163 15

1239 1174 1370 1213 τούτων
1393 1175 1583 1222 συνέστηκε
1603 1175 1722 1227 τέχνη.

1762 1238 1950 1283 Κολούσεις
1968 1239 2029 1278 καὶ
2056 1237 2200 1282 παύσεις
2219 1255 2282 1276 και

1241 1297 1476 1341 ταπεινώσεις.
1499 1297 1570 1370 ἀπρ
1590 1313 1626 1335 οε
1650 1314 1708 1335 του
1737 1297 1839 1335 κόλου
1860 1297 1918 1335 καὶ
1940 1298 2084 1351 ἐντέρων
2110 1296 2173 1356 τὴν
2193 1296 2284 1341 λέξιν

1241 1355 1413 1401 ἐποίησεν.
1428 1355 1512 1398 ἴσως
1528 1355 1563 1393 ΟΞ
1579 1371 1638 1392 xw.
1656 1371 1757 1392 αυτΟν
1775 1371 1973 1394 τυπῗουσῑν.

1293 1253 1358 1278 456.
1390 1242 1476 1277 κολα
1505 1256 1563 1277 τον
1593 1240 1733 1292 ἄνδρας

1293 1433 1356 1459 457.
1371 1422 1416 1471 [ὠ
1435 1435 1684 1471 γεννικωτατον
1706 1434 1714 1459 ;
1736 1420 1993 1473 Ἰσχυρότατον.
2019 1420 2152 1465 παίζων
2183 1421 2284 1474 κρέας
2306 1443 2342 1467 20

1242 1478 1344 1517 αὐτὸν
1364 1478 1478 1529 λέγει,
1503 1481 1541 1516 ἐκ
1566 1485 1764 1532 μεταφορᾶς
1786 1481 1854 1517 τῶν
1876 1481 2027 1533 ἰσχυρῶν
2050 1481 2173 1532 κρεῶν,
2199 1479 2221 1516 ἃ
2246 1482 2284 1519 οὗ

1241 1537 1490 1590 κατεργάζεται
1508 1537 1622 1589 πυρί.]

1294 1615 1356 1639 459.
1387 1601 1448 1651 [ὡς
1468 1595 1506 1638 εῧ
1537 1614 1545 1639 ;
1570 1601 1801 1648 Ἔπιτηδείως
1827 1600 1931 1641 αὐτὸν
1960 1600 2020 1641 καὶ
2049 1603 2206 1647 ὑπούλως
2233 1602 2291 1641 διὰ

1242 1661 1309 1697 τῶν
1325 1659 1437 1710 λόγων
1460 1659 1621 1706 ἐνίκησας
1640 1663 1708 1697 τῶν
1727 1661 1826 1712 σῶν.]

1295 1738 1359 1762 462.
1390 1724 1469 1762 ἀλλ’
1502 1724 1705 1772 ἠπιστάμην
1732 1738 1741 1763 :
1775 1724 1931 1778 Ὑψηλὸς
1961 1725 2008 1764 ὢν
2040 1725 2100 1764 καὶ
2131 1725 2283 1778 μεγαλό-
2305 1740 2343 1764 25

1244 1798 1352 1836 φωνος
1369 1786 1386 1821 6
1410 1782 1529 1821 Κλέων
1548 1782 1781 1835 πολυτρόποις
1798 1784 1912 1835 λόγοις
1931 1783 2114 1837 κέχρηται.

1713 1846 1958 1899 Σφηνούμενα.
1992 1847 2119 1900 γόμφοι
2154 1846 2221 1900 γὰρ
2256 1850 2287 1886 οἳ

1245 1910 1369 1959 σφῆνες
1389 1908 1419 1943 οἱ
1437 1905 1645 1957 συνείροντες
1663 1904 1724 1949 τὰς
1745 1905 1885 1949 σανίδας
1908 1906 1968 1943 καὶ
1994 1910 2290 1959 συναρμονιῶντες

1245 1978 1304 2003 και
1325 1981 1538 2017 συνεχοντες.

1297 2037 1360 2063 464.
1392 2024 1427 2068 ἐξ
1713 2054 1721 2062 .
1753 2022 1860 2074 Ἁμαξ
1865 2039 2004 2097 ουργους
2033 2023 2182 2061 Ἀττικοὶ
2211 2023 2287 2067 τους
2308 2043 2343 2069 -30

1246 2081 1488 2135 ἀγριοπηγούς.
1522 2083 1608 2125 εἶδος
1642 2081 1677 2119 δε
1712 2082 1920 2134 ἀγριοπηγοὶ
1948 2081 2136 2129 τεκτόνων,
2166 2081 2199 2119 οι
2232 2081 2298 2126 τὰς·

1246 2140 1382 2191 ἁμάξας
1411 2140 1627 2178 τεκταίνουσι
1656 2140 1715 2177 καὶ
1743 2140 1883 2177 πάντων
1915 2143 1984 2178 τῶν
2021 2140 2149 2193 ἀγρίων
2184 2139 2292 2184 ξύλων

1247 2199 1330 2236 εἰσὶν
1352 2198 1508 2251 ἐργάται.
1531 2197 1648 2244 ἐπειδὴ
1671 2197 1706 2235 δὲ
1729 2200 1746 2235 6
1767 2197 1890 2236 Κλέων
1915 2203 2122 2242 τεκτονικοῖς
2143 2199 2291 2249 ὀνόμασι

1246 2264 1353 2295 πᾶσιν
1371 2257 1545 2309 ἐχρήσατο
1557 2287 1566 2303 ,
1581 2256 1831 2307 τεκταινόμενα
1851 2255 1957 2294 εἰπὼν
1973 2256 2033 2294 καὶ
2050 2257 2289 2308 γομφούμενα,

1246 2320 1263 2355 6
1284 2317 1319 2354 δὲ
1343 2315 1616 2363 ἀλλαντοπώλης
1645 2314 1741 2354 οὐδὲν
1774 2315 1842 2353 ἀπὸ
1867 2318 2066 2361 τεκτονικῆς
2091 2318 2248 2369 ἀπαντᾷ,
2273 2319 2290 2354 6
2310 2334 2344 2358 35

1246 2376 1348 2428 χορὸς
1365 2374 1484 2427 ὥσπερ
1505 2374 1595 2412 δέδιε
1616 2373 1664 2425 μὴ
1692 2370 1795 2421 ἧττον
1817 2373 2051 2425 ἀπενέγκηται
2079 2378 2139 2412 τοῦ
2168 2374 2291 2413 Κλέω-

1246 2450 1320 2481 νος,
1352 2434 1414 2472 καὶ
1444 2434 1616 2485 ἀσχάλλει
1641 2433 1701 2471 καὶ
1726 2435 1908 2486 δυσφορεῖ,
1935 2433 1987 2470 ὅτι
2007 2432 2104 2471 οὐδὲν
2128 2433 2293 2480 ἀντέθηκε

1247 2497 1397 2530 τοιοῦτον
1418 2495 1527 2544 ῥῆμα.

1300 2563 1363 2588 465.
1398 2549 1519 2586 οὔκουν
1547 2549 1585 2598 μ’
1604 2549 1637 2586 ἐν
1666 2546 1783 2600 Ἄργει
1805 2561 1813 2585 1
1844 2546 1951 2599 Παρὰ
1970 2547 2028 2585 τὸν
2054 2547 2207 2598 πόλεμον
2234 2549 2291 2587 τὸν

1250 2606 1594 2656 Πελοποννησιακὸν,
1624 2605 1737 2643 καίτοι
1757 2604 1922 2658 πρότερον
1953 2605 2070 2657 εχθροὶ
2101 2605 2194 2649 ὅντες
2221 2610 2290 2650 τοῖς
2310 2623 2346 2649 40

1249 2666 1416 2719 Ἀργείοις
1446 2668 1475 2702 οἱ
1508 2665 1679 2736 Αθηναῖοι
1708 2662 1764 2701 διὰ
1793 2662 1856 2709 τὴν
1884 2663 1968 2715 πρὸς
1998 2664 2292 2714 Λακεδαιμονίους

1250 2724 1477 2775 ἀπέχθειαν,
1466 2723 1583 2766 ε”δοξαν
1605 2723 1720 2765 αὐτοῖς
1739 2720 1897 2772 γενέσθαι
1917 2721 2020 2774 φίλοι.
2038 2737 2141 2774 φησιν
2162 2726 2220 2759 οὐν
2239 2722 2292 2760 ὅτι

1253 2782 1371 2822 Ικλέων
1405 2782 1462 2820 ἐπὶ
1496 2781 1609 2833 βλάὸῃ
1631 2797 1691 2826 της
1723 2780 1857 2823 πόλεως
1884 2778 1944 2825 τὴν
1979 2779 2140 2832 Ἀργείων
2176 2780 2292 2833 φιλίαν

1249 2840 1420 2894 προξενῶν
1448 2843 1485 2878 οὐ
1506 2839 1666 2878 λανθάνει
1700 2854 1743 2889 με
1766 2837 1976 2876 σπείσασθαι
2003 2838 2087 2891 πρὸς
2111 2838 2186 2882 τοὺς
2213 2839 2293 2892 Ἄρ-

1250 2900 1359 2951 γείους
1378 2898 1503 2937 πείθων
1514 2897 1576 2944 τὴν
1591 2897 1703 2945 πόλιν,
1723 2897 1921 2949 παρρησίαν
1938 2899 1983 2940 εἷς
2005 2897 2045 2934 τὸ
2065 2890 2291 2949 συγγενέσθαι
2310 2920 2346 2946 45

1249 2960 1319 3002 τοῖς
1340 2956 1624 3007 Λακεδαιμονίοις
1644 2958 1757 3008 ἑαυτῷ
1772 2954 2068 3007 περιποιούμενος.

1295 1861 1330 1885 46
1341 1862 1362 1886 ι.
1393 1846 1620 1900 γομφούμενα
1662 1860 1671 1885 :

1461 2023 1617 2074 ἁμαςουρ
1620 2026 1724 2073 γού·

1303 3036 1366 3061 468.
1397 3022 1456 3060 καὶ
1475 3021 1570 3059 ταῦτ’
1586 3021 1636 3073 ἐφ’
1657 3014 1742 3058 οἷσιν
1762 3019 1836 3057 ἐστὶ
1853 3018 2115 3071 συμφυσώμενα
2131 3032 2140 3058 :
2161 3020 2295 3070 [Κατα-

1252 3080 1519 3131 σκευαζόμενα.]
1536 3079 1593 3116 ἐπὶ
1612 3078 1677 3116 τίνι
1698 3077 1912 3128 συμπνέουσι
1928 3077 1988 3115 καὶ
2008 3080 2255 3131 ὁμοφρονοῧσιν
2275 3077 2297 3115 6'

1251 3157 1288 3179 τε
1321 3139 1441 3179 Κλέων
1475 3154 1536 3175 και
1570 3140 1600 3175 οἱ
1635 3135 1928 3187 Λακεδαιμόνιοι,
1961 3151 2064 3188 φησιν
2098 3135 2200 3179 αὐτὸς
2229 3137 2292 3172 οὐκ

1253 3201 1399 3250 ἀγνοεῖν.
1426 3196 1501 3234 ἐπεὶ
1531 3195 1565 3233 δὲ
1585 3198 1603 3233 6
1635 3194 1754 3233 Κλέων
1783 3199 1989 3237 τεκτονικοῖς
2012 3209 2101 3231 τισιν
2127 3192 2290 3243 ὀνόμασιν
2313 3211 2348 3235 „n

1253 3255 1460 3315 ἐχρήσατο,
1472 3253 1577 3291 πάλιν
1608 3257 1704 3297 ουτος
1735 3256 1863 3304 γρῆται
1898 3253 2152 3305 χαλκευτικοῖς.
2176 3251 2292 3302 φυσώ-

1254 3330 1339 3366 μενα
1364 3312 1399 3351 δὲ
1428 3317 1501 3351 εἰπε
1523 3312 1579 3350 διὰ
1614 3328 1673 3355 τας
1703 3312 1813 3364 φύσας
1832 3311 1894 3354 τὰς
1921 3308 2170 3362 χαλκευτικάς.
2197 3308 2237 3345 τὸ
2256 3307 2291 3346 δὲ

1252 3375 1361 3426 γαλκε
1366 3371 1461 3410 ύετοῑι
1477 3374 1523 3414 ὡς
1537 3387 1621 3424 προς
1636 3370 1697 3414 τὰς
1714 3370 1796 3408 ούσς.
1796 3386 1821 3413 ς
1839 3374 1945 3409 εἶπεν.
1967 3368 2039 3407 ἔστι
2054 3366 2126 3406 δὲ
2106 3381 2223 3418 ομοιον
2242 3368 2291 3403 τιΝ)
