2485 3808
886 214 1139 253 SCHOLIA
1175 215 1232 253 IN
1268 216 1468 257 NUBES.

113 300 224 352 λόγων
240 299 279 338 τὸ
298 299 428 337 δίκαιον
457 297 662 349 διαφθεῖραι.
683 300 724 335 Ε.
749 296 804 334 διὰ
828 300 982 349 στροφῶν
1003 299 1060 335 καὶ
1081 314 1154 336 ποι-

114 359 232 399 κιλίων
251 357 363 408 λόγων
382 356 422 395 τὸ
442 355 572 394 δίκαιον
599 357 804 408 διαφθεῖραι.
830 357 1008 394 διολισθεῖν

113 418 244 472 φυγεῖν.
273 423 353 454 lict-

167 489 230 514 436.
254 474 460 525 προπόλοισι
480 471 533 519 85,
559 472 712 525 πρόσφυξ
718 488 726 509 ι
755 473 814 510 καὶ
842 473 1039 525 θεράπουσι.
1061 472 1152 523 λέγει

78 537 96 562 ⁶
116 533 152 574 85
167 536 238 576 τοῖς
248 532 455 585 φιλοσόφοις.
480 531 497 583 ᾗ
515 531 623 575 πιεζει
640 532 694 577 δὲ,
710 547 900 583 στενοχιιεῳ
888 532 917 567 ιἶ
927 532 1150 594 ,ἀναγκάζει.

113 615 159 621 -
172 590 422 644 προπόλοισινς
445 591 489 628 Ὗ
491 589 673 641 πηρέταις,
687 590 876 642 νεωκόροις.
900 599 910 628 1
916 599 983 628 iel.

165 663 228 688 438.
259 648 356 700 [τους
375 664 515 686 κοππατ
519 648 603 691 ίας;
630 648 730 686 Μετὰ
755 653 812 686 τοῦ
838 651 1065 702 χαράγματος
1094 648 1152 686 καὶ

113 708 190 751 τοὺς
210 707 439 760 ἐκκεκοερότας
457 709 560 745 αὐτοῦ
581 707 642 752 τὴν
659 707 778 744 οὐσίαν
799 709 907 753 δηλοῖ.

165 766 202 810 ὅς
224 767 260 816 μ’
283 766 463 818 ἐπέτριψεν
482 780 490 804 :
509 765 575 808 Ὃς
593 765 699 808 αἴτιός
724 781 781 815 μοι
795 766 912 816 γέγονε
931 766 1069 803 πάντων
1085 767 1152 801 τῶν

62 832 96 857 10
115 824 323 876 συμὸάντων
336 840 465 862 κακιι·)ν
479 823 501 870 ἢ
519 825 560 861 δι’
578 823 614 860 ὃν
635 822 866 874 ἐδυστύχησα.
883 823 1126 875 -ἐπέτριψεν
1143 835 1150 860 2

114 883 326 936 Ἥφάνησεν.
350 887 447 929 Uel]

167 955 230 980 439.
260 941 352 994 [νῦν
369 956 427 978 ουν
441 939 626 992 χρήσθιι.)ν
646 939 688 978 Ἥ
710 938 841 982 ἔκθεσις
855 942 916 984 τῆς
935 940 1058 982 διπλῆς
1080 936 1153 975 κώ-

114 1001 184 1037 λων
214 999 308 1037 ε’στιν
335 998 463 1049 ὁμοίων
495 999 754 1035 ἀναπαιστικῶν
790 998 847 1043 ιη’.

1036 370 1043 377 .
1064 357 1105 395 ’¹⁴'

1037 387 1044 395 .
1097 373 1150 395 „X-

877 992 925 1035 ιῗιν
948 997 987 1034 τὸ
1018 998 1152 1048 πρῶτον

115 1057 295 1110 τρίμετρον
321 1055 667 1109 βραχυκατάληκτον·
684 1054 728 1092 τὰ
750 1054 785 1092 85
803 1054 880 1100 ἑξῆς
900 1055 1044 1106 δίμετρα
1061 1055 1153 1090 ἀκα-

65 1127 96 1151 15
115 1115 297 1165 τάληκτα,
325 1113 416 1160 πλὴν
444 1117 504 1150 τοῦ
531 1112 724 1150 δωδεκάτου
747 1112 807 1150 καὶ
837 1111 1152 1158 ἑπτακαιδεκάτου,

116 1174 377 1210 ἀναπαιστικῶν
394 1170 527 1223 βάσεων
547 1170 813 1223 παρατελεύτων
831 1170 1067 1220 καλουμένων,
1094 1170 1154 1207 καὶ

114 1234 175 1269 τοῦ
193 1229 390 1268 τελευταίου
407 1231 662 1282 ἑφθημιμεροῦς
681 1228 793 1276 ὄντος,
815 1229 874 1266 καὶ
896 1231 1130 1280 παροιμιακοῦ
1143 1258 1153 1275 ,

115 1291 161 1332 ὡς
181 1287 332 1342 εἴρηται,
354 1286 580 1337 καλουμένου.
601 1286 658 1325 ἐπὶ
682 1289 732 1339 τῷ
757 1286 848 1324 τέλει
868 1286 928 1324 δύο
950 1288 1070 1324 διπλαῖ
1091 1285 1155 1330 ἔξω

115 1347 320 1386 νενευκυῖαι.
335 1345 354 1398 ᾟ

63 1419 100 1444 20
169 1404 332 1457 χρήσθων
350 1418 358 1443 :
376 1406 450 1443 Νῦν
477 1398 534 1441 οὖν
556 1403 779 1456 χρήσθωσαν.
809 1402 871 1448 τὴν
895 1402 955 1453 μὲν
979 1401 1155 1454 προφορὰν

115 1466 162 1507 ὡς
184 1462 298 1501 δυϊκὸν
326 1462 399 1514 ἔχει
423 1465 482 1500 τοῦ
509 1466 776 1512 σχηματισμοῦ.
796 1464 1033 1508 πληθυντικῶς
1052 1460 1087 1497 85
1106 1460 1159 1498 λέ-

115 1523 236 1560 λεκται
262 1520 485 1573 χρήσθωσαν.
513 1520 677 1558 Ἀττικῶν
709 1520 744 1557 85
767 1523 788 1566 ἡ
816 1519 959 1566 τοιαύτη
984 1518 1158 1565 σύνταξις,

116 1579 304 1618 ποιούντων
322 1579 681 1630 ἐκεῖνοι,<ρρονούντων
698 1579 819 1616 ἐκεῖνοι
837 1578 911 1615 ἀντὶ
926 1581 986 1616 τοῦ
1000 1577 1159 1615 ποιείτω-

119 1653 182 1676 σαν
207 1637 267 1675 καὶ
292 1637 536 1690 φρονείτωσαν,
558 1638 603 1679 ὡς
623 1636 682 1673 καὶ
699 1637 857 1673 ἐνταῦθα.
883 1639 941 1673 νῦν
957 1635 1037 1686 γὰρ,
1059 1635 1161 1687 φησὶ,

65 1712 100 1737 25
118 1695 181 1742 τὴν
201 1695 355 1740 ἐξουσίαν
373 1697 487 1738 αὐτοῖς
511 1695 695 1744 ἐπιδίδωμι
722 1698 782 1731 τοῦ
806 1696 955 1744 ἐμαυτοῦ
981 1694 1161 1743 σώματος,

118 1755 188 1798 τοῖς
203 1753 388 1806 προπόλοις
404 1752 578 1799 δηλονότι,
595 1753 711 1803 (ἤγουν
731 1758 800 1795 τοῖς
817 1752 1040 1805 φιλοσόφοις).

170 1826 236 1852 441.
279 1815 425 1858 κακοῦν,
456 1811 674 1864 ξηραίνεσθαι
708 1811 768 1849 καὶ
793 1811 832 1849 τὸ
873 1811 981 1864 δέρμα
1017 1827 1081 1861 μου
1119 1812 1165 1853 εἷς

120 1870 226 1908 ἀσκὸν
246 1869 512 1922 ἐκδερματίζειν.
545 1869 632 1922 ὑπὲρ
650 1870 686 1907 85
713 1873 773 1907 τοῦ
801 1873 1025 1917 πιστευθῆναι
1062 1868 1165 1906 αὐτὸν

120 1928 280 1980 ἐμμένειν
292 1931 362 1971 τοῖς
377 1926 631 1978 ὑποκειμένοις,
647 1927 840 1980 προσέθηκε
860 1927 965 1965 πλέον
985 1927 1059 1977 (ἢ’
1045 1932 1166 1964 εκεῖνοι

69 2000 104 2026 3ο
123 1983 357 2041 προσέταξαν,
384 1986 445 2024 και
472 1985 564 2037 λέγει
591 1989 818 2044 καταφρονεῖν
852 1985 1076 2039 ἐκδερομένου
1108 1988 1166 2022 τοῦ

123 2046 323 2098 δέρματος).
344 2047 362 2082 ὃ
384 2043 452 2097 γὰρ
473 2044 518 2082 τὰ
531 2044 638 2095 μείζω
656 2041 953 2096 ἐπαγγελλόμενος
974 2043 1168 2094 ὑπομένειν,

124 2102 311 2156 εὐχερῶς*
293 2119 333 2141 αν
349 2101 393 2140 τὰ
408 2102 537 2149 ἥττονα
565 2103 757 2153 ὕπενέγκοι.

175 2176 239 2201 442.
270 2162 290 2215 ᾗ
308 2161 415 2200 ἀσκὸν
435 2160 542 2214 δέρειν
563 2174 572 2198 2
597 2162 688 2200 Ἀντὶ
708 2166 766 2200 τοῦ
784 2162 823 2199 τὸ
839 2165 942 2212 σῶμα
959 2161 1121 2213 ἐκδέρειν,
1143 2161 1171 2197 εἷ

125 2220 194 2259 δέοι
212 2219 487 2273 καταφρονήσειν
515 2219 740 2271 ἔκδερομένου
758 2224 816 2257 τοῦ
839 2219 1011 2270 σώματος.
1031 2242 1084 2247 -
1114 2220 1173 2255 αὖ·

73 2293 107 2320 35
125 2279 228 2331 χμεῖν
251 2291 260 2316 :
281 2277 726 2330 Ξηραίνεσθαι,ἀλουτιᾷν.
751 2278 855 2330 vict]

179 2349 243 2374 445.
271 2334 348 2381 ἴτης
366 2349 375 2374 :
391 2335 480 2375 Ἀντὶ
494 2339 552 2373 τοῦ
566 2335 706 2385 ἰταμὸς,
724 2337 889 2389 σκληρὸς,
909 2335 1096 2386 τολμηρὸς,
1114 2335 1173 2372 καὶ

128 2393 169 2433 δι’
187 2396 299 2432 αὐτῶν
315 2396 438 2446 χωρῶν
450 2396 518 2431 τῶν
534 2394 764 2445 πράγματων.
782 2393 1037 2446 -ὁρμητικός,
1056 2402 1117 2431 Br.

179 2465 244 2491 446.
277 2451 438 2503 βδελυρὸς
453 2465 461 2490 :
477 2452 550 2490 Καὶ
563 2452 620 2490 τὸν
642 2452 766 2504 πόρνον
777 2452 884 2496 οὕτως
905 2452 1061 2499 ἐκάλουν,
1076 2454 1122 2495 ὡς
1139 2453 1173 2489 ἐν

127 2513 178 2564 τῷ
200 2508 293 2548 κατὰ
317 2509 504 2563 Τιμάρχου
532 2510 722 2562 Αἰσχίνης,
751 2510 814 2548 καὶ
837 2510 896 2548 τὸν
923 2510 1043 2561 μίσους
1069 2510 1173 2554 ἄξιον.

77 2581 113 2607 40
130 2568 190 2606 καὶ
207 2567 248 2606 τὸ
266 2570 413 2617 μισῆσαι
433 2567 671 2619 βδελύξασθαι.
687 2568 747 2606 καὶ
776 2569 833 2606 τὸν
861 2568 1092 2620 ἀνελεύθερον.
1110 2568 1174 2619 [τὸ

130 2625 166 2664 δὲ
195 2626 330 2678 ψευδῶν
361 2625 599 2676 συγκολλητὴς
624 2626 700 2664 ἀντὶ
719 2630 779 2664 τοῦ
811 2625 1113 2679 ψευδοπλάστης]
1129 2650 1175 2654 —-

131 2682 346 2736 ψευδολόγος.
378 2690 416 2720 R.
430 2690 472 2720 V.
496 2683 631 2736 μιαρός.
663 2692 722 2722 Br.
750 2684 895 2737 Θρασὺς,
914 2685 1063 2738 ἰσχυρός.
1088 2696 1172 2726 Vict.

132 2740 362 2792 ξυγκολλητὴς
377 2754 386 2780 :
401 2741 615 2795 Συρραιρεύς.
636 2753 718 2784 Vict.

187 2811 251 2838 447.
280 2799 486 2851 εὑρησιεπὴς
503 2813 512 2838 :
531 2800 741 2852 Ἔφευρετὴς
755 2800 882 2852 λόγων.
898 2810 936 2840 Α.
956 2803 1173 2856 περίτριμμα

83 2866 119 2892 45
138 2856 240 2893 δικῶν
261 2868 271 2894 :
291 2856 527 2909 Τετριμμένος
544 2873 624 2910 περι
640 2857 700 2901 τὰς
714 2859 822 2902 δίκας.
842 2868 908 2897 ΒΓ.

197 2925 262 2951 448.
289 2912 408 2964 κύρὸις
439 2927 449 2952 :
477 2914 520 2952 Ὁ
553 2916 750 2968 περίεργος,
780 2916 816 2954 ὃν
845 2918 911 2955 οὐκ
943 2917 1015 2956 ἔστι
1043 2921 1173 2957 λαθειν·

142 2967 274 3018 (ἕνεκεν
293 2969 359 3021 γὰρ
386 2970 524 3020 μνήμης
537 2971 727 3025 ἀνέγραφον
750 2975 795 3017 εἷς
811 2973 873 3018 τὰς
890 2974 1066 3036 κύρὸιας).
1088 2976 1173 3028 κύρ-

141 3027 195 3070 ὅις
212 3026 248 3064 85
265 3042 359 3070 σανις
371 3027 450 3065 ἔνθα
467 3030 497 3066 οι
513 3028 611 3079 νόμοι
627 3031 862 3081 γεγραμμένοι
888 3037 991 3079 ἦσαν.
1011 3033 1033 3079 ἢ
1055 3033 1172 3077 οὕτως.

141 3084 294 3132 ἡδέως*
278 3101 319 3123 αν
349 3087 497 3123 ὁτιοῦνζ
484 3087 725 3138 υπομείναιμι,
753 3089 810 3127 ἵνα
835 3090 921 3135 δόξω
946 3097 1015 3134 τοῖς
1037 3093 1176 3135 πολ)οῖς

89 3141 297 3194 ωλόγων”
278 3159 438 3196 εμπειρος
465 3147 551 3181 εἶναι
580 3159 641 3182 και
667 3146 791 3196 νόμους
816 3149 954 3186 εἰδέναι.
980 3158 1018 3187 R.
1033 3159 1074 3188 V.
1099 3150 1177 3202 κύρ-

143 3200 221 3244 6ιςε
241 3200 371 3251 Νόμων
391 3200 537 3253 πληρης.
555 3210 616 3239 Br.

199 3259 254 3309 (τὸ
267 3258 303 3296 85
322 3259 488 3311 κρόταλον
506 3259 582 3296 ἀντὶ
598 3263 658 3297 τοῦ
675 3260 863 3311 εὔγλωττος
878 3280 935 3302 και
955 3265 1120 3317 εὔστομος
1132 3269 1178 3310 ὡς

144 3315 189 3354 τὰ
207 3315 395 3369 κρόταλα.)
412 3340 463 3344 -
479 3317 545 3353 πολ
538 3316 678 3367 υλόγος.
703 3332 762 3361 Β,

198 3373 382 3421 κίναδος,’
363 3374 585 3420 απατητικός.
604 3375 737 3426 εἴρηται
757 3376 792 3414 85
816 3379 886 3416 ἀπὸ
907 3389 1102 3433 μεταφορᾶς
1118 3386 1178 3429 τῆς

2171 236 2240 266 10ἵῖ

1211 301 1399 345 ἀλώπεκος.
1433 306 1551 347 κοινῶς
1571 304 1604 342 85
1636 305 1750 357 θηρίον
1773 306 1812 344 τὸ
1837 308 1987 354 κίναδος,
2011 311 2075 360 οὐχ
2093 309 2138 354 ὥς
2160 312 2245 355 τινές

1210 374 1313 410 φασιν
1329 366 1398 397 πᾶν
1419 361 1570 412 ἑρπετόν.
1593 370 1628 399 R.
1654 364 1743 413 (τὸ
1729 364 1764 401 85
1787 365 1923 409 κίναδος
1949 361 2035 411 εἶδός
2053 384 2085 405 τι
2108 368 2246 422 θηρίου,

1211 434 1258 459 ως
1273 433 1333 454 και
1361 419 1620 468 Δηιιοσθενης
1606 437 1639 458 εν
1665 438 1874 475 τι)περιστε
1880 424 1984 477 ράνου
2006 426 2066 476 [.p
2100 440 2169 473 307,
2190 429 2246 479 23]

1219 480 1343 513 ιτοῦτο
1368 476 1402 513 δὲ
1421 492 1479 513 και
1500 477 1598 529 φύσει
1618 479 1754 522 κίναδος
1767 482 2008 533 τανθρώπιόν
1994 499 2096 521 εστιν.
2122 504 2134 518 υ
2163 488 2193 523 οἱ
2209 486 2245 523 85

1210 549 1279 569 παν
1295 532 1356 582 μὲν
1374 534 1487 586 Οτριον
1505 535 1638 579 κίναδος
1650 537 1688 573 οἷῖ
1675 542 1778 580 ιοῦσι
1794 542 1991 586 κα)εῖσοαι,
2019 542 2142 586 ἰδίωςδ
2128 559 2159 581 οε
2185 544 2246 589 τὴν

2063 600 2149 653 ξ.)
2132 601 2148 627 Τ
2165 618 2232 639 τινε
2237 619 2251 645 ς

1211 647 1265 693 85,
1282 648 1427 693 κίναδος,
1444 652 1527 701 ζωον
1547 652 1684 703 μικρὸν,
1701 653 1739 690 τὸ
1756 655 1880 692 αἰδοῖον
1902 658 2062 695 εἷσωθοῦν
2086 675 2143 696 και
2167 660 2248 704 ἐξω-

1211 709 1301 744 θοῦν.
1304 706 1322 757 ⁶]
1342 711 1491 758 πανοῦρ
1478 723 1547 750 νος.
1565 717 1625 745 Ῑιίκ

1212 590 1295 627 ἀλώ
1287 607 1386 628 τεκα.
1414 596 1601 644 κακοῦργος
1627 609 1695 640 ουν,
1725 611 1840 647 :saro-zv,
1875 615 1920 641 ως
1937 599 2058 646 α’]ώπη

1263 764 1335 816 τρύ
1331 778 1404 810 -ιηε
1421 765 1495 803 ‘O
1480 768 1686 837 τετρημένος
1706 769 1836 821 σφόδρα
1851 772 1909 808 καὶ
1928 775 2201 825 πεπερονημένος
2218 778 2250 813 ἐν

1211 828 1280 864 τοῖς
1295 822 1509 873 πράγμασιν,
1533 824 1569 861 ὃν
1596 829 1663 875 ἦμε
1663 827 1880 879 ἶςτρύπανόν
1910 845 2002 881 φαιιε
2006 847 2034 867 ν.
2060 833 2094 882 [τ
2083 837 2189 884 ,ρῦιια
2214 834 2249 870 85
2274 849 2304 872 ιιι

1210 881 1270 917 καὶ
1289 883 1406 932 τρῆμα
1428 898 1489 927 την
1507 883 1595 928 ὅπην
1613 899 1736 935 φαμεν.
1741 886 1755 935 ]
1772 889 1807 922 θε
1800 885 1898 923 λει
1881 886 1916 924 85
1934 889 2022 925 3375:-
1993 905 2020 926 5¹.
2024 906 2040 925 ν
2058 890 2189 933 εὔτονος
2208 908 2252 934 ως

1210 938 1395 1008 τρύπανον
1419 939 1436 991 [1
1458 940 1570 992 τρύιιη
1593 936 1650 979 οῧν
1675 942 1859 994 τρύπανον,
1881 948 1925 988 ὡς
1950 947 2088 984 πάντων
2115 964 2251 999 περιγε-

1211 997 1363 1047 νόμενος.
1395 997 1416 1044 ἢ
1444 998 1536 1047 τριὸς
1568 1015 1626 1036 και
1658 1002 1791 1039 ταλαίπ
1767 1019 1892 1055 τωρος.
1923 1003 1944 1049 ἢ

1979 1006 2167 1057 τρυιιαλιά.
2204 1030 2254 1034 ——

1209 1055 1369 1094 λεπτολό·
1359 1072 1426 1108 γ.ος
1451 1056 1526 1109 Βῆ]

1264 1127 1329 1154 449.
1361 1115 1518 1164 μάσθλης
1536 1115 1628 1159 ἰδίως
1643 1119 1660 1154 8
1682 1121 1801 1168 μεμα)
1794 1119 1951 1171 αγμένος
1978 1122 2086 1173 λῶρος
2111 1123 2170 1160 καὶ
2193 1123 2252 1161 ἔκ-

1211 1175 1320 1216 λυτος.
1348 1173 1504 1223 μάσθλης
1523 1178 1579 1211 οὖν
1601 1176 1781 1213 ἐνταῦθαε
1768 1193 1785 1213 ο
1804 1179 1872 1215 πο)
1865 1177 2063 1251 υγνώυιων
2069 1196 2128 1217 και
2149 1181 2255 1230 μηδεν

1215 1235 1252 1284 βε
1239 1231 1353 1269 έὅαιον
1379 1232 1466 1281 μηδὲ
1489 1232 1652 1285 σταθερὸν
1675 1234 1867 1284 γινώσκων.
1895 1253 1918 1281 η
1939 1239 1992 1273 8‘
1984 1253 2084 1274 ιιιαν
2070 1237 2178 1285 τώδης
2197 1240 2256 1276 καὶ

1214 1289 1417 1341 μαστιγίας,
1435 1291 1504 1328 ἀπὸ
1522 1298 1717 1366 μεταφορᾶς
1732 1297 1791 1331 τοῦ
1804 1295 1959 1343 μειιαλα
1950 1310 2076 1344 γιιενου
2098 1296 2202 1346 ἱμάντ
2206 1312 2256 1345 ος,

1212 1348 1234 1394 ἢ
1260 1348 1367 1421 ρῦτως
1395 1348 1528 1392 εὔτονος
1543 1352 1588 1392 ὡς
1605 1350 1715 1402 ἱμάςι.

2278 1146 2308 1169 Ιῡ

1811 1352 1903 1403 λέγει
1923 1357 1980 1390 οὐν
2001 1354 2058 1391 τὸν
2078 1355 2258 1407 ὀλισθηρὸν

1214 1424 1272 1445 και
1290 1406 1502 1446 διαδατικόν.
1520 1431 1572 1436 —
1589 1410 1868 1461 μεμαὶαγμένος.
1886 1421 1945 1450 ΒΓ.

1420 1465 1429 1476 ‘
2280 1439 2314 1462 20

1270 1465 1397 1504 Εἴῦων.

1491 1482 1582 1504 παντ
1586 1483 1606 1503 α
1633 1468 1764 1511 παίζων
1796 1484 1856 1505 και
1883 1469 2139 1520 διαχλευάζιιψ,
2158 1473 2259 1523 εἰρω-

1217 1524 1396 1574 νευόμενος
1408 1554 1417 1570 ,
1438 1524 1613 1571 ἀπατεὼν,
1632 1526 1830 1578 ὑποκριτής.

1271 1582 1382 1633 γλοιὸς
1404 1597 1412 1621 :
1437 1582 1505 1631 (Τὸ
1524 1583 1607 1620 αὐτὸ
1628 1584 1725 1629 δηλοῖ
1745 1587 1794 1636 τῷ
1815 1584 1984 1634 μάσθλης.
2007 1585 2170 1632 εἴληπται
2187 1586 2222 1624 85
2236 1590 2258 1632 ἡ

1221 1656 1399 1693 μεταφορα
1420 1640 1488 1677 απὸ
1504 1644 1591 1677 τοῦ
1579 1657 1603 1677 ι
1603 1641 1696 1683 ιτοῗς
1714 1642 1907 1692 βαλανείοις
1924 1643 2040 1681 ελαίου
2054 1644 2261 1693 πεπηγότος,

1220 1698 1305 1751 ὅπερ
1349 1714 1428 1740 τους
1468 1698 1817 1748 ἐπιὶαιιοανομενους
1853 1700 2077 1737 διολισθανειν
2116 1717 2158 1738 πε
2151 1701 2260 1753 ’ρυκε
2281 1725 2315 1748 25

1220 1761 1371 1799 τοιοῦτος
1399 1759 1456 1793 οὖν
1485 1772 1543 1792 και
1575 1759 1592 1793 8
1623 1755 1820 1808 πρεσξιύτης
1850 1757 1988 1808 εὔχεται
2007 1758 2162 1808 γενεσθαι
2187 1775 2264 1802 τους

1222 1813 1869 1868 τρο-τους,ικιωστ-ερςιοᾙσθανιινιαι
1879 1815 1939 1866 φεύ
1942 1832 2013 1866 γειν
2027 1816 2170 1863 δύνηται
2189 1834 2265 1861 το3ς

1224 1872 1415 1915 δανειστάς.
1438 1872 1496 1909 καὶ
1519 1871 1621 1924 μέχρι
1644 1873 1743 1924 δεῦρο
1760 1872 1836 1916 τοὺς
1860 1877 1903 1925 τῇ
1933 1873 2054 1926 γνώμῃ
2076 1875 2265 1920 σκάζοντας

1224 1931 1283 1969 καὶ
1299 1930 1405 1981 μηδὲν
1427 1930 1590 1983 σταθερὸν
1606 1932 1898 1983 φρονοῦντας-,καὶ
1916 1932 2001 1970 ἄλλο
2019 1933 2079 1983 μὲν
2100 1935 2267 1984 ἐπαγγελ-

1224 1989 1410 2040 λομένους,
1430 1989 1516 2028 ἄλλο
1540 1989 1575 2027 85
1594 1993 1802 2042 φρονοῦντας
1815 1991 1874 2028 καὶ
1893 1991 2134 2044 πράσσοντας,
2152 1995 2209 2030 διὰ
2225 1994 2263 2031 τὸ
2286 2018 2320 2042 30

1225 2052 1286 2094 τῆς
1302 2048 1442 2099 γνώμης
1457 2048 1638 2100 ὀλισθηρὸν
1658 2048 1717 2085 καὶ
1737 2048 1882 2087 ἄπιστον
1907 2049 2041 2099 γλοιοὺς
2060 2052 2264 2102 καλοῦμεν.)

1227 2106 1284 2159 [ἢ
1305 2106 1416 2157 γλοιὸς
1437 2105 1573 2156 λέγεται
1605 2109 1622 2143 8
1642 2105 1745 2157 ῥύπος
1770 2110 1830 2143 τοῦ
1856 2107 1984 2145 ἐλαίου.
2010 2108 2102 2159 λέγει
2132 2104 2189 2146 οῧν
2211 2109 2266 2147 τὸν

1231 2164 1381 2218 ῥυπαρὸν
1405 2163 1483 2206 τοὺς
1502 2163 1658 2215 τρόπους.
1741 2162 1884 2208 Ἄλλως.
1911 2166 2022 2214 γλοιὸς
2047 2166 2106 2204 ἐπὶ
2125 2171 2185 2204 τοῦ
2206 2170 2265 2219 ῥυ-

1229 2239 1341 2275 παρο3
1369 2238 1428 2259 και
1462 2226 1586 2272 μιαροῦ
1607 2222 1665 2258 καὶ
1700 2222 1906 2295 μικρολόγου
1935 2225 2265 2275 παραλαμὲάνεται.

1229 2298 1289 2319 και
1307 2297 1372 2332 γαρ
1389 2283 1406 2317 ὅ
1429 2279 1614 2351 ρυπαργγοὸς
1597 2279 1653 2317 διὰ
1672 2279 1735 2326 τὴν
1755 2280 1903 2327 ἄσκησιν
1925 2297 1965 2318 συ
1969 2297 2003 2318 25
2006 2281 2087 2333 γγύς
2105 2283 2178 2326 πώς
2195 2299 2267 2320 εστι
2289 2309 2322 2334 35

1230 2355 1308 2390 τῳ
1298 2341 1342 2389 t)
1344 2355 1416 2376 οιιι.)
1434 2337 1491 2374 ἐπὶ
1512 2336 1547 2375 85
1562 2337 1600 2375 58
1617 2341 1695 2383 ἦθος
1713 2338 1915 2389 μετενεχθὲν
1932 2338 1989 2376 τὸν
2012 2341 2224 2393 μοχθηρὸν
2206 2357 2267 2387 οη-

1231 2398 1285 2434 λοῖ
1312 2412 1372 2433 και
1391 2396 1571 2448 ὀλισθηρὸν
1595 2396 1654 2432 καὶ
1675 2396 1918 2445 εὖμετάοολον.
1936 2396 1954 2449 ]]
1980 2398 2112 2449 γλοιὸς,
2149 2399 2270 2452 ιιιαρὸς

1231 2454 1290 2492 καὶ
1309 2453 1457 2507 ῥυπαρὸς
1473 2453 1532 2491 καὶ
1549 2452 1762 2506 μικρολόγος.
1782 2462 1818 2492 R.
1838 2454 2012 2507 γλίσχρος.
2026 2470 2086 2499 ΒΓ,

1284 2526 1349 2552 450.
1379 2512 1528 2565 κέντρων
1546 2525 1555 2550 z
1577 2511 1744 2550 Τουτέστι
1761 2513 1914 2563 χαλεπὸς
1936 2514 1995 2551 καὶ
2012 2514 2168 2567 φρικτὸς,
2185 2517 2270 2554 καθὸ

1232 2570 1291 2608 καὶ
1318 2570 1395 2613 τοὺς
1425 2570 1585 2621 ἡνιόχους
1612 2569 1860 2622 κεντροτύπους
1887 2571 2072 2621 καλοῦμεν,
2099 2571 2176 2615 τοὺς
2202 2574 2270 2616 τοῖς
2290 2596 2324 2620 40
2360 2587 2364 2589 ’

1232 2629 1382 2680 κέντροις
1397 2627 1474 2671 τοὺς
1484 2627 1610 2671 ἵππους
1626 2627 1828 2671 τύπτοντας.
1849 2628 2009 2680 (κέντρων
2024 2628 2164 2680 λέγεται
2175 2631 2233 2668 καὶ
2252 2634 2270 2668 ὁ

1231 2687 1382 2733 κλέπτης
1396 2686 1452 2724 διὰ
1467 2686 1506 2723 τὸ
1523 2685 1800 2737 βασανιζομένοις
1814 2689 1884 2728 τοῖς
1896 2686 2061 2730 κλέπταις
2074 2688 2132 2725 καὶ
2146 2688 2269 2740 κέντρα

1231 2745 1511 2798 προσφέρεσθαι.)
1528 2744 1731 2796 ζκέντρων
1713 2743 1750 2781 οέ
1766 2745 1839 2781 ἐστι
1855 2744 1894 2781 τὸ
1912 2744 2184 2796 ἐπισασσόμενον
2202 2747 2271 2789 τοῖς

1232 2804 1318 2847 ὄνοις
1340 2806 1378 2841 ἐκ
1402 2804 1540 2839 πολλῶν
1563 2802 1622 2839 καὶ
1643 2800 1812 2853 διαφόρων
1833 2801 2002 2854 συρραςρὲν
2024 2804 2189 2842 σακκίων.
2210 2803 2270 2841 καὶ

1233 2862 1336 2899 ἐπίσα
1339 2877 1411 2912 γμα
1436 2877 1503 2897 των
1525 2859 1622 2898 ὄνων.
1705 2859 1791 2897 Ἄλ)
1793 2875 1850 2902 ως.
1878 2862 1908 2897 οἱ
1931 2862 1970 2897 ἐκ
1997 2862 2134 2898 πολλῶν
2160 2877 2267 2906 συνη-
2289 2887 2324 2911 45

1233 2918 1425 2972 θροισμένοι
1442 2918 1499 2955 επὶ
1518 2916 1661 2955 τοιαῦτά
1673 2933 1749 2954 τινα
1766 2922 1835 2959 τοῖς
1848 2919 1913 2954 ὑπο
1917 2916 2040 2967 υζγίοις
2058 2918 2269 2970 ῥιπτούμενα

1231 2979 1417 3015 καλοῦνται
1428 2975 1624 3027 κέντρωνες.
1637 2975 1697 3012 οἳ
1679 2991 1713 3012 οε
1702 2974 1780 3012 τὸν
1796 2974 1982 3026 λοίδορον
1963 2976 2156 3012 ακούουσιν·
2170 2976 2270 3013 οἱονεὶ

1231 3034 1475 3087 κεντροτύπος,
1495 3037 1513 3071 8
1537 3032 1810 3084 κεκεντρωμένος
1828 3032 1887 3070 καὶ
1912 3032 2061 3084 φρικτός.
2089 3057 2141 3062 -
2156 3033 2270 3079 πλήτ-

1230 3109 1310 3130 των.
1330 3092 1411 3143 Brj]

1286 3149 1423 3201 στρόφις
1444 3163 1452 3186 :
1477 3148 1560 3186 Ἀπὸ
1580 3151 1640 3184 τοῦ
1660 3147 1832 3200 στροφέως
1856 3150 1877 3193 ἡ
1906 3147 2096 3199 μεταφορά.
2123 3143 2192 3186 οἷον
2211 3148 2270 3186 εὖ·
2289 3174 2323 3198 50

1233 3223 1376 3260 στροφος
1400 3207 1458 3244 καὶ
1479 3206 1656 3251 εὐκίνηκος
1681 3209 1715 3244 ἐν
1739 3212 1809 3248 τοῖς
1830 3205 2026 3256 πράγμασι.
2046 3229 2097 3234 -
2117 3205 2269 3258 στρέφων

1233 3266 1276 3304 τὰ
1301 3265 1504 3318 πράγματα.
1533 3263 1698 3315 ἀργαλέος
1729 3277 1737 3302 Ζ
1766 3262 1941 3315 Αυπηρός.
1968 3272 2028 3301 Br.
2050 3263 2271 3313 ἀκαταγώνι·

1233 3341 1320 3368 στος.
1340 3332 1377 3361 R.

1286 3395 1349 3420 451.
1383 3379 1599 3431 ματιολοιχός
1633 3393 1640 3417 :
1674 3382 1719 3418 Οἱ
1757 3379 1817 3428 μὲν
1848 3378 1905 3415 τὸν
1936 3378 2063 3428 λίχνον,
2086 3380 2115 3414 οἱ
2145 3376 2180 3414 85
2212 3376 2266 3412 τὸν
