2517 3792
0 3688 25 3792 -e

1084 162 1263 202 AVIUM.

196 253 292 288 1288
308 250 360 288 sic
379 249 417 287 iu
434 250 534 297 Ald.‚
550 250 594 292 ὡς
616 247 894 299 ἐπὶ-λειμῶνας.
914 247 1030 292 ἔπαιξε
1049 247 1084 285 δὲ
1104 249 1149 290 εἷς

138 307 312 358 -βιὸλία,
326 306 501 344 τουτέστιν
517 309 562 349 εἷς
577 306 620 344 τὰ
634 307 856 359 ψηφίσματα.

194 367 305 414 1289,
329 366 374 408 45
400 379 471 416 pro
488 379 570 402 voc.
591 365 736 403 διελόντι
754 370 797 403 R.
820 365 890 412 διὰ,
911 367 957 400 V·
977 364 1077 401 διατί·

192 435 304 471 1292,
330 423 374 459 53
397 423 454 460 καὶ
479 423 585 469 ἀηδής
604 424 685 461 Ald.
703 446 753 452 —
775 426 821 468 54
844 423 975 476 εἴρηται
998 427 1061 469 V.‚
1083 423 1147 472 qui

139 493 153 515 1
179 493 253 516 om.
278 479 421 523 Ἄλλως.
449 505 500 509 -—
520 483 542 518 6
569 482 628 519 καὶ
659 481 706 531 μὴ
730 482 854 530 Πέρδιξ
877 481 957 533 χθὲς
979 477 1020 528 ἦν
1035 479 1148 531 χωλός

134 539 176 573 R.
198 536 230 586 γ’
250 541 451 576 Porsonus.
473 540 688 589 Legebatur
707 539 786 592 γὰρ.

191 601 302 643 1294,
329 602 371 640 14
391 599 408 633 ὁ
428 595 487 639 τὰς
510 597 718 640 Ἀταλάντας
733 599 878 650 γράψας.
897 598 1000 634 iden]
1022 605 1147 647 poeta,

133 650 327 699 diversus,
352 664 391 691 ut
410 656 574 703 videtur,
595 671 615 693 a
630 658 832 702 Strattide‚
851 657 916 706 qui
936 656 1147 692 Atalantam

131 711 300 760 scripsit,
325 713 463 749 citatur
486 714 533 750 ab
554 716 746 764 llcsycliio
769 729 795 752 S.
817 717 1148 764 Διονυσιοκουροπυ-

131 767 261 818 ρώνων.
282 773 400 806 Dm).
421 773 531 809 Conf.
561 775 723 810 Meiuek.
746 775 841 810 nist.
860 777 964 809 Com.
991 785 1029 821 p.
1059 771 1145 806 225-

133 847 180 853 -
212 827 254 863 15
276 827 458 880 Ταξιάρχῃ
482 835 526 869 V.
555 831 770 882 Ταξιάρχαις
799 831 882 867 Ald.
911 852 962 858 —
995 844 1036 876 17
1066 827 1148 865 αὐτὸ

131 886 177 919 V.
196 906 249 912 -
270 899 317 922 20
338 896 423 936 post
442 887 617 937 Αἴγυπτον
637 890 858 925 exciderunt
879 887 1032 936 syllabae
1060 896 1146 933 tre5‚

130 943 234 978 velut
249 943 386 993 ἄγοντα.
409 944 552 998 φέροντα
567 948 693 990 οἰκείας
710 946 815 990 λέξεις
829 947 980 996 scripsit
996 950 1146 991 Portus,

131 1003 336 1048 sententiae,
360 1017 436 1040 non
451 1014 572 1041 metro
587 1007 794 1042 consulens.
812 1008 933 1041 Dum.
956 1035 996 1040 -
1022 1017 1069 1040 20
1083 1005 1145 1055 Κρ.

131 1058 257 1101 δειλίας
274 1064 318 1096 V.
341 1061 491 1098 τούτοισι
514 1062 544 1098 δ’
562 1062 760 1100 Dobraeus.
782 1062 997 1112 Legebatur
1016 1060 1147 1103 τούτοις

129 1115 176 1152 δὲ.
204 1115 315 1168 φέρων
336 1118 452 1170 δίφρον
472 1119 558 1156 Ald.
583 1125 627 1157 V.
645 1122 810 1158 Meinek.
844 1124 951 1158 Com.
972 1123 1012 1166 Ι,
1036 1134 1073 1170 p.
1099 1122 1140 1156 31

129 1187 185 1223 sq.
206 1204 248 1211 ...
270 1187 318 1210 22
342 1175 592 1226 Κιφησόόημος
611 1181 654 1215 V.

185 1235 304 1282 1295,
325 1240 372 1277 24
394 1228 436 1280 ἦν
457 1248 533 1271 om.
553 1239 595 1272 V.
613 1237 646 1273 ἐν
667 1237 716 1288 τῷ
741 1235 812 1273 ἅνω
832 1236 918 1274 Α1(1.
939 1250 1013 1273 om.
1035 1240 1077 1274 V.
1096 1258 1147 1264 —

128 1289 176 1326 25
198 1288 310 1327 δὲκαὶ
332 1294 377 1328 R.
406 1293 492 1329 Ald.
514 1297 603 1331 Post
627 1288 668 1340 ἧν
692 1298 735 1330 V.
761 1295 843 1331 Ald.
864 1294 922 1331 καὶ
944 1308 1018 1332 orn.
1036 1325 1076 1330 -
1097 1308 1143 1342 27

127 1345 179 1383 διὸ
193 1361 268 1384 om.
285 1352 333 1386 V.
353 1371 406 1377 —-
424 1351 471 1386 28
489 1349 541 1387 ὅτι
560 1353 598 1388 οὗ
617 1351 720 1402 μόνον
742 1352 938 1403 (ὁμώνυμον
965 1353 1028 1404 V.)
1046 1354 1146 1390 ἀναί-

126 1407 252 1451 σθητον
267 1436 277 1455 ,
293 1409 394 1445 τοῦτο
413 1406 478 1460 γὰρ
499 1410 577 1461 (γὰρ
591 1414 691 1448 τοῦτο
707 1413 767 1461 V.)
792 1410 850 1447 καὶ
872 1411 1014 1463 φανερὸν
1028 1441 1038 1457 ,
1057 1411 1146 1449 ἀλλὰ

125 1462 184 1499 καὶ
197 1464 345 1516 πονηρόν
353 1469 397 1502 V.
407 1466 488 1502 Ald.
507 1497 546 1502 -
568 1482 616 1517 29
628 1468 806 1519 Θεαγένην
818 1468 877 1506 καὶ
888 1469 1088 1516 Φιλοκλέην
1100 1475 1145 1508 R.

183 1525 303 1570 1296,
333 1525 381 1560 30
410 1524 600 1575 Αἰγύπτιον
620 1531 665 1565 V.
688 1557 728 1563 -
755 1531 798 1565 31
824 1529 1081 1580 μακροσκελοῧς
1100 1534 1144 1568 R.

126 1579 386 1632 μακρυσκέλους
409 1585 457 1619 V.
491 1585 743 1636 μακρισκέλους
763 1591 810 1624 G.
833 1617 873 1624 ...
891 1588 938 1623 32
958 1586 1066 1637 μέγας
1086 1588 1144 1626 καὶ

126 1639 240 1690 ἰσχνὸς
255 1640 342 1679 Ald.
365 1640 439 1678 ἔστι
456 1641 492 1679 δὲ
510 1645 613 1696 Χαιρ.
631 1649 676 1682 R.

142 1694 145 1696 ’
183 1712 278 1747 1297
293 1729 303 1746 ,
333 1700 452 1744 35-43
474 1702 582 1739 sicin
601 1707 666 1748 R.‚
691 1705 822 1742 Τοῦτον
847 1705 905 1743 καὶ
932 1704 1084 1749 Εὔπολις
1100 1708 1144 1749 ὡς

124 1754 228 1792 λάλον
254 1755 426 1808 διασύρει,
449 1759 686 1810 Συρακούσιον
708 1761 743 1799 δὲ
764 1762 784 1808 ἢ
805 1765 851 1805 ὡς
869 1763 959 1807 ξένον
978 1764 997 1811 ἢ
1020 1766 1065 1807 ὡς
1078 1779 1145 1801 πο-

123 1811 333 1863 νηρόν.-36
344 1814 475 1853 Πόλεσι
486 1821 683 1858 Kusterus.
694 1820 819 1858 πόλεσι
827 1825 871 1858 V.
880 1821 1004 1865 πύλαις
1011 1824 1095 1860 Ald.
1104 1854 1144 1860 .-

124 1872 171 1916 37
181 1885 236 1921 sq.
248 1872 542 1913 κυνιδίοισιτοῖσιν
552 1879 975 1930 Bentleius.Legebatur
985 1882 1144 1924 κυνιδίοις

121 1934 201 1971 τοῖς.
212 1960 254 1966 -
268 1932 315 1967 38
329 1932 468 1982 τειχίων
481 1935 683 1975 Dobraeus.
700 1939 915 1989 Legebatur
927 1940 1083 1990 τειχέων.
1104 1941 1144 1978 τὸ

123 2001 198 2025 om.
219 1989 304 2026 Ald.
318 2012 371 2028 -τ-
392 1992 440 2040 39
460 1991 639 2045 ψήφισμα,
661 2011 694 2034 v.
713 1998 879 2035 Meinek.
908 2001 1004 2036 Hist.
1030 2003 1138 2037 Com.

122 2058 160 2095 p.
178 2050 238 2088 40.
257 2077 298 2084 .-
321 2053 367 2091 41
390 2050 477 2102 ψῶρ’
499 2050 560 2103 ἔχε
576 2056 793 2105 corruptela
812 2057 1022 2094 manifesta.
1043 2060 1142 2095 Sen-

122 2115 203 2139 sum
224 2105 465 2154 prohabilem
484 2111 684 2149 restituere
701 2114 801 2158 licet,
821 2113 922 2166 ψώρα
938 2115 967 2151 δ’
983 2115 1058 2166 ἔχοι
1072 2116 1143 2153 Συ-

122 2160 295 2212 ρακόσιον.
317 2164 391 2201 Sed
410 2166 520 2214 plura
539 2168 600 2205 hic
625 2171 810 2208 excidisse
830 2172 1019 2211 videntur.
1042 2178 1139 2212 Pro-

122 2219 267 2256 ximum
288 2221 458 2273 ἐπιφανὴς
484 2225 524 2260 in
551 2226 712 2279 ἐπιφανὲς
740 2230 965 2267 mutandum
990 2233 1142 2270 videtur

121 2285 159 2314 et
177 2277 287 2328 ὄνομα
302 2280 601 2331 intelligendum.
623 2289 740 2323 Dmn.
759 2289 981 2338 Elegantem
1009 2292 1142 2341 conje-

121 2343 268 2372 cturam
297 2336 464 2376 Cobetus
484 2343 671 2393 protulit,
696 2345 802 2393 cujus
833 2359 868 2383 v.
904 2347 1011 2385 Obss.
1041 2352 1139 2387 critt.

120 2394 162 2430 in
199 2396 291 2431 Plat.
334 2410 432 2436 com.
478 2413 516 2449 p.
549 2401 597 2436 38
634 2415 688 2452 sq.
730 2404 825 2455 αὐτῷ
861 2418 935 2441 om.
970 2409 1017 2442 V.
1035 2439 1075 2445 .-
1090 2414 1138 2453 44

119 2452 274 2502 Didymi
291 2455 431 2492 excidit
451 2457 666 2507 explicatio.
689 2464 810 2498 Dmn.
830 2493 870 2499 ..
884 2463 932 2506 45
949 2464 1078 2502 Μιδίαν
1094 2471 1138 2504 R.

120 2513 177 2558 V.‚
194 2525 271 2548 non
285 2514 331 2550 G.
347 2543 386 2549 -
405 2516 455 2558 46
471 2515 565 2568 γύρῳ
582 2519 720 2556 Paulus
738 2522 924 2570 Leopard.
939 2524 1137 2561 Emendat.

121 2582 158 2614 2,
175 2570 207 2605 5.
222 2569 329 2608 Libri
341 2574 452 2624 πυρῷ.
469 2573 578 2627 σκίρῳ
592 2577 757 2614 Lobeck.
769 2581 955 2629 Aglaoph.
972 2595 1009 2631 p.
1028 2585 1070 2620 13
1081 2585 1137 2621 16.

119 2626 192 2665 Sed
206 2641 340 2665 verum
355 2630 494 2668 vidisse
513 2635 757 2684 Leopardum
772 2638 992 2676 Dindorfius
1010 2641 1140 2679 obser-

120 2693 185 2721 vat
202 2699 250 2722 ex
261 2687 380 2724 Suida
395 2688 435 2725 in
448 2688 721 2742 Ὀρτυγοκόπος.
742 2725 783 2731 -
806 2702 851 2742 47
870 2703 1010 2735 σκοπεῖν
1032 2704 1079 2737 V.
1099 2732 1139 2737 -.

121 2743 170 2786 48
190 2743 447 2797 Ἀριστοφάνης.
465 2751 589 2786 Immo
606 2752 728 2790 Plato.
750 2754 961 2793 Scholiasta
981 2759 1139 2795 Luciani

120 2800 197 2837 vol.
231 2814 272 2847 2,
295 2815 334 2852 p.
361 2804 436 2852 696
462 2820 470 2841 :
495 2809 513 2843 ὃ
537 2805 572 2843 δὲ
595 2809 741 2852 Μειδίας
762 2812 991 2863 ὀρτυγοκόπος
1004 2809 1068 2863 ἦν,
1093 2818 1139 2859 ὡς

120 2857 274 2897 Πλάτων
298 2860 498 2912 Περιαλγεῖ.
517 2864 576 2902 καὶ
605 2868 650 2909 ὡς
669 2869 818 2921 πονηρὸν
841 2870 876 2908 δὲ
904 2872 962 2909 καὶ
987 2873 1137 2912 κόὸαλον

120 2916 177 2955 καὶ
204 2919 272 2954 τῶν
303 2917 477 2968 δημοσίων
498 2925 684 2974 νοσφιστὴν
705 2926 882 2979 Φρύνιχος
906 2929 964 2968 καὶ
985 2932 1136 2970 Πλάτων

122 2975 382 3018 διαὸάλλουσιν.
395 2979 593 3017 Deindein
610 2986 654 3018 V.
675 2987 838 3034 spatium
857 2979 1018 3026 vacuum
1033 2992 1136 3040 quod

122 3033 289 3072 absurde
317 3036 488 3085 explevit
514 3039 692 3078 librarius
715 3043 752 3079 in
778 3048 822 3081 G.
847 3047 974 3084 verbis
994 3049 1139 3093 Μειδίας

123 3091 154 3128 δ’
181 3092 252 3129 ἐκεῖ
283 3091 384 3145 ὄρτυζ
410 3094 579 3133 ἐκαλεῖτο.
613 3101 734 3138 Dum.
764 3123 810 3130 —-
845 3109 893 3153 49
921 3106 1072 3157 χρηστόν
1098 3123 1138 3158 γε

122 3151 256 3199 Bergk.
287 3154 517 3190 Commentt.
549 3168 588 3204 p.
625 3158 715 3199 425.
735 3160 897 3211 Χρηστόν
918 3165 996 3213 (τιν’
1013 3164 1134 3217 ἄνδρα)

123 3208 213 3258 μηδὲ
235 3209 326 3247 κατὰ
350 3209 407 3247 τὸν
432 3211 580 3249 Μειδίαν
621 3213 679 3251 τὸν
703 3217 936 3268 ὀρτυγοκόπον
970 3222 1136 3261 Cobetus

121 3266 133 3302 1
175 3280 208 3303 c.
230 3281 268 3317 p.
298 3282 383 3314 171.
404 3300 445 3306 -..
464 3270 512 3306 50
546 3272 564 3307 ὁ
600 3272 710 3315 αὐτὸς.
739 3278 861 3313 Immo
883 3279 1132 3327 Phrynichus.

121 3327 294 3375 Apparet
324 3327 432 3377 plura
450 3329 486 3365 in
506 3330 816 3370 antecedentibus
835 3335 1018 3373 excidisse
1035 3352 1042 3373 :
1063 3338 1133 3375 nisi

2147 171 2222 206 «193

1208 249 1285 286 haec
1296 250 1385 286 olim
1399 250 1655 288 inscriuslecta
1665 259 1751 288 sunt
1765 259 1852 302 post
1872 250 2087 304 Φρύνιχοςέν
2100 250 2226 304 Ἐφιά-

1208 308 1283 357 λτῃ.
1302 308 1399 344 Vide
1418 308 1549 346 Cobet.
1569 310 1590 345 l.
1607 324 1637 346 c.
1659 313 1774 347 Dim-n.
1796 308 1976 361 ἀλέκτορος
1990 313 2036 346 V.
2055 309 2225 363 ἀλέκτορα

1208 368 1251 402 G.
1269 397 1309 402 -
1334 366 1378 402 51
1404 366 1439 403 δὲ
1465 366 1522 402 καὶ
1552 368 1597 409 εἷς
1621 371 1665 403 Υ.
1682 399 1721 404 -.
1743 367 1874 412 κλοπὴν
1893 368 2146 405 Schneiderus
2167 373 2224 406 De

1209 424 1343 459 scholl.
1363 425 1479 460 Arist.
1502 438 1538 473 p.
1560 439 1619 470 77.
1643 425 1749 462 Libri
1766 425 1907 469 κλοπῆς.
1927 456 1965 460 -
1985 425 2031 461 53
2055 440 2227 476 συκοφαν-

1208 479 1284 516 τίαν
1320 482 1552 518 Dindorlius.
1601 482 1812 531 Lege-batur
1843 481 2065 534 συκοφαντία.
2098 512 2138 518 -.
2175 483 2222 526 54

1209 538 1447 574 scribebatur
1464 538 1650 589 ’1Ξπια).τῃ.
1666 543 1682 576 ὁ
1698 539 1874 576 δὲ-ἐώκει
1887 553 1962 575 0111.
1976 542 2019 577 G.
2035 564 2075 570 -
2095 554 2105 575 1
2129 539 2225 591 ᾔκειν

1209 599 1252 631 V.
1275 595 1372 639 ἦϊκον
1398 598 1482 633 Ald.
1505 628 1544 633 -
1573 612 1592 633 2
1622 599 1655 634 ἐν
1684 612 1757 633 0111.
1779 602 1819 633 V.
1837 627 1877 632 -.
1899 604 1918 640 4
1941 597 2115 639 Διονύσιος
2149 598 2184 636 δὲ
2208 603 2226 637 ὁ

1209 651 1384 703 Ζώπυρος.
1418 655 1497 690 Nisi
1527 655 1728 703 legendum
1758 658 1953 701 DioJQ-sius
1983 665 2020 690 et
2046 659 2223 704 ZOJJJJHS-

1208 715 1303 748 Nan]
1319 720 1360 747 ut
1376 713 1548 748 Laertius
1565 714 1601 757 6,
1630 727 1719 758 100,
1743 721 1859 758 notat,
1881 714 2084 761 Dionysius
2104 718 2227 751 01Ζο-

1209 782 1326 818 pyrus
1355 770 1587 819 Colophonii
1616 770 1687 807 sub
1719 771 1890 819 Menippi
1923 771 2045 818 cynici
2074 774 2227 810 nomine

1209 825 1326 862 libros
1358 826 1571 863 ediderunt.
1604 831 1808 864 memcs
1855 827 1950 863 Bibl.
1987 831 2052 866 Gr.
2086 832 2159 865 vol.
2191 845 2227 876 2,

1210 896 1245 932 p.
1268 886 1340 919 802
1364 885 1413 932 (4,
1430 898 1465 933 p.
1505 886 1577 928 413
1598 886 1655 922 ed.
1675 884 1848 934 Harles.).
1865 917 1906 922 ..
1927 885 1947 922 5
1966 888 2073 923 εἰπεῖν
2088 889 2229 940 ὀρτυγο-

1208 939 1345 989 κόμπου
1365 944 1407 976 V.

1265 1014 1384 1051 1299,
1404 1015 1423 1047 7
1444 1004 1461 1038 ὁ
1479 1001 1512 1038 δὲ
1533 1001 1672 1052 λέγεται
1689 1006 1706 1040 ὃ
1726 1019 1762 1052 μ.
1781 1003 1854 1055 ὄρτ.
1878 1003 1899 1049 ἢ
1923 1004 2019 1057 παρὰ
2035 1008 2079 1042 R.

1266 1061 1375 1105 1301,
1398 1075 1411 1097 1
1425 1075 1439 1097 1
1464 1062 1613 1112 corrige
1627 1062 1759 1112 χελιδοῖ
1780 1076 1826 1098 ex
1843 1063 1990 1100 scholio
2009 1078 2043 1101 v.
2066 1070 2174 1108 1410.

1266 1119 1361 1153 1303
1379 1132 1453 1155 0111.
1470 1122 1512 1156 G.

1267 1176 1362 1224 1309
1381 1179 1425 1213 R.
1450 1176 1566 1213 habet
1586 1177 1747 1226 glossam
1770 1174 1856 1220 εἶδος
1886 1179 2036 1229 κοφίνου.
2055 1210 2095 1216 -
2123 1194 2167 1229 19
2185 1180 2229 1218 Ἡ

1208 1231 1334 1284 ἀρρίχη
1356 1234 1512 1279 θηλυκῶς
1531 1237 1573 1270 V.
1591 1265 1631 1270 -
1647 1248 1693 1270 22
1711 1238 1770 1271 νῦν
1788 1235 1839 1271 ἔτι
1853 1237 1985 1273 Suidas
1996 1250 2023 1272 s.
2041 1236 2218 1288 Ἀρρίχους

1264 1293 1381 1339 1310,
1402 1306 1450 1341 29
1470 1286 1558 1330 οἶνον
1579 1292 1653 1330 ἐπεὶ
1675 1293 1779 1345 φάγες
1796 1294 1969 1347 ἀνδρόμεα
1986 1295 2070 1347 κρέα
2090 1297 2174 1333 Ald.
2190 1327 2232 1332 -

1210 1350 1255 1386 33
1275 1349 1390 1388 ἴσταθι
1407 1351 1502 1388 αὐτοὶ
1522 1352 1580 1389 καὶ
1603 1351 1682 1398 ἵστη
1709 1352 1866 1402 πίπλημι
1892 1352 2052 1391 πίπλαΟι.
2081 1354 2230 1392 Ἀττικοὶ

1207 1406 1242 1444 δὲ
1257 1408 1389 1445 τελείαν
1411 1409 1588 1456 αἶποὲολῆν
1606 1413 1666 1456 τῆς
1688 1413 1735 1453 εἷς
1755 1427 1794 1460 μι
1816 1411 2018 1462 ποιούμενοι
2037 1412 2149 1458 πίπλη
2169 1412 2230 1449 λε’-

1205 1481 1323 1515 γουσιν
1339 1465 1455 1521 ὥσπερ
1479 1469 1537 1505 καὶ
1558 1469 1646 1506 κατὰ
1669 1474 1726 1507 τοῦ
1746 1473 1832 1519 τῆμι
1859 1475 1904 1507 V.
1925 1471 2071 1508 Ἀττικοὶ
2096 1470 2132 1507 δὲ
2151 1487 2179 1507 τ.
2197 1473 2228 1507 οἱ.

1205 1527 1265 1570 ’.ἧς
1280 1541 1319 1574 μι
1338 1530 1488 1574 ποιοῦσι,
1509 1527 1620 1574 πίπλη
1632 1527 1786 1579 λέγοντες
1801 1528 1859 1566 καὶ
1876 1529 2034 1578 ἐμπίπλη
2051 1529 2181 1567 Suidas
2200 1544 2228 1566 s.

1207 1583 1405 1632 Ἔμπίπλη.

1264 1643 1375 1689 1317,
1394 1643 1438 1678 51
1460 1643 1561 1688 δῆλον
1583 1643 1635 1681 ὅτι
1652 1643 1695 1682 τὰ
1714 1644 1797 1696 πρὸς
1818 1649 1863 1681 V.

1262 1702 1382 1748 1323,
1418 1702 1465 1738 53
1499 1702 1601 1739 addit
1629 1708 1672 1741 V.
1699 1703 1783 1756 πρὸς
1811 1703 1854 1740 τὰ
1881 1703 1951 1740 ἄνω
1969 1704 2138 1756 γράφεται
2171 1705 2228 1743 καὶ

1205 1766 1393 1811 μετασχεῖν
1406 1790 1415 1808 ,
1435 1775 1518 1810 quae
1533 1775 1606 1798 om.
1623 1766 1666 1800 G.
1685 1763 1724 1800 τὸ
1745 1762 1781 1799 δὲ
1806 1762 1933 1814 ἐξόρμα
1953 1767 1997 1800 R.

1262 1820 1375 1867 1329,
1400 1825 1419 1863 [ι
1438 1820 1676 1872 Ἀποφατικῶς
1692 1826 1736 1859 R.
1750 1854 1790 1859 .-
1813 1837 1856 1859 io
1877 1821 2023 1859 εἷσθέσει
2041 1823 2126 1860 Ald.

1261 1880 1330 1915 133
1343 1893 1373 1925 1,
1391 1884 1435 1922 14
1449 1877 1572 1916 κύκνον
1590 1879 1649 1917 καὶ
1669 1880 1798 1926 ἀηδόνα
1816 1885 1861 1919 V.
1878 1881 1963 1918 Ald.
1982 1880 2040 1917 καὶ
2057 1879 2164 1918 ὅτιΡι.
2182 1886 2227 1918 V.

1263 1938 1375 1983 1337,
1393 1939 1441 1974 28
1461 1937 1620 1989 πρόσεισι
1642 1938 1678 1976 δὲ
1692 1943 1739 1975 V.

1263 1998 1375 2043 1342,
1399 2004 1444 2041 41
1468 1997 1734 2050 Ἀριστοφάνους
1753 1999 1917 2049 conjecit
1932 1999 2106 2036 Dindorf.
2123 2029 2163 2036 -
2179 2001 2225 2044 43

1204 2053 1312 2105 ἔγωγε
1327 2056 1411 2092 Ald.

1261 2114 1355 2157 1354
1370 2142 1380 2159 ,
1406 2114 1452 2150 52
1474 2113 1624 2167 Κύρὸιες
1642 2119 1688 2152 R.
1714 2120 1758 2153 V.
1777 2147 1817 2152 -.
1841 2123 1863 2160 4
1881 2116 2017 2168 κύρὸιες
2033 2117 2118 2154 Ald.
2140 2116 2227 2168 κύρ-

1203 2171 1293 2212 ὅιδες
1320 2176 1366 2208 V.
1386 2202 1427 2209 .-
1452 2173 1472 2208 5
1507 2173 1596 2210 κατὰ
1623 2176 1690 2211 τῶν
1708 2179 1752 2210 V.
1772 2204 1813 2210 ..
1835 2176 1857 2210 6
1886 2175 1975 2211 libri
2005 2174 2225 2225 Θεόπομπος.

1203 2230 1455 2268 Scribendum
1490 2230 1725 2283 Θεόφραστος.
1767 2237 1871 2270 Inter
1915 2234 2227 2283 Theophrasteos

1201 2291 1262 2326 hic
1300 2291 1396 2327 liber
1410 2301 1632 2329 recensetur
1660 2306 1680 2329 a
1710 2293 1884 2342 Diogene
1920 2297 2044 2330 Laert.
2078 2294 2098 2330 5
2113 2321 2122 2336 ‚
2160 2295 2221 2331 50.

1202 2351 1520 2388 Emendationem
1545 2365 1638 2388 vero
1661 2352 1772 2401 plane
1798 2352 2024 2388 confirmant
2047 2353 2223 2402 Porphy-

1201 2408 1279 2444 rius
1294 2417 1331 2445 et
1351 2409 1510 2446 Photius
1523 2438 1532 2455 ‚
1549 2410 1614 2446 illa
1635 2411 1718 2460 ipsa
1733 2409 1848 2447 verba
1860 2439 1869 2457 ‚
1889 2410 2029 2460 quibus
2044 2409 2182 2462 κύρὸεις
2201 2425 2222 2448 a

1202 2466 1485 2515 Corybantibus
1527 2481 1668 2505 nomeu
1701 2469 1890 2506 invenisse
1933 2469 2133 2515 dicuntur,
2174 2483 2222 2506 ex

1200 2525 1466 2574 Theophrasto
1484 2525 1697 2563 afferentes.
1720 2528 1827 2563 Alter
1848 2531 1905 2564 De
1931 2526 2026 2564 abst.
2047 2528 2162 2564 anim.
2187 2541 2220 2572 2,

1203 2597 1243 2619 21
1267 2597 1275 2619 :
1294 2591 1523 2635 μαρτυρεῖται
1537 2583 1571 2621 δὲ
1585 2589 1694 2622 ταῦτα
1713 2587 1749 2622 οὗ
1766 2584 1868 2634 μόνον
1885 2586 1951 2623 ὑπὸ
1965 2581 2034 2623 τιῖν
2052 2585 2220 2638 κῦρὸεων,

1200 2641 1237 2678 αἳ
1256 2644 1324 2679 τῶν
1349 2642 1532 2692 Κρήτηθέν
1551 2644 1616 2680 εἶσι
1633 2644 1902 2696 Κορυὲαντικῶν
1919 2646 2018 2696 ἱερῶν
2034 2639 2102 2681 οἷον
2124 2644 2222 2682 ἀντί-

1199 2713 1315 2752 γραφα
1338 2699 1416 2737 τινὰ
1434 2700 1519 2753 πρὸς
1538 2701 1712 2747 ἀλήθειαν.
1739 2703 1800 2741 Sic
1822 2704 1886 2740 ille
1912 2703 2017 2740 locus
2044 2704 2219 2740 scriben—

1200 2758 1283 2794 dus.
1302 2759 1409 2795 Alter
1432 2760 1575 2796 Lexico
1593 2775 1601 2795 :
1622 2759 2064 2813 Κύρὸεις.-Θεόφραστος
2080 2760 2136 2808 δὲ,
2151 2761 2219 2797 ἀπὸ

1198 2818 1267 2852 τῶν
1286 2817 1471 2867 Κρητικῶν
1493 2817 1726 2869 Κορυὲάντων
1739 2834 1746 2841 ·
1766 2821 1834 2856 τῶν
1858 2817 1925 2869 γὰρ
1948 2819 2216 2870 Κορυὸαντικῶν

1199 2875 1298 2926 ἱερῶν
1319 2868 1388 2910 οἷον
1408 2874 1601 2926 ἀντίγραφα
1619 2874 1742 2918 αὐτοὺς
1764 2870 1863 2913 εἶναι.
1886 2880 2095 2913 Rumam.
2118 2878 2214 2913 Hist.

1199 2934 1280 2968 crit.
1298 2941 1494 2969 oratorum
1515 2946 1551 2982 p.
1574 2934 1643 2969 163
1661 2934 1720 2970 ed.
1737 2935 1861 2970 Reisk.
1880 2964 1920 2971 -.
1938 2948 1957 2980 7
1975 2933 2058 2985 φησὶ
2075 2934 2110 2970 δὲ
2122 2933 2217 2986 Ἀρι-

1201 2990 1373 3037 στοτέλης.
1391 2992 1488 3028 Vide
1502 2992 1658 3029 Suidam
1683 3006 1717 3027 v.
1738 2992 2013 3043 Ἀντιπελαργεῖν
2025 3001 2061 3029 et
2078 3007 2148 3031 nos
2169 2995 2215 3031 ad

1197 3050 1304 3085 illum
1329 3050 1468 3086 locum.
1492 3053 1612 3087 Kcsr.
1640 3080 1681 3086 -.
1711 3050 1733 3086 8
1762 3049 1884 3093 αὐτοὺς
1907 3054 1952 3088 R.
1984 3056 2030 3087 V.
2064 3050 2217 3104 μέροπας

1197 3106 1311 3143 habet
1346 3108 1500 3143 Aristot.
1518 3110 1563 3144 H.
1578 3111 1622 3143 A.
1640 3115 1679 3153 9,
1702 3110 1745 3145 13
1759 3138 1768 3155 ,
1789 3110 1851 3145 cui
1879 3109 2068 3161 ἀερόποδας
2102 3112 2216 3148 resti-

1199 3165 1381 3202 tuendum
1390 3178 1469 3202 esse
1484 3166 1912 3205 ostenditSchneiderus
1927 3169 1999 3205 vol.
2017 3170 2051 3214 3,
2072 3183 2108 3219 p.
2128 3171 2220 3218 399,

1196 3252 1236 3259 -
1253 3237 1276 3271 9
1291 3223 1350 3260 καὶ
1367 3237 1441 3260 om.
1458 3227 1502 3261 R.
1520 3224 1602 3261 Ald.
1624 3224 1685 3274 μὲν
1708 3224 1805 3262 ἀετὸν
1825 3230 1870 3263 R.
1887 3258 1926 3264 ,-
1948 3228 1991 3263 13
2009 3227 2152 3264 addunt
2169 3232 2212 3264 V.

1188 3281 1276 3317 Ald.
1292 3280 1371 3332 περὶ
1389 3281 1449 3330 μὲν
1464 3276 1520 3318 οὖν
1536 3286 1594 3318 τοῦ
1616 3282 1686 3333 (τὸν
1704 3282 1836 3336 πατέρα
1849 3284 1954 3322 πάλιν
1971 3285 2118 3338 τρέφειν.
2135 3286 2213 3336 περὶ

1198 3341 1258 3376 τοῦ
1276 3341 1337 3388 V.)
1351 3339 1426 3381 τοὺς
1446 3339 1638 3390 πελαργοὺς
1654 3341 1865 3394 ἀντι-τρέφειν
1888 3342 1946 3380 τὸν
1966 3342 2100 3394 πατέρα
2122 3343 2213 3396 Ἀρι-
