2517 3792
840 227 990 266 lxlilix
1026 229 1259 267 xiiiilxvii
1305 232 1367 270 ET
1399 234 1588 274 RERL'M.

2165 248 2237 278 657

194 309 234 340 ab
255 318 294 340 co
315 309 469 349 petenda,
493 309 570 340 Acti.
588 312 658 340 389.
687 312 934 351 Hieronymus,
954 314 1171 353 xenophanlae
1196 315 1199 346 ἑ
1229 319 1458 358 llippothoon,
1487 322 1640 361 Neptuni
1658 322 1760 363 filius
1783 333 1827 356 ea:
1846 325 1947 365 Alope
1973 326 2166 364 Cercyonis,
2185 329 2241 356 Ar.

196 357 296 395 lilius,
319 357 617 396 dithyramborum
641 360 763 397 pocta,
787 358 943 390 hirsutus
971 369 1111 400 corpore
1138 364 1170 392 et

192 402 400 442 poederasta,
415 402 504 433 Nub.
520 405 590 433 349.

154 448 364 487 Hieronymus
378 472 386 486 ‚
403 448 500 479 homo
515 449 646 480 stultus
659 473 667 488 ‚
682 449 940 482 .·1lhcniensibus
955 454 1002 482 cst
1021 451 1170 491 prudens,

196 495 288 525 Eccl.
304 498 375 525 201.

154 541 401 580 Hierophanloe
416 541 578 582 πρόρρησις
596 545 629 573 in
650 543 781 581 [Ἧι-116,
798 546 882 574 Ran.
899 547 971 576 369.

152 588 302 619 Hilaones
324 588 400 618 dicti
423 589 549 628 φάλητες
573 589 625 627 (ab
648 591 778 621 Hilaone.
796 591 907 629 heroe,
928 591 1065 631 Neptuni
1088 591 1167 629 silio,

191 634 368 666 secundum
384 635 463 666 alios
478 636 538 667 deo
554 638 749 677 npiaxdij,
771 638 998 677 Triphal.,jr.
1015 643 1085 670 459.

151 681 395 721 Hippalectryon
413 683 622 722 (l-lquigallus)
644 684 762 722 ssavus,
788 692 831 714 ea·
848 684 999 722 ,ΕΜ-111111
1024 685 1168 723 Myrmi-

191 728 346 766 donibus,
364 732 420 760 Ar.
439 734 509 768 800,
525 733 606 762 Pac.
628 734 716 769 1177,
731 734 777 762 cst
793 731 913 767 insigne
927 731 1070 768 navium,
1085 730 1167 769 apud

193 775 384 815 AEschylum,
404 779 490 808 Ran.
507 780 566 808 932
582 786 648 818 sq.;
666 781 697 809 et
716 778 747 808 in
760 777 891 808 Persicis
904 777 1012 808 aula-is
1026 777 1110 816 pingi
1124 785 1169 807 so-

191 821 248 860 let,
266 822 307 852 ib.
324 825 382 853 937
396 832 445 863 sq.

150 868 382 908 Hipparchiiles
397 871 645 909 perstrinyitur
662 872 699 901 ut
713 870 810 901 homo
826 878 984 910 nequam,
1000 869 1079 901 Ach.
1096 871 1167 900 603.

151 915 390 954 Hipparchus,
413 917 586 946 Pisistrati
607 924 650 947 ex
674 916 854 956 Myrrhine
872 916 990 955 fitius,
1007 918 1069 955 Eq.
1090 917 1167 954 449,

192 962 270 1000 Lys.
291 964 381 998 1153,
400 962 623 1001 tyrannidem
639 971 703 993 non
718 964 886 1000 exercuit,
908 964 1001 1001 l'csp.
1018 965 1089 992 502.

152 1008 347 1047 Hippasus,
364 1009 527 1039 minimus
532 1008 689 1048 filiorum
703 1007 854 1046 Admeti,
870 1017 947 1039 cum
962 1007 1168 1048 parentibus

191 1053 338 1085 Athenas
359 1056 448 1085 venit
465 1054 674 1092 habitatum,
695 1056 787 1094 Vesp.
810 1058 899 1085 1239.

149 1099 280 1139 Hippias
295 1108 361 1131 non
386 1102 456 1139 ipse
482 1099 701 1140 tyrannidem
724 1099 863 1131 Athenis
885 1102 1053 1138 instituit,
1070 1099 1130 1131 sed
1146 1108 1167 1130 a

189 1148 290 1186 patre
313 1147 499 1177 Pisistrato
520 1154 596 1177 cum
618 1145 802 1184 fratribus
827 1148 979 1186 accepit,
1007 1149 1069 1187 Eq.
1098 1149 1167 1177 449.

188 1191 405 1223 Athenienses
413 1191 523 1231 jussit
541 1191 734 1228 κατωνάκαις
752 1194 823 1231 uti,
843 1195 923 1233 Lys.
942 1196 1013 1224 619.
1036 1193 1167 1233 Hippias

189 1240 344 1277 tyrannus
356 1239 471 1269 acrior
483 1239 669 1269 Pisistrato
680 1241 796 1278 patre,
812 1240 910 1279 qu'us
925 1241 1001 1270 erat
1009 1239 1167 1278 filiorum

188 1284 356 1324 quattuor
393 1282 582 1315 secundum
615 1285 800 1315 nonnullos
837 1287 941 1316 celate
978 1288 1167 1323 maximus,

195 1331 288 1369 Vesp.
312 1333 390 1368 502,
418 1331 496 1370 Lys.
521 1333 592 1362 619.
627 1333 667 1362 In
691 1339 768 1362 eum
792 1331 919 1363 bellum
944 1334 1167 1371 susceperunt

187 1376 440 1415 Alcmoeonidae,
457 1378 534 1416 Lys.
554 1381 624 1408 665.
644 1377 769 1417 Hippiae
791 1378 955 1417 eft-annis,
984 1380 1062 1418 Lys.
1085 1382 1166 1416 619;

187 1425 247 1463 qui
262 1423 395 1454 diverse
412 1423 568 1454 traditur
583 1426 664 1464 quot
677 1433 785 1455 annos
797 1426 1012 1465 rcynacerit,
1028 1424 1166 1455 tandem

188 1470 234 1501 ab
248 1469 515 1501 Lacedcemoniis
533 1479 573 1501 ea
592 1471 753 1509 dejectus,
776 1471 856 1503 ibid.
878 1480 906 1503 c.
933 1474 1028 1502 nota.
1044 1471 1168 1511 Hippiae

187 1516 333 1556 tyrannis
357 1523 469 1547 eversa
496 1516 536 1547 ab
563 1517 824 1556 Lacedaemoniis,
854 1519 932 1558 Lys.
955 1521 1167 1554 1150-1156,

187 1562 257 1594 sch.
288 1566 366 1594 1153
391 1571 435 1593 ex
459 1563 649 1594 Aristotele.
688 1565 829 1603 Hippias
860 1566 988 1596 occisus
1017 1564 1060 1595 ab
1076 1566 1168 1595 Har-

188 1608 299 1639 modio
315 1611 349 1640 et
362 1610 601 1648 Aristoqitone,
620 1612 681 1650 Eq.
699 1613 771 1641 786.
1166 1612 1169 1615 ⁴

148 1658 263 1697 Hippo
283 1656 510 1696 philosophus
525 1668 536 1688 .·
561 1656 602 1688 dc
627 1665 663 1688 eo
691 1659 854 1689 Cratinus
881 1659 1091 1689 commentus
1117 1660 1168 1689 est

188 1711 267 1743 quoe
279 1702 320 1733 de
333 1704 481 1733 Socratis
495 1707 682 1744 φροντισταῖς
707 1706 844 1743 repetiit
863 1704 1110 1745 Aristophanes
1131 1706 1166 1736 in

189 1748 344 1779 Nubibus
357 1751 396 1779 95
411 1757 500 1788 sqq.,
515 1748 586 1779 sch.
605 1753 655 1780 96.

148 1794 359 1834 Hippobinus,
372 1797 749 1834 parayrammatismus
762 1804 805 1827 ex
821 1804 932 1836 repro
942 1797 1167 1836 Hipponicus,

188 1842 278 1880 pater
291 1840 412 1879 Calliae,
435 1843 524 1872 Itan.
543 1842 615 1872 429.

147 1886 429 1927 Hippocantharus
441 1887 571 1919 dictum
598 1889 637 1919 ut
656 1887 959 1928 hippocentaurus,
981 1891 1064 1920 Pac.
1094 1892 1162 1921 181.

147 1941 422 1979 Hippocentauri
438 1949 448 1969 .·
465 1947 583 1970 eorum
594 1948 716 1980 puyna
730 1949 808 1971 cum.
821 1941 977 1981 Lapithis
991 1941 1030 1972 ob
1046 1943 1165 1973 intem-

186 1988 369 2026 perantem
386 1985 578 2026 libidinem,
596 1987 686 2018 Nub.
703 1989 776 2018 349.

148 2032 355 2072 Hippoclides
373 2032 429 2070 (de
443 2033 594 2073 pudendo
607 2033 781 2072 muliebri),
789 2033 845 2072 fr.
865 2036 936 2065 621.

147 2086 374 2125 Hippocrates
392 2085 570 2124 (medicus)
587 2085 743 2117 humana
765 2088 987 2118 excrementa
1010 2089 1167 2126 yustasse

187 2131 333 2170 dicitur,
347 2131 388 2162 ob
401 2131 578 2170 διάγνωσιν,
596 2132 651 2163 Pl.
670 2133 743 2163 706.

146 2183 349 2223 Hippocratis
377 2183 614 2222 (Atheniensis)
640 2183 694 2214 lilii
719 2185 760 2214 ut
781 2186 913 2223 porcini
939 2186 973 2215 et
997 2185 1120 2216 inculti
1145 2196 1166 2217 a

190 2231 331 2261 Cornicis
345 2231 644 2269 perstrinyuntur;
663 2232 731 2261 tres
752 2232 869 2260 autem
893 2232 1006 2269 erant,
1028 2232 1166 2272 Telesip-

182 2284 265 2316 pus,
285 2275 496 2316 Demophon,
511 2277 675 2314 Pericles,
690 2276 776 2307 Nub.
797 2280 886 2307 1001.
901 2279 995 2307 Erant
1016 2279 1165 2317 προκέᾳα-

186 2324 252 2362 λοι,
280 2322 479 2363 Geory.,fr.
498 2326 567 2362 177,
586 2332 616 2362 c,
645 2323 816 2364 Triphal.,
831 2323 887 2363 fr.
903 2326 974 2362 469,
1003 2324 1032 2355 b.
1049 2325 1164 2365 Hippo-

186 2369 281 2400 cratis
288 2369 501 2402 Atheniensis
514 2369 782 2401 contubernium:
798 2372 867 2410 ipse
881 2373 913 2402 et
919 2370 992 2410 filii
1011 2373 1048 2402 ut
1062 2372 1166 2404 rudes

183 2417 487 2455 perstrinyuntur,
511 2416 642 2448 Thesm.
663 2419 733 2447 273.

144 2467 378 2508 Hippodamus,
395 2467 564 2506 Milesius,
582 2467 626 2499 ab
647 2468 727 2499 aliis
753 2467 916 2506 Titurius,
934 2468 976 2499 ab
1002 2469 1082 2501 aliis
1103 2472 1165 2501 Sa-

186 2516 278 2545 mius
305 2512 439 2553 dictus,
469 2515 505 2545 in
533 2522 656 2553 mayno
684 2513 809 2545 honore
835 2514 878 2545 ab
906 2514 1165 2548 Atheniensibus

187 2559 344 2598 habitus,
357 2561 439 2600 post
455 2562 630 2591 Persicum
652 2560 782 2592 bellum
804 2562 936 2591 Piroeeo
958 2562 1165 2594 exstruendo

186 2613 326 2645 operam
343 2608 501 2644 navavit,
519 2608 583 2647 Eq.
606 2610 663 2638 327
687 2615 766 2638 cum
792 2608 875 2637 nota
900 2608 1031 2637 Meieri.
1056 2609 1163 2647 Alius,

182 2654 374 2692 posterior,
398 2654 505 2692 pater
528 2653 794 2693 Archeptolemi,
821 2652 937 2684 Cleoni
963 2655 997 2683 in
1023 2656 1165 2686 civitate

187 2698 337 2737 reyenda
354 2700 499 2738 inimici,
518 2698 602 2730 ibid.
627 2699 675 2730 Ob
687 2699 895 2731 edacitatem
911 2701 1063 2738 notatus,
1079 2701 1162 2733 ibid.

145 2743 327 2783 Hippolyte
342 2746 507 2783 Amazon,
524 2745 705 2784 Hippolyti
725 2746 837 2775 mater
858 2751 901 2775 ex
921 2744 1054 2784 Theseo,
1078 2749 1162 2778 Ran.

187 2792 259 2820 849.

145 2841 334 2881 Hippolyte
361 2840 456 2878 (aliis
478 2842 715 2882 Astydamea),
742 2851 833 2874 uxor
856 2846 982 2883 Acasti,
1008 2853 1086 2884 quae
1101 2847 1165 2876 Pe-

188 2888 281 2918 lcum
287 2887 434 2926 frustra
452 2890 487 2919 in
512 2897 664 2920 amorem
690 2891 745 2921 sui
764 2891 973 2929 pertrahere
996 2892 1164 2930 tentabat,

188 2933 279 2964 Nub.
298 2935 388 2964 1063.

147 2979 360 3019 Hippolytus
386 2978 501 3010 Thesei
525 2988 569 3011 ex
586 2982 753 3012 Amazone
769 2981 901 3021 filius‚·
917 2985 1004 3014 Ran.
1032 2986 1104 3023 849,
1128 2987 1162 3016 in

192 3025 314 3056 Theseo
326 3025 517 3065 Euripidis,
538 3028 631 3066 Vesp.
648 3029 719 3058 312.

149 3080 338 3117 Hipponax
360 3077 500 3110 verbera
524 3080 679 3110 minatus
704 3081 853 3119 Bupalo,
879 3083 959 3120 Lys.
987 3085 1059 3114 361.
1076 3086 1166 3115 Erat

187 3123 426 3154 acerbissimus
434 3135 448 3162 ,·
475 3124 558 3164 quid
588 3126 722 3157 tumulo
748 3127 820 3165 cJus
845 3127 968 3167 aliquis
991 3131 1166 3169 inscripse-

187 3171 248 3208 rit,
261 3169 357 3200 Prol.
374 3171 417 3208 X,
433 3169 464 3208 b,
482 3173 653 3202 158—163.
668 3172 872 3212 Hipponactis
885 3182 992 3205 versus
1002 3175 1165 3213 :fallitur

188 3217 312 3255 poeta;
326 3223 408 3246 nam
426 3224 541 3248 versus
554 3217 614 3248 ille
627 3220 676 3249 est
695 3220 851 3253 Ananiae,
878 3222 966 3251 Ran.
982 3225 1052 3252 661.

1268 369 1338 396 531).

1228 413 1489 451 llippothoontis
1504 416 1628 454 tribus,
1654 420 1747 457 l'esp.
1768 422 1857 457 1138,
1873 419 1967 450 Eccl.
1984 422 2055 450 362.

1227 458 1408 497 ΗὴηηΙΙυε,
1423 463 1558 493 convita
1576 465 1610 493 in
1635 465 1760 503 l‘cspis,
1782 468 1869 496 1301.

1225 504 1309 535 Hirci
1327 506 1458 545 tasi-iri,
1486 509 1540 539 Pl.
1557 512 1626 540 295.
1655 513 1750 542 Hirci
1774 512 2009 546 febricitantes
2033 511 2196 552 quomodo
2221 520 2243 542 a

1265 555 1436 590 caprariis
1453 557 1631 588 curentur,
1653 557 1705 587 Pl.
1723 560 1794 589 313.

1224 595 1366 627 Hirtindo
1384 607 1477 636 nova,
1494 600 1575 630 veris
1599 600 1725 631 initium
1740 625 1747 638 ‚
1767 605 1830 642 Eq.
1862 606 1934 641 419,
1963 604 2127 642 exoptata
2155 604 2244 633 ceris

1266 645 1406 680 nuncia,
1439 644 1570 676 Thesm.
1601 650 1629 680 1,
1657 655 1699 677 ea·
1729 649 1916 686 Simonide,
1941 652 1998 680 Αυ.
2034 651 2121 679 1410.
2156 650 2245 679 Hinc

1264 689 1414 727 [sitio-153
1428 698 1491 729 pro
1510 700 1612 722 verno
1631 694 1792 732 ternpore,
1818 694 1860 725 ib.
1883 697 1968 725 1417.
1986 694 2130 725 Hirundo
2147 703 2242 734 appa-

1265 743 1337 765 rens
1354 736 1429 774 quid
1450 736 1654 777 fierijubeat,
1672 742 1730 770 Αυ.
1760 743 1818 771 714
1844 748 1892 780 sq.
1919 745 2031 771 Earum
2059 741 2175 780 βάδισις
2192 743 2242 778 19),

1264 784 1320 812 Ar.
1356 786 1443 813 1681.
1470 784 1667 820 Χελιδονίζειν
1695 785 1822 816 dicitur
1854 787 1895 817 de
1923 787 2074 818 barbara
2104 787 2242 827 loquela

1263 827 1360 866 apud
1373 829 1571 868 AEschylum
1587 833 1619 861 et
1635 834 1762 870 Ionem,
1783 835 1872 864 ¹680.

1224 880 1386 918 insuave,
1414 881 1551 912 Euboeoe
1576 883 1659 914 urbs
1686 886 1786 915 Oreos
1812 884 1908 924 apud
1932 887 2132 922 Homerum,
2159 887 2240 916 Pac.

1269 928 1357 956 1047.
1377 926 1470 958 Adde
1488 930 1726 961 Hesticecnses.

1224 975 1433 1015 [Ilistriones
1447 988 1458 1008 .·
1481 980 1636 1019 AEsopus,
1671 981 1763 1019 l'esp.
1794 983 1863 1011 564.
1893 981 2132 1020 Apollodorus,
2162 984 2242 1013 Pac.

1262 1031 1337 1063 ary.
1364 1025 1606 1060 Callistratus,
1641 1025 1720 1057 Ach.
1748 1035 1838 1066 ary„
1866 1030 2015 1065 654;.-1υ.
2041 1036 2139 1067 ary.;
2166 1029 2241 1067 Lys.

1262 1078 1337 1109 ary.
1356 1071 1594 1110 Cleomachus,
1613 1072 1704 1103 Eccl.
1738 1077 1788 1104 22.
1816 1072 2031 1109 Clidemides,
2058 1076 2144 1104 Ran.
2171 1077 2240 1105 803.

1267 1117 1443 1156 Dercylus,
1475 1120 1568 1157 l'esp.
1604 1121 1654 1149 78.
1688 1118 1911 1158 Heyclochus,
1937 1121 2023 1150 Rau.
2050 1122 2120 1150 305.
2140 1119 2243 1158 Μοῖο,

1264 1164 1348 1193 Ran-
1366 1167 1416 1194 55.
1436 1165 1598 1203 OEayrus,
1616 1166 1710 1203 resp.
1728 1165 1798 1196 577.
1819 1165 2035 1204 Philonides,
2052 1168 2138 1196 Ran.
2153 1173 2243 1204 ιιι-9.,-

1269 1209 1364 1248 l'esp.
1383 1218 1474 1249 ary„
1494 1213 1570 1241 1013
1584 1221 1592 1248 ;
1607 1213 1666 1241 Ar.
1684 1219 1758 1250 ary.
1785 1210 2015 1250 Phrynichus,
2037 1209 2243 1250 l⁷esp.'1293,

1262 1257 1323 1286 Αυ.
1342 1258 1412 1286 750.
1441 1256 1638 1295 Sthenelus,
1670 1258 1763 1296 Vesp.
1795 1260 1882 1288 1303.
1907 1257 2130 1297 Tlepolemus,
2154 1258 2242 1288 Nub.

1268 1304 1355 1332 1267.
1376 1305 1468 1332 Dixn.
1498 1302 1578 1333 Vide
1604 1304 1640 1333 in
1667 1304 1707 1333 iis
1732 1303 1924 1334 nominibus
1949 1306 1982 1334 et
2009 1305 2043 1333 in
2067 1303 2242 1341 Comoedia‚

1264 1347 1426 1387 Persona]

1223 1392 1379 1423 Holcades
1409 1397 1524 1431 (Naves
1549 1394 1727 1433 onerariae),
1752 1393 1859 1424 sabula
1875 1393 2120 1433 Aristophanis:
2136 1403 2166 1425 c.
2187 1394 2242 1434 sr.

1265 1441 1488 1478 354-375,Ρ.
1505 1441 1564 1470 494
1579 1448 1651 1480 sqq.

1222 1486 1502 1523 Homerocentra‚
1521 1487 1590 1516 not.
1612 1486 1702 1517 Nub.
1728 1488 1799 1517 450.

1222 1541 1389 1575 Homerus,
1399 1537 1489 1568 Nub.
1504 1542 1593 1576 1056,
1604 1540 1688 1570 Pac.
1702 1542 1791 1576 1089,
1804 1540 1860 1569 Ar.
1875 1541 1947 1576 575,
1961 1541 2033 1576 910,
2044 1540 2122 1577 914;
2137 1539 2242 1578 σοφός,

1263 1586 1344 1615 Pac.
1361 1588 1449 1615 1096.
1464 1584 1538 1623 Ejus
1551 1585 1697 1616 versibus
1713 1586 1815 1616 utitur
1828 1585 2053 1624 Aristophanes
2066 1585 2107 1615 ib.
2123 1588 2244 1616 1090-

1266 1633 1356 1662 1098.
1374 1634 1531 1662 Homerus
1544 1630 1675 1662 dixinus
1690 1631 1824 1670 gloriam
1838 1632 1868 1661 et
1884 1631 1983 1662 decus
1997 1631 2132 1670 adeptus
2152 1631 2244 1662 utilia

1263 1676 1422 1715 docendo,
1441 1676 1524 1707 acies
1538 1677 1699 1716 ordinare,
1719 1677 1853 1708 virtutes
1878 1677 2019 1716 bellicas,
2037 1678 2241 1715 armationes,

1263 1725 1352 1754 Ran.
1376 1725 1588 1753 1034—1036.
1608 1727 1650 1753 Ex
1673 1732 1710 1753 eo
1727 1723 1883 1763 expressit
1898 1724 2058 1762 ,eschylus
2079 1732 2155 1754 suos
2180 1723 2244 1754 bel-

1262 1769 1389 1807 latores,
1408 1769 1452 1800 ib.
1470 1772 1547 1800 1040
1561 1778 1633 1810 sqq.
1647 1772 1784 1801 Homeri
1802 1772 1961 1801 carmina
1979 1770 2120 1800 laurum
2136 1778 2244 1801 manu

1264 1817 1414 1847 tenentes
1433 1815 1648 1854 recitabant,
1677 1816 1769 1847 Nub.
1800 1819 1888 1847 1364.
1911 1817 1998 1855 Ejus
2026 1816 2159 1855 hymni,
2184 1818 2242 1847 Av.

1263 1865 1335 1900 575,
1362 1863 1546 1902 litarqites,
1575 1862 1621 1893 ib.
1661 1865 1733 1894 913.
1765 1865 1934 1894 Homerus
1960 1865 2066 1902 pater
2092 1865 2246 1893 omnium

1257 1916 1396 1949 poeseos
1413 1916 1586 1948 yenerum,
1607 1909 1702 1940 Prol.
1718 1911 1761 1948 X,
1781 1909 1812 1947 b,
1830 1912 1868 1940 94
1884 1918 1954 1949 sqq.
1970 1911 2000 1940 E
1995 1910 2057 1948 Jus
2072 1911 2243 1948 carmina,

1263 1963 1342 1995 quoe
1363 1957 1444 1986 ante
1460 1957 1693 1986 Pisistratum
1718 1957 1867 1995 sparsim
1888 1955 2116 1995 serebantur,
2144 1964 2181 1986 co
2197 1964 2246 1986 rc-

1262 2003 1391 2041 ynante
1415 2001 1560 2032 collecta
1583 2003 1616 2032 et
1647 2001 1813 2041 disposita
1848 2010 1869 2032 a
1899 2002 2065 2041 plurimis
2095 2003 2244 2040 criticis,

1260 2049 1456 2088 praesertim
1473 2047 1604 2087 Orpheo
1626 2050 1824 2079 Crotoniata
1836 2071 1844 2086 ,
1860 2050 1996 2088 Zopyro
2020 2048 2226 2079 Heracleota
2237 2070 2246 2085 ,

1264 2095 1482 2125 Onomacrito
1496 2095 1531 2124 et
1547 2095 1704 2134 concisio,
1723 2093 1786 2125 sub
1807 2095 1992 2125 Ptolemoeo
2014 2094 2245 2134 Philadelpho

1263 2149 1285 2171 a
1307 2139 1492 2178 Zenodoto,
1516 2141 1628 2171 multo
1647 2142 1726 2180 post
1749 2141 1792 2171 ab
1817 2141 2028 2178 Aristarcho,
2052 2140 2094 2171 de
2119 2141 2245 2180 quibus

1261 2195 1394 2218 errores
1416 2186 1592 2217 Heliodori
1609 2187 1828 2226 refutantur,
1844 2188 1938 2218 Prol.
1962 2189 2027 2223 IX,
2050 2196 2085 2225 a,
2102 2190 2138 2218 37
2155 2196 2242 2227 sqq.,

1255 2241 1293 2273 p.
1310 2234 1408 2270 XIX,·
1423 2234 1467 2271 X,
1483 2241 1518 2270 a,
1533 2236 1665 2264 30—51.
1684 2235 1768 2265 Cum
1781 2236 1928 2264 Homero
1941 2235 2090 2264 certavit
2102 2233 2245 2272 inferior

1261 2282 1412 2319 Syayrus
1427 2278 1536 2317 (codd.
1554 2280 1725 2319 Satyrus),
1744 2282 1830 2311 Ran.
1852 2283 1931 2319 Arq.
1956 2281 1978 2310 I
1987 2281 2020 2311 V.
2051 2281 2094 2311 In
2119 2282 2244 2310 Home-

1261 2334 1341 2357 rum
1357 2326 1492 2364 scripsit
1516 2325 1722 2365 Theayenes,
1742 2328 1825 2356 Pac.
1851 2329 1923 2357 928.
1943 2327 1983 2356 In
2000 2327 2115 2365 primo
2142 2334 2244 2357 versu

1264 2371 1420 2411 Odysseoe
1438 2372 1597 2402 nonnulli
1621 2371 1777 2403 scribunt
1798 2373 1985 2412 πολύκροτον
2008 2380 2076 2412 pro
2099 2373 2244 2413 πολύτρο-

1260 2429 1330 2455 mv,
1349 2417 1439 2449 Nub.
1462 2421 1576 2448 260.—
1589 2418 1767 2448 Homericae
1781 2417 1908 2457 glossae,
1923 2418 2066 2456 Doetat„
2074 2417 2131 2456 fr.
2150 2421 2178 2448 1.

1219 2470 1372 2501 Homines
1397 2469 1504 2500 brevis
1538 2469 1600 2500 aevi
1628 2471 1865 2509 componuntur
1892 2478 1967 2500 cum
1994 2469 2242 2508 immortalibus,

1261 2519 1318 2547 Ac.
1332 2519 1504 2548 685—689.

1219 2572 1326 2607 Horae,
1351 2570 1434 2599 Pac.
1468 2570 1556 2598 1168.
1599 2569 1663 2598 His
1695 2567 1824 2598 deabus
1852 2567 2075 2599 celebrantur
2102 2568 2242 2599 Athenis

1260 2616 1456 2654 Pyancpsia
1482 2616 1515 2645 et
1540 2614 1741 2653 Tharyelia,
1766 2616 1830 2654 Eq.
1858 2617 1932 2653 729,
1954 2623 2027 2645 una
2051 2623 2128 2645 cum
2155 2615 2240 2652 Sole,

1259 2661 1313 2692 Pl.
1337 2663 1425 2692 1054.
1443 2663 1483 2691 Ιη
1497 2662 1588 2691 Pace
1605 2660 1697 2691 Horis
1712 2662 1825 2691 votum
1843 2660 1878 2691 fit
1895 2660 1935 2691 ad
1958 2661 2153 2692 liberandam
2177 2665 2241 2692 Pa-

1262 2716 1344 2746 cem,
1371 2709 1626 2746 456.—Horce,
1653 2707 1738 2737 liber
1762 2707 1898 2738 Prodici
1930 2707 2104 2747 sophistae,
2122 2709 2242 2747 inquo

1261 2753 1427 2785 Hercules
1452 2753 1647 2784 ostenditur
1680 2755 1849 2784 Virtutem
1868 2755 1991 2793 optans
2002 2761 2082 2793 prce
2111 2753 2242 2785 blanda

1266 2801 1467 2838 Vitiosilate,
1483 2799 1572 2830 Nub.
1593 2802 1666 2830 361.
1897 2824 1912 2834 .

1218 2856 1323 2890 Horae,
1341 2852 1444 2882 fabula
1458 2851 1682 2891 Aristophanis
1698 2861 1705 2881 z
1724 2860 1756 2882 v.
1769 2851 1824 2889 sr.
1852 2853 2074 2889 476—486‚p.
2094 2853 2151 2880 511
2166 2858 2238 2890 sqq.

1219 2898 1357 2930 Hordea
1373 2897 1523 2935 Achillea,
1541 2906 1619 2937 quoe.
1633 2899 1714 2934 sint,
1729 2899 1793 2937 Eq.
1810 2900 1881 2928 819.

1218 2946 1323 2976 Horti
1338 2954 1348 2974 .·
1363 2945 1482 2983 apium
1496 2945 1529 2974 et
1551 2945 1633 2974 ruta
1647 2945 1683 2973 in
1699 2943 1892 2984 περικήποις,
1911 2944 2004 2982 Vesp.
2022 2944 2095 2973 480.
2119 2942 2237 2972 Hortu-

1258 2990 1406 3020 lanorum
1424 2989 1561 3027 tollen0‚
1575 2989 1754 3027 κηλώνειον,
1766 2988 1820 3027 fr.
1835 2991 1905 3020 554.

1219 3040 1316 3077 Hyas
1331 3038 1473 3068 vocatus
1486 3036 1653 3072 Bacchus,
1672 3038 1731 3066 Av.
1749 3038 1819 3066 875.

1219 3091 1376 3128 Hycara,
1400 3086 1602 3126 oppidulum
1619 3086 1748 3117 Siciliae
1763 3095 1786 3117 α
1802 3087 1905 3117 Nicia
1923 3087 2076 3126 captum,
2093 3085 2148 3117 Pl.
2170 3088 2237 3117 179.

1260 3137 1316 3166 Ex
1329 3142 1364 3165 eo
1378 3135 1515 3172 captiva
1530 3134 1623 3171 Lais,
1636 3133 1690 3164 Pl.
1712 3135 1741 3163 7.

1220 3187 1343 3227 Hydra
1360 3187 1525 3224 centiceps
1540 3184 1583 3215 ab
1598 3184 1746 3216 Hercule
1761 3183 1913 3223 sublata,
1927 3185 2009 3215 Pac.
2026 3184 2098 3215 756.

1218 3232 1466 3272 Hydriaphoros,
1486 3231 1580 3261 Eccl.
1596 3233 1667 3261 738.

147 3261 345 3301 Hipponicus
370 3261 476 3292 Calliae
495 3261 616 3302 filius,
641 3266 701 3295 Αυ.
733 3267 803 3295 283.
835 3265 915 3295 Vide
940 3266 1064 3297 Callias.
1091 3270 1162 3304 Qua
1220 3277 1459 3317 qujeayfilm
1476 3276 1681 3315 AEsculaij,
1701 3277 1756 3308 Pl,
1775 3279 1846 3307 639.

186 3315 311 3338 caussa
331 3307 562 3347 Calliaefitius
574 3311 621 3340 sit
635 3309 748 3340 dictus
766 3312 990 3350 Hipponicus,
1006 3314 1095 3344 Nub.
1112 3317 1161 3345 64.

146 3360 440 3399 Hippopotamus‚
482 3362 735 3400 improbissima
775 3363 880 3395 bestia
894 3387 903 3402 ‚
946 3366 981 3395 in.
1023 3369 1163 3406 sceptris

185 3405 326 3445 sculpta
346 3407 409 3437 sub
424 3409 567 3443 ciconia,
582 3409 789 3448 probissima
806 3412 876 3449 (ιι-ι’,
900 3413 960 3441 ΑΒ.
980 3414 1069 3443 1354,

267 3466 380 3494 Senot.
403 3467 572 3498 Aiusmpn.

1218 3324 1332 3363 Hylas
1344 3347 1352 3361 ‚
1370 3324 1523 3353 ciniasius
1541 3323 1702 3353 Herculis
1714 3346 1723 3362 ‚
1742 3325 1780 3353 in>
1795 3325 1913 3353 insuia
1935 3323 1992 3354 Cio
2006 3320 2049 3352 ab
2069 3319 2235 3361 Nymphis

1259 3371 1394 3409 raptus,
1412 3368 1467 3399 Pl.
1492 3371 1579 3399 1127.

1186 3416 1192 3443 l
1219 3415 1326 3454 Hylas,
1341 3422 1460 3445 nomen
1469 3413 1594 3453 fictum
1609 3415 1714 3452 servi,
1734 3416 1795 3455 Eq.
1814 3416 1864 3445 67.

2091 3471 2130 3501 42
