2533 3808
238 184 307 217 192

234 262 358 316 πατρὶ,
377 259 467 299 ἀλλὰ
483 258 542 297 καὶ
564 257 728 311 ῥίψασπις
750 250 805 302 ἦν.
820 253 865 292 τὰ
891 252 950 291 δύο
967 247 1024 291 οῧν
1048 254 1142 304 αὐτῷ
1164 267 1272 305 προσ-

234 321 401 373 τρίὸεται.

288 392 349 416 678.
380 375 632 423 ἀποὸολιμαῖος
661 386 669 410 :
691 369 787 420 Ἅμα
808 386 868 408 και
896 367 994 420 παρὰ
1020 384 1059 405 το
1084 367 1273 405 ἀποῧαλεῖν

236 436 279 473 τὰ
298 434 408 479 ὅπλα,
423 432 481 470 καὶ
501 430 596 482 παρὰ
617 445 655 466 το
673 428 920 478 ὑποὲολιμαῖος
938 431 1036 464 εἶναι.

201 507 217 531 5
290 506 353 531 680.
384 490 491 541 [όστις
511 486 680 541 κρατύνει.
699 490 759 524 τοῦ
776 486 871 524 λίθου
883 485 918 523 33
921 484 1022 536 ]ἆντι
1035 499 1095 521 του
1110 482 1275 535 βήματος.

237 551 329 594 όστις
342 553 399 587 ν’ὗν
415 550 465 586 διε
457 547 524 584 ’πει
544 546 587 584 τὰ
605 549 665 591 τ’ἧς
685 544 860 587 πολιτείας
875 560 933 582 και
955 542 1148 595 διαπρέπει.
1163 541 1277 579 πύκνα

238 609 275 647 δέ
296 623 379 661 φησι
399 605 438 644 τὸ
459 608 492 643 ἐν
509 609 552 657 τῇ
574 605 712 654 Ἀττικῇ
735 602 966 677 δικαστήριον.
984 610 1022 640 R.
1041 609 1082 638 V.

291 681 355 706 681.
386 664 600 717 ‘sz'pooJxoq
615 677 695 701 νυν;
712 661 797 701 ‘'O-31.
812 661 901 712 μετὰ
914 677 970 698 τον
988 660 1133 699 Κλέωνα
1149 659 1193 698 Υ
1196 675 1238 696 πε
1225 657 1279 711 ζρ-

241 726 339 768 ὅολος
356 722 613 762 ἐπολιτεύσατο.
634 720 862 774 (Χρεμητος
844 720 879 757 03
901 719 970 762 υιὸς
988 723 1029 765 ἠν
1048 717 1278 770 Ὕπέρὸολος,

192 794 221 818 10
241 786 334 822 ἀδελ
317 799 396 843 φος
406 781 441 820 33
462 782 646 834 Χάρωνος,
667 778 913 832 λυχνοπώλης,
937 779 1066 831 φαυλος
1093 793 1169 820 τους
1196 776 1280 827 τρό-

239 858 337 887 πους.
359 845 455 882 ουτος
481 838 568 890 μετὰ
588 837 650 884 τὴν
670 853 731 875 του
754 835 914 879 Κλέωνος
939 835 1141 873 δυναστείαν
1171 832 1281 871 διεδέ-

242 900 322 944 ξατο
341 898 403 945 τὴν
433 899 528 948 δημα
530 913 580 948 70)
583 912 674 947 710tv
696 895 754 932 ἀπ’
783 896 884 933 αὐτου
909 893 945 932 δὲ
970 893 1110 946 πρώτου
1135 893 1282 946 ἤρξαντο

243 959 415 1004 Ἀθηναῖοι
442 955 583 1009 φαύλοις
609 952 838 1005 παραδιδόναι
858 952 920 999 τὴν
939 951 1040 990 πόλιν
1059 952 1119 990 καὶ
1137 951 1199 998 τὴν
1218 953 1283 996 δη-

245 1032 294 1068 μα
297 1015 440 1067 γωγίαν,
466 1013 633 1067 πρότερον
664 1010 965 1063 δημαγιι)γούντιι)ν
992 1010 1082 1048 πάνυ
1111 1011 1282 1062 λαμπρῶν

193 1083 224 1107 15
244 1076 408 1112 πολιτῶν.
426 1071 605 1125 προείλετο
622 1070 657 1108 33
672 1086 750 1113 τους
767 1069 938 1112 τοιούτους
954 1072 972 1107 ὁ
988 1070 1149 1118 δῆμος,α
1129 1069 1283 1105 ἀπιστῶν

244 1131 300 1170 διὰ
316 1130 398 1169 πόλε
386 1146 466 1181 μον
483 1145 540 1167 τον
559 1144 644 1181 προς
658 1126 955 1177 Λακεδαιμονίους
971 1132 1041 1169 τοῖς
1058 1124 1150 1163 ἓνδόῖ
1137 1141 1201 1169 οις
1217 1126 1285 1162 τΓι)ν

243 1191 407 1234 πολιτῶν,
428 1187 476 1237 μὴ
503 1203 565 1232 την
584 1186 822 1238 δημοκρατίαν
843 1185 1089 1223 καταλύσαιεν.
1111 1182 1284 1234 ἐξωστρα-

244 1247 346 1293 κίσθη
362 1245 397 1284 δὲ
417 1241 532 1292 οὗτος,
550 1246 587 1281 06
606 1243 661 1281 διὰ
679 1244 856 1294 δυνάμεως
873 1243 977 1296 φόῧον
994 1242 1054 1280 καὶ
1075 1240 1285 1291 ἀξιώματος,

245 1304 336 1342 ἀλλὰ
356 1304 411 1342 διὰ
428 1303 596 1355 πονηρίαν
617 1302 677 1340 καὶ
695 1301 862 1354 αἰσχύνην
880 1304 940 1347 τῆς
957 1300 1101 1343 πόλεως.
1122 1302 1155 1337 ἐν
1174 1298 1287 1351 Σάμῳ

191 1379 225 1403 20
246 1362 281 1401 33
302 1362 501 1415 διατρίὸων,
522 1361 588 1398 ὑπὸ
603 1363 671 1398 τῶν
686 1360 873 1407 Ἀθηναίων
888 1362 1019 1411 ἐχθρῶν
1037 1357 1289 1400 ἐπιδουλευθεὶς

244 1421 412 1467 ἀπέθανε,
443 1436 502 1458 και
530 1435 587 1456 τον
616 1434 735 1471 νεκρον
758 1420 864 1456 αὐτοῦ
895 1419 942 1461 εἷς
974 1417 1103 1454 σάκκον
1127 1415 1289 1469 βαλόντες

245 1479 387 1532 ἔρριψαν
405 1494 451 1520 εις
467 1493 505 1515 το
519 1476 700 1526 πέλαγος.)

298 1551 362 1575 (382.
389 1537 587 1588 περιάγειςῑ
604 1533 772 1587 Ἀποστρέ
757 1549 875 1586 ,φεται
889 1531 1069 1571 ἀκούσασα
1086 1548 1146 1570 του
1164 1531 1290 1583 (Υπερ-

246 1596 347 1634 δόλου
373 1611 411 1633 το
437 1594 546 1645 ὄνομα
565 1596 587 1639 ἡ
611 1592 760 1644 Εἰρήνη,
791 1594 999 1644 ἀχθεσθεῖσα
1029 1591 1082 1629 ἐπ’
1105 1592 1220 1643 αὐτΓΗ)
1238 1590 1290 1628 ὅτι

193 1663 226 1688 25
245 1671 305 1693 και
325 1653 426 1696 αὐτος
444 1667 551 1695 κακος
570 1667 625 1698 ην.
648 1660 684 1689 P..
705 1659 745 1688 V.

298 1725 362 1750 684.
393 1709 615 1762 ἐπεγράψατο
641 1723 650 1747 :
686 1708 779 1746 Ἀντὶ
805 1711 866 1745 τοῦ
904 1705 1166 1759 ἐχειροτόνησε,
1187 1705 1292 1743 κατέ-

248 1785 385 1817 στησεν.
403 1771 435 1819 (ἡ
455 1768 489 1806 δὲ
507 1765 688 1820 μεταφορὰ
705 1766 773 1804 ἀπὸ
783 1769 850 1803 τῶν
866 1765 1035 1817 μετοίκων
1050 1764 1127 1808 τοὺς
1137 1763 1292 1817 προστά-

246 1845 308 1873 τας
326 1826 594 1881 προγραφόντων
613 1826 776 1875 ἑαυτοῖς.)

301 1901 365 1925 686.
398 1885 536 1937 (γυμνὸς
557 1884 603 1922 ὢν
624 1898 632 1923 ῖ
658 1885 884 1937 Προεστῶτος
908 1881 1101 1933 δηλονότι.)

197 1961 232 1986 30
304 1960 368 1984 688.
401 1943 647 1997 (περιεζώσατο
671 1956 680 1981 ;
705 1944 750 1981 Οἱ
769 1941 835 1994 γὰρ
854 1941 978 1992 γυμνοὶ
1004 1943 1209 1991 ἐπιθυμοῦσι
1228 1941 1294 1979 κᾶν

217 2030 219 2034 -
250 2002 490 2055 περιζώματος
506 2007 634 2052 τυχεῖν.
651 2003 668 2038 ὅ
683 2000 718 2038 33
735 2004 829 2052 νοῦς,
848 2000 889 2037 δι’
909 1999 1062 2051 ἀνάγκην
1077 1999 1161 2042 τέως
1176 2003 1294 2037 τοῦτον

253 2061 406 2106 ἐζώσατο
428 2059 476 2110 μὴ
497 2059 627 2110 ἔχουσα
647 2057 966 2111 πολυτελέστερον.)

304 2133 366 2158 689.
400 2120 483 2168 (πῶς
503 2112 559 2155 οὖν
581 2116 727 2162 ξυνοίσει
754 2129 762 2155 :
788 2116 850 2154 Ἔν
877 2115 944 2168 ἴσῳ
973 2115 1089 2168 εἴρηκε
1117 2118 1218 2153 τοῦτο
1246 2117 1295 2168 τῷ

252 2181 326 2222 πῶς
342 2181 451 2214 ταῦτα
466 2179 487 2222 ἢ
503 2175 601 2219 πόλις
616 2174 908 2226 οἷκονομήσεικαὶ
923 2173 1078 2220 θήσεται.
1096 2173 1134 2212 τὸ
1152 2174 1187 2212 33
1202 2174 1295 2221 ἑξης,

199 2250 233 2275 :35
253 2239 327 2279 πῶς
346 2235 495 2273 συνοίσει
515 2238 557 2286 τῇ
579 2235 679 2272 πόλει
699 2237 829 2280 ταῦτα,
852 2235 991 2285 ἐρωτᾷ.)

307 2307 370 2332 691.
403 2295 652 2345 (ἐψηλαψΓι)μεν
675 2305 683 2331 :
705 2292 790 2330 Ἀπὸ
815 2295 876 2329 τοῦ
898 2290 1159 2341 συμῧεὸηκότος
1179 2291 1297 2345 εἴληφε

237 2347 293 2390 Ὶτο
311 2353 563 2405 ἐψηλαφΓι)μεν·
584 2353 613 2388 οι
629 2366 695 2434 γαρ
713 2352 748 2388 ἐν
763 2350 876 2388 σκότιι)
891 2352 1086 2397 ζητουντες,
1101 2354 1161 2387 τοῦ
1177 2352 1299 2395 ζητου-

258 2409 360 2461 μένου
379 2408 442 2455 τὴν
457 2408 624 2462 ακριὸη
605 2412 681 2461 οψιν
699 2410 764 2459 067
777 2411 939 2461 ὁρῶντες,
957 2409 1184 2460 ψηλαφῶντες
1199 2410 1299 2445 ἀνευ-

259 2468 431 2520 ρίσκουσιν
452 2467 559 2517 αὐτό.)

204 2543 239 2567 4ο
311 2540 372 2564 692.
403 2541 486 2578 προς
504 2524 629 2576 λύχνον
655 2524 886 2576 βουλεύσομεν
908 2538 916 2563 :
938 2523 1264 2576 υΟτιλυχνοπώλης
1284 2527 1301 2562 ὃ

259 2583 483 2636 Ἵ“πέρὸολος.
501 2581 590 2625 τινες
610 2581 647 2619 δέ
664 2598 767 2634 φασιν
784 2582 887 2620 αὐτὸν
906 2581 1029 2633 Σύρον.
1050 2582 1109 2619 καὶ
1132 2585 1302 2633 Κρατῖνος

260 2641 296 2680 33
315 2644 349 2680 ἐν
371 2640 505 2690 Πυτίνῃ
527 2658 541 2674 «
560 2639 775 2692 “Υπέρὸολον
797 2641 825 2677 δ’
851 2639 1051 2683 ἀποσὸέσας
1071 2642 1105 2678 ἐν
1138 2641 1208 2683 τοῖς
1235 2640 1300 2677 λύ-

259 2714 373 2751 χνοισι
391 2698 537 2751 γράψον.
559 2716 573 2731 ιι

314 2771 379 2797 605.
408 2755 429 2795 ὅ
445 2772 478 2794 τι
497 2755 643 2809 πράττει
659 2757 840 2808 Σοφοκλῆς
856 2769 865 2794 2
888 2757 1012 2795 Γελοῖα
1030 2759 1154 2795 ταῦτα,
1175 2758 1221 2800 ὡς
1236 2757 1303 2810 γὰρ

210 2831 243 2855 45
262 2815 341 2867 περὶ
367 2813 563 2853 σπουδαίων
597 2813 658 2861 τὴν
688 2813 841 2867 ἔμφασιν
870 2813 1074 2865 ποιούμενος
1099 2814 1302 2866 ἐπήνεγκεν,

263 2874 316 2912 ότι
333 2873 414 2926 περὶ
432 2872 646 2926 Σοφοκλέους
666 2872 810 2911 ἐπύθετό
827 2888 905 2923 μου.

318 2946 380 2971 697.
411 2933 450 2969 ἐκ
472 2935 531 2969 τοῦ
562 2930 778 2997 Σοφοκλέους
799 2931 930 2981 γίνεται
959 2945 968 2969 :
994 2931 1125 2981 (ἴΟτι3
1111 2948 1167 2969 επι
1194 2933 1305 2982 αισθιΝο

266 2983 394 3037 ἔγραψε
422 2983 466 3021 τὰ
496 2984 598 3034 μελη.
628 2983 688 3021 καὶ
716 2984 794 3036 γὰρ)
826 2983 1022 3034 Σιμωνίδης
1050 2984 1143 3021 δοκεῖ
1171 2987 1306 3036 πρῶτος

267 3041 512 3100 σμικρολογίαν
544 3042 746 3091 εἰσενεγκεῖν
783 3044 830 3085 εἷς
857 3041 900 3079 τὰ
931 3041 1073 3094 ᾄσματα
1093 3042 1152 3080 καὶ
1174 3042 1306 3095 γράψαι

215 3110 249 3134 50
270 3103 367 3151 ᾀσμα
385 3102 519 3148 μισθοῦ.
537 3114 636 3137 τουτο
657 3098 692 3137 33
713 3116 771 3137 και
786 3100 994 3152 Πίνδαρος’
980 3116 1013 3138 εν
1031 3105 1101 3143 τοῖς
1121 3099 1307 3150 Ἰσθμιονί-

269 3172 345 3200 καις
374 3157 481 3207 [2,1]
512 3172 614 3210 φησιν
644 3157 891 3208 αἰνιττόμενος·
924 3160 956 3208 (α
986 3160 1017 3195 οἱ
1038 3174 1080 3208 με
1083 3174 1100 3195 ν
1128 3158 1258 3203 πάλαι,
1280 3152 1308 3196 ιι)

271 3234 287 3248 ιι
307 3214 554 3266 Θρασύῧουλε,
569 3217 694 3266 φῶτες,
711 3228 742 3252 οι
760 3215 1025 3268 χρυσαμπύκων
1043 3217 1075 3259 ἐς
1092 3215 1207 3269 δίφρον
1226 3219 1310 3255 Μοι-

1001 166 1253 227 SCHOLIA
1290 165 1350 204 ΙΝ
1388 165 1595 205 PACEM.

1850 256 1931 271 ‘³¹³⁵’

1334 269 1350 285 «
1371 252 1574 305 φιλοκερδὴς
1592 253 1630 291 οὔ
1658 253 1734 291 ποτ’
1758 258 1800 300 ἠν
1829 270 1888 294 ουο
1917 269 1953 306 ερ
1955 253 2070 305 γάτις,
2091 253 2159 292 οὖδ
2186 252 2372 306 ἐπέρναντο

1335 327 1349 343 «
1370 312 1528 360 γλυκεῖαι
1553 311 1633 348 ποτὶ
1662 311 1883 364 Τερψιχόρας
1915 314 2167 382 αργυρωθεῖσαι
2200 311 2372 366 πρόσωπα

1336 382 1352 401 (ι
1373 367 1638 420 μαλθακόφωνοι
1652 369 1778 406 ἀοιδαί.
1798 372 1834 420 n)
1853 369 1891 406 τὸ
1909 369 2026 421 μέντοι
2042 371 2146 431 περὶ
2137 370 2294 408 κιέιιπῶν
2315 369 2374 408 ἐπὶ

1338 425 1534 474 Σιμωνίδου
1555 426 1752 477 λεγόμενον,
1769 442 1822 464 οτι
1837 443 2129 480 παρακειμενας-
2115 433 2187 481 εἴγε
2209 428 2285 475 δύο,
2311 428 2374 475 τ-ην

1338 481 1400 532 μὲν
1417 482 1532 529 κενὴν,
1552 482 1614 529 τὴν
1635 483 1670 521 δὲ
1691 484 1834 534 μεστὴν,
1853 501 1913 523 και
1933 486 1994 531 τὴν
2016 486 2077 535 μὲν
2095 486 2196 533 κενὴν
2221 486 2374 539 χαρίτων
2393 504 2410 529 5

1338 540 1453 612 ἔλεγεν
1473 545 1559 578 εἶναι
1579 541 1763 594 γνώριμον,
1780 544 1828 579 πλ
1822 542 1871 588 ὴν
1855 558 1936 580 ντο
1927 543 2043 581 ῧτολέ
2029 560 2094 594 e⁴70)
2110 544 2378 598 περιφερόμενον

1339 599 1545 651 εὑρίσκεται.
1568 601 1643 637 καθ’
1663 600 1817 652 ιστορίαν
1837 600 1904 652 γὰρ
1924 602 2032 645 οὐδεὶς
2051 602 2197 655 εἴρηκεν.
2282 601 2380 653 (Ἄλ-

1337 658 1416 699 λως.
1422 659 1466 707 )‘
1453 673 1470 694 0
1492 657 1690 706 Σιμωνίδης
1708 658 1799 695 διεὸε
1792 658 1856 696 ὅλ·
1840 674 1912 704 ητο
1929 659 1986 696 ἐπι
2003 661 2226 713 φιλαργυρία.
2247 661 2307 699 καὶ
2323 677 2380 698 τον

1341 715 1523 768 Σοφοκλέα
1543 719 1600 753 οὐν
1621 715 1677 753 διὰ
1698 716 1926 768 φιλαργυρίαν
1947 717 2094 755 ἐοικεναι
2114 721 2163 756 τ(Νι)
2187 718 2381 771 Σιμωνίδῃ.

1341 773 1479 825 λέγεται
1500 773 1535 812 33-
1552 774 1611 811 καὶ
1627 789 1680 812 οτι
1699 776 1738 812 ἐκ
1754 777 1815 820 τῆς
1834 775 2044 828 στρατηγίας
2062 778 2123 822 τῆς
2142 779 2177 815 ἓν
2196 777 2344 830 Σάμῳ’
2325 793 2384 831 ηρ·
2406 793 2438 818 ιο

1341 831 1518 885 γυρίσατο.
1542 831 1751 884 (χαριέντως
1777 832 1813 870 33
1832 833 1924 870 πάνυ
1943 835 1992 886 τῷ
2013 834 2106 871 αὐτιι)
2131 834 2224 888 λόγιι)
2252 815 2386 888 διέσυρε

1345 894 1365 942 β
1371 921 1543 930 .....
1573 894 1633 928 τοῦ
1650 890 1882 941 ἷαμὸοποιοῧ,
1904 893 1962 930 καὶ
1980 891 2156 965 μέμνηται
2172 892 2225 930 ὅτι
2241 908 2388 964 σμικρο-

1342 943 1476 1019 λόγοςΝ
1454 965 1512 996 ην·
1530 950 1655 987 οθενΞ
1659 942 1824 1001 ενοφάνης
1837 950 1987 1000 κίμὸικα
2003 950 2105 988 αὐτον
2124 950 2387 1004 προσαγορεύει.

1344 1022 1403 1044 και
1422 1006 1602 1059 Σοφοκλέα
1620 1007 1679 1044 καὶ
1699 1007 1900 1057 Σιμωνίδην
1919 1007 2072 1060 διέσυρεν
2089 1010 2136 1052 ὡς
2150 1008 2387 1062 μικρολόγους.

1345 1064 1435 1102 ἀλλὰ
1455 1064 1589 1114 μήποτε
1610 1064 1720 1102 ἐδόκει
1749 1067 1931 1118 Σοφοκλῆς
1955 1066 2036 1118 περὶ
2064 1066 2142 1110 τοὺς
2166 1066 2306 1117 μισθοὺς
2331 1067 2390 1105 καὶ
2412 1083 2443 1108 15

1344 1121 1405 1165 τὰς
1423 1122 1584 1173 νεμήσεις
1603 1122 1666 1193 ὀψέ
1685 1139 1769 1161 ποτε
1794 1123 2053 1177 φιλοτιμότερος
2069 1125 2275 1176 γεγονέναι.)

1398 1195 1462 1220 693.
1495 1180 1603 1233 γέρων
1624 1197 1671 1218 ιι)ν
1695 1195 1704 1220 t
1735 1182 1905 1234 (Ἀργαῖος
1924 1182 1984 1220 καὶ
2007 1183 2167 1227 παλαιός.
2188 1178 2257 1222 οἷον
2277 1183 2392 1236 γηρά-

1347 1255 1409 1282 σας
1429 1240 1488 1291 φι)
1480 1239 1533 1290 άρ
1536 1255 1666 1309 γυροςε
1657 1239 1791 1292 γίνετο.
1784 1242 1810 1291 .)
1829 1264 1882 1269 —
1903 1257 1992 1291 μετα
2013 1240 2057 1279 τα
2078 1242 2106 1286 ζ’
2129 1241 2189 1288 ἔτη
2212 1241 2391 1294 βεὸίωκεν.

1347 1299 1420 1340 πῶς
1440 1291 1497 1334 οὖν
1517 1314 1555 1348 γε
1542 1297 1646 1350 ζιρι)ν;
1667 1306 1706 1336 R.

1401 1370 1465 1394 699.
1504 1372 1569 1393 καν
1600 1357 1656 1394 ἐπι
1687 1357 1783 1409 ριπὸς
1816 1358 1915 1395 πλέοι
1949 1372 1958 1396 z
1991 1357 2082 1396 Ἀντὶ
2108 1361 2168 1395 τοῦ
2199 1358 2393 1411 φρυγάνου,
2413 1373 2448 1399 20

1350 1414 1497 1467 (ψιάθου.
1523 1413 1658 1465 λέγοιτο
1684 1416 1712 1453 δ’
1742 1415 1782 1452 ἂν
1803 1414 1860 1452 ἐπὶ
1885 1417 2092 1468 φιλοκερδεῖ.
2114 1415 2252 1467 λέγεται
2280 1416 2317 1454 δὲ
2335 1417 2395 1454 καὶ

1350 1473 1464 1516 ἄλλως
1484 1491 1499 1505 α
1527 1476 1603 1511 θεοῦ
1630 1472 1783 1517 θέλοντος
1802 1473 1867 1511 κᾶν
1892 1474 1949 1512 ἐπὶ
1977 1474 2073 1526 ῥιπὸς
2092 1473 2221 1518 πλέοις.
2238 1493 2254 1508 n
2276 1474 2335 1527 ῥὶψ
2360 1473 2398 1513 δέ

1350 1533 1443 1569 ἐστιν
1464 1532 1655 1582 ἱμαντῶδες
1670 1532 1786 1584 φυτὸν,
1806 1531 1904 1582 παρὰ
1918 1532 1956 1570 τὸ
1974 1531 2069 1585 ῥέπω
2087 1531 2151 1586 ῥέψ
2164 1532 2224 1571 καὶ
2246 1532 2322 1586 ῥίψ,
2338 1532 2398 1571 καὶ

1353 1590 1467 1642 ῥίπεσι
1487 1594 1556 1632 τοῖς
1574 1593 1635 1636 τῆς
1655 1589 1747 1633 ἰτέας
1768 1590 1932 1641 κλάδοις.)

1403 1661 1469 1686 701.
1502 1647 1676 1697 (ἐνέέαλον
1693 1661 1702 1687 2
1722 1649 1814 1686 ’Ᾱντὶ
1834 1653 1893 1687 τοῦ
1915 1650 2124 1701 ἐπῆλθον-σῇ
2141 1648 2265 1700 πόλει.)
2288 1680 2294 1687 .
2417 1663 2451 1688 25

1404 1719 1469 1745 702.
1502 1706 1714 1758 (ὼρακιάσας
1734 1721 1742 1745 :
1763 1703 1847 1746 ΟΝιον
1865 1707 2064 1760 ὠχριάσας,
2083 1706 2105 1753 ἢ
2127 1707 2295 1755 ἐκλυθεὶς,
2312 1706 2335 1754 ἢ
2351 1708 2400 1746 λι-

1352 1764 1580 1817 ποψυχήσας,
1602 1765 1624 1811 ἢ
1654 1765 1849 1816 ἀθυμήσας.
1871 1769 1916 1809 ὡς
1942 1766 2132 1818 φιλοπότην
2153 1765 2190 1803 δὲ
2218 1765 2400 1804 διαὸάλλει

1353 1822 1460 1860 πάλιν
1488 1823 1545 1861 τὸν
1575 1826 1759 1875 Κρατῖνον,
1788 1823 1877 1874 μετὰ
1902 1823 2073 1867 ἐκλύσεως
2101 1823 2350 1874 ἐσκοτωμένον.
2371 1818 2400 1876 ᾧ

1353 1881 1436 1924 ἴσως
1457 1883 1638 1919 ἀκολουθεῖ
1656 1898 1716 1919 και
1739 1898 1777 1919 το
1800 1883 1943 1934 ὠχριαν.
1970 1886 2116 1921 τοιοῦτοι
2136 1881 2172 1920 33
2191 1885 2221 1920 οἳ
2246 1884 2400 1935 λιποψυ-

1353 1955 1512 1991 χουντες·
1529 1939 1691 1992 τρέπεται
1707 1956 1775 2011 γαρ
1793 1943 1904 1978 αὐτῶν
1922 1944 1943 1986 ἡ
1965 1940 2081 1992 χροιά.
2165 1937 2310 1984 ’.Αλλως
2328 1943 2402 1979 Αυ-
2421 1958 2456 1983 30

1355 1997 1493 2071 κόφρων
1514 1998 1552 2036 τὸ
1573 2001 1728 2050 ὡρακιᾶν
1750 1998 1825 2036 ἀντὶ
1845 2015 1903 2037 του
1923 2015 2070 2058 ωχριαν.
2091 1998 2348 2052 Ἐρατοσθένης
2367 1999 2403 2037 33

1354 2072 1394 2094 το
1427 2073 1493 2094 υπο
1525 2056 1696 2100 ἐκλύσειι)ς
1720 2059 1954 2107 ἐσκοτῶσθαι,
1982 2060 2010 2094 ιι)
2035 2056 2119 2100 ἴσως
2149 2058 2331 2095 ἀκολουθεῖ
2362 2056 2404 2095 τὸ

1355 2130 1501 2166 ωχριαν.
1532 2130 1584 2151 οτι
1611 2114 1645 2152 δε
1668 2114 1816 2166 φίλοινος
1836 2117 1853 2152 ὃ
1882 2116 2072 2167 Κρατῖνος,
2092 2115 2152 2153 καὶ
2172 2115 2274 2160 αὐτὸς
2301 2117 2336 2154 ἐν
2359 2118 2403 2168 τῇ

1356 2173 1491 2225 Πυτίνῃ
1513 2175 1630 2225 σαφῶς
1646 2154 1772 2223 λέγει.)

1409 2245 1472 2269 704.
1501 2231 1636 2283 χᾶτερα
1669 2231 1748 2269 πόσ’
1781 2231 1854 2269 ἅττ’
1882 2230 1945 2269 οἴει
1976 2245 1985 2270 2
2009 2229 2151 2285 ΕὨσπερ
2171 2231 2406 2283 ἕκπλαγείσης
2423 2247 2458 2274 35

1356 2293 1418 2337 τῆς
1446 2290 1582 2343 εἰρήνης
1602 2290 1759 2341 ἐπήγαγε
1783 2290 1823 2328 τὸ
1842 2288 1902 2328 καὶ
1923 2289 2025 2342 ἕτερα
2054 2295 2200 2329 τοιαῦτα
2227 2290 2406 2343 γεγονέναι

1359 2349 1395 2385 ἓν
1417 2351 1459 2399 τῇ
1481 2347 1594 2386 πόλει.

1411 2420 1474 2445 766.
1503 2405 1549 2443 ἴθι
1571 2422 1630 2444 νυν
1658 2420 1666 2444 :
1690 2405 1786 2444 Μίαν
1812 2408 1881 2444 τῶν
1907 2407 2187 2444 συνανελθουσῶν
2212 2409 2254 2458 τηΝ
2271 2407 2406 2460 Εἰρήνῃ

1360 2464 1444 2516 πρὸς
1457 2464 1569 2514 γάμον
1586 2466 1680 2516 αὐτῷ
1693 2464 1823 2502 δίδωσι.
1839 2465 2096 2516 προειρήκαμεν
2112 2464 2148 2502 33
2161 2464 2213 2502 ὅτι
2229 2466 2408 2502 συνανειλ-

1360 2521 1537 2568 κύσθησαν
1558 2524 1645 2573 αὐτῇ
1666 2521 1689 2568 ἥ
1709 2537 1746 2559 τε
1774 2521 1923 2573 Ὀπώρα
1944 2522 2004 2560 καὶ
2025 2525 2047 2568 ἡ
2071 2522 2224 2575 Θεωρία.
2254 2517 2343 2568 ἦσαν
2370 2521 2405 2561 33
2424 2537 2460 2562 40

1361 2582 1508 2630 ἑταῖραι.

1415 2652 1479 2676 708.
1512 2639 1649 2688 (ἐκποοῧ
1680 2639 1797 2690 σαῦτῷ
1822 2651 1831 2676 :
1855 2639 1932 2677 Οὐκ
1958 2632 2032 2676 εἷπε
2051 2637 2130 2682 τοὺς
2148 2639 2295 2687 παῖδας,
2315 2638 2406 2678 ἀλλὰ

1362 2696 1439 2739 τοὺς
1461 2696 1583 2748 βότρυς
1604 2695 1659 2733 διὰ
1680 2695 1741 2741 τὴν
1762 2696 1962 2749 Ὀπώραν.)

1415 2767 1480 2793 710.
1505 2753 1560 2791 διὰ
1580 2753 1704 2804 χρόνου
1732 2753 1766 2791 τί
1799 2769 1852 2791 σοι
1879 2755 1969 2792 δοκῶ
1997 2767 2006 2794 :
2028 2752 2115 2794 ‘'Ort
2144 2755 2175 2792 οἵ
2205 2753 2262 2793 διὰ
2281 2753 2406 2808 χρόνου

1364 2812 1531 2856 ἐσθίοντες
1558 2811 1697 2864 ὀπώραν
1726 2812 1859 2858 πολλὴν
1889 2813 2122 2864 βλάπτονται,
2141 2813 2202 2852 καὶ
2225 2816 2257 2852 οἳ
2282 2829 2408 2852 συνου-
2426 2825 2460 2852 45

1365 2870 1536 2914 σιάζοντες
1560 2872 1724 2921 συνεχῶς.
1747 2869 1822 2907 ἐπεὶ
1846 2864 1904 2908 οῧν
1925 2871 2034 2909 ἐδόκει
2065 2871 2215 2925 Ὀπώρα
2241 2865 2329 2911 εἶναι
2347 2871 2408 2911 καὶ

1364 2931 1386 2974 ἡ
1404 2928 1533 2981 πόρνη,
1553 2929 1637 2979 πρὸς
1658 2927 1837 2980 ἀμφότερα
1856 2928 2008 2973 ἔπαιξεν.

1418 2999 1481 3024 711.
1506 2986 1729 3029 κατελάσαςῑ
1752 2987 2003 3031 Συνουσιάσας.
2033 2995 2115 3026 Vae'cc.

1418 3058 1482 3083 712.
1517 3043 1715 3095 βληχωνίαν
1741 3044 1944 3096 εΒλήχιι)νά
1970 3061 2074 3098 φασιν
2096 3045 2243 3084 Ἀττικοὶ
2263 3046 2320 3084 διὰ
2348 3050 2408 3084 τοῦ

1369 3105 1407 3153 β,
1425 3103 1503 3153 οὐχὶ
1524 3101 1578 3139 δια
1598 3107 1659 3140 του
1679 3119 1711 3172 γ.
1732 3119 1762 3140 οι
1781 3102 1816 3140 δε
1836 3102 2001 3149 πολλην
1985 3103 2124 3156 οπώραν
2145 3104 2364 3155 ἕσθίοντες,’
2349 3104 2408 3143 εὰν
2427 3131 2463 3156 50

1368 3162 1523 3197 κυκεῶνα
1543 3161 1586 3211 βλ
1578 3161 1741 3211 ηχιι)νίαν
1757 3160 1913 3208 πίνωσιν,
1929 3163 1967 3199 06
1985 3161 2209 3236 βλάπτονται.
2228 3162 2409 3215 βρέχοντες

1368 3233 1425 3255 0611
1443 3198 1640 3269 γληχὲὶνα
1625 3218 1836 3267 Ξπῑπίνῡυσῑ,
1851 3219 1907 3257 Οῑὰ
1925 3236 1962 3258 ’²0
1983 3223 2049 3258 υπΟ
2066 3236 2125 3259 ‘tou
2145 3223 2230 3259 07t0'6
2251 3220 2314 3267 τὴν
2329 3237 2411 3291 καηρ·

273 3292 287 3305 «
304 3288 367 3310 σαν
398 3271 545 3319 gennem,
567 3274 651 3309 κλυτ
656 3289 676 3309 α
707 3273 871 3325 φόρμιγγι
904 3274 1165 3324 συναντόμενοι,
1201 3274 1309 3349 ῥίμφα
1334 3286 1339 3331 Ι
1369 3276 1444 3314 δίαν
1483 3276 1736 3316 κατεσθίεσθαι.
1774 3277 1830 3315 ἵνα
1860 3282 1918 3315 οὖν
1954 3281 1975 3324 ἢ
2011 3277 2176 3331 δριμύτης
2203 3280 2408 3332 ἀποστυφῇ,

275 3350 290 3364 ι
311 3330 485 3375 παιδείους
501 3330 652 3375 ἐτόξευον
673 3332 883 3384 μελιγάρυας
903 3333 1038 3384 ὕυινους.
1061 3333 1082 3370 ἆ
1109 3337 1223 3383 μοῦσα
1243 3333 1309 3387 γὰρ
1335 3340 1341 3373 1
1369 3334 1534 3386 (λήχωνα
1568 3335 1779 3386 ἐλάμὸανον.

1865 3335 1893 3385 (”
1891 3338 2022 3380 Αλλως.
2055 3339 2086 3375 οἱ
2107 3336 2246 3389 ὀπώραν
2275 3336 2409 3384 πολλὴν
