2533 3808
232 202 307 240 510

284 287 377 333 500,
396 284 442 327 45
470 282 632 319 refertur
661 279 708 315 ad
729 278 904 315 codicum
933 276 1163 326 scripturam
1183 275 1241 311 ὑπ’

229 342 335 393 αὐγὰς
357 340 509 391 (αὐγᾶς)
539 331 768 379 οἷοι-46.
803 338 891 372 Haec
919 335 972 371 sic
1000 342 1088 370 sunt
1116 333 1241 370 corri-

228 400 360 451 genda,
381 397 458 435 ἀλλ’
480 391 592 446 ὧνπερ
613 393 723 432 οὕνεκ’
752 387 856 439 ἦλθον
881 391 903 429 ἅ
935 391 971 441 μ’
1004 392 1125 430 εἰπεῖν.
1149 389 1240 441 λέγε.

227 461 319 496 Nam
338 457 389 492 ita
415 456 453 491 111
473 453 572 490 libro
594 466 662 489 suo
680 452 862 501 scriptum
887 450 1073 487 iuvenisse
1094 449 1242 486 videtur

228 515 424 552 scholiasta
460 525 530 562 pro
548 504 569 547 ἷι
592 509 656 560 (ἔα)
681 509 717 559 μ’
735 511 841 546 εἰπεῖν
858 525 866 546 :
890 522 966 558 quo
1003 509 1141 545 factum
1161 515 1202 543 ut
1221 505 1242 543 ἅ

226 572 387 623 produci
418 577 582 620 putaret.
608 572 724 605 Dum.
757 568 817 605 Sic
849 567 1093 604 statuendum
1120 574 1240 616 puto:

226 644 357 668 revera
390 630 429 666 in
470 628 635 677 antiquis
665 627 771 664 libris
806 627 989 677 scriptum
1022 626 1136 662 fuisse
1167 627 1242 661 AM

227 682 265 740 (ἆ
282 687 320 738 μ’
339 701 409 737 pro
435 686 474 724 ἔα
495 686 571 737 μ’),
594 686 697 736 quod
720 700 835 736 quum
856 700 927 736 pro
957 683 1017 735 ἅμ’
1050 684 1243 733 accipere-

227 754 302 792 tur,
324 744 514 782 vocabulo
534 758 610 781 non
630 743 742 793 hujus
756 744 848 790 loci,
865 752 901 780 et
918 743 1125 780 verborum
1141 750 1243 778 stru-

228 812 334 841 ctura
364 813 402 841 et
438 812 604 840 metrum
640 803 765 852 periit.
799 806 892 848 Quae
920 801 1167 838 incommoda
1204 808 1245 836 111

228 863 430 908 sarcirent,
454 862 576 899 critici
594 862 747 912 quidam
766 860 846 911 λέγε
872 860 1070 898 vertebant
1096 860 1135 896 in
1163 856 1243 909 βού-

226 924 352 973 λομαι,

307 982 384 1018 ἀλλ’
397 974 510 1032 ὦνπερ
527 978 636 1017 οὕνεκ’
651 971 753 1024 ἦλθον
772 977 860 1029 (ἅμ’)
880 978 987 1015 εἰπεῖν
1009 975 1191 1028 βούλομαι,

229 1038 354 1076 (101010
380 1039 438 1076 vel
466 1039 600 1075 relicto
622 1037 697 1087 ἅμ’.
730 1040 842 1074 Certe
874 1037 1047 1073 relictum
1071 1043 1151 1071 erat
1170 1034 1244 1071 AM

227 1097 266 1133 in
288 1098 464 1147 exemplo
483 1109 560 1146 quo
579 1095 758 1132 utebatur
780 1095 1000 1132 scholiastes
1016 1108 1023 1130 :
1041 1094 1107 1142 qui
1127 1106 1244 1142 quum

229 1154 276 1191 de
296 1154 395 1206 βιαίῳ
414 1155 564 1204 συστολῇ
585 1154 775 1202 loquatur,
798 1156 873 1189 AM
893 1152 994 1189 haud
1012 1150 1127 1188 dubie
1144 1151 1246 1200 cepit

230 1225 300 1261 pro
321 1206 342 1248 ἆ
362 1210 430 1261 (ἔα)
458 1210 506 1261 μ’,
537 1219 573 1248 01
597 1212 790 1260 egregium
811 1209 909 1247 'sane
933 1210 1151 1259 exemplum
1178 1221 1245 1244 na—

229 1278 311 1307 ctus
339 1278 395 1306 est
421 1270 611 1306 violentiae
633 1268 869 1318 prosodicae:
892 1269 968 1305 ἀλλ’
991 1262 1104 1319 ὧνπερ
1134 1265 1245 1304 οὕνεκ’

228 1323 346 1375 ἦλθον,
369 1332 390 1366 ἄ
410 1329 447 1378 μ’
463 1330 586 1367 εἰπεῖν.
610 1330 684 1367 ΑΓ.
714 1328 896 1378 βούλομαι.

285 1387 357 1430 504
388 1391 469 1423 Ρ111.
502 1384 747 1437 θεραπεύματα
771 1387 817 1428 εἰς
836 1386 875 1424 τὸ
893 1385 1030 1437 ταχέως
1049 1389 1171 1422 τεκεῖν.
1198 1387 1245 1420 Ε1

229 1444 277 1481 ad
301 1445 388 1489 505,
411 1444 592 1487 πλεονάζει
609 1443 648 1481 τὸ
669 1443 708 1480 τό
725 1444 863 1495 ἄρθρον.

284 1503 358 1539 506
395 1501 515 1552 κηρίον
555 1502 601 1539 (10
635 1503 744 1538 1110110
779 1501 993 1552 accipiebat
1027 1501 1243 1538 scholiasta.

196 1589 199 1591 -
228 1561 327 1599 Vide
351 1561 514 1609 Bergler.
534 1569 571 1597 et
586 1559 840 1597 Fritzschium
860 1574 897 1609 p.
924 1561 1009 1603 184.

285 1619 372 1667 509,
393 1634 406 1654 1
426 1620 590 1656 καλοῦσιν
612 1619 745 1655 Suidas
766 1632 796 1656 5.
818 1611 965 1669 ὟΗπτρον.

284 1678 371 1723 516,
393 1679 412 1714 3
433 1677 496 1724 τὴν
525 1677 737 1729 προοίνθησιν
766 1678 916 1715 correxi
942 1689 989 1713 ex
1016 1676 1130 1713 schol.
1155 1678 1241 1712 Pac.

237 1750 307 1785 199
328 1737 379 1787 (et
396 1737 531 1773 Photio
553 1750 592 1786 p.
618 1737 701 1785 193,
733 1750 770 1783 7,
797 1736 914 1773 Suida
948 1744 984 1771 et
1008 1734 1082 1783 aL).
1116 1734 1245 1772 Codex

293 1823 301 1831 .
328 1808 457 1831 απινων
474 1794 591 1830 literis
618 1794 802 1831 evanidis.
833 1798 963 1830 Potest
986 1801 1110 1830 tamen
1131 1792 1244 1828 etiam

231 1851 274 1889 τὰ
291 1851 531 1889 ἀποπίπτοντα
547 1851 674 1890 scribi.
698 1851 755 1889 τὸν
775 1851 1086 1903 προαποπίπτοντα
1114 1849 1244 1887 κύττα-

233 1925 289 1962 ρον
306 1910 400 1946 dixit
427 1909 681 1959 Theophrast.
700 1913 748 1947 H.
770 1911 823 1946 Pl.
854 1910 888 1953 3,
911 1924 930 1956 7
946 1938 955 1955 ,
975 1911 1007 1946 3.
1023 1912 1139 1946 Dim».
1156 1931 1207 1935 —
1223 1909 1244 1944 6

231 1982 315 2018 sqq.
331 1970 423 2014 Quae
436 1968 473 2004 in
490 1968 635 2004 scholio
656 1971 801 2005 Veneto
818 1972 903 2005 Pae.
919 1981 991 2016 ¹99
1007 1968 1204 2016 leguntur,
1226 1980 1246 2003 e

232 2027 390 2063 vetustis
410 2025 454 2062 ad
474 2026 888 2075 Thesmophoriazusas
903 2025 1059 2062 scholiis
1079 2025 1245 2070 fluxisse,

231 2084 409 2121 audacter
427 2082 614 2130 contendo
633 2097 641 2119 z
665 2092 761 2119 sunt·
775 2084 874 2120 enini
902 2092 976 2119 tam
999 2082 1047 2118 ab
1075 2083 1142 2119 illo
1160 2084 1245 2119 1000

231 2142 373 2188 aliena,
395 2153 508 2191 quam
529 2140 576 2176 ad
605 2148 778 2176 nostrum
798 2140 909 2176 unice
935 2140 1244 2177 accommodata:

231 2197 436 2250 Λυκόφρονα
467 2212 570 2249 φησιν
598 2196 851 2248 Ἐρατοσθένης
874 2196 914 2233 τὸ
937 2196 1106 2249 κύτταρον
1133 2196 1244 2247 λέγειν

231 2258 265 2294 ἐν
285 2250 313 2307 ᾧ
335 2258 370 2292 αἱ
390 2255 491 2307 φηγοὶ
509 2253 737 2304 ἐγκάθηνται,
758 2256 820 2292 οὐκ
843 2256 959 2306 ὀρθῶς.
977 2256 1165 2308 κυττάρους
1179 2254 1245 2307 γὰρ

230 2315 376 2351 καλοῦσι
404 2312 464 2355 τὰς
483 2315 551 2350 τῶν
575 2311 704 2363 κηρίων
733 2312 792 2350 καὶ
820 2313 976 2364 σφηκίων
996 2313 1244 2366 κατατρήσεις,

231 2373 276 2413 ὧς
296 2371 354 2409 καὶ
373 2373 405 2408 ἐν
425 2376 493 2413 τοῖς
509 2369 639 2422 Σφηξὶν
656 2369 804 2422 εἴρηκεν,
821 2388 835 2403 (ι
851 2370 1218 2423 ὥσπερ-κινούμενοι.
1230 2390 1245 2405 »

231 2434 404 2479 Apparet
424 2430 650 2466 sententiam
670 2429 781 2478 hujus
804 2430 876 2466 loci
897 2431 1094 2479 aliquanto
1110 2431 1245 2468 melius

232 2501 253 2524 a
271 2488 520 2536 Lycophrone
538 2500 651 2536 quam
673 2487 720 2523 ab
738 2488 985 2524 Eratosthene
1007 2497 1244 2537 perspectam

232 2559 327 2583 esse.
352 2546 540 2593 Deinceps
570 2545 664 2581 alius
695 2546 979 2594 grammaticus,
1005 2554 1245 2582 correcturus

233 2605 376 2641 scilicet
419 2604 707 2642 Eratosthenem
721 2631 730 2648 ‚
768 2603 879 2652 hujus
915 2605 988 2641 viri
1021 2606 1244 2642 sententiam

233 2663 349 2711 magis
375 2662 486 2699 etiam
504 2661 718 2707 insuscavit‚
740 2661 789 2698 δεῖ
803 2657 859 2698 οῧν
880 2675 960 2711 sqq.
978 2662 1127 2699 Retinet
1144 2664 1244 2699 enim

232 2730 347 2769 apum
366 2720 516 2765 cellam,
539 2732 582 2755 ac
602 2727 784 2768 praeterea
801 2732 914 2756 voees
937 2727 1011 2755 tam
1031 2728 1133 2756 arcte
1151 2734 1244 2756 con-

231 2790 346 2814 nexas
359 2807 369 2826 ,
391 2775 554 2827 στρεόλὸν
573 2775 689 2827 ὥσπερ
716 2775 902 2829 κύτταρον,
927 2777 1161 2826 ineptissime
1181 2779 1242 2815 (11-

231 2836 346 2872 νο1111.
370 2835 506 2871 Melius
528 2848 641 2884 quam
671 2836 787 2872 ceteri
821 2836 977 2872 ultimus
1008 2836 1239 2873 scholiastes.

231 2894 301 2930 Hic
359 2893 511 2930 demum
560 2894 825 2943 Lycophronis
877 2894 1037 2943 vestigia
1089 2895 1239 2943 pressit.

231 2954 434 2991 Fm‘rzscn.
451 2982 488 2987 —
506 2966 529 3001 9
548 2953 615 2988 τῶν
637 2950 834 3004 μελικήρων
855 2953 1000 2989 mavult
1021 2952 1241 2990 Schneider.

233 3022 269 3058 p.
290 3011 324 3046 6.
341 3034 382 3041 —
402 3024 445 3047 10
466 3013 576 3060 πῶμα
595 3010 728 3047 Suidas
755 3024 785 3047 5.
810 3009 990 3062 Κύτταρος
1017 3018 1054 3047 01
1074 3010 1238 3049 Πύσθιον.

233 3068 360 3106 Codex
382 3070 499 3118 σῶμα.

287 3126 375 3174 519,
400 3128 441 3163 13
460 3120 534 3163 εἶτα
553 3125 593 3172 δὴ
615 3129 695 3177 Ουμ.
725 3127 899 3164 Matthiae
918 3141 956 3177 p.
983 3127 1056 3170 342
1077 3137 1187 3164 recte.

288 3183 360 3219 532
379 3185 406 3219 εἷ
428 3183 475 3232 μή
494 3185 676 3233 glossema
700 3193 754 3221 est
774 3185 1046 3234 particularum
1073 3183 1164 3230 πλὴν
1188 3184 1241 3237 ἄρ’

232 3242 268 3288 ἥ.
289 3240 376 3287 ἄλλη
396 3240 481 3291 γυνή
507 3249 631 3278 autem
655 3243 819 3291 proximi
848 3256 979 3280 versus
1000 3244 1137 3279 lemnia
1167 3252 1241 3288 cst,

233 3312 302 3349 pro
344 3312 421 3347 quo
457 3298 543 3348 γυνή
580 3313 630 3340 τις
661 3301 845 3350 scriptum
880 3301 919 3337 in
951 3308 1055 3337 textu
1088 3300 1240 3336 codicis.

234 3360 352 3396 Dum.

980 189 1280 229 ADNOTATIO
1309 189 1365 226 IN
1395 189 1570 229 SCHOL.

1357 276 1445 323 533,
1467 290 1514 314 20
1535 277 1624 315 κατὰ
1643 279 1704 324 τῆς
1724 279 1883 317 Bekker.
1903 281 1941 317 ἐκ
1959 281 2020 326 τῆς
2039 281 2174 319 codex.

1356 334 1430 370 536
1444 363 1453 381 ,
1479 336 1526 371 23
1552 335 1745 386 βουλομένη
1765 347 1867 375 recte
1893 340 2049 389 corrigit
2068 339 2313 378 Fritzschius.

1302 394 1504 442 Sequentia
1527 393 1644 440 ἐπειδὴ
1675 389 1734 432 ἐπὶ
1762 399 1891 443 σκηνῆς
1910 397 1996 435 εἷσίν
2026 398 2184 436 fortasse
2208 397 2257 435 ad
2274 396 2319 436 τὰ

1307 449 1472 503 δουλάρια
1493 452 1705 499 referenda,
1724 467 1757 490 v.
1780 454 1868 501 537.
1892 459 1976 494 Put.
2000 456 2116 493 habet
2134 472 2141 494 :
2163 458 2317 506 εἷμενοῧν

1302 507 1352 550 τὶς
1368 508 1457 555 ἄλλη
1476 509 1634 556 δηλονότι
1657 510 1743 561 γυνὴ
1767 510 1854 562 ἔστι,
1876 516 1976 551 τοῦτο
1995 512 2079 566 ὅπερ
2100 514 2191 565 λέγω
2217 516 2320 560 ποιῆ-

1303 581 1361 603 σαι
1386 567 1484 618 (sic),
1505 567 1566 605 εἶδ’
1585 568 1622 606 οὒ
1644 568 1692 619 μὴ
1717 572 1819 619 ἡμεῖς
1835 570 1950 609 αὐταί.
1972 572 2031 609 Ad
2054 572 2143 620 538,
2159 572 2264 623 ἤγουν
2280 570 2319 609 τὸ

1304 626 1446 662 αἰδοῖον.

1359 684 1432 720 566
1463 684 1587 722 codex
1617 684 1667 734 μὰ
1694 684 1874 735 τοῖν-μὰ
1907 692 1998 726 ταῖν.
2023 691 2239 737 Utrumque
2269 685 2319 737 μὰ

1303 741 1350 778 ab
1370 743 1526 780 librario
1546 744 1712 791 illatum,
1735 745 1801 794 qui
1822 758 1900 781 non
1926 746 2183 795 perspexisset
2210 758 2320 783 men-

1305 809 1378 837 tem
1401 802 1627 841 scholiastae.
1660 803 1720 840 Ad
1748 803 1866 840 verba
1892 801 1942 852 μὰ
1965 802 2014 840 τὼ
2046 802 2112 840 θεὼ
2142 803 2322 840 observat

1303 863 1571 909 grammaticus
1591 863 1869 899 nominativum
1893 872 1930 899 et
1949 863 2208 900 accusativum
2240 871 2321 899 ter-

1304 920 1554 958 minationem
1571 921 1712 958 habere
1732 921 1990 966 masculinam,
2007 921 2072 958 sed
2095 920 2266 971 genitivo
2285 928 2323 957 et

1305 976 1431 1013 dativo
1453 991 1540 1015 casu
1570 973 1647 1015 non
1675 984 1747 1015 τοῖν
1777 981 1880 1025 θεοῖν,
1907 980 1971 1016 sed
2000 984 2077 1016 ταῖν
2106 982 2197 1016 θεαῖν
2231 979 2321 1017 (1101.

1304 1037 1392 1073 Ταῖν
1414 1038 1506 1073 θεαῖν
1533 1045 1588 1073 051
1608 1038 1647 1073 in
1670 1040 1788 1087 Vesp.
1812 1038 1901 1084 378,
1924 1037 1992 1074 ubi
2012 1041 2108 1076 Rav.
2126 1037 2233 1076 male
2253 1039 2322 1075 τῶν

1305 1095 1404 1132 θεῶν.
1425 1098 1544 1133 Dim).

1360 1153 1448 1200 567,
1472 1159 1519 1197 4ο
1543 1153 1600 1191 ἐπὶ
1616 1154 1788 1191 additum
1810 1167 1858 1191 ex
1878 1153 1992 1191 Suida
2005 1167 2033 1192 s.
2058 1154 2253 1201 Ἐκποκιῶ,
2272 1152 2323 1190 ὅτι

1305 1211 1514 1249 omittente.
1533 1212 1638 1249 Idem
1662 1210 1761 1257 πολὺ,
1777 1227 1951 1264 παρετυμ.
1970 1211 2068 1249 822—-
2085 1217 2132 1255 42
2153 1214 2198 1254 ὡς
2216 1212 2324 1249 addi-

1306 1269 1361 1305 dit
1377 1270 1632 1307 Schneiderus
1654 1284 1691 1319 p.
1718 1283 1858 1306 100.-
1875 1271 1921 1312 43
1946 1270 2079 1321 ἀνδρῶν
2095 1270 2242 1307 Suidas.

1361 1327 1450 1377 572,
1474 1328 1521 1371 45
1544 1326 1618 1365 ἔστι
1636 1327 1663 1364 δ’
1680 1328 1804 1365 codex
1826 1336 1864 1363 et
1880 1328 2017 1365 Suidas
2037 1342 2067 1364 s.
2085 1326 2212 1377 ζ(.ιμοῧ.

1360 1385 1453 1430 585,
1477 1386 1524 1421 52
1544 1387 1758 1423 accuratius
1790 1386 1948 1422 dixisset
1969 1384 2025 1422 διὰ
2052 1384 2113 1431 τὴν
2144 1384 2236 1422 θέσιν
2263 1388 2322 1422 τοῦ

1305 1444 1552 1496 θεσμοφορίου,
1592 1444 1697 1494 quod
1733 1444 1917 1494 templum
1947 1444 2112 1480 Athenis
2145 1444 2185 1480 in
2219 1443 2324 1481 edito

1305 1503 1388 1539 loco
1411 1516 1532 1553 prope
1552 1503 1751 1553 acropolin
1778 1503 1891 1540 situm
1912 1511 2005 1539 erat.
2023 1506 2228 1540 Fm‘rzscn.

1358 1562 1449 1607 600,
1474 1575 1494 1598 2
1515 1560 1700 1613 κ·ρύπτειαι
1731 1561 2000 1611 Bernhardyus
2025 1560 2072 1598 ad
2099 1561 2257 1598 Suidam
2282 1572 2320 1597 V.

1306 1620 1498 1670 Κρυπτεία.
1518 1620 1632 1670 Apud
1658 1621 1852 1657 Platonem
1871 1628 1927 1657 est
1942 1622 1963 1665 ἡ
1981 1618 2163 1672 κρύπτεια.
2178 1644 2219 1651 -
2236 1619 2256 1654 3
2277 1618 2325 1654 de

1304 1678 1490 1728 Euripide
1522 1687 1625 1716 recte
1656 1678 1808 1715 dubitat
1838 1678 2138 1716 Dindorfius.—
2161 1683 2180 1721 4
2202 1677 2325 1714 codex

1306 1735 1507 1787 κρύπτεται.
1547 1737 1818 1785 Bernhardyus
1846 1737 1870 1773 l.
1910 1750 1943 1774 c.
1976 1733 2202 1787 κρυπτευταί.
2230 1735 2323 1785 Κρυ-

1305 1799 1421 1830 πτεῖαι
1471 1795 1718 1842 confidenter,
1753 1803 1796 1831 ut
1833 1795 1950 1841 solet,
1999 1793 2164 1843 projecit
2197 1792 2321 1829 Fritz-

1305 1851 1442 1890 schius.

1359 1910 1448 1955 616,
1472 1923 1515 1945 10
1536 1910 1645 1961 οὔρων
1666 1910 1801 1946 Suidas
1819 1923 1845 1946 s.
1865 1909 2127 1960 Στραγγουριῶ.
2141 1931 2182 1938 -
2205 1921 2218 1943 1
2232 1921 2245 1943 1
2267 1920 2323 1956 sq.

1306 1967 1404 2003 idem
1424 1970 1576 2020 χρῆσθαι
1592 1968 1720 2011 αὐτοῖς.
1744 1967 1976 2019 φυλάττονται
1992 1964 2057 2018 γὰρ
2075 1963 2189 2003 πολλὰ
2203 1964 2322 2002 πτύειν

1305 2025 1363 2062 καὶ
1381 2029 1494 2077 οὐρεῖν
1516 2026 1574 2063 καὶ
1591 2028 1700 2075 ἀπομ.

1359 2085 1448 2127 624,
1469 2099 1512 2133 19
1530 2085 1677 2134 corrige
1694 2084 1902 2134 typothetae
1916 2083 2170 2129 omissionem,
2186 2081 2322 2119 ἐποίουν

1304 2141 1388 2194 πρὸς
1409 2142 1448 2179 τὸ
1465 2142 1570 2194 ἱερόν,
2298 2150 2302 2154 ”

1358 2201 1430 2237 631
1459 2200 1574 2238 habet
1593 2201 1707 2238 etiam
1724 2204 1807 2239 Put.
1831 2200 1879 2238 ad
1901 2198 2155 2252 προύπίνομεν,
2173 2198 2239 2248 qui
2264 2198 2324 2235 ἀλ-

1304 2258 1441 2302 λήλαις,

1359 2318 1434 2359 646
1458 2331 1496 2366 γε
1519 2316 1754 2354 Dindorfius.
1777 2316 1844 2368 γὰρ
1868 2317 2003 2353 codex.
2025 2313 2323 2366 Παρατετήρηται

1306 2375 1437 2413 referri
1455 2388 1565 2425 posse
1583 2375 1630 2412 ad
1649 2376 1766 2412 schol.
1784 2376 1927 2412 Avium
1942 2376 2016 2418 448
2039 2374 2086 2411 (10
2106 2373 2244 2423 νυνμενὶ
2257 2386 2322 2410 an-

1305 2442 1412 2471 notat
1429 2434 1670 2470 FritzschiuS.

1359 2493 1456 2540 648,
1493 2506 1542 2540 29
1580 2491 1813 2541 διισθμονίσαι
1847 2490 1970 2528 Suidae
2001 2504 2031 2527 s.
2063 2490 2135 2526 hac
2165 2503 2200 2526 v.
2223 2498 2260 2526 et
2291 2503 2320 2527 5.

1305 2549 1454 2599 Ἰσθμός.
1477 2550 1605 2587 Codex
1631 2549 1867 2598 διισμωνίσαι.

1357 2607 1432 2642 656
1455 2607 1575 2643 codex
1592 2606 1795 2656 ἐγκυκλίων.

1358 2665 1447 2711 658,
1468 2666 1514 2701 35
1546 2666 1598 2702 sic
1620 2666 1656 2701 in
1677 2668 1778 2709 Put.‚
1798 2662 1873 2700 ἀντὶ
1901 2666 1961 2700 τοῦ
1987 2661 2049 2707 τὴν
2081 2660 2222 2714 ἇγορὰν,
2251 2661 2320 2698 ἀπὸ

1304 2726 1363 2759 τοῦ
1390 2724 1460 2760 ἐκεῖ
1490 2722 1547 2759 τὸν
1587 2722 1670 2760 λαὸν
1699 2723 1927 2759 πυκνοῦσθαι.
1957 2744 2008 2749 -
2035 2722 2083 2757 30
2114 2719 2320 2765 ἐπεποίηντο

1303 2781 1558 2818 Schneiderus
1591 2795 1625 2830 p.
1645 2782 1679 2819 5.
1712 2780 1841 2818 Codex
1867 2779 2067 2825 ἐπεποίητο.
2085 2807 2126 2812 -
2142 2781 2187 2825 37
2216 2778 2319 2816 πυκνὶ

1304 2838 1427 2882 σκηναὶ
1445 2838 1663 2875 Dindorfius
1682 2847 1718 2875 et
1737 2839 1810 2875 alii.
1831 2838 1961 2875 Codex
1984 2839 2094 2887 σκηνῇ
2110 2835 2250 2874 πυκναὶ.
2267 2858 2319 2866 --

1305 2898 1352 2933 38
1372 2897 1469 2933 idem
1482 2897 1682 2933 111-(1001115
1703 2911 1802 2933 1111110
1817 2896 1930 2939 (conf.
1951 2897 2160 2946 fragmenta
2175 2909 2211 2946 p.
2229 2895 2318 2941 501,

1303 2954 1337 3005 a)
1360 2955 1500 2991 referre
1524 2956 1628 2991 malit
1644 2955 1690 2992 ad
1707 2958 1791 2991 Pac.
1817 2957 1904 3001 731,
1932 2957 1977 2996 ὡς
2005 2953 2147 2991 εἰώθασι
2164 2953 2316 3005 μάλιστα

1301 3011 1381 3064 περὶ
1397 3010 1458 3054 τὰς
1481 3010 1609 3058 σκηνὰς
1623 3013 1780 3050 πλεῖστοι
1801 3011 1949 3049 κλέπται
1967 3011 2154 3055 κυπτάζειν
2171 3011 2229 3049 καὶ
2245 3026 2316 3049 κα-

1302 3077 1469 3109 κοποιεῖν.

1356 3130 1431 3175 678
1452 3134 1533 3167 Ρι11.
1554 3130 1614 3180 (ad
1633 3130 1745 3176 ἔσται)
1759 3136 1828 3173 τοῖς
1841 3129 2032 3182 ἀνθρώποις
2053 3127 2225 3175 δηλονότι.

1355 3188 1430 3223 680
1460 3187 1576 3224 habet
1608 3192 1708 3234 Put.‚
1738 3197 1776 3225 et
1803 3204 1810 3225 ε
1841 3188 2045 3240 παράκοπος
2077 3185 2113 3224 δὲ
2145 3185 2314 3240 φρενίτης,

1284 3245 1405 3294 -ἦγουν
1420 3247 1488 3281 τῶν
1505 3247 1635 3297 φρενῶν
1650 3245 1804 3298 τραπείς.

1355 3303 1428 3338 682
1443 3331 1451 3347 ,
1483 3308 1526 3345 41
1550 3303 1673 3340 codex
1695 3303 1870 3347 Ἀλεξανδ.
1903 3302 2159 3340 Alexandrum
2182 3301 2313 3339 mediae

1303 3361 1499 3396 comoediae
1538 3370 1689 3410 poetam
1738 3362 1915 3411 intelligit
1957 3361 2171 3398 Meinekius
2205 3358 2301 3397 Hist.
