2517 3792
100 1285 110 1326 l

86 1329 98 1355 A

0 1364 87 1556 s
194 1364 229 1391 ,,

1022 159 1274 199 SCHOLIA
1309 161 1369 199 IN
1403 163 1605 204 RANAS.

255 253 350 295 σθαι,
367 248 423 286 τὸν
443 247 478 286 δὲ
500 247 556 286 διὰ
577 248 771 295 θαλάσσης,
794 252 912 287 τοῦτον
931 251 1089 300 ἡγεῖσθαι
1108 249 1225 301 πόρον.
1249 247 1282 297 (ἢ

255 313 313 352 καὶ
329 311 454 354 οὕτως·
479 310 538 348 ἕνα
553 308 615 360 μὲν
629 309 733 361 πόρον
750 310 907 360 ἡγεῖσθαι
927 309 1136 361 χρημάτων,
1153 308 1191 346 τὸ
1204 323 1285 351 ναυς

253 374 298 415 ὡς
317 367 512 412 πλείστας”
494 383 602 419 εχειν·
619 367 676 405 τὸν
697 366 732 404 δὲ
755 368 857 404 ἄλλον
878 367 994 426 πόρον,
1015 367 1050 410 ὃς
1067 366 1107 403 ἂν
1132 366 1196 410 ἔξω
1224 368 1285 411 τῆς

252 431 315 481 γῆς
330 431 370 479 ᾖ,
387 442 506 465 τουτον
521 425 668 478 ἀπορίαν
689 425 853 475 νομίζειν·
869 428 938 463 οἷον
955 425 997 462 τὰ
1017 423 1181 484 θεωρικὰ,
1201 423 1223 470 ἢ
1236 425 1284 461 δι-

219 501 235 524 5
252 484 419 532 καστικὰ,
447 485 468 531 ἢ
498 483 785 531 ἐκκλησιαστικά.
818 483 1045 533 συμὸουλεύει
1080 486 1138 520 οὖν
1166 487 1282 519 πᾶσαν

251 543 343 590 τὴν’
328 560 362 582 εν
381 544 510 587 τούτοις
526 542 708 594 γινομένην
730 542 887 588 δαπάνην
915 548 990 585 ταῖς
1013 541 1133 579 ναυσὶν
1160 539 1283 593 ἀφορί-

252 618 323 641 σαι.
340 602 425 654 πρὸς
447 602 576 649 ταύτην
596 601 631 639 δὲ
654 601 716 647 τὴν
744 602 873 639 ἔννοιαν
901 601 959 638 καὶ
978 600 1016 637 τὸ
1037 598 1283 652 ἐπιφερόμενον

251 660 448 701 ἀκόλουθον.
465 661 548 714 φησὶ
567 660 634 713 γὰρ
659 663 676 698 6
696 660 874 706 Διόνυσος,
894 679 907 693 «
923 659 1014 705 πλήν
1038 660 1069 709 γ’
1088 661 1105 695 6
1121 656 1285 703 δικαστὴς

252 720 341 757 αὐτὰ
361 721 544 758 καταπίνει
564 720 682 770 μόνος,
704 738 719 752 1>
736 722 781 762 ὡς
801 721 937 756 πολλῶν
954 718 1059 755 ὄντων
1080 719 1147 753 τῶν
1169 717 1283 753 δαπα-

202 785 233 809 ¹0
252 778 413 828 νωμένων
425 781 471 822 εἷς
489 779 546 816 τὸν
564 778 761 816 δικαστικὸν
775 776 921 827 μισθόν.)
937 779 1036 813 τοῦτο
1049 773 1085 812 δὲ
1102 775 1183 827 παρ’
1201 774 1283 812 ὑπό·

250 850 344 872 νοιαν
361 830 446 874 εἶπε.
468 836 612 888 [νοεῖται
633 835 693 886 μὲν
722 835 788 887 γὰρ
805 834 895 872 κατὰ
924 834 963 871 τὸ
988 832 1204 886 φαινόμενον,
1231 831 1283 869 ὅτι

251 892 319 944 ἐγὼ
336 894 436 944 μόνος
454 897 472 932 6
492 894 638 939 δικάζων
656 896 736 944 ὑμῖν
766 892 856 930 κατὰ
879 895 957 930 νοῧν
980 895 1090 928 ταῦτα
1110 889 1282 940 λαμῖάνω

250 953 309 989 καὶ
330 952 564 1003 ἀποδέχομαι·
584 956 626 1003 τῇ
647 953 682 989 δὲ
704 951 847 1002 ἀληθεία
863 950 1074 1001 κατηγορίαν
1095 949 1281 994 Ἀθηναίων

252 1010 407 1061 ἐμφαίνει
417 1040 427 1056 ,
444 1013 489 1053 ὡς
503 1008 797 1061 δικορραφούντων
814 1008 873 1045 καὶ
894 1007 1033 1057 μισθοὺς
1047 1007 1192 1050 πολλοὺς
1204 1008 1282 1058 περὶ

200 1076 231 1101 15
250 1067 311 1111 τὰς
331 1068 427 1111 δίκας
454 1068 625 1106 διδόντων.
643 1070 681 1105 τὸ
700 1068 735 1105 δὲ
752 1066 876 1118 κρίνοις
896 1067 936 1103 οἷν
954 1066 1041 1108 τινὲς
1076 1067 1132 1103 τὸν
1162 1066 1280 1105 Πλού-

247 1142 340 1164 τωνα
367 1125 477 1177 λέγειν
504 1125 666 1171 ἀξιοῦσιν.
732 1127 831 1178 αἱροῦ
850 1123 885 1163 δὲ
902 1124 978 1168 τοὺς
999 1124 1115 1178 φίλους
1130 1124 1204 1162 ἀντὶ
1222 1128 1282 1163 τοῦ

249 1183 309 1235 ἐμὲ
322 1184 442 1236 λάὸε]

300 1256 379 1282 1469.
409 1242 464 1286 οὒς
483 1242 623 1293 ὤμοσας
645 1256 653 1281 :

299 1313 377 1340 1470.
407 1300 485 1345 τοὺς
504 1300 621 1353 φίλους
644 1315 653 1339 t

301 1372 381 1398 1⁴71.
412 1359 574 1410 ἡγλῶττ’
595 1358 759 1409 ὀμώμοκε
783 1373 791 1398 :

245 1418 326 1469 [ευ]

676 1243 767 1294 Πρὶν
788 1245 978 1281 κατελθεῖν.
1000 1256 1033 1286 C.

678 1301 777 1351 Ἐμέ.
799 1310 859 1339 Br.

816 1358 923 1412 Παρὰ
948 1358 993 1396 τὰ
1016 1358 1049 1403 ἐξ
1073 1358 1282 1398 Ἱππολύτου

368 1514 388 1549 ἡ
403 1512 513 1552 γλῶττ’
524 1512 666 1553 ὀμώμοχ’
676 1535 684 1550 ,
697 1515 715 1550 ἠ
729 1513 761 1544 δὲ
772 1513 844 1553 φρὴν
859 1513 1027 1553 ἀνώμοτος,

758 1594 767 1609 “
797 1609 805 1634 :
825 1594 932 1648 Παρὰ
951 1595 994 1632 τὰ
1015 1594 1047 1639 ἐξ
1070 1595 1194 1634 Αἰόλου
1208 1597 1281 1635 Εὖ-

301 1605 379 1632 1475.
408 1593 442 1631 τί
458 1594 487 1631 δ’
505 1594 648 1646 αἰσχρὸν
661 1594 702 1640 ἢν
724 1611 772 1645 μη

247 1651 382 1703 ριπίδου

192 1758 227 1784 ‘25
388 1745 416 1777 τί
430 1746 456 1777 δ’
472 1747 611 1788 αἰσχρὸν,
627 1748 663 1785 ἢν
675 1748 716 1788 μὴ
732 1750 812 1779 τοῖσι
826 1748 993 1788 χρωμένοις
1009 1749 1097 1789 δοκῇ;

300 1841 378 1867 1178.
407 1828 447 1865 τὸ
463 1829 557 1866 πνεῖν
573 1827 608 1866 δὲ
623 1830 770 1866 δειπνεῖν
794 1843 802 1868 :
827 1829 991 1882 Παρατὰ
1012 1832 1051 1868 ἐκ
1069 1830 1200 1883 Φρίξου
1215 1833 1282 1870 Εὖ-

247 1885 393 1938 ριπίδου.
413 1885 453 1923 τὸ
479 1885 514 1923 δὲ
539 1885 662 1924 κώδιον
693 1887 919 1940 προσέθηκεν,
949 1889 1068 1935 ἐπειδὴ
1102 1889 1280 1927 καθεύδειν

245 1943 324 1996 ἔφη.
409 1941 571 1997 [Ἄλλως.
589 1948 690 1984 τοῦτο
710 1948 750 1984 ἐκ
771 1946 945 1986 Πολυΐδου
963 1947 1138 2000 δράματος

367 2040 411 2076 τίς
427 2039 519 2079 οἶδεν,
531 2041 558 2071 εἰ
571 2041 607 2072 τὸ
620 2043 672 2079 ζῆν
689 2041 742 2082 μέν
759 2041 823 2072 ἐστι
838 2043 1010 2081 κατθανεῖν,

192 2095 227 2121 30
368 2087 403 2118 τὸ
420 2088 578 2118 κατθανεῖν
594 2088 626 2119 δὲ
640 2091 704 2127 ζῆν,
718 2090 831 2120 ὑπνοῦν
845 2089 877 2120 δὲ
893 2090 928 2120 τὸ
941 2090 1112 2121 κατθανεῖν.

245 2167 491 2220 Ἀριστοφάνης
507 2167 544 2206 δέ
563 2184 648 2221 φησι

367 2262 402 2292 τὸ
415 2265 498 2292 πνεῖν
518 2262 550 2293 δὲ
561 2262 689 2294 δειπνοῖν
703 2264 755 2294 καὶ
772 2264 807 2294 τὸ
821 2264 977 2295 καθεύδειν
991 2264 1114 2295 κώδιον.

250 2341 414 2388 πεποίηκε
442 2341 478 2380 δε
506 2357 624 2389 τουτο,
652 2343 769 2389 ἐπειδὴ
796 2347 813 2382 6
845 2344 1008 2388 Διόνυσος
1040 2346 1115 2383 οὐδὲ
1119 2363 1136 2383 ν
1166 2350 1279 2398 ἕτερον

245 2399 366 2450 ἠγάπα
386 2400 408 2447 ἢ
430 2402 577 2438 δειπνεῖν
595 2402 654 2439 καὶ
672 2402 885 2440 καθεύδειν’
871 2420 904 2440 εν
928 2405 1098 2453 μαλακοῖς
1115 2406 1278 2459 στρώμα-

190 2479 225 2506 35
244 2474 309 2506 σιν,
324 2453 414 2497 οῖά’
399 2475 490 2498 εστιν
509 2476 552 2498 τα
572 2462 612 2497 ἐκ
630 2460 775 2499 κωδίων.
780 2461 798 2514 ]]

299 2530 378 2556 1481.
408 2519 456 2555 τῶ
485 2519 665 2556 ἑστιασαι·
696 2522 742 2562 ὡς
774 2520 962 2573 ἀδηφάγος.
1002 2524 1165 2577 τρυφερὸς
1194 2526 1274 2578 γάρ.

244 2582 326 2612 Ven.

299 2646 380 2673 1482.
411 2633 601 2687 [μακάριον
623 2647 632 2673 :
656 2636 811 2688 Κορωνὶς
825 2637 883 2674 καὶ
901 2637 1044 2683 εἴσθεσις
1058 2645 1163 2692 χοροῦ
1180 2657 1273 2679 επω-

241 2690 318 2738 δικὴ
333 2721 344 2738 ,
369 2691 426 2729 διὰ
443 2691 483 2730 τὸ
512 2691 601 2743 μετὰ
619 2692 682 2740 τὴν
710 2694 880 2747 κορωνίδα
908 2701 1063 2744 κεῖσθαι,
1092 2700 1131 2737 ἐκ
1154 2700 1274 2737 κώλων

189 2770 224 2795 ⁴0
242 2752 437 2801 τροχαϊκῶν
464 2751 746 2802 ἐπιμεμιγμένων
783 2754 930 2806 χορείοις
953 2755 1013 2793 και
1053 2756 1192 2807 ἷάμὸοις
1216 2759 1274 2797 καὶ

243 2807 468 2851 ἀναπαίστοις
483 2809 683 2862 διμέτρων’
667 2811 914 2850 οκτωκαίδεκα·
939 2808 986 2851 ὧν
1006 2831 1050 2852 τα
1067 2817 1129 2866 μὲν
1150 2818 1202 2863 α’,
1223 2819 1273 2868 β’,

241 2865 352 2913 γ’,ἠ,
373 2865 408 2912 ι’,
433 2866 491 2913 ια’,
511 2867 579 2914 ιδ’,
606 2868 662 2914 ιδ’,
685 2869 723 2906 ιε’
753 2872 994 2917 καταληκτικὰ
1019 2874 1096 2919 ἦτοι
1123 2877 1273 2927 ἓφθημι-

243 2925 331 2975 μερῆ
346 2895 604 2975 Ει’)ριτιτίδεια,’“λ
585 2942 607 2971 η
626 2926 786 2972 ληκύθια·
802 2928 846 2966 τὰ
863 2930 892 2966 δ’
914 2930 1004 2968 ἄλλα
1023 2933 1251 2980 ἀκατάληκτα
1263 2965 1272 2981 ,

240 2979 332 3026 πλὴν
351 2984 410 3018 τοῦ
430 2982 458 3019 θ’
478 2997 538 3019 και
553 2984 748 3023 τελευταίου
766 2974 1109 3040 βραχυκαταληκτων
1130 2993 1274 3044 ἰθυφάλ-

188 3057 221 3080 ⁴5
240 3039 356 3076 λικῶν.
375 3039 432 3076 ἐπὶ
446 3055 495 3077 τω
509 3039 600 3078 τέλει
611 3043 782 3096 κορωνιςῙ]
816 3046 976 3085 λείπειτὸ
993 3054 1158 3100 πρᾶγμα,
1177 3051 1220 3089 ἵν’
1237 3055 1272 3103 ᾖ,

240 3095 410 3148 μακάριον
437 3112 477 3134 το
506 3104 666 3150 πρᾶγμα.
688 3101 823 3153 [[φίλους
852 3105 887 3142 δὲ
918 3109 976 3144 νῦν
1007 3110 1053 3151 ὡς
1075 3124 1134 3147 και
1159 3112 1270 3160 ἡμεῖς.

238 3155 417 3249 πρλλαχοῧ
435 3154 471 3192 δὲ
480 3171 557 3199 τους
573 3161 744 3208 συγγενεῖς
762 3176 821 3198 και
841 3164 1059 3214 ἀναγκαίους.
1071 3167 1088 3219 ]
1110 3192 1162 3197 —
1181 3168 1269 3213 ξύνε-

313 3212 432 3251 τἈντὶ
449 3217 508 3251 τοῦ
526 3214 701 3275 φρόνησιν.
721 3226 759 3256 R.
774 3228 814 3257 V.

293 3283 369 3309 1491.
400 3270 530 3324 (χάριεν
552 3276 609 3310 οὖν
637 3287 646 3312 :
671 3273 755 3314 ⁶022
782 3282 839 3315 νῦν
871 3278 932 3325 τὴν
961 3297 1046 3333 προς
1080 3285 1272 3337 Σωκράτην

190 3327 389 3380 Μὲταιρίαν
406 3330 514 3376 δηλοῖ.
547 3331 733 3376 Παναίτιος
760 3335 794 3372 δε
823 3335 886 3374 ὃ’)α
914 3343 1022 3378 ταῦτα
1050 3342 1127 3394 περὶ
1154 3344 1269 3396 ἑτέρου

2296 184 2369 217 313

1342 250 1370 272 x

1340 250 1547 303 ...ωκράτους
1564 252 1647 305 φησὶ
1665 253 1838 305 λέγεσθαι,
1857 257 1924 294 τῶν
1943 258 2023 309 περὶ
2044 262 2171 306 σκηνὰς
2199 263 2371 315 φλυάρων,

1339 310 1384 351 ὡς
1406 310 1619 362 Εὐριπίδης.)
1703 312 1866 365 [[Αλλως.
1879 314 1936 353 τὸν
1958 317 2130 370 Σωκράτη
2145 321 2290 358 ἐνταῦθα
2307 338 2373 360 κα-

1339 368 1489 419 τηγορεῖ.
1508 371 1572 413 ζῶν
1588 370 1654 441 γὰρ
1669 375 1822 415 οὑτοςὼς
1840 374 2028 425 πολυλόγος
2054 382 2299 448 κατηγορεῖτο,
2321 380 2373 418 ὅτι

1338 425 1483 469 πολλους
1495 427 1615 478 λόγους
1632 431 1666 466 ἐν
1677 436 1745 474 τοῖς
1759 432 1992 483 ἐργαστηρίοις
2011 449 2069 471 και
2087 436 2270 487 τραπέζαις
2286 439 2372 482 διεξ-

1338 498 1465 535 ηρχετο
1490 486 1568 536 περὶ
1592 488 1803 540 φιλοσοφίας.
1830 489 1921 540 λέγει
1938 495 1995 529 οὐν
2013 492 2064 530 ὅτι
2086 494 2222 531 καλόν
2208 511 2298 542 εστι,
2321 496 2369 546 μὴ
2391 507 2408 530 ὓ

1340 545 1415 590 μετ’
1436 544 1538 580 αὐτοῦ
1553 560 1628 582 τινα
1647 545 1788 595 διάγειν,
1804 548 1932 600 ἀφέντα
1949 565 2025 593 τους
2043 552 2187 598 ποιητὰς
2203 554 2373 598 τοιούτους

1338 598 1436 642 ὄντας
1458 604 1503 643 ὡς
1522 602 1581 638 καὶ
1606 603 1694 651 μετὰ
1714 587 1859 643 θάνατόν
1885 608 2046 647 ἀναὸιουν
2070 614 2163 654 αυθις
2195 612 2371 651 δύνασθαι·

1338 661 1376 694 οὑ
1392 673 1450 695 νυν
1468 659 1642 710 Αἰσχύλος
1657 660 1767 713 ἔτυχε.
1770 663 1787 715 ss

1392 729 1469 754 11177.
1494 717 1553 754 καὶ
1576 723 1818 791 σκαριφισμοῖς
1846 735 1855 760 :
1887 724 2195 775 (Συνεστυμμένοις
2213 743 2271 765 και
2288 745 2372 766 στυ-

1337 775 1437 822 γνοῖς.
1456 774 1607 826 παρόσον
1622 777 1683 813 οὐκ
1698 778 1856 822 ἀνειδέοις
1869 782 1899 817 οἱ
1911 781 2086 835 φιλόσοφοι
2101 784 2323 835 διαλέγονται.
2335 787 2370 837 η)

1338 833 1406 868 οἱον
1423 838 1627 883 σκαρισμοῖς
1643 834 1701 871 καὶ
1718 837 1958 910 λεπτολογίαις
1970 868 1979 885 ,
1991 842 2191 889 εὖτελείαις,
2212 858 2375 897 σκιαγρα-

1338 888 1439 940 φίαις.
1457 891 1675 943 σκαριφεύειν
1692 891 1758 946 γαρ
1774 910 1813 932 το
1836 911 1913 939 τους
1935 898 2160 950 ζωγράφους(
2148 916 2374 940 υποτυπωσαι

1341 948 1488 1019 (πρὶἶζτον
1518 964 1595 992 τους
1619 952 1877 1004 γραφομένους).
1904 955 1982 1007 [καὶ
2010 958 2290 1032 σκαριφήσασθαι
2318 963 2374 999 ἐπὶ

1337 1008 1396 1042 τοῦ
1416 1006 1692 1059 ἐπισεσυρμένως
1715 1026 1747 1047 τι
1764 1013 1887 1060 ποιεῖν,
1903 1029 1961 1051 και
1982 1013 2030 1064 μὴ
2051 1016 2140 1054 κατὰ
2160 1034 2222 1064 τνν
2241 1019 2374 1071 προσ-ν’,-

1338 1078 1465 1101 κουσαν
1484 1065 1661 1118 ἀκρίὸειαν
1682 1077 1920 1123 σκιαγραφεῖν.
1938 1073 2003 1110 εἶσὶ
2017 1073 2052 1111 δὲ
2072 1074 2131 1112 καὶ
2144 1078 2174 1113 οἱ
2193 1078 2372 1148 φιλόσοφοι

1337 1120 1431 1194 λόγοι
1450 1138 1569 1177 ωσπερ
1586 1126 1681 1163 σκιαὶ
1698 1127 1758 1164 καὶ
1769 1128 1957 1180 αἰνίγματα
1978 1130 2034 1169 διὰ
2045 1132 2085 1170 τὸ
2097 1134 2243 1187 ἀερωδες
2260 1137 2372 1174 αὐτῶν

1337 1180 1397 1217 καὶ
1420 1181 1560 1221 λεπτόν.
1554 1182 1624 1255 wf‘]
1599 1185 1691 1232 (ισως
1711 1184 1747 1223 δε
1765 1187 1916 1225 ἐντεῦθεν
1937 1189 1997 1227 καὶ
2018 1189 2056 1228 τὸ
2083 1193 2118 1228 ἐν
2148 1196 2190 1244 τῇ
2212 1195 2373 1247 συνηθεία

1338 1238 1502 1291 σκάριφος
1512 1240 1570 1291 ,)
1553 1241 1677 1293 [ἤγουν
1696 1243 1734 1281 τὸ
1748 1244 1897 1298 κάρφος,
1917 1247 1977 1285 καὶ
1990 1245 2172 1301 φρύγανον·
2190 1253 2356 1301 μαλλον
2338 1252 2375 1290 οὲ

1337 1298 1358 1342 ἡ
1378 1297 1536 1351 γραφίς].
1558 1323 1610 1329 -
1633 1310 1904 1355 σκαρηφισμοῖσι
1927 1319 1936 1344 :
1960 1308 2095 1350 Σκιαῒς.
2121 1316 2154 1346 C.

1393 1369 1469 1394 1499.
1500 1365 1798 1412 παραφρονουντος
1822 1363 1974 1416 ἀνδρός;

1338 1415 1397 1451 καὶ
1416 1431 1454 1453 το
1472 1415 1664 1469 Ομηρικὸν
1687 1424 1762 1465 [od.
1782 1429 1825 1469 Δ,
1847 1427 1911 1468 834]

2396 796 2426 822 ΙΟ

2395 1091 2426 1115 15

1994 1365 2116 1404 Λείπει
2135 1367 2174 1405 τὸ
2193 1369 2298 1417 ἐστίν,
2318 1370 2374 1421 (ὡς
2392 1391 2427 1417 20

1461 1510 1486 1540 εἰ
1502 1510 1528 1541 δ’
1545 1511 1602 1548 ἤδη
1621 1513 1754 1552 τεθνᾶσι,
1768 1515 1820 1545 καὶ
1837 1516 1880 1547 εἶν
1896 1515 1985 1548 ἀΐδαο
1993 1517 2126 1558 δόμοισι.

1337 1589 1448 1628 λείπει
1464 1591 1531 1644 γὰρ
1548 1594 1724 1632 κάνταῦθα
1741 1595 1779 1633 τὸ
1798 1597 1906 1648 ἐστί.)

1393 1663 1470 1688 1500.
1502 1649 1584 1702 [ἄγε
1615 1651 1655 1698 δὴ
1682 1654 1813 1730 χαίρων
1840 1669 1848 1695 :
1870 1655 2031 1701 Ἔκθεσις
2059 1675 2118 1697 του
2145 1660 2336 1714 δράματος,
2356 1662 2375 1700 ὃ

1338 1707 1397 1744 καὶ
1417 1708 1573 1782 ἐπίλογος
1591 1712 1712 1749 καλεῒτ
1693 1717 1768 1759 -“,αι
1787 1715 1826 1751 ἐκ
1839 1714 1998 1753 κώλων“
1980 1716 2147 1769 οιμέτρων
2171 1721 2373 1759 ἀναπαιστι-
2393 1739 2426 1764 25

1338 1781 1406 1802 κων
1428 1767 1491 1810 κζ’·
1511 1770 1557 1804 ὡν
1576 1783 1619 1804 τα
1637 1769 1758 1817 ς”,,ια
1779 1772 1831 1818 ιε’,
1852 1773 1904 1809 κδ’
1915 1775 1993 1823 ,κζ’
2015 1777 2246 1850 ἓφθημιμερῆ·
2266 1778 2310 1816 τὰ
2339 1779 2374 1817 δε

1337 1823 1442 1861 λοιπα
1463 1825 1708 1875 ἀκατάληκτα,
1725 1829 1816 1875 πλην
1838 1833 1906 1868 τῶν
1930 1833 1962 1879 η’
1988 1833 2047 1870 καὶ
2072 1835 2114 1885 ιγ’
2142 1836 2374 1889 μονομέτρων.

1336 1883 1386 1935 ἐφ’
1406 1884 1554 1931 ἑκάστης
1569 1885 1728 1938 περιόδου
1753 1887 1844 1926 τέλει
1873 1905 1933 1927 και
1953 1891 2172 1942 συστήματος
2190 1895 2286 1947 παρά
2288 1911 2373 1948 γρα-

1337 1957 1407 1993 φος.
1411 1941 1429 1994 ]

1391 2014 1473 2040 1501.
1504 2018 1567 2048 την
1595 2003 1805 2056 ἧμετέραν;
1827 2006 1993 2058 [Πάντως
2011 2024 2077 2060 γαρ
2104 2011 2134 2047 οἱ
2164 2010 2232 2049 θεοὶ
2265 2012 2372 2059 αὐτὴν

1337 2059 1543 2110 φιλουμεν
1525 2059 1580 2098 οιὰ
1598 2061 1661 2108 τὴν
1680 2063 1764 2115 πρὸς
1781 2067 1875 2137 ημᾶς
1893 2065 2098 2119 ευσέοειαν]
2116 2092 2167 2097 -—
2185 2074 2286 2108 τοῦτο
2307 2071 2373 2124 ἔφη

1336 2098 1355 2154 6
1388 2117 1610 2165 Πλούτων,’
1595 2136 1639 2157 ετ-
1628 2136 1670 2158 ει
1704 2138 1873 2175 προσηκει
1902 2127 1924 2170 ἡ
1955 2124 2091 2172 Ἀττικὴ
2121 2127 2282 2181 Δήμητρι
2314 2131 2373 2168 καὶ

1337 2175 1448 2227 Κόρῃ.
1472 2184 1511 2213 v.
1527 2185 1565 2216 0.
1583 2186 1627 2217 M.

1392 2245 1468 2271 1504.
1498 2250 1557 2272 και
1573 2235 1627 2278 δὸς
1642 2237 1736 2274 τουτὶ
1750 2240 1938 2292 Κλεοφωντ
1942 2254 1980 2279 ιτ
2000 2238 2104 2286 Ἴσως
2122 2244 2271 2295 σχοινίον
2293 2248 2371 2285 ἐπι-

1336 2291 1473 2330 δίδωσιν
1492 2295 1585 2331 αὐτῶ
1607 2298 1625 2332 6
1642 2295 1810 2334 Πλούτων
1833 2298 1916 2350 πρὸς
1936 2299 2086 2351 ἀγχόνην
2091 2331 2100 2347 ,
2121 2302 2143 2348 ἤ
2164 2318 2197 2340 τι
2217 2309 2368 2344 τοιοῦτον
2388 2324 2423 2349 35

1336 2350 1470 2401 σύμὲολ
1473 2367 1508 2389 ον
1525 2353 1684 2392 θανάτου.
1702 2357 1748 2398 ὡς
1763 2355 1851 2399 ξένος
1871 2357 1906 2394 δε
1895 2356 1938 2394 6
1955 2359 2027 2396 Κλε
2015 2363 2122 2409 εοφῶν
2135 2364 2368 2414 κωμωδεῖται.

1333 2407 1411 2459 [ἢ”
1390 2425 1441 2446 οτι
1460 2425 1498 2459 γε
1490 2410 1568 2462 ’ρων
1586 2409 1632 2448 ὢν
1659 2411 1781 2463 ἔμελλε
1801 2414 1875 2463 μετ’
1897 2415 2010 2466 ὀλίγον
2029 2418 2299 2465 τεθνήξεσθαι.
2279 2438 2302 2468 η
2325 2425 2371 2466 ὡς

1333 2467 1482 2518 ἀγχόνης
1499 2467 1576 2512 ἄξια
1598 2469 1757 2521 ἔπραττε.
1761 2471 1775 2520 ]

2392 2035 2426 2060 ἱὈ

1387 2539 1466 2564 1505.
1503 2527 1563 2563 καὶ
1589 2526 1719 2571 τούτοις
1747 2530 1835 2567 τοῖσι
1858 2538 2072 2603 πορισταῖςῖ
2101 2535 2199 2585 [Τοῖς
2223 2537 2370 2589 φορολό-

1331 2585 1428 2635 γοις.]
1450 2585 1598 2635 (τούτους
1615 2585 1726 2637 λέγει,
1744 2603 1821 2631 τους
1835 2589 1913 2642 περὶ
1930 2589 2036 2642 πόρου
2056 2593 2248 2644 χρημάτων
2269 2597 2368 2643 εἷση-
2387 2621 2422 2646 40

1330 2642 1528 2693 γουμένους,
1549 2643 1601 2690 εἴη
1618 2644 1648 2681 δ’
1663 2644 1704 2682 ἂν
1725 2646 1886 2697 σχοινίον,
1904 2647 1922 2686 δ
1938 2650 2134 2688 ἐπιδίδωσιν
2152 2654 2292 2703 αὐτοῖς.)

1385 2716 1463 2741 1506.
1495 2703 1678 2755 (Μύρμηκί
1699 2705 1727 2741 θ’
1751 2708 1837 2755 ὁμοῦ
1860 2722 1869 2753 ;
1890 2706 2070 2758 Ὀνόματα
2092 2710 2206 2784 κύρια.
2225 2712 2282 2749 επὶ
2303 2728 2368 2750 πο-

1330 2761 1431 2814 νηρία
1457 2760 1491 2799 δὲ
1512 2766 1606 2799 οὑτοι
1626 2763 1885 2815 εκωμῳδοῧντο.
1907 2766 1945 2803 οὐ
1965 2766 2102 2808 πάντως
2118 2768 2153 2805 δὲ
2175 2772 2193 2806 ὃ
2212 2769 2366 2822 Μύρμηξ

1329 2823 1423 2857 τῶν
1412 2823 1586 2872 ποριστῶν
1604 2823 1708 2868 ε’στιν,
1724 2821 1848 2859 ἀλλὰ
1830 2822 1871 2868 δὴ
1889 2823 2016 2862 οἴονται
2037 2825 2104 2863 απὸ
2118 2826 2261 2873 ἄλλης
2242 2831 2363 2879 αρχῆς·

1329 2878 1404 2916 οὐδὲ
1427 2879 1494 2931 γὰρ
1510 2882 1551 2916 6
1545 2880 1758 2931 Νικόμαχος.
1787 2880 1920 2918 ἀλλὰ”
1898 2898 1974 2928 ητοι
1995 2885 2013 2920 6
2035 2886 2195 2936 τραγικὸς
2218 2887 2363 2938 ὑποκρι-

1328 2952 1404 2984 της,
1420 2936 1441 2982 ἢ
1465 2940 1483 2974 ὃ
1508 2937 1672 2984 πολίτης,
1689 2939 1769 2990 περὶ
1793 2944 1840 2977 ὡν
1860 2940 2075 2993 προείρηται.
2146 2942 2180 2980 τί
2202 2944 2232 2980 δ’
2249 2942 2290 2981 ἂν
2309 2944 2362 2991 εἴη

1329 2994 1457 3041 διδούς;
1486 2995 1580 3047 τάΑα
1611 2996 1754 3047 βρόχους
1778 3013 1863 3050 προς
1890 2998 2053 3050 ἀαόνην,
2082 3000 2104 3046 ἤ
2133 3017 2165 3039 τι
2185 3003 2362 3052 τοιοῦτον.)

1329 3052 1555 3104 [ξυμποδίσας
1570 3054 1622 3101 δὲ,
1640 3054 1810 3100 συνδήσας
1825 3055 1902 3099 τοὺς
1917 3056 2052 3108 πόδας]

1382 3125 1460 3151 1513.
1493 3115 1552 3149 τοῦ
1569 3112 1788 3161 Λευκολόφου
1810 3127 1818 3152 :
1838 3115 1961 3164 (Εἴη
1945 3128 1986 3153 αν
2003 3120 2100 3160 οὗτος
2116 3119 2134 3155 6
2152 3121 2211 3156 τοῦ
2232 3122 2360 3158 Λευκο·

1327 3170 1484 3223 λοφίδου,
1501 3186 1539 3208 ου
1563 3170 1623 3208 καὶ
1645 3170 1796 3209 Πλάτων
1815 3172 1989 3223 μέμνηται
2012 3176 2046 3212 ἐν
2071 3192 2119 3228 τῳ
2142 3177 2360 3232 Πρωταγόρα

1329 3232 1374 3275 [p.
1388 3241 1458 3275 315,
1475 3232 1527 3272 E].
1543 3232 1585 3273 ἦν
1604 3227 1670 3281 γὰρ
1686 3231 1753 3267 τῶν
1769 3230 1848 3283 περὶ
1861 3247 1938 3276 τους
1953 3232 2091 3285 καιρους
2103 3234 2241 3278 τούτους
2255 3252 2360 3288 στρα-

1326 3285 1533 3335 τηγούντων·
1550 3287 1669 3338 ἡγεῖτο
1685 3286 1720 3324 δε
1738 3292 1799 3326 τοῦ
1816 3288 1939 3342 μέρους
1951 3295 2010 3329 τοῦ
2030 3297 2204 3332 ναυτικοῦ.
2222 3293 2314 3345 τάλα
2330 3296 2358 3332 δ’

1327 3345 1368 3383 ἂν
1394 3350 1488 3389 οὗτος
1511 3361 1584 3393 ειη,
1606 3345 1642 3383 ὃν
1661 3362 1719 3384 και
1739 3363 1827 3399 παρε
1830 3350 2090 3401 γγεγραυ.με’νον
2113 3351 2281 3403 λέγουσιν.
2306 3355 2357 3391 οἷ<

2383 2922 2418 2946 45

2379 3220 2414 3244 50
