2517 3792
937 193 1201 234 SCHOLIA
1238 197 1255 235 Ι

258 290 346 341 (επ).
375 289 432 327 ἐπὶ
448 291 506 326 τοῦ
523 291 648 341 τροχοῦ
669 302 677 327 :
700 289 833 341 Τροχός
849 305 898 333 τις
917 285 972 337 ἦν,
990 294 1023 330 ἐν
1040 287 1068 344 ᾧ
1085 293 1234 341 δεσμού<

204 363 299 398 μενοι
325 350 356 386 οἱ
376 348 505 386 οἰκέται
532 347 742 390 ἐκολάζοντο.
767 351 880 394 [τοῦτο
900 349 934 386 δὲ
958 349 1050 400 λέγει
1075 353 1092 387 6
1118 351 1234 394 ἄδικος

201 407 285 458 πρὸς
300 406 356 442 τὸν
378 405 597 456 θεράποντα.]
615 426 659 430 -
679 406 737 442 ἐπὶ
758 410 817 444 τοῦ
839 411 964 459 τροχοῦ
989 421 997 446 :
1019 410 1078 451 Εἷς
1098 408 1134 446 ὃν
1155 408 1232 451 τοὺς

200 463 325 507 κακοὺς
337 465 531 509 κολάζουσι.
549 467 596 505 Θ.
615 472 673 502 Dv.
692 475 730 504 Ρ.

162 543 179 567 ⁵
242 547 305 573 8³6.
323 537 611 589 πεπανούργηκας
626 553 634 578 :
652 539 845 591 Κέκλοφας.
864 545 925 577 Dv.
941 538 1097 589 πονηρῶς
1110 536 1229 583 ἐποίη-

197 606 269 634 σας.
287 599 326 629 Ρ-
345 593 462 642 οἴμωζ’
481 609 490 634 :
511 598 634 636 Κλαῖε.
654 606 713 634 vv.

247 679 311 705 877.
336 668 464 704 πολλοῧ
482 680 489 704 :
505 667 725 716 Τιμηματος.
743 674 802 704 Dv.
821 667 848 703 εἰ
864 679 872 704 :
887 664 1049 710 Ἐπειδή.
1068 665 1114 703 Θ.

248 737 312 763 879.
343 723 419 767 τοὺς
446 726 660 777 συκοφάντας
687 739 695 763 :
720 724 905 770 πεποίηται
927 724 965 760 τὸ
982 722 1089 772 ὄνομα
1110 723 1147 759 ἐκ
1166 723 1227 766 τῆς

194 782 262 818 τῶν
284 781 395 819 σύκων
414 783 544 828 κλοπῆς
566 783 761 835 φωράσεως.
785 788 862 818 ΒΝ.
881 781 1013 826 ἐξολεῒε
1033 778 1224 824 Ἐξολέσει,

144 858 176 883 10
195 842 311 892 φθερεῖ
325 840 423 883 ὄντας
439 840 574 884 κακούς.

1049 1021 1145 1035 *mvn

191 1026 294 1077 γελᾷς
309 1040 317 1064 ;
334 1026 444 1076 Ἐμοῧ
456 1028 530 1072 δηλ.
554 1034 596 1064 P.
611 1027 700 1076 γελῶ
712 1027 884 1076 αἰτιατικῇ
897 1053 906 1070 ,
918 1034 1099 1073 καταγελω
1115 1036 1149 1060 οε
1165 1037 1223 1073 γε-

191 1085 280 1134 νικῆ.
305 1088 342 1122 Ρ.

141 1159 172 1184 15

189 1279 267 1309 R-V.

238 1354 302 1380 882.
332 1339 442 1390 ἔχοντ’
458 1352 466 1377 ;
481 1339 676 1390 Φοροῧντα.
695 1337 874 1389 τριὸώνιον
893 1351 901 1376 :
923 1337 1078 1387 Ἱμάτιον
1090 1339 1220 1391 διερρη·

184 1399 319 1449 γμένον.
336 1406 375 1436 P·
392 1405 452 1435 Dv.
465 1395 627 1449 τριὸακὸν
645 1395 793 1446 ἱμάτιον.
808 1403 890 1436 R.V.

134 1475 169 1499 2⁰
237 1482 302 1508 883.
329 1466 424 1505 οὐδὲν
441 1468 601 1518 προτιμῶ
616 1481 675 1502 σου
697 1478 705 1503 :
722 1466 774 1503 Οὐ
790 1465 955 1517 φροντίζω
970 1481 1040 1504 σου.
1059 1470 1080 1513 ἧ
1097 1468 1219 1520 φράσις

186 1526 335 1572 Ἀττική.
352 1526 484 1578 εἴρηται
501 1523 537 1561 δὲ
552 1523 591 1560 τὸ
601 1529 773 1583 προτιμᾶν
789 1523 845 1560 ἐπὶ
859 1527 919 1561 τοῦ
930 1523 1029 1574 λόγον
1042 1524 1131 1576 ἔχειν
1146 1528 1216 1576 (καὶ
1400 1569 1408 1582 Ι

1074 1570 1082 1577 “
1246 1594 1247 1597 ¹
1274 1572 1458 1619 σχισθειης.
1475 1582 1514 1613 Ρ.
1534 1573 1676 1621 μηδενὸς
1699 1587 1708 1612 :
1727 1575 1883 1625 Ἀγαθοῦ.
1900 1584 1963 1614 Dv.
1985 1576 2200 1628 πράγματος.
2215 1589 2257 1620 Ρ.

183 1583 471 1636 ἐπιστρέφεσθαι).
485 1581 577 1632 λέγει
597 1585 666 1628 οὖν,
681 1582 718 1618 οὐ
737 1580 910 1633 φοὸοῧμαί
923 1597 960 1619 σε
974 1582 1061 1634 ἔχων
1074 1585 1216 1636 φυσικὸν

184 1643 376 1681 δακτύλιον.
403 1640 583 1679 δακτύλιον
607 1638 661 1686 δὲ,
688 1639 744 1677 τὸν
769 1639 950 1689 λεγόμενον
979 1642 1212 1692 φαρμακίτην.
1243 1659 1247 1711 γ

187 1700 333 1744 Εὔπολις
345 1699 500 1741 Βάπταις
514 1697 685 1748 μέμνηται
699 1695 758 1734 καὶ
770 1697 958 1749 Ἀμειψίας.
975 1701 992 1735 ὁ
1008 1700 1036 1736 δ’
1054 1700 1215 1750 Εὔδαμος

130 1771 164 1796 25
184 1756 465 1810 φαρμακοπώλης
489 1755 511 1801 ἢ
535 1755 780 1807 χρυσοπώλης,
803 1756 1065 1805 τετελεσμένους
1087 1760 1215 1798 δακτυ-

179 1816 270 1859 λίους
283 1817 420 1853 πωλῶν.
439 1813 618 1867 φιλόσοφος
633 1813 667 1850 δὲ
685 1809 725 1860 ἦν
739 1808 835 1856 οἶτος
848 1816 866 1850 ὁ
880 1814 1041 1865 Εὔδαμος
1051 1818 1212 1869 φυσικοὺς

180 1873 378 1916 δακτυλίους
387 1874 494 1910 ποιῶν
505 1870 588 1923 πρὸς
599 1870 746 1920 δαίμονα
761 1871 820 1908 καὶ
831 1870 924 1923 ὄφεις
937 1873 995 1910 καὶ
1004 1872 1047 1910 τὰ
1055 1879 1208 1914 τοιαῦτα.

180 1931 400 1985 [ἐθεράπευον
416 1929 482 1982 γὰρ
502 1929 578 1972 τοὺς
599 1927 836 1981 ὄφιοδήκτους·
859 1931 990 1979 μᾶλλον
1016 1931 1051 1969 δὲ
1068 1931 1130 1979 τὴν
1149 1935 1211 1987 ἀρ-

177 1990 245 2041 χὴν
269 1991 336 2036 οὐκ,
357 1990 434 2027 εἴων
454 1988 512 2026 ὑπ’
526 1987 634 2040 ὄφεων
651 1987 865 2039 δάκνεσθαι]
885 2011 932 2016 -
946 1993 1104 2041 προτιμῶ
1120 2007 1180 2030 σου
1198 2007 1207 2032 :

125 2057 160 2083 ³0
179 2036 370 2101 Φροντίζω.
385 2055 424 2086 Θ.
447 2054 511 2085 Dv.
528 2052 568 2083 Ρ.
583 2045 770 2098 πριάμενος
787 2058 796 2084 :
815 2046 1060 2097 Ὠνησάμενος.
1082 2058 1122 2087 P.

227 2136 292 2162 884.
314 2122 372 2160 τὸν
395 2121 575 2160 δακτύλιον
597 2119 689 2157 τονδὶ
707 2133 716 2158 ε
737 2119 990 2174 (Ἀλεξητῆριον
1009 2125 1076 2161 τῶν
1097 2126 1206 2172 δηλη-

175 2180 303 2232 τηρίων
333 2179 501 2217 δείκνυσιν
533 2179 628 2230 αὐτῷ
656 2177 715 2215 καὶ
742 2177 929 2228 βασκανίας
958 2181 1207 2234 ἄποτρεπτικὸν

177 2237 372 2284 δακτύλιον,
387 2236 425 2274 ὃν
440 2238 586 2274 καλοῦσι
602 2237 825 2287 φαρμακίτην
835 2251 843 2258 ·
860 2236 943 2288 πρὸς
959 2237 977 2275 ὃ
992 2240 1010 2274 6
1021 2239 1204 2291 θεράπων,)

177 2294 241 2332 κᾶν
258 2295 340 2346 ἔχῃς
363 2293 583 2346 φαρμακίτην
609 2291 805 2342 δακτύλιον,
824 2294 901 2330 ἀλλ’
925 2296 962 2332 οὐ
985 2296 1068 2347 πρὸς
1091 2299 1206 2349 δῆγμα

126 2362 162 2387 85
178 2352 409 2404 συκοφάντου,
435 2353 481 2394 ὡς
507 2350 636 2388 τούτων
663 2349 826 2401 χειρόνων
852 2351 958 2389 ὄντων
983 2354 1042 2391 καὶ
1067 2356 1205 2407 θηρίων,

175 2409 259 2460 πρὸς
275 2410 296 2446 ἃ
311 2413 328 2447 ὃ
348 2409 525 2451 δακτύλιος
539 2407 736 2453 πεποίηται.
760 2409 850 2457 (ἀλλ’
869 2411 928 2447 οὐκ
944 2411 1073 2461 ἰσχύει,
1092 2415 1206 2466 φησὶν,

175 2462 272 2510 οἶτος
282 2470 300 2504 6
313 2466 493 2509 δακτύλιος
506 2466 589 2519 πρὸς
604 2465 643 2503 τὸ
657 2467 773 2516 δῆγμα
786 2470 845 2503 τοῦ
859 2469 1084 2520 συκοφάντου.
1106 2476 1206 2510 τοῦτο

177 2524 212 2562 δὲ
229 2528 246 2562 6
259 2525 371 2578 ἔτερος
391 2524 588 2577 πρεσὸύτης
604 2524 695 2574 λέγει
714 2527 731 2561 6
747 2524 804 2561 τὸν
820 2524 970 2577 τρίὸωνα
988 2528 1150 2577 κομίσας·
1173 2533 1203 2568 οῗ

172 2582 238 2635 γὰρ
254 2582 314 2620 δύο
329 2583 386 2620 τὸν
398 2582 612 2635 συκοφάντην
628 2583 870 2634 ἐκφλαυροῧσι.
909 2583 1001 2635 λέγει
1021 2585 1056 2623 δὲ
1077 2588 1111 2624 ἐν
1130 2588 1204 2634 ἤθει

119 2653 156 2680 40
173 2641 224 2678 ὅτι
241 2643 303 2678 οὒκ
321 2641 394 2679 ἔστι
417 2657 466 2684 τις
492 2642 526 2678 ’ἐν
543 2643 590 2693 τῷ
611 2640 784 2693 δακτυλίῳ
811 2640 944 2694 ἐπῳδὴ,
971 2641 992 2688 ἢ
1020 2643 1202 2696 φάρμακον
1233 2689 1235 2695 Ι

171 2698 255 2751 πρὸς
269 2700 386 2749 δῆγμα
399 2703 458 2737 τοῦ
483 2698 709 2752 συκοφάντου.
735 2699 809 2736 ἐπεὶ
827 2699 966 2738 εἰώθασι
986 2701 1096 2752 λέγειν
1113 2706 1142 2741 οἱ
1160 2705 1202 2742 τὰ
1232 2702 1235 2711 “

1238 2270 1239 2277 1

1238 2278 1240 2291 V

1237 2341 1239 2351 ι

1237 2358 1239 2372 1

1234 2426 1239 2583 f

1233 2585 1237 2687 ἐ

172 2755 346 2808 περίαπτα
360 2757 551 2800 πωλοῦντες
566 2755 617 2794 ὅτι
635 2756 840 2808 χρησιμεύει
853 2757 929 2795 τόδε
939 2759 1023 2810 πρὸς
1041 2760 1130 2800 τόδε.
1151 2762 1203 2799 λε’·
1231 2744 1234 2773 3

172 2827 223 2862 γει
234 2807 302 2858 οὖν,
314 2812 402 2850 ἀλλὰ
411 2816 509 2851 τοῦτο
521 2813 559 2851 τὸ
573 2813 653 2857 ἄκος
666 2814 725 2851 καὶ
735 2818 756 2860 ἡ
772 2815 974 2852 ἀντιπάθεια
982 2816 1074 2854 οὐδὲν
1091 2818 1202 2869 ἰσχύει
1231 2856 1233 2861 ,

172 2868 255 2919 πρὸς
270 2868 386 2917 δῆγμα
399 2870 622 2922 συκοφάντου.
636 2870 674 2908 τὸ
689 2870 724 2909 δὲ
744 2872 861 2922 δῆγμα
877 2873 1012 2926 σκληρὰ
1034 2874 1120 2918 λέξις
1132 2877 1202 2914 ἀπὸ

119 2948 154 2973 45
172 2929 239 2964 τῶν
261 2929 410 2978 ἑρπετῶν
433 2927 637 2977 εἷλημμένη.
719 2927 864 2973 Ἄλλως.
889 2930 937 2980 μὴ
963 2931 1075 2983 λάὸης
1094 2935 1140 2977 εἷς
1162 2935 1200 2972 τὸ
1227 2935 1233 2946 ’

173 2983 346 3033 δήγματος
367 2983 486 3027 ἔξωθεν
510 2984 549 3021 τὸ
574 2986 841 3037 ἀποτρεπτικός,
870 2987 916 3031 ὥς
941 2988 1070 3028 οἴονταί
1092 3007 1199 3039 τινες,
1229 2997 1231 3002 “

175 3041 250 3077 ἀλλ’
269 3040 360 3078 ἔστιν
376 3043 397 3086 ἡ
415 3040 531 3090 γενικὴ
553 3042 636 3093 πρὸς
645 3043 684 3080 τὸ
704 3044 882 3088 δακτύλιος
897 3045 1023 3096 οὕτως,
1043 3049 1118 3085 ἀλλ’
1138 3052 1199 3088 οὐκ

171 3098 261 3136 ἔστιν
276 3101 294 3136 6
310 3097 487 3141 δακτύλιος
507 3098 680 3149 δήγματος
696 3102 926 3154 συκοφάντου,
942 3105 1126 3153 τουτέστιν,
1138 3109 1199 3145 οὐκ

170 3155 244 3207 ἔχει
259 3155 360 3207 ἰσχὺν
383 3155 467 3208 πρὸς
492 3155 569 3199 τοὺς
593 3157 822 3210 συκοφάντας,
853 3159 970 3212 ὥσπερ
995 3164 1042 3205 εἷς
1063 3162 1108 3200 τὰ
1129 3167 1196 3202 τῶν
1227 3178 1229 3214 :j

115 3237 151 3263 50
169 3213 278 3266 ὄφεων
297 3213 534 3265 δήγματα.)-
549 3214 706 3265 δραχμῆς
728 3229 737 3254 :
755 3215 900 3256 ‘'Evexa.
919 3231 959 3260 Ρ.
973 3220 1196 3271 νομίσματος,

136 3278 138 3280 ’
168 3270 269 3323 ὂέχει
285 3271 428 3324 κεράτια
443 3273 486 3318 ιη’
500 3301 511 3320 ,
527 3271 600 3317 ἥτις
613 3271 697 3318 ὁλκὴ
713 3275 881 3312 καλεῖται.
896 3283 934 3314 Θ.

220 3352 282 3379 885.
312 3342 421 3378 ἔνεστι
445 3353 454 3379 z
475 3339 587 3378 λείπει
606 3339 797 3394 φάρμακον.
813 3349 852 3379 R.
872 3345 922 3395 τῷ
945 3344 1117 3398 δακτυλίῳ
1139 3346 1196 3384 δύ·
1224 3349 1228 3387 ,⁸

245 923 307 948 880.
338 911 428 960 οἴμοι
447 911 577 954 τάλας-ε
597 913 672 950 Φεῧ
687 913 704 948 6
719 910 831 952 ἄθλιος
843 941 851 957 ,
875 903 942 961 ἆρα
959 908 1018 945 καὶ
1040 907 1081 945 σὺ
1099 922 1223 945 κοινω-
1252 938 1255 966 ζ

192 966 248 1009 νὸς
263 967 322 1005 ὤν.
340 976 378 1005 P.
393 971 466 1019 μῶν
484 983 492 1007 :
509 963 607 1021 Ἆρα.
627 967 781 1019 μετέχων
798 981 806 1005 :
825 968 1018 1005 Κοινωνῶν.
1038 969 1099 1003 Dv.
1114 980 1224 1002 κατα-
1252 989 1255 1034 ζ

1250 1130 1253 1148 4
1279 1104 1325 1146 εἷς
1340 1103 1436 1150 δίκην
1454 1105 1598 1157 καλέσῃ.

243 1165 306 1190 881.
336 1152 410 1190 ἐπεὶ
427 1152 527 1190 πόθεν
541 1166 550 1191 1
569 1151 658 1191 Ἀντὶ
671 1155 730 1189 τοῦ
742 1181 751 1197 ,
767 1153 796 1188 εἷ
814 1150 861 1201 μὴ
878 1151 1031 1202 μετεῖχες
1048 1151 1138 1197 δηλ.,
1152 1150 1221 1188 ἀπὸ
1251 1166 1253 1169 ’

187 1207 286 1246 ποίου
298 1209 438 1262 τρόπου.
449 1210 521 1248 τοδί
537 1224 546 1249 :
560 1212 684 1249 Τοῦτο.
699 1224 738 1253 Ρ,
749 1209 891 1262 εἴληφας
904 1223 912 1247 :
926 1209 1014 1247 Ἀντὶ
1026 1212 1083 1246 τοῦ
1098 1209 1219 1261 ἐπρίω.
1250 1208 1253 1234 ¹

1265 195 1301 236 N
1334 196 1588 239 PLUTUM.
2248 219 2316 252 371

1287 309 1386 343 ναμις
1402 295 1648 348 ἀποτρεπτική.
1667 308 1728 340 Du.
1746 299 1851 350 ἤγουν
1874 302 1951 339 ἀλλ’
1966 304 2028 340 οὐκ
2046 303 2158 356 ἰσχύει
2174 306 2259 358 πρὸς
2284 307 2323 347 τὸ

1287 351 1403 401 δῆγμα
1420 356 1479 390 τοῦ
1496 354 1721 406 συκοφάντου.
1741 363 1769 393 Ρ

1339 423 1403 448 886.
1422 409 1516 462 ὕδρις
1538 425 1545 449 :
1567 414 1718 465 Μέμψις.
1737 416 1832 453 ταῦτ’
1849 430 1857 454 2
1877 417 1932 455 Τὰ
1950 418 2118 469 λεγόμενα
2137 422 2194 474 ἀφ’
2207 424 2318 473 ὑμῶν.

1285 466 1480 506 σκώπτετον
1499 482 1507 507 :
1524 470 1722 511 Σκώπτετε.
1743 487 1781 516 Ρ.
1801 473 1990 525 ἼἙρίζετε.
2011 486 2070 515 Dv.

1337 539 1400 564 887.
1430 533 1578 564 ποιεῖτον
1599 543 1606 567 ;
1623 531 1759 568 Ποιεῖτε
1774 534 1917 569 ἐνταῦθα
1932 536 1992 572 οὐκ
2012 535 2158 580 ἐλέξατε.
2182 547 2245 577 Dv.
2263 540 2317 577 ε’ν-
2337 550 2353 574 ⁶

1284 581 1358 618 θάό’
1376 597 1385 621 :
1406 583 1587 622 Ἐνταῦθα.
1603 587 1783 638 εἰρήκατον
1799 604 1807 628 :
1825 590 1970 630 Εἴπατε.
1984 606 2022 635 Ρ.

1334 652 1398 679 888.
1429 642 1526 679 ἐστὸν
1543 656 1550 680 :
1570 643 1685 683 Ἐστέ.
1707 659 1747 688 Ρ.

1335 711 1397 736 889.
1429 701 1550 738 οὐκοῧν
1573 704 1621 754 τῷ
1637 719 1675 753 γε
1693 705 1742 755 σῷ
1762 718 1770 742 :
1791 704 1924 758 Ἀγαθῷ
1945 708 2114 753 δηλονότι.
2142 735 2191 740 -
2214 715 2262 765 τῷ
2279 729 2317 764 γε

1283 757 1332 806 σῷ
1352 769 1360 794 :
1379 755 1463 794 Ἐπὶ
1481 760 1528 809 τῷ
1545 761 1594 810 σῷ
1613 761 1741 812 ἀγαθῷ.
1762 761 1826 799 ἴσθ’
1845 775 1853 800 :
1880 765 2045 804 Γίνωσκε.
2062 775 2122 804 Dv.
2140 772 2256 821 σαφῶς
2270 770 2318 821 γί-

1254 859 1255 862 Ὶ
1280 827 1404 853 νωσκε.
1438 822 1475 852 Θ.
1502 815 1558 853 ἐπὶ
1641 819 1828 862 οὐδολως...
1851 825 2003 874 φανερῶς
2027 823 2185 874 γίνωσκε.
2209 827 2230 873 ἢ
2261 830 2317 866 οὐ·
2337 845 2370 870 10

1257 647 1259 686 A

1256 690 1259 715 ι

1254 881 1255 908 1
1280 869 1386 914 δόλως
1406 872 1508 922 ἐσμὲν
1527 874 1581 911 ἐπὶ
1593 877 1641 927 τῷ
1656 877 1773 928 ἀγαθῷ
1787 880 1835 929 τῷ
1853 881 1974 930 σῷ.,Ρ.

1331 942 1393 968 890.
1422 933 1488 967 τῶν
1506 933 1596 981 ε’μῶν
1616 947 1624 971 :
1643 935 1882 986 Πραγμάτων.
1900 945 1963 974 Dv.

1331 999 1393 1025 891.
1425 986 1488 1040 [dg
1501 989 1531 1038 γ’
1553 990 1605 1027 ἐπ’
1621 992 1787 1044 ἀληθείᾳε
1809 993 1932 1032 Ᾱείπει
1953 996 2130 1050 δειπνεῖς.ᾘ

1332 1045 1421 1094 μετὰ
1434 1051 1492 1085 τοῦ
1505 1047 1675 1100 μάρτυρος
1690 1064 1698 1088 :
1715 1050 1892 1103 (Κλήτορα
1906 1053 1973 1105 γὰρ
1989 1054 2108 1105 ῆγετο,
2121 1056 2177 1093 ἵνα
2195 1059 2316 1103 αὐτοὺς

1682 1105 1840 1159 Ἄλλως.)
1855 1113 1902 1162 τῷ
1921 1113 2118 1166 συκοφάντῃ
2132 1114 2253 1154 ἕπεταί
2266 1134 2315 1161 τις
2336 1134 2367 1159 15

1278 1160 1367 1199 ὥστε
1385 1167 1581 1216 μαρτυρεῖν.
1597 1167 1652 1214 (ὡς
1670 1167 1858 1218 οἷγηοχότος
1871 1163 1929 1206 οἶν
1947 1174 2006 1207 τοῦ
2025 1173 2238 1225 συκοφάντου
2255 1175 2315 1213 καὶ

1279 1219 1460 1273 μάρτυρα,
1474 1221 1530 1259 ῗνα
1545 1225 1590 1266 εἷς
1605 1223 1702 1269 δίκην
1719 1225 1931 1282 καλέσηται,
1950 1229 2049 1266 τοῦτο’
2061 1233 2169 1282 φησι.)
2186 1255 2238 1260 —-
2260 1233 2314 1270 ἐπ’

1244 1274 1254 1320 ’;
1278 1279 1440 1324 ἀληθείας
1459 1293 1467 1318 :
1486 1281 1574 1319 Ἀντὶ
1585 1286 1643 1320 τοῦ
1661 1283 1856 1334 σωζομένης
1866 1288 1925 1331 τῆς
1941 1287 2114 1332 ἀληθείας.
2131 1301 2171 1331 Ρ.
2188 1289 2314 1341 μάρτυ-

1279 1352 1332 1388 ρος
1348 1351 1357 1376 :
1372 1336 1457 1377 ‘'O-:t
1468 1339 1544 1377 τινὰ
1554 1343 1620 1378 τῶν
1636 1341 1810 1391 δημοσίων
1826 1345 2004 1396 ὑπηρετῶν
2022 1341 2104 1392 ἧκεν
2122 1347 2228 1397 ἄγων,
2242 1347 2312 1396 ἵνα,

1277 1394 1335 1431 ἐάν
1351 1411 1383 1433 τι
1399 1397 1481 1449 παρ’
1499 1399 1611 1436 αὐτῶν
1635 1400 1785 1451 ἀκούσῃ,
1807 1402 2089 1456 συμμαρτυρήσῃ
2117 1406 2211 1458 αὐτῷ
2230 1406 2314 1458 πρὸς
2331 1422 2366 1448 20

1249 1455 1251 1458 ’
1275 1451 1352 1496 τοὺς
1369 1453 1544 1498 δικαστάς.
1563 1464 1604 1494 Ρ.
1620 1456 1656 1494 ὃν
1671 1457 1759 1507 μετὰ
1778 1462 1839 1496 σοῦ
1852 1460 2016 1509 κομίζεις.
2035 1469 2073 1499 Θ.

1327 1525 1389 1550 892.
1416 1513 1634 1566 διαρραγείης
1652 1529 1661 1554 :
1682 1517 1886 1567 Σχισθείης,
1908 1518 2140 1570 ἄφανισθείης.
2155 1528 2217 1559 Dv.
2233 1523 2313 1560 δια-

1324 1639 1387 1665 893.
1417 1627 1509 1665 ἔνδον
1528 1643 1537 1667 :
1560 1633 1634 1677 Τῆς
1650 1633 1767 1676 οὐσίας
1781 1632 1885 1671 ἐστίν.
1911 1647 1952 1677 Ρ.

1323 1698 1386 1723 894.
1416 1690 1580 1738 τεμαχῶν
1594 1702 1602 1727 :
1620 1690 1838 1740 Κομματίων
1853 1691 1997 1743 ἰχθύων·
2014 1693 2164 1745 τέμαχος
2174 1693 2240 1747 γὰρ
2255 1701 2310 1733 κυ-
2329 1709 2363 1735 25

1271 1742 1350 1794 ρίως
1375 1744 1432 1781 ἐπὶ
1450 1747 1518 1782 τῶν
1543 1746 1669 1797 ἰχθύων
1695 1748 1844 1799 λέγεται.
1872 1759 1938 1789 Dv.
1966 1753 2089 1803 χρῆμα
2113 1756 2277 1804 τεμαχῶν
2299 1767 2308 1792 :

1270 1802 1427 1852 Πρᾶγμα
1444 1817 1514 1853 τμη
1521 1804 1638 1854 μάτων
1654 1806 1792 1857 ἰχθύων.
1813 1808 2028 1859 ὠπτημένων
2048 1822 2057 1848 ;
2073 1809 2137 1847 Ἔν
2153 1812 2202 1862 τῷ
2228 1811 2310 1864 πυρὶ

1267 1858 1470 1908 καιομένων.
1490 1871 1530 1901 P.

1320 1931 1381 1955 895.
1411 1912 1461 1955 ῧῧ
1476 1932 1484 1957 :
1500 1918 1585 1970 {Aah
1599 1922 1667 1958 τῶν
1685 1923 1794 1974 ψιλῶν
1809 1922 1937 1961 τούτων
1951 1939 1970 1960 υ
1987 1923 2153 1971 δείκνυσι,
2169 1923 2220 1962 ὅτι
2231 1941 2310 1977 χοι-

1269 1974 1364 2027 ρείων
1380 1979 1489 2028 κρεῶν
1517 1979 1628 2028 ὀσμῆς
1643 1980 1781 2031 ᾔσθετο.
1867 1980 2010 2025 Ἄλλως.
2031 1977 2052 2020 ὗ
2067 1978 2114 2035 ἶ]
2130 1983 2305 2036 ἐπίρρημα
2328 2003 2362 2027 30

1267 2035 1512 2084 θαυμαστικὸν,
1529 2035 1613 2089 ὅπερ
1628 2040 1661 2075 ἐν
1676 2041 1718 2090 τῇ
1737 2039 1899 2092 συνηθείᾳ
1920 2040 2077 2091 λέγομεν.
2099 2044 2145 2086 ὡς
2159 2044 2309 2095 ὀσφραι-

1265 2091 1403 2141 νόμενος
1418 2093 1520 2131 τοῦτό
1535 2109 1630 2146 φησι.
1649 2123 1702 2130 —
1714 2098 1801 2140 τινὲς
1817 2097 1852 2135 δὲ
1865 2100 1882 2135 ὃ
1897 2097 2037 2140 δίκαιος.
2055 2101 2095 2137 R.

1318 2163 1382 2188 896.
1414 2150 1491 2202 [⁴:03
1507 2151 1641 2203 ψύχους
1662 2154 1693 2204 γ’
1711 2153 1794 2197 ἴσως
1815 2169 1823 2193 :
1847 2156 1952 2194 Ἐπεὶ
1973 2155 2017 2193 τὰ
2033 2159 2103 2201 ζῶα
2116 2186 2126 2202 ,
2144 2158 2307 2207 ἐσομένου

1265 2206 1394 2258 ψύχους
1411 2209 1660 2259 αἰσθανόμενα,
1675 2212 1843 2256 πολλάκις
1859 2214 2115 2267 ὀσφραίνεται]
2135 2239 2177 2244 -
2195 2217 2307 2256 κακό-

1266 2265 1388 2313 δαιμον
1409 2279 1417 2303 :
1434 2264 1561 2305 Ἄθλιε.
1579 2269 1755 2320 ὀσφραίνει
1767 2286 1798 2307 τι
1814 2284 1823 2308 :
1840 2270 1926 2308 Ἐπὶ
1940 2270 2002 2316 τὴν
2014 2271 2179 2324 ὄσφρησιν
2198 2274 2303 2319 ἥκεις.
2324 2299 2358 2325 35

1265 2321 1394 2372 ψύχους
1410 2335 1418 2361 :
1434 2323 1644 2362 Αἷσθάνεται
1664 2327 1739 2372 δηλ.
1761 2341 1802 2371 Ρ.
1818 2327 1870 2367 τῖε
1888 2328 1991 2366 Κατά
2007 2344 2053 2366 τι.
2068 2333 2127 2366 τοῦ
2145 2330 2280 2383 ψύχους
2294 2347 2303 2372 ;

1264 2381 1337 2417 To&
1351 2379 1484 2430 κρύους.
1503 2394 1564 2424 Dc.

1315 2451 1378 2476 897.
1408 2441 1560 2476 τοιοῦτον
1594 2436 1706 2480 εΟῗον
1724 2449 1831 2496 φορεῖ.
1852 2444 2050 2496 ἀμπέχεται
2086 2460 2095 2485 :
2124 2447 2305 2486 Ἐνδύεται

1235 2513 1237 2531 2
1277 2493 1412 2543 μάτων.
1428 2500 1469 2534 P.
1488 2497 1745 2549 περιίῗέὸληται.
1764 2508 1802 2538 R.
1815 2508 1856 2537 V.
1872 2505 1971 2540 τοῦτο
1988 2516 1996 2540 :
2012 2504 2167 2542 Φαῧλον.
2188 2507 2277 2556 ἀμπ.
2293 2521 2302 2546 :

1262 2551 1272 2564 2

1274 2552 1454 2592 Ενδύεται.
1474 2561 1536 2592 Dv.

1313 2624 1376 2650 898.
1408 2613 1570 2665 ἀνάσχετ’
1590 2629 1598 2653 :
1618 2614 1855 2665 Ἶ”πομονητά.
1873 2620 1918 2658 Θ.
1936 2626 2000 2656 Βυ.
2018 2627 2058 2656 Ρ.

1313 2682 1376 2708 899.
1406 2671 1552 2723 ὑὲρίζειν
1587 2687 1596 2711 t
1624 2673 1753 2725 Ἄτιμα
1772 2681 1894 2715 ποιεῖν.
1922 2679 1966 2720 ὡς
1993 2678 2146 2729 ἄχθομαι
2172 2693 2180 2718 :
2205 2681 2301 2727 Φεῧ,

1259 2725 1346 2764 λίαν.
1366 2741 1408 2770 Ρ.
1425 2729 1494 2780 οἴμ’
1519 2743 1527 2769 :
1550 2733 1639 2770 Φεῧ.
1659 2735 1703 2775 ὡς
1734 2746 1742 2771 :
1770 2734 1872 2772 Λίαν.
1891 2734 2044 2786 ἄχθομαι
2070 2750 2079 2776 :
2099 2740 2299 2788 Λυποῧμαι.

2322 2590 2356 2614 40

1231 2796 1233 2808 1
1258 2786 1362 2816 Dorv.

1311 2845 1375 2870 900.
1406 2833 1583 2885 φιλόπολις
1602 2849 1610 2873 :
1629 2836 1679 2874 Τὸ
1701 2835 1762 2886 μὲν
1791 2837 1969 2888 φιλόπολις
1998 2839 2121 2886 κοινὸν,
2148 2840 2299 2878 Ἀττικὸν

1259 2886 1349 2926 δὲτὸ
1367 2890 1580 2941 φιλόπατρις.
1603 2915 1652 2920 -
1672 2894 1822 2944 χρηστὸς
1842 2907 1850 2931 :
1872 2894 2021 2946 Ἀγαθός.
2043 2904 2218 2934 Dv.P.—
2240 2913 2298 2950 φι-
2319 2887 2352 2911 4⁵

1230 2973 1231 2978 ,
1257 2945 1398 2989 λόπολις
1436 2949 1662 3001 Φιλόπατρις.
1695 2959 1759 2989 Dv.
1790 2954 1896 3002 φιλῶν
1930 2952 1991 2998 τὴν
2021 2953 2133 2992 πόλιν.
2163 2964 2202 2993 Ρ.
2226 2955 2298 2992 πά-

1230 3023 1231 3027 =
1257 3017 1333 3053 σχω
1352 3007 1467 3047 κακῶς
1490 3020 1498 3043 2
1523 3005 1655 3056 Ἠγουν
1675 3007 1844 3058 δυστυχῶ.
1859 3017 1920 3046 Dc.
1937 3018 1977 3048 P.

1309 3074 1372 3099 901.
1402 3064 1447 3105 ὡς
1462 3062 1570 3105 οὐδεὶς
1590 3063 1676 3115 ἀνήρ
1700 3077 1708 3101 :
1728 3065 1885 3116 Χρηστὸς
1902 3065 1987 3115 εἰμί.
2006 3075 2066 3104 Dv·
2084 3067 2190 3113 οὕτως
2212 3069 2293 3120 εἰμι’.

1224 3157 1229 3162 ,
1255 3124 1373 3161 Paris,

1448 3176 1456 3189 x
1511 3175 1519 3190 x
1569 3190 1577 3197 ‚
1635 3176 1642 3188 x
1763 3177 1772 3190 Ι
1909 3181 1919 3194 2
2084 3182 2106 3205 „x
2150 3197 2159 3205 ,
2190 3182 2204 3197 ν
2314 3178 2348 3202 51)

1308 3189 1371 3214 902.
1402 3192 1461 3213 και
1478 3192 1545 3225 μην
1569 3207 1576 3215 .
1599 3179 1650 3215 Το
1672 3178 1803 3216 λοιπον.
1820 3187 1884 3218 Dv.
1904 3186 2128 3232 επερωτηθεις
2150 3215 2158 3222 .
2209 3186 2294 3222 Ητοι

1226 3260 1230 3265 -
1254 3235 1294 3271 ἐκ
1312 3233 1469 3286 δευτέρου
1489 3234 1680 3286 ἐρωτηθείς.
1705 3237 1746 3266 P·
1763 3235 1926 3288 ἀπόκρινέ
1945 3252 1954 3277 :
1979 3239 2208 3291 Ἀπολογίζου.
2227 3250 2290 3281 Dv.

1254 3290 1293 3328 τὸ
1311 3290 1344 3328 τί
1363 3304 1371 3329 2
1388 3291 1520 3329 Μέλλω
1536 3293 1758 3344 ἐρωτηθῆναι.
1779 3304 1820 3333 P.

1307 3361 1370 3387 903.
1400 3348 1641 3400 [μελαγχολᾶν
1659 3350 1694 3399 μ’
1716 3350 1821 3394 οὕτως
1844 3352 1907 3390 οἴει
1925 3353 2089 3408 ευΩσπερ
2113 3357 2143 3394 οἵ
2166 3356 2290 3407 μαινό-

2100 3424 2145 3452 24.
