2549 3808
336 237 374 263 VI

330 324 421 359 quas
452 320 682 359 apponerem
717 307 907 343 interdum
942 307 1093 343 modum
1123 306 1342 343 adhiberem

331 367 455 403 verbis
490 366 558 401 viri
588 365 735 408 eximii,
765 377 876 413 quem
908 372 1038 400 notum
1069 372 1125 399 est
1153 377 1227 399 non
1255 377 1343 399 raro
1367 332 1372 431 1

328 426 449 474 longis
481 424 681 460 verborum
711 422 934 471 ambagibus
964 436 1006 459 ea
1032 423 1070 459 in
1090 422 1240 471 scriptis
1267 423 1343 459 suis

329 483 565 531 exposuisse,
587 494 669 530 quae
688 481 767 516 sine
787 481 863 516 ullo
886 481 1070 517 lectorum
1098 479 1342 516 incommodo

327 541 548 576 brevissima
571 539 743 575 oratione
766 539 920 589 transigi
942 547 1131 588 poterant.

377 599 530 636 Scholia
555 598 592 634 in
614 596 743 633 Nubes
775 601 806 633 J.
833 602 875 634 A.
894 598 1044 635 Ernesti
1067 597 1185 633 edidit
1205 597 1342 646 Lipsiae

324 672 355 693 a.
393 658 489 703 1754
525 670 611 692 cum
644 657 882 706 praefatione,
908 669 982 705 qua
1009 655 1055 692 de
1085 655 1341 691 discernendis

325 715 558 751 diversorum
602 714 937 763 grammaticorum
978 713 1130 749 scholiis
1165 713 1341 748 disseruit

324 773 684 821 emendationesque
711 772 883 808 locorum
919 770 1159 821 quorundam
1193 783 1341 819 propo-

323 832 397 868 suit
416 846 423 867 :
445 838 530 880 post
558 830 772 866 Ernestium
798 833 1038 867 Hermannus
1068 843 1097 864 a.
1135 842 1251 876 1799,
1272 829 1341 865 ite-

324 903 483 939 rumque
503 902 535 925 3.
569 890 677 935 1830,
698 889 762 937 qui
792 889 874 938 ipse
904 901 1056 937 quoque
1087 887 1266 922 nonnulla
1294 900 1340 923 ex

323 947 542 996 conjectura
576 947 814 994 emendavit,
844 946 916 982 alia
944 959 990 981 ex
1017 945 1134 982 Suida
1164 945 1339 982 restituit.
1363 981 1368 1013 Ι

322 1006 475 1044 Scholia
511 1006 657 1054 aliquot
686 1013 722 1041 et
749 1005 971 1054 glossemata
1001 1003 1140 1039 codicis
1172 1002 1338 1040 Nubium

322 1065 517 1101 Leidensis
536 1078 582 1100 ex
603 1063 750 1100 schedis
771 1062 990 1099 Ruhnkenii
1009 1062 1128 1098 edidit
1147 1062 1339 1099 Tittman-

323 1137 391 1159 nus
410 1124 510 1160 inter
528 1122 715 1172 Epistolas
733 1121 813 1170 ejus
837 1135 873 1171 p.
899 1121 1083 1158 118-125.

373 1182 553 1231 Sequitur
575 1189 616 1217 ut
635 1181 682 1217 de
700 1181 846 1229 origine
870 1188 906 1216 et
927 1180 1203 1229 compositione
1223 1180 1339 1216 scho-

321 1241 458 1277 liorum
494 1241 666 1284 dicatur,
700 1240 747 1276 de
782 1253 856 1288 qua
893 1239 1117 1275 satis.rectc
1153 1239 1339 1288 judicavit

319 1303 507 1336 Knsterus
534 1299 605 1349 (1),
632 1300 704 1335 nisi
725 1298 829 1348 quod
855 1289 927 1334 tres
950 1299 1077 1347 potius
1109 1312 1220 1347 quam
1245 1298 1338 1334 duas

320 1370 463 1407 ponere
500 1357 665 1394 debebat
701 1357 988 1393 sclioliastarum
1026 1356 1174 1392 classes.
1215 1356 1338 1392 Prima

319 1415 550 1451 scholiorum
587 1415 833 1451 fundamenta
872 1415 974 1464 jacta
1011 1427 1092 1450 esse
1133 1422 1280 1450 constat
1318 1429 1338 1450 a

317 1474 570 1522 grammaticis
599 1473 884 1519 Alexandrinis,
908 1486 1071 1521 quorum
1095 1473 1158 1508 alii
1186 1474 1338 1509 Aristo—

319 1533 453 1581 phanis
476 1533 621 1569 fabulas
636 1531 946 1569 annotationibus
967 1531 1043 1567 suis
1061 1530 1337 1581 (ὑπομνήμασιν)

318 1592 574 1638 illustrarunt,
595 1592 657 1628 alii
675 1591 722 1627 ad
744 1591 1006 1640 intelligendas
1030 1591 1111 1626 illas
1131 1591 1338 1640 plurimum

316 1651 561 1686 contulerunt
583 1663 651 1700 per
672 1649 790 1686 libros
811 1648 1061 1698 amplioribus
1081 1650 1119 1685 in
1137 1662 1339 1698 argumen-

318 1708 361 1743 lis
396 1717 589 1754 versatos,
623 1709 720 1744 inter
751 1721 847 1756 qnos
884 1720 962 1756 prae
995 1708 1128 1743 ceteris
1157 1707 1337 1744 celebrati

317 1767 470 1802 fuerunt
499 1767 765 1816 Lycophronis
795 1774 833 1802 ct
856 1765 1117 1802 Eratosthenis
1145 1779 1338 1801 commen-

318 1825 402 1860 tarii
421 1823 500 1875 περὶ
521 1824 718 1875 κωμῳδίας.
746 1824 811 1860 His
833 1823 1013 1859 successit
1037 1823 1202 1860 secunda
1220 1824 1336 1859 scho-
1362 1836 1366 1878 1

317 1883 506 1918 liastarum
528 1883 673 1928 classis,
693 1883 758 1931 qui
778 1896 823 1918 ex
844 1881 915 1917 illis
938 1882 1194 1930 antispiiorum
1212 1895 1338 1931 gram-

316 1941 541 1977 maticorum
555 1942 673 1990 copiis
690 1948 867 1990 excerpta
885 1939 1043 1989 (ἑκλογὰς
1062 1939 1337 1989 ὑπομνημάτων)

316 2000 548 2036 conticerent
568 2000 636 2049 (2),
657 2000 965 2053 scholiorumque
984 2007 1152 2035 veterum
1181 1998 1338 2047 farragi-

365 2115 408 2154 (1)
435 2118 471 2145 In
491 2115 638 2155 praefat:
665 2114 816 2144 «Scholia
841 2113 1026 2143 Musuriana
1054 2111 1168 2150 partim
1195 2120 1212 2141 a
1231 2120 1338 2151 perve-

316 2162 408 2192 tustis
421 2162 522 2201 iisque
536 2161 701 2192 clarissimi
721 2160 857 2191 nominis
873 2158 1106 2198 grammaticis,
1131 2158 1228 2188 veluti
1241 2158 1337 2198 Apol-

320 2209 422 2246 Ionio,
443 2209 581 2248 Didymo
594 2233 602 2247 ‚
628 2208 835 2247 Symmacho,
853 2206 1035 2237 Aristarcho
1059 2209 1090 2236 et
1109 2204 1178 2235 aliis
1198 2213 1336 2244 qnorum

314 2256 344 2286 in
360 2256 434 2296 ipsis
452 2256 581 2286 scholiis
601 2255 636 2285 fit
651 2255 788 2293 mentio,
802 2253 984 2292 conscripta
1001 2253 1075 2282 sunt
1088 2275 1095 2289 ,
1113 2259 1186 2291 quae
1204 2251 1336 2290 proinde

314 2312 376 2334 non
401 2305 518 2335 mirum
543 2303 569 2333 si
592 2302 723 2342 optimae
746 2301 809 2332 sint
833 2304 918 2331 notre
942 2307 1113 2337 veramque
1140 2300 1171 2328 et
1197 2298 1335 2338 priscam

315 2350 398 2380 illam
423 2350 635 2381 eruditionem
657 2349 781 2388 sapiant
795 2359 803 2387 3
819 2348 936 2387 partim
954 2347 1102 2377 auctores
1120 2345 1237 2376 habent
1254 2346 1336 2376 Tho·
1359 2318 1364 2376 l

314 2405 398 2428 niam
420 2396 606 2435 Magistrum
625 2397 656 2426 et
669 2399 820 2425 Joannem
835 2395 969 2424 Tzctzen
992 2391 1135 2430 aliosque
1152 2392 1232 2422 sorte
1250 2393 1335 2423 1111115

314 2443 418 2474 zetatis
431 2442 593 2473 Graeculos
603 2465 611 2480 ,
625 2441 742 2481 partim
756 2441 850 2470 etiam
867 2439 907 2469 ab
921 2439 989 2478 ipso
1007 2442 1047 2468 M.
1065 2441 1197 2468 Musuro
1216 2439 1290 2469 hinc
1303 2442 1334 2470 et

313 2491 388 2521 inde
412 2490 490 2521 mihi
513 2489 703 2528 interpolata
728 2487 886 2517 videntur.
913 2488 959 2516 De
982 2486 1103 2516 Thoma
1123 2485 1274 2524 Magistro
1303 2488 1334 2517 et

314 2541 432 2568 Joalme
451 2539 562 2567 Tzetze
583 2544 679 2565 omne
700 2534 835 2565 dubium
861 2532 938 2563 mihi
966 2535 1155 2563 exemerunt
1178 2534 1334 2572 Excerpta
1359 2532 1362 2562 l

313 2585 509 2616 scholiorum
527 2583 807 2623 inAristophanem
822 2590 861 2611 ex
872 2580 981 2611 codice
995 2584 1059 2611 MS.
1071 2580 1224 2610 Yaticano
1242 2582 1330 2618 1294,

313 2632 367 2672 (101
394 2632 454 2662 fuit
478 2630 639 2670 quondam
669 2629 770 2659 Fulvii
794 2627 917 2664 Ursini,
950 2627 1090 2666 itemque
1115 2628 1269 2666 Excerpta
1293 2635 1329 2657 ex

313 2679 383 2709 cod.
402 2681 464 2709 MS.
480 2676 631 2708 Urbinate
646 2678 697 2706 141
717 2675 748 2704 111
766 2674 875 2704 eadem
894 2672 1094 2703 bibliotheca.
1111 2676 1231 2703 Horum
1247 2672 1332 2703 enim
1357 2682 1361 2722 1

313 2725 459 2756 codicum
477 2723 592 2763 prioris
617 2724 767 2761 Excerpta
789 2720 963 2760 111-1116111111
984 2727 1099 2749 nomen
1117 2719 1248 2749 'rhomae
1270 2723 1332 2750 Ma·

313 2772 400 2811 gistri
414 2795 421 2810 ,
438 2769 621 2810 posterioris
632 2793 640 2806 ,
659 2767 786 2799 ,10110015
801 2767 925 2798 Tzetzis
940 2776 946 2796 t
963 2767 994 2797 in
1009 2765 1125 2805 quihus
1138 2774 1210 2805 qna}
1227 2765 1333 2804 legun-

314 2822 376 2856 tur,
392 2817 531 2848 maxima
551 2826 587 2847 ex
606 2817 696 2856 parte
718 2814 858 2845 ineditis
883 2813 922 2843 ad
940 2813 1184 2852 Aristophanem
1204 2810 1333 2841 scholiis
1356 2815 1363 2851 ζ»

314 2865 462 2899 αὐτολεξεὶ
487 2872 616 2903 quoque
642 2863 825 2893 occurrunt.
859 2860 992 2891 scholiis
1021 2860 1109 2890 hisce
1138 2856 1331 2888 Musurianis
1356 2854 1360 2902 l

315 2911 484 2942 {florentini
506 2912 617 2950 postea
635 2909 665 2939 in
686 2909 825 2940 editione
843 2916 899 2938 sua
917 2907 999 2937 haud
1020 2914 1142 2946 pauca,
1163 2905 1195 2935 in
1213 2903 1333 2944 priores
1355 2918 1359 2972 1

313 2958 490 2996 prasertim
505 2957 678 2987 commdias
701 2957 790 2994 (nam
816 2955 849 2986 in
870 2953 1062 2994 posteriores
1086 2952 1140 2982 vix
1159 2951 1331 2992 quicquam
1355 2975 1359 3015 ἒ

312 3004 350 3033 ah
364 3003 401 3033 iis
419 3003 563 3033 additum
576 3002 780 3043 deprehendi)
794 3011 810 3032 e
826 3000 961 3039 vulgatis
975 3002 1006 3031 et
1020 2998 1105 3030 tritis
1119 2998 1183 3029 sere
1199 2998 1332 3037 scripto-
1356 3017 1359 3035 ,

314 3049 399 3079 111015
416 3049 530 3087 exiguo
544 3049 705 3079 interdum
717 3048 842 3087 jndicio
858 3047 1056 3086 adjecerunt.
1077 3057 1091 3071 »

353 3098 400 3134 (2)
436 3097 596 3135 Ejusmodi
622 3098 770 3135 excerpta
808 3095 964 3134 significat
996 3093 1189 3133 subscriptio
1213 3092 1331 3122 codicis

312 3143 422 3174 Veneti
450 3143 482 3173 in
508 3143 570 3173 tine
596 3143 752 3179 Nubium,
778 3143 963 3172 κεκώλισται
986 3141 1020 3171 ἐκ
1041 3143 1102 3170 τῶν
1118 3139 1305 3179 Ἡλιοδώρου
1320 3163 1329 3177 ,

312 3191 561 3231 παραγέγραπται
587 3190 621 3220 ἐγ.
645 3192 705 3220 τῶν
728 3189 861 3220 Φαείνου
889 3189 941 3218 καὶ
969 3187 1137 3228 Συμμάχου
1159 3186 1211 3216 καὶ
1230 3186 1330 3216 ἄλλων

311 3239 400 3266 τινῶν
416 3260 423 3274 ,
441 3238 472 3266 et
495 3236 526 3265 in
553 3235 613 3265 tine
636 3235 726 3265 Pacis
740 3258 747 3272 ‚
773 3235 958 3264 κεκώλισται
974 3234 1047 3274 πρὸς
1061 3233 1098 3263 τὰ
1119 3232 1304 3272 Ἡλιοδώρου
1319 3254 1329 3270 ,

312 3282 562 3323 παραγέγραπται
588 3281 623 3311 ἐκ
652 3281 784 3311 ‹imis->mu
812 3281 863 3310 καὶ
893 3279 1072 3319 Συμμάχου,
1106 3279 1191 3317 Quot
1216 3277 1329 3307 comici

310 3328 426 3359 fabulae
443 3327 572 3359 scholiis
595 3327 756 3358 illustratae
779 3326 896 3357 suerint
915 3325 1082 3356 nescimus.
1108 3323 1232 3356 Scholia
1254 3323 1329 3353 Hol-

311 3375 425 3406 eadum
452 3374 593 3404 citantur
616 3374 656 3404 ab
683 3373 783 3403 schol.
803 3377 860 3403 Av.
881 3375 956 3403 1283
979 3373 1010 3403 et
1030 3376 1102 3411 Lys.
1119 3374 1191 3409 72⁴2,
1210 3370 1329 3401 scholia

311 3420 486 3451 Danaidum
500 3420 539 3450 1111
553 3420 633 3452 Plut.
651 3422 774 3451 210.ss
789 3419 916 3450 scholiis
928 3419 1167 3458 Tagrnistarum
1182 3420 1328 3456 excerpta
1352 3449 1356 3453 ,

1244 220 1512 260 PRAEFATIO

1403 323 1487 346 nem
1511 311 1588 346 suis
1614 310 1781 360 ipsorum
1809 320 1955 348 auctam
1977 312 2243 349 additamentis
2271 313 2310 349 in
2335 326 2416 350 eam
2452 301 2473 363 ‘J‘

1402 367 1480 403 fere
1497 381 1571 416 qua
1590 368 1704 405 hodie
1725 369 1864 405 utimur
1878 370 2036 407 formam
2060 370 2296 420 redigerent:
2313 371 2418 420 quod
2454 365 2462 393 ¹³

1403 427 2011 483 quartoss'aeflffleiteiQQQt-ffieaeaerae
2033 437 2172 465 nostrae
2191 429 2320 465 seculo
2336 442 2420 466 eve·

1402 483 1499 519 nisse
1514 497 1635 532 6011116
1651 485 1735 534 ipso
1754 485 1893 521 factum
1911 479 2063 522 v'i‘ffgtfiiss
2075 482 2295 536 'fft'ssehuina
2313 500 2419 524 com-

1403 543 1585 579 mentaria
1606 544 1862 580 Alexandrina
1881 554 2025 582 mature
2043 547 2213 595 neglecta
2234 547 2418 596 perirent.

1401 601 1606 636 Recentior
1621 609 1747 637 autem
1763 602 1841 638 haec
1862 603 2092 640 scholiorum
2109 605 2283 641 collectio
2299 617 2417 654 quum

1400 659 1489 694 satis
1529 659 1730 696 commoda
1769 661 1853 696 usui
1892 661 2096 710 legentium
2127 671 2225 699 esset
2249 691 2259 708 ‚
2298 663 2419 699 nullas

1401 717 1606 754 admodum
1645 719 1872 755 mutationes
1918 728 2073 768 experta
2096 749 2104 766 ‚
2139 729 2324 769 quantum
2372 735 2418 758 ex

1400 775 1516 812 Suida
1535 776 1723 826 conjicere
1744 777 1851 821 licet,
1874 791 1994 827 usque
2013 778 2060 814 ad
2081 779 2248 815 seculum
2269 779 2420 816 duode-

1400 834 1538 870 cimum
1562 848 1629 883 per
1648 835 1798 871 codices
1814 835 1967 872 videtur
1987 849 2066 872 esse
2083 845 2294 886 propagata
2311 852 2319 873 :
2341 850 2419 886 (1110

1403 901 1572 942 tempore
1593 894 1722 942 augeri
1741 894 1883 930 scholia
1899 894 2026 930 denuo
2039 903 2239 943 coeperunt
2254 908 2273 930 a
2291 908 2420 944 gram-

1401 952 1545 988 maticis
1567 953 1778 1000 Byzantinis
1791 983 1799 998 ‚
1819 956 1966 989 Joanne
1990 956 2146 999 Taena,
2165 953 2313 990 Thoma
2333 957 2420 989 Ma-

1399 1009 1516 1057 gistro
1530 1039 1539 1055 ,
1570 1010 1825 1059 Moschopulo
1871 1011 2030 1059 aliisque
2076 1011 2260 1047 Graeculis
2274 1041 2282 1055 ‚
2319 1024 2420 1060 quo-

1400 1080 1482 1102 rum
1500 1080 1614 1116 opera
1630 1068 1707 1104 fere
1723 1069 1759 1104 in
1784 1068 1905 1105 tribus
1924 1069 2058 1118 primis
2080 1068 2217 1104 sabulis
2236 1068 2417 1105 substitit.

1398 1125 1673 1162 Annotationes
1700 1126 1790 1175 ipsae
1820 1134 1892 1162 tam
1921 1126 2073 1162 inutiles
2099 1134 2188 1162 sunt
2217 1134 2254 1163 et
2279 1126 2420 1176 jejunae

1400 1190 1440 1218 ut
1457 1182 1504 1218 ad
1522 1196 1609 1219 snos
1628 1183 1794 1232 singulas
1814 1196 1995 1220 revocare
2011 1193 2187 1220 auctores
2208 1184 2271 1220 vix
2293 1197 2420 1234 operae

1398 1242 1562 1289 pretium
1592 1241 1778 1278 videatur.
1813 1242 1975 1278 Scholiis
2007 1242 2055 1278 ad
2077 1242 2227 1278 Plutum
2253 1245 2420 1279 Joannes

1397 1302 1530 1335 Tzetza
1549 1299 1704 1336 brevem
1729 1301 1951 1349 praemisisse
1967 1301 2118 1338 videtur
2137 1301 2262 1350 poesis
2279 1304 2420 1337 Graecae

1399 1358 1616 1404 historiam,
1641 1359 1791 1407 qualem
1821 1359 1901 1408 ipse
1920 1359 2203 1395 commentariis
2222 1359 2260 1395 in
2282 1359 2420 1396 Hesio-

1398 1416 1485 1451 dum
1498 1444 1506 1460 ,
1526 1416 1643 1452 frater
1664 1425 1788 1452 autem
1808 1419 1958 1453 Isaacus
1983 1416 2226 1465 Lycophroni
2245 1417 2417 1466 praefixit.

1397 1478 1489 1510 Nam
1522 1475 1574 1510 sic
1603 1474 1894 1524 intelligendum
1914 1475 2068 1511 videtur
2096 1474 2199 1523 quod
2220 1476 2266 1510 de
2296 1475 2419 1512 Caecio

1398 1533 1452 1584 (id
1471 1543 1526 1570 est
1542 1534 1694 1584 Tzetza)
1713 1543 1891 1571 narratur
1908 1536 1946 1571 in
1967 1535 2098 1571 codice
2115 1534 2281 1584 quodam
2299 1535 2420 1571 Plauti

1399 1596 1585 1629 Romano.
1606 1592 1667 1643 (V.
1692 1594 1840 1642 Prolcg.
1863 1607 1944 1643 cap.
1965 1597 2024 1639 X,
2046 1592 2102 1643 h.)

1451 1651 1513 1700 [In
1523 1653 1712 1687 Addendis
1727 1656 1872 1688 inemzte
1889 1666 1924 1688 a.
1940 1666 1952 1687 1
1962 1653 2037 1699 839
2052 1656 2194 1700 sch‘ptis
2205 1666 2217 1687 :
2229 1655 2418 1701 Excerpta

1398 1710 1476 1746 haec
1509 1723 1555 1746 ex
1587 1710 1864 1759 antiquiorum,
1885 1710 2229 1746 Alexamlrinorum
2262 1710 2420 1760 potissi-

1398 1782 1499 1804 mum
1531 1779 1567 1805 et
1588 1773 1907 1818 Pergamenorum
1924 1799 1933 1815 ,
1956 1768 2290 1818 grammaticorum
2315 1782 2420 1805 com-

1398 1827 1591 1863 mentariis
1612 1826 1658 1863 ab
1676 1827 1904 1874 Symmacho
1923 1839 2002 1863 esse
2021 1827 2118 1863 facta
2136 1826 2293 1876 ejusque
2315 1839 2419 1862 com-

1399 1886 1626 1921 mentarium
1665 1885 1989 1935 Aristophaneum
2033 1886 2267 1935 praecipuum
2306 1885 2419 1921 scho-

1397 1942 1535 1980 liorum
1565 1952 1782 1980 nostrorum
1813 1945 1969 1989 fontem,
1986 1952 2157 1980 veterum
2175 1952 2300 1979 autem
2320 1943 2420 1980 inter

1398 2018 1439 2040 ea
1470 2003 1702 2039 scholiorum
1735 2003 1889 2039 unicum
1922 2002 2037 2038 fuisse
2063 2002 2325 2038 demonstrare
2353 2015 2420 2037 co-

1398 2070 1505 2098 natus
1531 2070 1586 2097 est
1614 2063 1701 2098 Otto
1722 2060 2003 2104 Schneidcrus,
2033 2060 2098 2109 qui
2126 2059 2419 2096 commentatio—

1398 2134 1484 2157 nem
1509 2121 1554 2157 de
1581 2123 1752 2155 ’veterum
1782 2118 1820 2154 in
1850 2118 2148 2168 Aristophanem
2185 2108 2418 2154 scholiorum

1396 2179 1565 2215 fontibus
1595 2179 1706 2214 docte
1745 2185 1782 2213 et
1817 2176 2021 2226 diligenter
2052 2177 2232 2225 scriptam
2264 2175 2419 2212 Sundiae

1396 2238 1515 2274 edidit
1536 2251 1566 2273 a.
1585 2236 1695 2272 1838.
1711 2235 1926 2284 Symmachi
1944 2248 2081 2270 nomen
2103 2246 2219 2283 quum
2237 2233 2276 2269 in
2295 2232 2419 2268 unde*

1396 2295 1645 2346 quadraginta
1683 2294 1916 2330 scholiorum
1950 2293 2043 2328 locis
2077 2299 2418 2336 commemoretur,

1395 2369 1471 2390 non
1498 2352 1752 2403 improbabile
1785 2361 1840 2388 est
1876 2351 1947 2387 alia
1978 2364 2134 2401 quoque
2163 2363 2239 2386 non
2270 2362 2416 2398 pauca,

1395 2412 1531 2461 quibus
1563 2411 1778 2460 Symmachi
1809 2423 1947 2446 nomen
1978 2423 2055 2446 non
2084 2417 2141 2445 est
2175 2407 2419 2457 appositum,

1395 2486 1441 2509 ex
1475 2470 1747 2508 commentario
1785 2469 1866 2518 ejus
1908 2481 1989 2505 esse
2032 2467 2213 2504 derivata.
2251 2466 2418 2503 Unicum

1395 2543 1484 2566 vero
1505 2529 1737 2565 scholiorum
1759 2535 1928 2563 veterum
1950 2526 2093 2562 fontem
2116 2524 2321 2574 quominus
2338 2536 2418 2560 esse

1393 2588 1592 2624 credamus
1609 2587 1665 2623 vel
1682 2585 1777 2622 illud
1797 2584 1958 2634 impedit
1977 2583 2080 2633 quod
2099 2585 2136 2619 in
2161 2581 2418 2631 subscriptio—

1393 2646 1506 2682 nibus
1536 2644 1677 2681 codicis
1697 2643 1855 2689 Veneti‚
1889 2643 1925 2678 in
1951 2643 2025 2678 fine
2048 2641 2240 2685 Nimium,
2270 2639 2418 2676 scholia

1393 2712 1572 2753 excerpta
1588 2716 1668 2739 esse
1688 2703 1868 2739 dicuntur
1886 2702 1924 2738 ἐκ
1940 2702 2008 2737 τῶν
2029 2700 2180 2737 Φαεινοῧ
2194 2697 2252 2735 καὶ
2266 2697 2418 2747 Συμμά-

1391 2777 1454 2812 sou
1483 2761 1540 2800 καὶ
1575 2761 1688 2799 ἄλλων
1708 2762 1826 2807 τινῶν,
1844 2760 1883 2796 in
1903 2760 1976 2796 11116
1996 2758 2102 2796 Pacis
2123 2757 2162 2794 ἐκ
2183 2757 2336 2794 Φαεινοῧ
2356 2755 2415 2793 καὶ

1392 2821 1612 2871 Συμμάχου,
1646 2821 1683 2856 in
1716 2820 1790 2856 fine
1817 2818 1954 2855 Avium
1985 2818 2023 2853 ἐκ
2043 2817 2111 2852 τῶν
2137 2812 2336 2864 Συμμάχου
2355 2813 2414 2850 καὶ

1356 2903 1359 2916 ι
1392 2885 1506 2923 ἄλλων
1535 2884 1694 2936 σχὴολίων.
1726 2888 1850 2930 Quam
1882 2881 2143 2919 difficultatem
2173 2891 2290 2928 (1110111
2316 2877 2414 2915 bene

1391 2945 1567 2982 sensisset
1597 2942 1872 2986 Schneiderns,
1904 2938 2231 2988 subscriptionum
2261 2936 2412 2973 illarum

1391 3003 1654 3040 auctoritatem
1684 3001 1734 3037 ita
1765 2999 1925 3036 elevavit
1953 2998 2004 3048 (p.
2038 2996 2145 3045 119l‚
2163 3005 2205 3032 ut
2224 2994 2412 3032 Phaiuum

1390 3060 1677 3111 grammaticum
1714 3058 1828 3094 fuisse
1861 3057 2068 3103 conjiceret
2107 3058 2196 3090 satis
2231 3061 2409 3089 recentem

1388 3133 1542 3167 elonque
1565 3131 1630 3154 nec
1648 3119 1787 3152 doctam
1801 3115 1919 3164 probe
1938 3128 2002 3150 nec
2020 3113 2069 3150 ab
2089 3115 2249 3160 antiquis
2264 3114 2301 3146 in
2321 3112 2411 3145 An·-

1389 3178 1600 3226 stephanone
1631 3177 1898 3211 commentariis
1926 3174 2036 3209 valde
2070 3175 2306 3212 instructum,
2347 3171 2412 3216 qui

1389 3278 1464 3307 sunt
1479 3283 1552 3315 qnae
1573 3273 1705 3305 Photius
1724 3272 1757 3303 in
1778 3272 1897 3303 Lexieo
1915 3270 2022 3312 posuit
2039 3278 2066 3300 5.
2092 3264 2353 3308 Παραιξὸρουσον,
2365 3269 2409 3316 111)

1388 3322 1578 3362 antiquiore,
1595 3322 1629 3352 01
1645 3321 1770 3360 opinor,
1793 3318 2004 3357 grammatico
2026 3315 2158 3355 accepta
2173 3322 2181 3343 t
2200 3320 2305 3352 neque
2321 3319 2406 3342 enim

1388 3369 1536 3401 photium
1555 3368 1661 3407 plures
1678 3375 1773 3406 quani
1797 3365 1892 3396 hodic
1908 3363 2082 3405 supersunt
2097 3357 2273 3392 comoedias
2295 3356 2407 3397 legisse

1389 3414 1528 3446 credam.
