2453 3808
807 219 1065 259 SCHOLIA
1100 222 1159 260 IN
1196 223 1636 267 ACHARNENSES.
2246 248 2287 280 1¹⁷

202 319 266 345 430.
296 304 568 344 ἐνσκευάσασθαί
585 321 628 355 με
647 319 655 344 :
679 305 815 356 (Αείπει
830 306 868 345 τὸ
889 307 1060 359 ποίησον.)
1078 308 1192 346 διασύ-

152 381 202 419 ρει
221 364 256 403 δὲ
276 365 328 402 ὅτι
348 365 410 402 οὐκ
427 366 468 415 ἐχ
472 367 532 416 ρῆν
551 368 661 401 ταῦτα
683 364 739 402 ἐπὶ
758 368 885 411 σκηνῆς
907 365 1016 417 ἄγειν.

202 437 265 463 439.
296 423 334 461 τὸ
351 423 499 460 πιλίδιον
532 435 541 461 :

147 483 251 537 χωρὶς
264 482 366 520 πίλου
383 481 560 532 εἰσάγουσι
575 483 631 521 τὸν
644 481 818 535 Τήλεφον,
835 483 874 520 τὸ
889 484 922 521 δὲ
937 488 996 521 τοῦ
1014 485 1187 535 Τηλέφου)

111 549 128 574 ⁵
147 542 295 580 πιλίδιον
313 540 352 578 τὸ
368 543 426 577 νῦν
444 539 657 589 καλούμενον
674 541 923 590 καμελαύκιον.

198 613 262 638 440.
296 600 367 649 (δεῖ
381 598 447 650 γάρ
459 615 502 649 με
524 599 618 643 δόξαι
639 613 647 637 2
668 601 713 639 Οἱ
731 599 790 637 δύο
816 600 928 652 στίχοι
945 594 1036 638 οὗτοι
1057 602 1096 638 ἐκ
1114 602 1191 646 Τη-

144 658 248 712 λέφου
272 657 499 710 Εὐριπίδου.)

196 730 262 755 441.
289 716 471 769 φαίνεσθαι
500 714 536 753 δὲ
564 715 613 766 μή
639 730 647 755 :

143 774 262 829 φύσιν,
285 774 375 813 ἀλλὰ
391 774 453 821 τὴν
471 775 619 828 μορφήν.

95 853 125 881 10
195 848 261 873 442.
295 833 384 885 (τοὺς
405 833 466 884 μὲν
484 834 606 877 θεατάς
624 847 633 872 2

143 893 380 939 εὐπαίδευτον,
400 895 468 930 τῶν
487 891 522 930 δὲ
539 895 714 945 χορευτῶν
731 891 794 937 τὴν
815 891 1001 942 ἀμουσίαν.

194 965 259 991 443.
281 951 359 995 τοὺς
379 951 407 989 δ’
426 945 470 989 αὖ
485 950 653 1003 χορευτάς
671 964 680 988 :
700 950 773 988 Καὶ
787 949 844 988 διὰ
860 949 991 988 τούτων
1006 948 1065 987 τὸν
1088 950 1195 1002 Εὐρι-

141 1010 246 1057 πίδην
267 1009 433 1062 διασύρει.
450 1003 548 1051 οὗτος
570 1007 638 1060 γὰρ
657 1007 790 1058 εἰσάγει
811 1007 890 1051 τοὺς
905 1006 1032 1059 χοροὺς
1048 1007 1127 1046 οὔτε
1145 1008 1190 1046 τὰ

142 1069 315 1119 ἀκόλουθα
352 1067 604 1121 φθεγγομένους
629 1069 673 1118 τῇ
709 1066 890 1114 ὖποθέσειῖ,
921 1067 1001 1105 ἀλλ’
1037 1067 1190 1120 ἱστορίας

91 1143 123 1169 15
141 1127 234 1172 τινὰς
253 1125 553 1179 ἀπαγγέλλοντας,
573 1127 621 1168 ὣς
635 1126 670 1163 ἐν
689 1131 766 1168 ταῖς
786 1124 1010 1172 Φοινίσσαις,
1028 1125 1106 1164 οὔτε
1123 1128 1188 1177 ἐμ-

139 1189 258 1230 παὺῖἶὶς
275 1183 640 1235 ἀντιλαμὸανομένους
658 1186 726 1221 τῶν
745 1183 991 1232 ἀδικηθέντων,
1010 1183 1102 1222 ἀλλὰ
1123 1201 1187 1235 με-

138 1243 225 1290 ταξὺ
245 1243 547 1293 ἅντιπίπτοντας.)

191 1316 256 1342 444.
282 1302 482 1353 σκιμαλίσω
509 1300 778 1346 ζἘξουθενίσω.
808 1300 830 1347 ἢ
856 1300 1035 1353 χλευάσω.
1053 1304 1103 1355 τῷ
1131 1318 1189 1352 μι-

139 1378 212 1415 κρῳ
231 1361 392 1415 δακτύλῳ
415 1363 471 1412 (ὡς
484 1363 552 1399 τῶν
569 1360 773 1411 γυναικείων
791 1362 910 1410 πυγῶν
928 1360 1072 1412 ἅψομαι.
1095 1359 1188 1411 εἴρη-

88 1433 122 1458 20
139 1437 197 1459 ται
216 1420 252 1459 δὲ
270 1425 292 1467 ἡ
309 1419 399 1465 λέξις
417 1421 476 1459 καὶ
494 1422 527 1457 ἐν
553 1419 685 1471 Εἰρήνῃ
706 1424 801 1465 [549].
818 1418 956 1469 ἐλέγετο
975 1418 1009 1456 δὲ
1023 1419 1189 1468 σκιμαλί-

139 1481 207 1523 ζειν
222 1478 262 1517 τὸ
284 1481 334 1530 τῷ
355 1481 469 1531 μικρῷ
487 1477 646 1530 δακτύλῳ
663 1480 731 1515 τῶν
762 1477 903 1529 ὀρνίθων
933 1479 1189 1530 ἀποπειρᾶσθαι

573 422 686 475 (Πρὸς
709 422 786 467 τοὺς
815 428 873 461 νῦν
903 424 1106 477 ὑποκριτὰς,
1139 425 1190 463 ὅτι

675 716 845 755 Τουτέστι
879 716 926 767 μὴ
952 716 1099 760 ἀλλάξαι
1127 714 1189 762 τὴν

650 833 712 872 Ἵν’
733 833 814 885 εἴπῃ
831 836 899 871 τῶν
913 833 980 883 μὲν
1002 836 1131 870 θεατῶν
1151 832 1190 870 τὸ

139 1539 169 1575 εἷ
187 1538 406 1576 ὠοτοκοῦσιν.
420 1539 430 1588 )

191 1609 258 1636 446.
291 1594 551 1648 (εὐδαιμονοίης
569 1609 578 1634 :

139 1655 199 1693 δου

604 1593 713 1647 Παρὰ
736 1593 780 1632 τὰ
798 1595 837 1632 ἐκ
855 1593 1019 1648 Τηλέφου
1040 1593 1188 1647 Εὐριπί-

75 1736 121 1779 ἱ25
263 1747 366 1782 καλῶς
377 1745 480 1786 ἔχοιμι
493 1768 502 1784 ,
514 1744 642 1784 Τηλέφῳ
654 1744 679 1775 δ’
692 1744 759 1783 ἁγὼ
774 1743 900 1784 φρονῶ.)

191 1846 258 1872 452.
287 1831 451 1883 γλίσχρος
470 1844 479 1869 :
493 1828 586 1868 Ἀντὶ
599 1832 658 1867 τοῦ
674 1827 835 1871 ταπεινὸς
849 1827 970 1872 κόλαξ.
986 1831 1187 1881 προσαιτῶν

138 1891 174 1930 δὲ
194 1891 270 1929 ἀντὶ
293 1893 353 1928 τοῦ
376 1887 490 1927 πολλὰ
511 1890 628 1926 αἰτῶν.
651 1888 732 1938 (τοῦ
750 1886 785 1924 δὲ
809 1888 969 1939 λιπαρεῖν
988 1887 1028 1925 τὸ
1046 1902 1055 1924 ι
1075 1887 1188 1926 ἐκτεί-

137 1965 246 1989 νεται.
267 1948 342 1991 ἔστι
361 1947 428 2000 γὰρ
450 1946 490 1984 τὸ
509 1945 589 1984 λίαν
608 1944 771 1998 παρεῖναί
788 1947 894 1996 τισι.)

189 2008 346 2060 λιπαρῶν
366 2019 375 2044 :
397 2005 640 2058 Παρακαλῶν.
666 2011 751 2041 Πεί.

85 2084 120 2110 30
190 2079 256 2105 453.
287 2063 557 2114 διακεκαυμένον
580 2062 700 2115 λύχνῳ
729 2060 841 2101 ῖςὈτι
860 2064 891 2100 οἳ
914 2062 1108 2116 πρεσὲῦται
1132 2063 1189 2101 διὰ

135 2123 175 2162 τὸ
193 2124 292 2174 μόλις
308 2122 456 2175 βαδίζειν
471 2123 506 2159 ἐν
519 2120 659 2174 σπυρίδι
673 2120 865 2173 κρύπτουσι
880 2120 939 2158 τὸν
956 2121 1081 2173 λύχνον
1097 2121 1186 2160 ὥστε

137 2181 258 2226 σώζειν
279 2181 318 2219 τὸ
338 2185 424 2233 πῦρ.

188 2253 254 2279 454.
283 2239 434 2281 πλέκους
449 2237 550 2290 χρέος
565 2251 574 2276 2
595 2240 668 2276 Τοῦ
684 2236 878 2290 σπυριδίου.
896 2240 959 2274 τοῦ
978 2237 1186 2288 πλέγματος.

139 2300 211 2350 (καὶ
227 2301 328 2336 τοῦτο
348 2297 383 2335 δὲ
399 2297 498 2349 παρὰ
514 2295 557 2332 τὰ
577 2296 616 2332 ἐκ
633 2294 796 2347 Τηλέφου
816 2294 1006 2347 Εὐριπίδου

84 2407 119 2431 35
261 2393 291 2425 τί
306 2393 330 2425 δ’
345 2393 371 2424 ὦ
381 2392 474 2428 τάλας
487 2392 526 2423 σὺ
533 2392 612 2433 τῷδε
621 2390 778 2422 πείθεσθαι
791 2391 931 2431 μεὯιεις.)

190 2495 256 2520 455.
289 2479 459 2532 βούλομαι
477 2479 506 2516 δ’
522 2477 615 2529 ὅμως
634 2477 755 2515 λαὲεῒν
777 2490 786 2516 2
808 2479 982 2527 Μιμεῒται
1004 2476 1062 2514 τὸν
1079 2479 1185 2531 Εὐρι-

135 2540 237 2578 πίδου
252 2541 461 2592 χαρακτῆρα
478 2540 528 2590 τῷ
544 2536 650 2589 λόγῳ.

189 2611 254 2637 457.
285 2595 524 2647 εὐδαιμονοίης
543 2608 551 2634 :
572 2593 737 2633 Σκώπτει
756 2593 859 2632 αὐτὸν
876 2596 921 2637 ὡς
937 2594 1184 2646 λαχανόπωλιν

137 2655 263 2708 ἔχοντα
292 2654 426 2708 μητέρα
451 2653 515 2700 τὴν
547 2652 700 2692 Κλειτώ.
729 2652 906 2690 κυλίσκιον
935 2653 972 2690 δὲ
1001 2653 1181 2704 ποτήριον.

84 2731 120 2757 40
139 2713 320 2766 (γράφεται
331 2713 367 2751 δὲ
383 2711 584 2763 κυλίκειον.)
600 2711 927 2763 ἀποκεκρουσμένον
940 2711 974 2749 δὲ
987 2713 1186 2750 ἀποκεκλα-

136 2771 274 2822 σμένον.
1102 2809 1109 2815 .

189 2844 251 2868 461.
283 2828 421 2879 (οὔπω
415 2827 465 2866 μὰ
481 2828 565 2867 Δί’;
588 2822 674 2867 Οἶον
695 2829 757 2865 οὐκ
774 2821 887 2865 οῗδα“
867 2843 958 2871 οπως
977 2826 1084 2880 βαρὺς
1103 2822 1136 2865 εἷ
1150 2830 1184 2866 ἐν

137 2892 207 2931 τοῖς
204 2887 379 2959 δράμασι
398 2887 458 2926 καὶ
478 2886 676 2930 ἀποκναίεις
701 2902 779 2930 τους
798 2886 934 2929 θεατάς.

191 2939 232 2982 οῖ
251 2945 352 2988 αὐτὸς
366 2945 501 2997 ἐργάζει
516 2944 640 2983 κακοῖς
659 2944 818 2996 Ἐργάσῃ
839 2945 956 2987 κακῶς
978 2944 1079 2987 αὐτὸς
1096 2960 1184 2982 σαυ-

85 3002 211 3050 ,5’τὸν,
226 3002 452 3076 χαριζόμενός
466 3019 524 3054 μοι
540 3007 672 3051 ταῦτα,
691 3003 733 3041 δι’
751 2998 799 3041 ῶν
820 3019 859 3041 σε
876 3005 993 3046 κακῶς
1011 3001 1138 3054 λέγω.)
1161 3002 1182 3049 ἢ

136 3061 249 3101 λείπει
261 3075 300 3098 το
318 3061 366 3111 μὴ
383 3060 470 3104 δούς.

191 3132 257 3158 463.
288 3118 342 3161 δός
362 3134 420 3168 μοι
432 3118 634 3171 χυτρίδιον;
659 3118 759 3169 (''⁴H‘'
738 3135 790 3157 οτι
805 3118 938 3171 χύτραν
955 3119 1130 3172 φέρουσιν,
1149 3121 1183 3157 ἓν

138 3181 162 3229 ᾗ
194 3175 342 3226 σπόγγος
373 3177 644 3227 πεπληρωμένος
666 3176 824 3227 μέλιτος,
850 3177 912 3214 καὶ
941 3176 1110 3215 ἐντιθέασι
1134 3181 1184 3215 τῶ

140 3233 289 3285 στόματι
310 3236 379 3271 τῶν
395 3232 594 3280 παιδίων,
573 3249 665 3276 οπως
681 3234 887 3280 σιωπήσωσι
907 3237 1086 3281 ζητοῦντες
1105 3250 1184 3286 τρο-

87 3324 123 3349 50
140 3291 220 3346 φὴν,
257 3291 279 3338 ἢ
303 3307 356 3329 οτι
375 3290 520 3337 πένητες
538 3307 582 3328 τα
601 3291 766 3342 τρήματα
781 3296 843 3338 τῆς
860 3292 993 3345 χύτρας
1014 3297 1183 3345 σφηνοῦσι

138 3348 440 3401 ’το“ίςσπόγγοις.)”λ
422 3366 444 3395 η
458 3348 665 3401 τετρημένον
682 3350 886 3401 ἁπανταχοῦ
902 3349 1020 3403 ὥσπερ
1035 3353 1065 3388 οι
1074 3366 1184 3400 στ-ογ-

140 3423 207 3459 γοι.
226 3407 306 3458 (και
325 3411 426 3446 τοῦτο
445 3405 480 3444 δε
501 3406 676 3459 υπερὸολ·ὶ·Ι
692 3407 830 3455 πενίας,
847 3407 887 3445 τὸ
907 3411 1099 3460 κεχρησθαι
1114 3414 1184 3452 τοῖς

2269 262 2290 278 δ

1249 311 1480 363 τετρημένοις.
1498 330 1656 365 μιμειται
1676 315 1711 354 δε
1738 317 1911 371 Τηλεφον.
1935 321 2146 374 βεὸυσμένον
2174 325 2210 363 δὲ
2233 342 2295 366 κε·-

1250 368 1310 404 κλε
1315 369 1466 408 ισαένον.
1483 374 1493 423 )

1305 427 1555 479 βεβυσμένονζ
1584 435 1747 481 Βυπτεῖν,
1780 435 1970 486 βαπτίζειν·

1249 499 1290 521 στ
1293 485 1536 541 όαατικατεχε
1542 507 1570 528 ιν
1589 507 1635 530 τι.
1666 500 1746 529 Iict.

2011 442 2156 490 βυννεῖν,
2192 442 2232 481 τὸ
2258 445 2294 483 ἐν

1300 556 1363 581 404.
1393 561 1456 592 την
1476 549 1670 602 τραγυδίαν
1692 565 1700 589 :
1723 554 1806 589 Οῐον
1826 552 1869 590 τὰ
1884 554 1990 601 σκεύη
2007 559 2290 612 τηςτραγωδιάς.
2312 575 2329 600 5

1301 615 1363 640 405.
1386 619 1528 651 ταυτγνι
1542 607 1604 653 τὴν
1622 607 1754 659 χύτραν
1773 611 1916 657 δ·ν·λονο’τ
1920 629 1941 650 ι.

1301 673 1364 698 469.
1397 663 1521 714 {⁹790}
1516 679 1573 701 um
1594 667 1716 717 ρυλιελῗ
1705 682 1763 705 ιῑα
1783 668 1839 706 Τα
1856 672 1964 708 ἀπολε
1952 687 2003 708 ’π
1997 671 2127 722 ίσματα
2142 677 2209 712 τῶν
2229 678 2296 714 λα-

1248 731 1377 767 γανων.
1397 721 1500 772 ἷσχνα
1521 722 1556 760 δε
1579 727 1648 761 οἱον
1667 740 1848 777 μεμαραυ.
1843 743 1885 764 ιιε
1877 726 1930 764 ’να
1946 730 2004 766 καὶ
2025 732 2145 778 εὐτελτ
2159 736 2225 771 τῶν
2239 736 2299 772 λα-

1248 789 1365 825 χανων
1393 779 1530 830 (φύλλ.α
1551 786 1696 820 τοιαῦτα
1712 783 1779 836 γὰρ
1800 786 1858 821 οἱ,
1847 787 1982 837 πτωχοὶ
2004 789 2091 825 ἐσθίν
2066 804 2165 828 ουσι.
2183 807 2243 830 και
2263 795 2298 830 ἐν

1250 834 1400 888 Πλούτῳ
1418 839 1494 887 (554)
1518 857 1534 871 α
1560 840 1637 877 ἀντὶ
1654 840 1690 878 δὲ
1711 841 1825 891 μάζης
1843 845 1974 895 φυλλεῖ’
1995 847 2121 897 ἰσχνῶν
2149 851 2296 902 ραφανί-
2319 864 2352 889 10

1249 908 1265 922 «
1285 892 1366 932 δων.
1394 912 1409 927 n
1435 898 1597 935 καλεῖται
1625 898 1661 935 δε
1690 901 1836 951 φυλλεῖα
1866 902 1927 939 καὶ
1956 919 2002 940 τα
2021 920 2083 950 της
2103 908 2300 959 θριδακίνης

1248 948 1375 1002 φύλλα..
1398 953 1556 993 σκώπτει
1573 955 1612 994 δὲ
1628 958 1760 995 αὐτὸν
1742 960 1789 1002 ὡς
1803 960 1848 996 λα
1850 960 2090 1011 χανο-τωλιοος
2105 964 2189 1003 υἱόν.
2202 967 2212 1016 )

1301 1021 1368 1048 472.
1399 1013 1581 1067 (ὀχληρὸς,
1606 1017 1643 1053 οὐ
1662 1017 1770 1054 δοκῶν
1789 1017 1852 1067 μὲν
1870 1019 2079 1072 κοιράνους;
2101 1024 2215 1061 Τοῦτο
2236 1040 2301 1062 πε·-

1247 1067 1418 1120 παρῴδητ
1422 1087 1457 1109 αι
1478 1072 1626 1122 ἀσήμως
1648 1073 1683 1118 ἐξ
1703 1074 1834 1118 Οἰνέως
1863 1078 2065 1130 Εὐριπίδου.
2087 1081 2105 1116 ὃ
2131 1079 2224 1118 δεῩ
2195 1081 2300 1132 ...ύμ-

1250 1139 1363 1177 μαχος
1382 1144 1442 1167 και
1458 1132 1497 1168 ἐκ
1511 1130 1673 1185 Τηλέφου
1695 1148 1798 1185 φησιν
1816 1134 1937 1185 αὐτό.)
2321 1159 2352 1184 15

1288 1201 1354 1227 473.
1383 1188 1598 1240 (σκανδικά
1593 1205 1650 1227 υ.οι
1671 1190 1752 1234 δόςῑ
1773 1191 1845 1230 Καὶ
1872 1194 1906 1230 ἐν
1932 1199 2002 1237 τοῖς
2020 1194 2182 1234 Ἱππεῦσι
2200 1197 2300 1243 δεδή-

1247 1249 1359 1286 λωται
1377 1247 1429 1285 ὅτι
1447 1250 1468 1293 ἡ
1492 1248 1609 1300 μήτηρ
1630 1249 1822 1301 Εὐριπίδου
1840 1253 1969 1289 πωλεῖν
1996 1252 2134 1305 ἐλέγετο
2157 1255 2297 1293 σκάνδι-

1247 1308 1347 1357 κας.)
1369 1308 1526 1353 θηλυκῶς
1547 1306 1582 1344 δὲ
1597 1310 1619 1353 ἠ
1650 1307 1789 1352 σκάνδιξ
1815 1309 1971 1361 ἐλέγετο.
1991 1310 2064 1349 ἔστι
2082 1312 2117 1350 δὲ
2148 1313 2299 1365 λάχανον

1249 1367 1366 1418 ἄγριον
1400 1365 1544 1409 εὐτελές.

1300 1438 1365 1463 479.
1394 1423 1515 1470 πηκτὰ
1536 1423 1706 1475 δωμάτων
1734 1438 1742 1463 :
1770 1424 1844 1469 Τὰς
1860 1426 1974 1479 θύρᾰς·
1996 1428 2029 1478 (
2032 1432 2176 1482 Ομῆρθς
2195 1436 2245 1477 [ll-
2266 1440 2297 1476 Ῑ
2318 1448 2353 1473 20

1952 1485 2094 1530 Ἄλλως.
2240 1506 2300 1533 τας

1247 1541 1441 1594 ἔμπροσθεν
1474 1557 1542 1578 των
1576 1544 1695 1614 θυρῶν
1714 1543 1904 1593 ἱσταμένας
1931 1545 2131 1596 κιγκλίδας,
2159 1548 2295 1619 πηκτας

1246 1488 1311 1529 475]
1338 1501 1353 1516 α
1377 1481 1480 1534 θύρας
1508 1485 1659 1526 πυκινῶς
1688 1484 1866 1557 ἀραρυίας
1896 1504 1911 1519 υ
2127 1488 2210 1531 πρὸς

1246 1616 1309 1643 τας
1330 1599 1435 1651 θύρας
1458 1603 1556 1649 εἰπε,
1585 1600 1642 1637 διὰ
1663 1600 1703 1638 τὸ
1721 1601 1763 1638 δι’
1787 1601 1867 1639 ὅλου
1893 1603 2094 1655 ἀσραλίζειν
2122 1604 2182 1641 καὶ
2209 1607 2298 1644 ἀπο-

1245 1658 1371 1695 κλείειν
1389 1657 1450 1700 τὰς
1471 1657 1583 1709 ὄψεις,
1611 1658 1670 1696 καὶ
1691 1659 1739 1708 μὴ
1761 1662 1844 1711 ὃραν
1865 1676 1939 1698 τινα
1965 1660 2130 1698 δύνασθαι
2157 1662 2294 1711 τᾶνδον,

1246 1715 1364 1769 ὥσπερ
1385 1716 1445 1754 ἀπ“
1472 1719 1539 1754 τῶν
1556 1715 1755 1766 κιγκλίδων.
1766 1718 1777 1767 )
2314 1737 2349 1762 25

1299 1788 1366 1813 483.
1397 1775 1544 1827 γροιμμ·“κΙ
1567 1775 1596 1812 δ’
1617 1775 1719 1820 αὑτηί
1747 1789 1755 1813 z
1781 1774 1910 1827 Ἀρχὴ,
1934 1776 2126 1847 ἀρετηρία,
2148 1780 2169 1823 ἢ
2193 1780 2293 1831 λεγο-

1249 1832 1335 1884 μένη
1358 1833 1449 1885 ssoeJf
1429 1834 1492 1876 οίς.
1515 1835 1554 1870 ἐκ
1575 1849 1772 1886 μεταφορας
1789 1837 1847 1871 οὐν
1866 1838 1933 1872 τῶν
1951 1836 2056 1905 δρομε
2059 1852 2119 1874 ων.

1300 1905 1368 1930 484.
1396 1891 1578 1937 ἔστηκας;

1247 1952 1309 1988 οὐκ
1335 1955 1384 1998 εἰ,
1414 1949 1533 2003 ὥσ-ερ
1567 1949 1759 2002 Εὐριπίδην
1793 1950 1870 1988 ὅλον
1896 1967 1960 2001 μετ
1948 1954 2298 2004 ,ατχτματισάμενος

1612 1891 1702 1928 Ἀντι
1730 1895 1790 1929 τοῦ
1820 1891 1877 1929 ἐπὶ
1906 1892 2044 1930 συννοία
2075 1893 2204 1944 μένεις,
2237 1895 2297 1934 καὶ

1246 2025 1306 2047 και
1324 1981 1541 2046 ἀνάλαοὼν’
1527 2025 1562 2045 εν
1584 2024 1690 2046 σεαυτ
1691 2012 1729 2061 ᾧ.
1752 2011 1816 2059 (εκ-
1806 2011 1873 2047 εῖδ
1856 2026 1891 2047 οε
1907 2012 1954 2053 εἷς
1973 2026 2011 2047 το
2029 2011 2104 2055 ἐπίξ
2106 2028 2198 2058 ηνον.
2203 2015 2214 2063 )
2316 2035 2350 2060 30

1299 2080 1363 2105 487.
1395 2069 1518 2104 εἰποῦσ
1520 2066 1616 2103 ’ἅττ’
1638 2066 1679 2104 διν
1700 2083 1765 2105 αυτ
1767 2071 1789 2119 ’ᾗ
1807 2082 1886 2106 σοις
1908 2067 1956 2106 Εἴ
1973 2084 2006 2105 τι
2027 2070 2119 2106 δοκεῖ
2138 2086 2191 2108 σοι
2208 2087 2295 2124 αυτῃ

1246 2119 1274 2163 ῶ
1295 2125 1419 2178 καρδία
1438 2125 1533 2172 εἷπε,
1552 2129 1821 2177 παρασχοῦσατ
1811 2126 1865 2172 μὴν
1886 2142 1924 2163 κε
1928 2125 2040 2178 φαλην
2058 2129 2104 2170 εἷς
2122 2128 2160 2166 τὸ
2177 2129 2251 2167 επίῖ
2237 2147 2296 2177 η-

1245 2199 1319 2222 νον.

1297 2255 1363 2280 489.
1397 2241 1443 2292 (τί
1462 2241 1599 2291 δράσεις
1620 2256 1628 2280 :
1647 2244 1763 2288 Διπλῆ
1782 2242 1842 2280 καὶ
1863 2241 1959 2292 τριὰς
1983 2244 2172 2295 μεσῳδική·
2196 2240 2237 2291 ἧς
2257 2248 2293 2284 αἱ

1246 2299 1308 2350 μὲν
1320 2300 1530 2352 ἑκατέρωθέν
1545 2302 1611 2338 εἶσι
1626 2300 1765 2338 δίκωλοι
1779 2302 1907 2338 διπλῶν
1926 2301 2092 2352 δοχμίων·
2108 2305 2130 2348 ἡ
2149 2302 2184 2340 δὲ
2203 2304 2292 2354 μέση
2314 2323 2348 2349 35

1245 2359 1397 2410 δίστιχος
1415 2358 1604 2409 ἷαμὸικὴ
1586 2358 1742 2430 οίμετρος
1762 2360 2013 2405 ἀκαταληκτος.
2022 2362 2032 2430 )

1298 2431 1362 2456 491.
1386 2419 1544 2468 σιδηροῦς
1562 2417 1648 2469 ἀνηρ
1669 2432 1678 2456 :
1702 2417 1850 2470 Στερρὸς
1870 2417 1957 2470 ἀνηρ
1976 2433 2035 2455 και
2056 2418 2259 2493 ἀτέραμνος.

1297 2489 1360 2514 493.
1380 2480 1426 2519 εἱς
1447 2475 1558 2527 λέγειν
1581 2491 1625 2513 τα
1641 2476 1803 2515 ’ναντίαε
1831 2476 1955 2515 Λείπει
1982 2476 2021 2514 τὸ
2049 2475 2109 2524 ὤν,
2128 2476 2171 2515 ιν’
2199 2482 2220 2529 ᾐ
2248 2483 2294 2522 εἱς

1244 2533 1305 2572 ὤν.

1297 2605 1361 2631 494.
1386 2592 1476 2644 αἱρεῖ
1492 2591 1566 2629 ἀντὶ
1584 2594 1642 2629 τοῦ
1661 2591 1787 2643 βούλει.
1809 2599 1847 2629 R.
2061 2598 2069 2608 ¹
2311 2613 2346 2641 40

1296 2665 1362 2690 497.
1383 2651 1446 2702 (μη1
1464 2666 1522 2701 μοι
1539 2650 1724 2704 φθονήσητ’
1746 2650 1864 2703 ἄνδρες
1885 2663 1894 2689 :
1913 2650 1978 2690 Ἐκ
2003 2650 2164 2705 Τηλέφου
2183 2654 2293 2706 Εὐρι-

1244 2710 1345 2748 πίδου

1370 2783 1411 2839 μή
1430 2793 1480 2823 μοι
1493 2782 1655 2838 φθονήσητ’
1671 2781 1773 2823 ἄνδρες
1784 2782 1937 2819 Ἑλλήνων
1952 2782 2057 2823 ἀκροι,

1366 2831 1392 2861 εἰ
1404 2830 1527 2869 πτωχὸς
1538 2830 1626 2860 ὡντε
1620 2829 1712 2865 τληκ’
1726 2830 1909 2860 ἐνέσθλοῖσι
1893 2830 1960 2860 νὶ-
1948 2830 1996 2868 Ᾰγε
1999 2830 2053 2869 ιν.)

1296 2899 1360 2924 499.
1391 2901 1452 2938 τρυ
1455 2885 1606 2937 (οιινδίαν
1596 2887 1730 2923 ποιῶν;
1748 2884 1960 2936 Κωμι)δίαν·
1974 2885 2050 2930 ἦτοι
2064 2883 2119 2922 δια
2132 2884 2197 2922 τὸ
2181 2884 2241 2955 τρύ
2244 2902 2289 2937 γα
2307 2909 2341 2935 45

1245 2943 1394 2982 ἔπαθλον
1411 2943 1618 2993 λαμὲανειν,
1648 2957 1804 2980 τουτέστι
1824 2941 1896 2980 νέον
1914 2946 2014 2990 οἰνον,
2045 2942 2125 2993 (ἢ
2107 2942 2163 2980 οια
2181 2944 2220 2981 τὸ
2238 2944 2286 2994 μὴ

1243 3001 1350 3039 ὄντων
1381 3000 1608 3053 προσωπείων
1653 3015 1714 3046 την
1751 2999 1863 3052 ἀρχην
1891 3016 1966 3052 τρυ
1964 3000 1991 3051 (ὶ
2030 3000 2190 3053 χρίεσθαι
2227 3001 2289 3046 τὰς

1243 3060 1364 3112 ὄψεις).

1296 3132 1360 3157 502.
1395 3119 1443 3167 (οὔ
1463 3116 1530 3169 γάρ
1550 3132 1592 3166 με
1609 3116 1668 3154 καὶ
1687 3119 1744 3153 νῦν
1763 3130 1772 3155 :
1795 3116 1856 3159 Ὡς
1872 3117 1911 3155 ἐκ
1929 3120 1988 3155 τοῦ
2008 3120 2154 3164 ποιητοῦ
2170 3121 2282 3156 τοῦτο.

1242 3176 1446 3229 προείρηται
1467 3174 1502 3212 δὲ
1519 3174 1562 3212 τὰ
1579 3175 1658 3226 περὶ
1677 3174 1822 3224 τούτου.)
2302 3195 2337 3222 50

1295 3248 1358 3273 503.
1404 3233 1504 3278 ξένων
1525 3233 1705 3286 παρόντων
1729 3247 1737 3272 2
1759 3233 1828 3271 Διὰ
1847 3232 1886 3271 τὸ
1906 3234 1939 3270 ἓν
1959 3236 2028 3276 τοῖς
2050 3232 2284 3276 Βαὸυλωνίοις

1240 3293 1380 3329 πολλῶν
1412 3291 1593 3343 παρόντων
1614 3290 1714 3335 ξένων
1744 3290 1918 3343 εἰρηκέναι
1946 3290 2037 3328 κατὰ
2063 3292 2200 3328 πολλῶν
2224 3288 2283 3327 τὸν

1241 3349 1503 3402 Ἀριστοφάνην.
1522 3349 1574 3386 διὸ
1590 3364 1649 3386 και
1669 3365 1758 3395 κατη
1761 3348 1923 3399 γορηθηε
1911 3349 1977 3386 υπὸ
1994 3352 2051 3386 τοῦ
2067 3347 2252 3396 Κλέωνος.)

1294 3416 1358 3446 504.
1390 3407 1486 3445 αὐτοὶ
1522 3406 1590 3460 γαρ
1607 3406 1710 3457 ἐσμέν
1732 3420 1740 3445 z
1761 3409 1844 3446 Οῖον
1863 3422 1959 3457 μονοι
1975 3408 2005 3443 οἱ
2022 3405 2191 3451 Ἀθηναῖοι
2205 3417 2279 3454 χω-
