2533 3808
303 206 376 238 552

299 282 476 332 exposuit
512 284 707 315 enarrator
740 271 1016 321 Aristophanis.
1056 270 1152 306 Illud
1185 277 1312 305 autem

300 337 520 391 pestilentiae
541 335 676 379 telum,
693 345 768 382 quo
785 331 1016 378 majestatem
1037 328 1161 364 laesam
1178 326 1308 363 vindi-

300 405 447 440 carent,
470 392 695 430 acerrimum
716 390 755 425 in
775 395 956 438 promptu
975 385 1190 422 habuerunt
1210 391 1311 420 vete-

299 467 381 491 rum
416 453 468 488 dii
502 467 509 487 :
542 448 712 499 quamvis
745 447 845 483 enim
874 446 1021 482 ratione
1058 443 1213 494 propria
1241 442 1309 477 τῶν

299 512 466 559 λοιμικῶν
503 510 621 545 παθῶν
658 504 761 543 αἴτιοι
806 513 1050 542 censerentur
1094 501 1229 552 Apollo
1267 513 1310 536 ac

299 570 440 612 Diana,
460 566 545 603 ideo
572 574 696 602 tamen
730 576 853 613 neque
880 563 980 606 aliis,
1006 563 1036 597 si
1066 574 1154 597 usus
1177 559 1309 603 ferret,

299 625 465 675 ejusdem
486 624 570 660 mali
590 622 775 659 inferendi
791 629 922 671 negata
945 621 1012 656 suit
1026 627 1204 669 potestas.
1218 616 1311 652 Vide

300 684 415 720 schol.
432 681 604 731 Euripid.
628 681 673 717 ad
699 680 804 717 Med.
832 693 869 715 v.
896 680 982 724 273.
1004 682 1166 726 Propter
1184 687 1310 710 ursam

298 744 493 780 Braurone
525 740 671 788 sagittis
704 739 890 774 confixam
931 737 969 772 in
1004 736 1145 784 templo
1181 734 1311 770 Dianae

297 797 471 847 λοιμώδης
487 796 583 839 νόσος
602 802 672 838 τοῖς
689 795 878 841 Ἀθηναίοις
898 793 1055 837 ἐνέπεσε,
1082 800 1175 829 teste
1195 789 1312 828 Suida

297 858 335 893 in
358 855 511 907 Ἄρκτος.
536 859 682 893 HEMST.

357 915 427 950 180
442 917 486 950 In
505 918 551 951 V.
572 913 633 949 hic
647 921 702 949 est
722 911 817 948 ordo
831 911 1060 948 scholiorum
1073 939 1082 956 ‚
1102 911 1120 945 ὃ
1143 906 1312 956 Τιμόθεος

299 968 395 1015 οὗτος
417 973 605 1015 ζάπλουτος
628 968 959 1020 ἅμα-Ἀθηναίων,
975 969 1021 1010 εἰς
1038 970 1199 1004 τοσοῦτον
1223 964 1311 1016 ἤρθη

300 1030 478 1082 -τούτῳ.
508 1028 628 1066 τούτου
658 1027 981 1068 κατασκευάσαντος
1003 1025 1131 1077 πύργον
1164 1023 1222 1060 καὶ
1252 1023 1313 1059 οὐκ

301 1090 370 1127 ἀπὸ
393 1089 498 1139 τύχης
523 1085 817 1124 κατεσκευακέναι
843 1084 1035 1137 φήσαντος,
1060 1083 1136 1120 ἀλλ’
1159 1080 1227 1118 ἀπὸ
1253 1083 1314 1117 οἷν-

301 1147 433 1199 δρείας,
457 1148 653 1197 ὀργισθεῖσα
672 1147 693 1189 ἡ
716 1144 804 1195 τύχη
824 1143 957 1190 πένητα
981 1142 1080 1179 αὐτὸν
1102 1140 1314 1199 ἐποίησεν-

301 1205 463 1242 ὓπόνοιαν
495 1204 640 1254 ἐμπέσοι
672 1203 711 1253 γέ
743 1219 809 1241 σοι.
837 1200 979 1243 Ἄλλως.
1011 1199 1178 1250 Τιμόθεος
1218 1201 1315 1238 οὗτος

302 1264 474 1314 εὐδαίμων
507 1262 600 1300 πάνυ
626 1262 684 1300 καὶ
714 1261 876 1302 πλούσιος
909 1259 1100 1311 στρατηγὸς
1128 1256 1314 1303 Ἀθηναίων

302 1323 350 1364 εἷς
371 1325 531 1359 τοσοῦτον
554 1321 642 1372 ἤρθη
667 1318 788 1370 τύχης,
815 1321 859 1361 ὡς
883 1318 940 1356 τὸν
965 1318 1111 1367 δαίμονα
1136 1315 1316 1368 φαίνεσθαι

302 1381 350 1429 (ἐν
375 1380 462 1416 add.
489 1379 554 1430 G.)
579 1378 656 1430 ὄψει
678 1377 804 1430 τούτῳ.
830 1376 888 1413 καὶ
912 1377 945 1413 ἐν
971 1374 1127 1420 Ἀθήναις
1150 1372 1185 1410 δὲ
1209 1374 1242 1409 ἐν
1267 1372 1315 1408 εἷ-

301 1438 379 1475 κόσι
397 1437 613 1488 κοιμώμενον
637 1436 772 1474 ἐποίουν
798 1435 898 1472 αὐτὸν
922 1436 952 1471 οἱ
978 1434 1150 1485 ζωγράφοι
1173 1430 1231 1468 καὶ
1253 1428 1315 1475 τὴν

301 1495 412 1547 τύχην
442 1498 566 1532 ἑαυτοῦ
595 1494 741 1540 πλησίον
775 1493 944 1546 φέρουσαν
975 1493 1077 1528 αὐτοῦ
1108 1490 1170 1535 τὴν
1203 1489 1315 1526 εὐδαι-

303 1555 436 1605 μονίαν.
462 1553 496 1596 ὃς
519 1552 648 1605 ὑψηλὸν
676 1553 803 1604 πύργον
828 1554 874 1593 ὡς
895 1551 1056 1592 πλούσιος
1085 1549 1237 1594 ἐποίησε.
1267 1548 1315 1595 (v.

307 1613 449 1662 184.)οἱ
471 1611 537 1664 γὰρ
561 1610 721 1648 πλούσιοι
735 1619 806 1647 etc.
824 1634 872 1639 —
895 1613 939 1653 34
961 1609 1082 1648 τούτου
1101 1608 1188 1645 Ald.
1206 1627 1255 1635 --
1270 1607 1316 1642 38

304 1669 358 1707 διὰ
389 1670 428 1707 τὸ
459 1669 636 1715 πλούσιον,
667 1668 744 1705 ἀλλ’
771 1672 816 1705 V.
841 1669 920 1705 sine
942 1668 1086 1716 ἐγένετο.
1103 1693 1153 1700 -
1175 1671 1222 1709 40
1244 1664 1318 1714 ἅμα

303 1727 339 1764 δὲ
362 1728 421 1765 καὶ
445 1727 558 1770 ὄλὸιος
576 1726 662 1778 ἀνὴρ
685 1727 818 1765 Suidas
839 1740 866 1763 s.
883 1726 1149 1775 Τιμόθεοςοηι,
1171 1731 1208 1759 01
1230 1736 1319 1759 sane

304 1795 391 1824 sunt
411 1787 556 1836 inepta;
583 1794 662 1822 tum
678 1799 752 1822 om.
777 1787 887 1822 etiam
912 1787 958 1826 ὡς
980 1783 1037 1821 τὸν
1062 1783 1210 1832 δαίμονα
1233 1781 1318 1833 φαί-

304 1848 420 1882 νεσθαι
444 1844 519 1895 ὄψει
540 1843 664 1894 τούτῳ.
679 1847 824 1880 HEMST.
843 1845 969 1881 Suidae
985 1845 1111 1880 locum
1136 1842 1179 1891 (s.
1200 1840 1316 1890 Τιμό-

305 1904 389 1952 θεος)
414 1917 489 1939 om.
514 1903 598 1938 cod.
624 1903 742 1938 Paris.
770 1906 814 1938 A.
833 1895 928 1942 οἶτος
952 1901 1142 1944 ζάπλουτος
1163 1900 1237 1949 ἅμα
1262 1899 1320 1936 καὶ

304 1960 381 1998 ὅλὸ.
403 1964 446 1999 V.
465 1982 516 1988 —
539 1967 581 2004 41
604 1959 638 1999 ὃς
652 1961 697 2001 εἷς
720 1964 765 1997 R.
788 1969 826 1996 et
850 1960 1000 1997 Suidas.
1024 1961 1084 2004 τῆς
1104 1957 1213 2009 τύχης
1229 1962 1320 2007 Reg.

305 2018 391 2054 Ald.
414 2017 472 2055 τὸν
494 2017 641 2067 δαίμονα
666 2021 709 2054 R.
736 2027 773 2054 et
793 2018 943 2055 Suidas.
959 2024 1070 2062 -42
1089 2018 1124 2053 ἐν
1155 2015 1321 2066 praebuit

306 2079 351 2115 V.
374 2075 553 2128 φαίνεσθαι
576 2076 652 2128 ὄψει
672 2080 716 2113 R.
741 2076 949 2113 et-Suidas.
979 2075 1056 2127 ὄψει
1079 2090 1114 2127 φ.
1138 2075 1222 2112 Ald.
1253 2077 1321 2111 Se-

309 2135 463 2184 quentia
491 2134 627 2170 Suidas
651 2135 733 2170 aliis
759 2133 887 2170 verbis
908 2134 1107 2184 expressit.
1124 2156 1174 2161 —
1190 2133 1237 2175 45
1259 2131 1322 2177 τὴν

307 2192 487 2242 δαιμονίαν
508 2196 552 2230 R.
579 2193 784 2242 Sequentia
808 2193 946 2237 45-50,
978 2196 1012 2239 3,
1040 2199 1058 2236 4
1079 2200 1116 2229 et
1136 2194 1179 2228 15
1202 2192 1239 2227 in
1260 2193 1322 2228 Al-

306 2253 396 2289 dina
425 2252 593 2288 editione
632 2252 704 2288 hoc
730 2252 846 2288 modo
887 2253 1028 2301 scripta
1054 2250 1241 2296 ειιι11ετὴν
1263 2251 1322 2287 εὖ-

308 2310 488 2360 δαιμονίαν
513 2311 631 2348 αὐτοῦ.
669 2309 704 2352 ὃς
734 2310 863 2362 ὑψηλὸν
887 2309 977 2348 πάνυ
1000 2308 1130 2360 πύργον
1162 2309 1322 2355 ἐποίησεν

309 2372 355 2412 ὡς
387 2368 563 2410 πλούσιος.
596 2367 772 2417 Ἐμπέσοι
803 2367 843 2419 γέ
879 2383 956 2416 σοι,
990 2369 1073 2419 παρ’
1108 2366 1324 2405 ὑπόνοιαν-

311 2426 431 2477 μέγας.
468 2425 755 2475 ἀλαζονευόμενος
797 2425 1085 2478 δὲ-στρατηγοῧ
1132 2425 1322 2475 μέμνηται.

312 2488 492 2536 Κρατοῧσι
515 2487 594 2533 γοῦν
619 2492 691 2520 cet.
710 2485 885 2521 Correxit
909 2488 1051 2521 Hemst.
1077 2484 1193 2520 Suida
1215 2484 1323 2520 duce.

310 2565 361 2570 —-
379 2548 423 2587 47
444 2542 487 2578 τὰ
501 2540 755 2591 κατορθώματα
779 2542 923 2577 Suidas.
940 2546 1033 2587 Quae
1049 2542 1095 2577 de
1121 2542 1323 2578 Timotheo

312 2600 462 2649 scripsit
480 2599 632 2648 Ulpian.
656 2598 702 2634 ad
725 2599 922 2634 Demosth.
941 2599 1095 2647 Olynth.
1123 2613 1166 2643 2,
1192 2612 1230 2647 p.
1263 2601 1324 2646 30,

311 2662 358 2703 A,
391 2670 514 2706 neque
536 2670 574 2693 re
600 2670 669 2692 nec
704 2655 829 2692 verbis
855 2657 1015 2692 multum
1039 2656 1087 2692 ab
1108 2664 1326 2692 enarratore

311 2724 446 2752 nostro
468 2715 624 2752 distant.
653 2717 799 2751 mesw.
815 2736 864 2741 —
882 2716 901 2750 3
926 2713 1017 2765 Παρ’
1043 2715 1100 2750 ὑπ.
1122 2713 1161 2750 τὸ
1182 2712 1326 2762 ἐμπέσοι

311 2773 351 2823 γέ
376 2790 428 2811 σοι
453 2777 497 2810 R.
518 2795 564 2801 ——
594 2787 603 2809 1
623 2788 635 2809 1
658 2773 813 2824 παροχός
835 2773 948 2809 Paris.

371 2833 439 2875 184
462 2840 549 2881 post
574 2831 744 2867 scholion
760 2845 794 2868 v.
818 2844 888 2879 190
913 2830 1029 2866 habet
1045 2833 1090 2866 R.
1119 2830 1327 2866 ἐπικτῶνται

313 2890 398 2926 Ald.
420 2911 470 2917 ——-
497 2890 540 2925 16
564 2888 796 2939 περιγίνονται
821 2891 888 2926 τῶν
914 2888 1090 2938 πολεμίων
1116 2892 1260 2925 Hemst.
1277 2910 1326 2916 —

319 2950 363 2984 18
387 2962 442 2997 sq.
471 2947 512 2984 τὸ
533 2948 771 2985 ἐκ-ποίντοτε
793 2961 866 2985 0111.
890 2951 934 2986 G.

373 3007 459 3052 185,
487 3020 533 3042 20
556 3005 609 3043 Τὸ
633 3005 668 3042 δὲ
692 3007 928 3050 ἐπικαθέζεται
952 3011 997 3043 V.
1028 3005 1080 3043 Τὸ
1104 3005 1138 3042 δὲ
1162 3004 1328 3042 ἐπικαθέ-

318 3066 433 3107 ζεσθαι
456 3067 498 3101 G.
530 3068 589 3101 τοῦ
623 3067 724 3115 ζυγοῦ
748 3069 790 3102 V.
816 3067 884 3102 τῶν
909 3067 1018 3114 ζυγῶν
1048 3064 1163 3100 habet
1194 3064 1330 3101 Suidas

317 3135 346 3158 s.
364 3122 643 3168 Ἔπικαθίζηται.
667 3146 718 3151 -
746 3137 789 3160 21
815 3121 1213 3172 καθέζεσθαι-λέγεται
1238 3122 1327 3160 Ald.

318 3180 404 3217 Alio
432 3180 633 3217 verborum
667 3182 799 3219 ordine
827 3187 874 3219 V.
910 3182 968 3219 καὶ
991 3180 1056 3233 γὰρ
1082 3180 1121 3217 τὸ
1148 3179 1330 3232 ἐπιὸαροῧν

320 3236 592 3280 ἐπικαθέζεσθαι.
636 3239 813 3276 Scholion
849 3241 917 3287 187
953 3253 1028 3276 om.
1061 3238 1239 3276 11.-23
1274 3252 1329 3288 sq.

321 3295 455 3333 Suidas
489 3296 528 3332 in
561 3294 623 3333 Μὰ
647 3296 737 3333 Δίας
771 3298 845 3335 ἐπεὶ
875 3296 1333 3349 κατωμοτικὸν-προτάτ-

321 3367 419 3397 τηται
445 3355 547 3390 αὐτοῦ
571 3352 611 3390 τὸ
633 3354 699 3392 ναί.

1057 182 1352 222 ADNOTATIO
1381 182 1437 219 ΙΝ
1465 184 1638 223 SCHOL.

1417 269 1501 315 188,
1527 272 1574 307 25
1595 272 1678 322 φησὶ
1698 275 1741 310 G.
1764 275 1846 326 φασὶ
1862 279 1902 312 V.
1915 299 1966 304 —
1983 289 2030 325 29
2044 274 2149 328 Παρὰ
2169 276 2378 330 τῷ(ομἤρῳ

1371 329 1414 362 V.
1436 349 1480 354 -—
1504 329 1550 364 31
1577 329 1778 380 φιλότητος,
1799 332 1951 371 πλούτου
1975 334 2006 371 δ’
2030 335 2093 371 οὔκ
2115 332 2189 371 ἔστι
2217 333 2314 387 κόρος
2334 338 2378 372 V.

1370 400 1419 406 —
1443 389 1489 428 42
1514 384 1557 422 τὰ
1585 390 1677 437 Reg.
1702 389 1741 426 τὸ
1766 394 1867 427 Junt.

1428 457 1511 491 191,
1537 451 1581 488 44
1601 447 1776 495 χλανίδιον
1800 449 1845 485 (10
1863 450 1989 487 edulio
2006 464 2191 500 nusquam
2211 451 2306 487 mihi
2326 451 2381 488 le-

1369 509 1484 537 ctum.
1509 505 1647 540 Scnffif.
1665 508 1746 541 Non
1765 515 1819 542 est
1842 508 1879 542 111
1891 511 1983 558 Reg.

1429 573 1513 607 192,
1541 562 1588 604 48
1607 562 1699 613 φακὴ
1726 566 1783 605 V.‚
1805 577 1878 600 om.
1900 568 1945 602 R.

1429 618 1512 666 195,
1537 619 1558 654 8
1589 620 1663 656 ἐπεὶ
1687 622 1748 657 οὐκ
1772 620 1863 657 ἔστιν
1889 621 1923 665 ἐξ
1944 637 2004 674 πρ.
2027 624 2118 673 quid
2138 625 2251 672 velit,
2270 624 2383 661 intel-

1373 675 1439 725 ligi
1481 684 1604 725 potest
1631 692 1677 714 ex
1704 679 1866 726 Etymol.
1891 693 1927 729 p.
1955 681 2043 726 324,
2075 685 2175 727 14τὴ
2199 681 2232 726 ἐξ
2255 680 2384 734 πρόθε-

1372 748 1441 778 σις,
1469 732 1550 771 ὅταν
1584 737 1671 786 αὐτῇ
1698 736 1880 788 σύμφωνον
1911 737 2136 790 ἐπιφέρηται,
2167 739 2286 791 τρέπει
2308 739 2348 777 τὸ
2371 738 2386 763 ’³

1371 792 1416 833 εἷς
1439 806 1471 828 κ.
1497 795 1641 831 HEMST.
2321 840 2330 847 2

1383 900 1403 908 Ν
1429 863 1498 898 197
1527 851 1565 887 in
1595 855 1639 888 R.
1666 853 1694 888 εἰ
1716 851 1764 902 μὴ
1788 852 1902 903 >mig-5,
1926 852 2020 903 λέγει
2045 853 2084 891 τὸ
2107 855 2176 904 ,ζ’ἧν
2197 855 2308 908 ἑαυτῷ
2339 855 2388 905 μὴ

1372 911 1459 944 εἶναι
1483 908 1561 954 ἡδύ.

1431 967 1516 1014 198,
1537 980 1581 1002 21
1609 967 1684 1004 ἀντὶ
1707 971 1767 1004 τοῦ
1792 968 1828 1005 δέ
1853 970 1924 1018 (τοῦ
1946 967 2026 1019 λέγε
2043 970 2108 1019 V.)
2124 971 2248 1020 glossa
2267 970 2313 1006 ad
2323 984 2390 1017 τοι,

1373 1032 1415 1059 111
1439 1025 1600 1073 videtur,
1626 1028 1834 1065 referenda.
1859 1028 2117 1074 Quamobrem
2134 1027 2176 1075 ’δὴ
2191 1029 2390 1078 corrigen—

1373 1081 1473 1119 dum.
1492 1087 1611 1121 Dmn.

1429 1154 1516 1189 202,
1539 1148 1586 1186 42
1611 1157 1664 1194 sq.
1690 1145 2006 1195 ἀντὶ-δυνάμεως
2035 1159 2108 1183 om.
2140 1149 2185 1183 G.
2215 1143 2392 1195 δυνάμεώς

1375 1214 1441 1249 μου
1464 1203 1509 1237 V.

1429 1259 1517 1304 203,
1547 1260 1595 1303 45
1627 1259 1771 1303 Ἄλλως.
1802 1260 1877 1298 ἐπεὶ
1908 1262 2073 1304 V.-.48
2104 1274 2159 1311 sq.
2186 1260 2392 1313 χρημάτων.

1375 1316 1435 1353 καὶ
1466 1317 1679 1369 Εὐριπίδης·
1712 1318 1823 1356 δειλὸν
1851 1322 1895 1356 V.
1922 1340 1971 1346 —
1997 1320 2043 1356 51
2082 1318 2156 1356 θεὸν
2192 1319 2251 1356 ed.
2281 1319 2394 1357 Basil.

1376 1377 1459 1412 θεῶν
1483 1376 1563 1412 Ald.

1431 1440 1519 1480 204,
1536 1434 1989 1478 52διπλασιάζουσιν.Η300
2006 1434 2205 1472 referenda
2219 1434 2397 1472 videntur

1376 1492 1423 1529 ad
1445 1494 1490 1534 εἰς
1509 1494 1822 1542 praepositionem
1845 1501 1932 1543 post
1960 1492 2124 1528 verbum
2156 1492 2266 1535 εἰσδύς
2289 1505 2398 1542 repe-

1379 1552 1498 1588 titani.
1513 1554 1610 1588 Nam
1630 1551 1744 1588 verba
1757 1552 1809 1588 sic
1826 1560 1914 1587 sunt
1932 1551 2207 1598 construenda,
2228 1549 2340 1592 εἰσδὺς
2353 1551 2400 1594 εἰς

1378 1611 1441 1656 τὴν
1467 1609 1579 1647 οἰκίαν
1612 1610 1674 1647 οὐκ
1706 1603 1797 1660 εἶχεν
1839 1607 1933 1646 οὐδὲν
1974 1607 2107 1645 λαὸεἷν.
2144 1612 2329 1645 Dmn.—
2349 1610 2397 1646 53

1378 1668 1488 1711 οἰκίας
1512 1671 1557 1706 G.
1582 1668 1710 1711 οἰκείας
1733 1672 1773 1705 V.
1788 1690 1834 1695 —
1847 1681 1867 1704 2
1883 1668 1949 1719 γὰρ
1967 1676 2003 1704 et
2022 1668 2090 1704 τῶν
2110 1668 2231 1715 οἰκιῶν
2248 1667 2398 1718 (οἰκειῶν

1379 1727 1445 1777 R.)
1461 1740 1536 1763 0111.
1555 1727 1733 1765 Ald.—3
1757 1741 1808 1768 τις
1831 1727 1900 1762 τῶν
1923 1727 2207 1775 κωμικῶν.Ω1115
2225 1727 2400 1764 Comico-

1381 1798 1464 1821 rum
1482 1785 1691 1835 elegantem
1717 1785 1941 1821 sententiam
1965 1784 2147 1833 Diogenis
2172 1784 2272 1834 (eum
2298 1785 2400 1820 enim

1383 1852 1581 1880 auctorem
1610 1843 1743 1893 prodit
1770 1843 1935 1891 Diogen.
1957 1845 1999 1878 L.
2025 1842 2062 1887 6,
2085 1841 2148 1891 51)
2174 1841 2232 1877 his
2263 1841 2401 1878 iambis

1382 1902 1633 1951 expoliverit‚
1674 1901 1851 1951 equidem
1896 1900 2045 1948 ignoro.
2092 1898 2272 1948 Ejusdem
2310 1899 2402 1936 dicti

1383 1961 1616 1997 mentionem
1642 1973 1796 2010 quoque
1821 1959 1909 1995 secit
1943 1958 2116 1994 Eustath.
2141 1957 2188 1994 ad
2216 1958 2256 1996 11.
2279 1961 2336 2005 Κ,
2364 1971 2402 2008 p.

1383 2021 1472 2066 812,
1496 2019 1558 2055 56.
1575 2022 1721 2056 111-111151.
1736 2042 1781 2046 -
1800 2019 1821 2053 6
1842 2009 2191 2069 npdfflmpov-*e'i'vatt
2212 2016 2342 2053 addita
2356 2029 2403 2052 ex

1382 2081 1426 2114 R.
1441 2081 1501 2123 V.‚
1518 2076 1651 2118 Ἄλλως
1669 2090 1716 2113 ex
1736 2080 1782 2112 V.
1795 2103 1842 2110 .-
1865 2090 1877 2112 1
1893 2090 1905 2111 1
1928 2074 2090 2111 εἰσελθών
2115 2078 2161 2111 R.

1437 2136 1511 2171 206
1532 2135 1648 2171 habet
1671 2136 1732 2179 Θ.,
1750 2135 1892 2170 omisso
1910 2132 1949 2170 τὸ
1963 2131 2061 2179 ἑξῆς,
2082 2133 2303 2183 insertoque
2315 2142 2404 2182 post

1383 2193 1514 2241 τέλεον,
1540 2192 1694 2231 Ἀττικὸν
1722 2191 1758 2229 δέ
1783 2194 1856 2229 ἐστι
1881 2193 1926 2234 ὡς
1948 2190 1988 2228 τὸ
2011 2191 2181 2242 πώμαλα.

1439 2266 1526 2298 207,
1555 2251 1597 2287 15
1625 2249 1683 2287 ἐὰν
1710 2250 1804 2300 λάὸῃ
1829 2264 1904 2288 om.
1939 2252 1983 2287 G.
2011 2249 2292 2300 Corrigendum
2321 2249 2404 2286 for-

1385 2318 1481 2346 tasse
1501 2309 1519 2346 ὃ
1543 2308 1584 2346 ἂν
1599 2308 1706 2359 λάέῃ,
1728 2308 2047 2358 referendumque
2067 2309 2114 2346 ad
2133 2307 2253 2345 λαὸεῖν
2264 2322 2303 2348 xz.
2314 2309 2402 2345 205.

1384 2372 1503 2405 Dum.
1530 2367 1699 2405 ἐκάλεσάν
1724 2370 1829 2406 G.—
1850 2368 1893 2404 18
1911 2366 2161 2418 βουλευομένου
2184 2367 2404 2405 Schaeserus.

1387 2426 1596 2477 βουλομένου
1623 2426 1759 2463 codex.

1439 2500 1527 2533 209,
1544 2499 1587 2521 21
1611 2485 1817 2536 προθυμηθῇ
1835 2488 1897 2530 V.‚
1913 2484 1978 2533 qui
2006 2497 2053 2519 22
2076 2486 2185 2519 ταῦτα
2199 2496 2275 2519 om.
2299 2483 2344 2525 ὡς
2358 2485 2404 2519 R.

1385 2544 1470 2579 Ald.
1489 2565 1540 2570 —
1553 2544 1599 2578 23
1619 2543 1781 2591 οὐδαμῶς
1804 2546 1850 2578 V.

1439 2615 1527 2647 210,
1550 2601 1671 2645 27-45
1697 2601 1750 2636 sic
1774 2601 1812 2636 111
1837 2603 1896 2644 V.‚
1921 2593 1959 2635 οἷ
1985 2597 2161 2647 μέμνηται
2193 2597 2250 2634 καὶ
2277 2597 2405 2636 Ἀπολ-

1385 2657 1523 2699 λώνιος·
1552 2657 1586 2699 ὃς
1606 2662 1768 2694 τοσοῦτον
1792 2655 1895 2700 ὀξέως
1919 2655 2011 2707 ἑώρα
2034 2657 2080 2697 ὡς
2109 2656 2190 2692 ἰδεῖν
2216 2656 2258 2692 δι’
2282 2656 2407 2702 ἐλάτης

1386 2715 1625 2766 -Πίνδαρος,
1649 2715 1810 2766 γεγόνασι
1832 2713 1866 2751 δὲ
1892 2714 1950 2750 καὶ
1973 2716 2121 2764 Αυγκεῖς
2141 2714 2299 2766 διάφορος
2318 2716 2407 2763 (διά-

1388 2788 1484 2825 φοροι
1505 2773 1563 2821 G.)
1589 2778 1669 2815 παῖς
1695 2772 1885 2821 Αἰγύπτου,
1909 2770 1968 2808 καὶ
1994 2770 2096 2813 ἄλλος
2116 2771 2327 2824 Ἀμφιάρας,
2347 2773 2406 2810 καὶ

1391 2830 1494 2871 ἄλλος
1518 2832 1535 2866 ὃ
1558 2829 1722 2872 Λάκωνος
1748 2829 1921 2880 Λυγκεὺς,
1937 2824 1974 2866 οἷ
1996 2828 2175 2879 μέμνηται
2198 2830 2384 2883 Θεόκριτος
2398 2847 2405 2853 ·

1388 2888 1421 2930 ὃς
1448 2887 1583 2937 ἐλέγετο
1609 2887 1700 2924 πάνυ
1726 2882 1812 2925 εἶναι
1842 2887 2140 2940 ὀξυδερκέστερος,
2171 2887 2260 2944 ὥστε
2283 2888 2342 2925 καὶ
2365 2887 2408 2925 τὰ

1388 2945 1454 2982 ὑπὸ
1477 2947 1538 2995 γῆς
1556 2948 1650 2997 ὁρᾶν.
1671 2950 1769 2983 τοῦτο
1785 2945 1847 2996 μὲν
1863 2946 2000 2999 εἴρηται
2017 2948 2173 2996 (corrig.
2190 2946 2406 2999 λελήρηται),

1389 3005 1472 3056 πρὸς
1494 3003 1529 3041 δὲ
1551 3008 1598 3041 V.
1613 3019 1718 3051 —27
1736 3007 1809 3043 Τοῦ
1832 3006 1980 3058 ἀδελφοῦ
1995 3005 2097 3053 Ἴδα,
2122 3008 2167 3048 ὡς
2190 3005 2219 3042 δ’
2243 3004 2401 3048 αὖτὸςΘ.

1390 3062 1567 3113 Λυγκεὺς,
1592 3064 1637 3105 ὡς
1661 3063 1761 3105 αὐτὸς
1784 3064 1869 3100 Ald.
1893 3065 1939 3106 ὡς
1964 3065 2009 3102 Θ.
2034 3077 2105 3113 pro
2132 3063 2270 3105 υἱὸς.-
2287 3064 2335 3099 28
2351 3076 2404 3112 sq.

1391 3121 1465 3157 ἐπεὶ
1484 3121 1575 3157 δοκεῖ
1598 3121 1681 3172 παρ’
1701 3123 1769 3159 ἱστ.
1793 3123 1826 3157 λ.
1852 3125 1940 3158 Haec
1963 3135 2146 3171 quorsum
2167 3122 2405 3171 pertineant,

1391 3193 1489 3229 aegre
1510 3180 1675 3229 perspici
1691 3188 1836 3229 potest,
1857 3181 1929 3216 nisi
1949 3181 1986 3216 in
2005 3179 2242 3217 Danaidibus
2257 3179 2407 3216 Aristo-

1393 3239 1557 3289 phanem
1577 3246 1735 3286 statuas,
1756 3240 1899 3276 comica
1922 3239 2021 3275 forte
2037 3238 2194 3288 jocandi
2218 3237 2406 3283 libertate,

1393 3306 1577 3347 utrosque
1594 3300 1781 3346 Lynceos,
1799 3298 1900 3334 hunc
1919 3298 2074 3347 AEgypti
2087 3326 2096 3343 ,
2115 3298 2222 3334 illum
2238 3295 2406 3346 Apharei

1393 3358 1513 3394 silium
1531 3356 1770 3403 confudisse,
1785 3356 1991 3406 alterique,
2012 3355 2115 3405 quod
2133 3355 2288 3393 alterius
2301 3361 2405 3399 erat,
