2533 3808
339 260 410 292 550

336 333 539 374 iambicum
573 343 658 366 cnm
688 325 939 377 ithyphallico
977 321 1231 370 compositum
1265 329 1346 353 esse

337 392 532 430 credamus
548 417 557 434 ,
595 388 684 424 licet
717 386 821 422 nulla
850 383 940 419 dum
983 380 1055 417 alia
1082 378 1194 427 hujus
1235 375 1346 412 metri

337 448 508 497 exempla
540 445 787 482 innotuerint.
806 446 921 478 Dum.
938 464 979 472 -
1007 452 1051 475 12
1079 438 1115 474 δὲ
1135 449 1211 472 0111.
1232 438 1279 471 R.
1301 437 1345 470 V.

335 533 373 538 -
396 506 438 541 15
471 504 716 552 συνδυστυχεῖν
744 502 836 551 αὐτῷ
860 498 939 536 Ald.
970 501 1145 535 Ceterum
1176 492 1347 530 scholion

337 567 408 601 hoc
426 560 835 609 τινὲς-συνδυστυχεῖν,
867 557 1024 607 praefixo
1050 553 1180 597 ἄλλως,
1203 549 1349 587 50110110

336 621 383 657 ad
405 635 437 658 v.
460 619 530 665 175
552 622 655 668 (post
671 616 845 662 κλέπτων,
862 616 887 652 l.
911 614 971 662 31)
991 610 1165 661 adjungit
1182 612 1226 646 V.
1244 631 1286 639 -
1304 607 1348 642 16

337 681 420 727 ὃημ.
443 676 476 719 ὃς
492 674 721 726 ἀνεδημεύθη,
745 689 786 720 17
810 688 893 725 φησι
908 680 945 708 et
963 669 1110 716 κλοπὴν,
1132 681 1177 717 19
1193 665 1228 703 δὲ
1247 663 1351 717 ἀργύ-

292 761 295 762 ν
338 752 404 789 ριος
425 735 610 772 codex.—
630 747 675 780 27
700 730 951 783 βελωνοπώλην
968 734 1059 779 Reg.

396 794 480 839 175,
501 794 548 829 32
568 795 585 828 ὃ
603 792 663 832 τὰς
684 793 716 840 β.
733 805 771 826 π.
791 803 865 825 om.
884 791 926 826 G.

396 852 466 897 176
498 848 671 901 Ἀργύριος
705 849 789 886 Ald.
823 856 859 884 et
890 847 990 883 infra
1020 841 1209 896 Ἀργύριον.
1235 865 1275 870 -—
1303 839 1350 876 36

337 919 425 959 post
447 908 547 946 αὐτὸν
569 909 658 944 fort.
679 906 896 943 addendum
916 904 1090 955 κωμῳδεῖ.
1108 906 1228 939 Dixn.
1245 924 1286 930 —
1304 900 1351 944 37

337 965 392 1004 ὅτε
413 970 456 1005 G.
479 964 560 1003 ὅταν
581 969 648 1011 V„
675 973 837 1013 uterque
869 962 1003 1013 πάσχῃ.
1034 960 1210 1006 >Αθηναῖος
1235 966 1270 995 et
1304 958 1353 993 38

337 1029 498 1062 τοσοῦτον
523 1032 561 1060 et
591 1028 638 1066 4ο
672 1027 817 1074 στρηνιᾷ
849 1034 922 1058 0111.
951 1024 997 1057 R.
1014 1048 1056 1052 -.
1083 1025 1129 1062 42
1157 1015 1355 1067 ἐκερδάκιζε

338 1084 455 1121 Paris.
473 1084 564 1133 (non
584 1084 709 1130 Regu).
734 1084 776 1117 In
798 1079 898 1116 libro
921 1079 1129 1128 PoggianO,
1159 1076 1224 1125 qui
1252 1074 1353 1110 idem

339 1141 508 1179 scholion
530 1138 658 1185 habet,
676 1139 860 1188 scriptum
880 1146 948 1183 est,
964 1135 1038 1173 ὅθεν
1061 1134 1260 1186 πορίζεσθαι
1283 1131 1354 1180 βίον

340 1199 537 1250 ε’κορδάκιζε

340 1261 447 1307 Reg„
469 1257 533 1306 qui
556 1261 602 1299 44
624 1255 749 1299 addit,
770 1254 879 1306 ἕτεροι
900 1253 927 1290 δ’
948 1253 1004 1289 ἐπὶ
1026 1251 1213 1302 θρασύτητι
1238 1252 1356 1285 τοῦτον

341 1316 581 1367 κωμῳδοῦσιν.

567 1197 626 1233 καὶ
660 1194 893 1248 ἔπερδε-ῗνα
920 1194 1011 1245 λάὸῃ
1034 1196 1166 1246 ἀργ.-
1184 1194 1229 1236 43
1262 1189 1354 1240 >Ag-s,

399 1387 483 1419 177,
506 1374 552 1415 46
573 1370 739 1422 Φιλέψιος
760 1369 795 1407 δὲ
817 1386 853 1407 π.
873 1369 932 1406 καὶ
949 1368 1052 1412 λάλος
1076 1366 1229 1418 ἱστορίας
1244 1364 1357 1413 λέγων

342 1430 500 1484 ἐτρέφετο
519 1434 563 1467 V.
577 1458 617 1463 -
630 1441 675 1475 47
693 1428 752 1465 καὶ
771 1427 969 1480 τερατώόης
984 1431 1028 1464 R.
1051 1424 1359 1478 τερατώδης-κω-

343 1489 442 1539 μικός
470 1501 546 1526 om.
577 1492 624 1524 V.
659 1490 750 1523 Post
773 1485 998 1522 διαδάλλεται
1019 1488 1066 1522 R.
1091 1484 1215 1534 pergit
1242 1482 1358 1518 λαλῶν

343 1543 707 1597 ἱστορίας-ἐτρέφετο,
730 1552 774 1580 ut
791 1547 832 1580 V.
848 1569 889 1575 -
906 1548 954 1591 49
977 1541 1011 1578 ’δὲ
1026 1541 1083 1578 καὶ
1104 1540 1257 1592 ἱστορίας
1272 1543 1360 1574 V.—

345 1606 393 1641 52
416 1603 616 1653 legendum
643 1602 776 1652 ἔθελγε,
808 1601 910 1652 quod
942 1600 1105 1650 conjecit
1121 1599 1359 1644 Dindorffim,

344 1676 391 1698 ex
414 1663 546 1711 Regio.

403 1724 474 1765 178
495 1732 568 1756 0111.
588 1721 648 1767 V„
670 1727 808 1768 praeter
828 1731 871 1754 ea
892 1730 975 1766 quae
995 1717 1093 1754 infra
1110 1729 1158 1752 ex
1178 1729 1223 1753 eo
1244 1727 1362 1765 appo-

345 1786 501 1814 nuntur.
515 1802 554 1807 —
582 1790 638 1813 1o.
659 1780 759 1812 Vera
791 1776 955 1812 nominis
977 1775 1096 1811 forma
1118 1772 1363 1823 Ψαμμήτιχος

346 1844 414 1884 est,
434 1835 479 1872 de
495 1848 569 1884 qua
589 1849 624 1871 v.
643 1835 742 1871 Duk.
757 1834 805 1870 ad
825 1834 999 1882 Thucyd.
1018 1847 1050 1879 1,
1079 1838 1162 1876 104.
1186 1835 1233 1869 Et
1249 1832 1363 1880 Ψαμ-

348 1893 495 1944 μήτιχος
518 1903 619 1929 recte
648 1893 686 1928 in
717 1892 837 1930 schol.
865 1896 981 1941 Vesp.
1007 1892 1092 1938 716.
1117 1895 1236 1928 Dim).
1253 1915 1293 1922 -
1316 1902 1362 1925 20

346 1955 424 1990 1010
455 1955 522 1990 τῶν
552 1954 711 2004 Περσῶν.
726 1981 767 1985 -
783 1966 829 1988 22
853 1958 921 1994 τοῖς
949 1966 1025 1989 om.
1055 1955 1100 1987 G.
1115 1975 1155 1981 —
1170 1951 1217 1986 23
1240 1950 1360 1986 corri-

349 2012 510 2061 gendum
527 2011 696 2062 μυριάδας
709 2016 796 2063 τρεῖς
808 2024 855 2047 ex
870 2011 1016 2047 scholio
1031 2010 1239 2059 superiore.
1253 2009 1363 2045 Conf.

348 2070 465 2106 schol.
488 2072 600 2118 Vesp.
626 2083 644 2115 7
657 2069 712 2103 16.
730 2072 848 2105 Dim).
866 2069 924 2106 Ad
943 2070 1139 2118 sequentia
1151 2067 1281 2104 confer
1301 2068 1363 2103 in-

349 2135 536 2176 terpretes
545 2125 777 2174 Thucydidis
797 2140 828 2171 1,
848 2132 917 2169 104
929 2135 967 2162 et
984 2139 1065 2175 109.
1077 2151 1117 2156 —
1135 2139 1180 2171 27
1200 2124 1284 2176 πρὸς
1301 2124 1363 2170 τὴν

347 2186 462 2222 Paris.
477 2186 577 2220 -28
600 2184 868 2227 ἀναπλώσαντες
896 2186 1034 2230 Paris.‚
1069 2198 1146 2221 non
1169 2187 1275 2233 Reg„
1299 2184 1365 2233 qui

349 2244 462 2281 etiam
480 2241 586 2279 ἕλεσι.
612 2241 696 2278 Ald.
719 2250 755 2278 et
777 2243 893 2281 Paris.
912 2241 1048 2289 ἔλλησι,
1070 2241 1175 2292 quod
1199 2242 1365 2278 correxit

349 2301 563 2339 llemsterh.
1206 2306 1207 2309 ’

408 2373 492 2407 179,
509 2359 556 2404 37
572 2366 658 2394 ante
671 2357 728 2394 ἵνα
743 2359 907 2395 indicavi
922 2359 1107 2395 lacunam.
1124 2362 1244 2396 Dum.
1262 2362 1367 2395 Inter

352 2417 556 2454 Chabriam
579 2416 736 2465 (olymp.
761 2429 824 2464 91,
846 2417 884 2466 2)
904 2425 942 2453 et
961 2418 1136 2454 Dioclem
1160 2417 1225 2465 (ol.
1246 2431 1310 2466 92,
1327 2417 1364 2466 4)

351 2475 553 2512 archontes
580 2474 668 2509 anni
699 2474 888 2510 intersunt
925 2476 1122 2524 quinque:
1144 2476 1246 2523 quod
1276 2488 1366 2524 ergo

352 2534 537 2583 sequitur,
558 2530 631 2568 ἔστι
655 2530 690 2567 δὲ
705 2531 768 2573 ἕως
782 2531 966 2573 Διοκλέους
985 2532 1044 2577 ἔτη
1068 2531 1121 2579 ιδ’,
1143 2546 1274 2569 eorum
1299 2534 1368 2569 ini-

353 2592 446 2627 tium
467 2597 522 2625 est
539 2601 560 2624 a
580 2588 697 2624 Laide
710 2597 796 2624 nata
812 2589 1043 2625 (lucendum.
1060 2590 1179 2626 Simul
1196 2599 1367 2638 apparet,

353 2647 433 2683 haec
454 2658 540 2682 eum
556 2645 594 2680 in
612 2644 770 2680 modum
788 2657 869 2681 0550
892 2646 1051 2694 scripta,
1073 2654 1127 2692 ut,
1151 2647 1242 2694 quin
1261 2648 1369 2695 prio-

354 2717 432 2740 rem
453 2703 603 2739 Plutum
622 2701 659 2737 in
682 2701 858 2738 manibus
881 2701 1056 2748 haberet,
1076 2711 1274 2738 enarrator
1298 2704 1369 2739 iste

353 2775 431 2798 11011
451 2759 647 2797 dubitarit.
665 2761 860 2796 Hmis'r.—
875 2766 922 2803 4ο
941 2759 1104 2809 ἐπαίρειν.
1121 2760 1252 2795 Potius
1270 2760 1369 2797 duco

354 2821 517 2856 ἐπαινεῖν.
541 2820 739 2854 ΗΕΜ5Τ.-
755 2823 800 2861 41
821 2817 947 2854 Φάωνι
963 2818 1127 2854 Clinton.
1147 2820 1249 2855 Fast.
1267 2819 1366 2854 Hell.

354 2879 432 2914 vol.
464 2891 505 2922 2,
533 2889 570 2929 p.
600 2888 669 2923 99,
689 2884 726 2911 et
745 2876 956 2912 Meinekius
976 2876 1073 2913 Hist.
1091 2878 1194 2913 Com.
1217 2888 1254 2924 p.
1285 2877 1368 2922 187.

355 2933 568 2984 Legebatur
587 2932 749 2984 Φαίδρῳ.
764 2962 805 2966 -
824 2939 871 2977 42
897 2932 1110 2975 Φιλοκλέους
1129 2936 1274 2970 Hemst.
1298 2937 1371 2970 Le—

356 2993 516 3043 gebatur
534 2989 729 3032 Διοκλέους.
750 2992 839 3028 Fuit
867 3000 992 3028 autem
1014 2992 1200 3029 Philocles
1220 3004 1368 3040 epony—

357 3064 440 3087 mus
467 3051 609 3098 olymp.
631 3063 692 3097 97,
716 3064 748 3088 1.
776 3054 867 3087 Post
885 3051 990 3095 αὐτῆς
1016 3050 1200 3086 excidisse
1219 3050 1372 3086 videtur

359 3105 589 3158 μεμνημένος.
612 3110 783 3144 Dum.-
798 3114 845 3151 44
864 3108 920 3145 τὸν
941 3109 975 3144 ἐν
996 3113 1064 3150 τοῖς
1088 3107 1370 3160 Ἀριστοφανείοις

359 3163 638 3215 ἐγγεγραμμένον
660 3165 824 3216 δράμασι.
849 3166 1123 3211 Scribendum,
1159 3174 1271 3215 puto,
1312 3164 1370 3202 τόν

311 3250 315 3251 ⁷
358 3237 447 3260 τισιν
473 3221 758 3272 Ἀριστοφανείοις
786 3222 1084 3274 ἐπιγεγραμμένον
1115 3222 1309 3274 δράμασιν,
1331 3230 1371 3258 ut

360 3293 490 3318 50115115
507 3279 576 3324 sit,
598 3292 738 3316 nomen
757 3281 969 3318 Philonidis
984 3281 1122 3318 fabulis
1143 3281 1370 3330 quibusdam

362 3336 630 3386 Aristophanis
671 3336 899 3388 inscriptum
935 3340 1070 3384 fuisse3
1112 3339 1190 3375 sive
1231 3351 1371 3375 nomen

361 3394 570 3434 Philonidis
588 3407 657 3443 pro
677 3396 944 3447 Aristophanis
962 3398 1001 3434 in
1027 3397 1291 3434 commissione
1311 3396 1369 3432 fa-

1085 229 1387 273 ADNOTATIO
1416 230 1470 268 IN
1500 229 1677 268 SCHOL.

1404 316 1580 353 bularum
1602 315 1839 364 quarundam
1867 315 1915 351 ab
1937 313 2132 364 judicibus
2163 312 2416 355 comicorum,

1406 375 1559 410 volente
1582 373 1716 422 procul
1737 373 1854 409 dubio
1877 381 1912 408 et
1939 370 2126 422 probante
2147 369 2417 418 Aristophane,

1406 432 1445 467 in
1465 432 1635 480 catalogo
1652 431 1839 466 victorum
1854 431 2036 479 scriptum
2054 429 2178 465 fuisse.
2195 431 2309 465 Juvat
2321 426 2420 462 hauc

1407 488 1756 538 interpretationem
1774 487 1876 536 quod
1896 488 2033 536 legitur
2049 487 2087 523 in
2106 491 2329 535 argumento
2344 485 2423 519 Ra·-

1408 561 1564 593 narum,
1584 545 1785 591 Φιλωνίδης
1807 545 1983 597 ἐπεγράφη
2012 544 2072 581 καὶ
2100 543 2207 581 ἐνίκα.
2242 543 2290 580 Et
2318 540 2422 591 apud

1410 605 1528 643 schol.
1556 608 1669 654 Vesp.
1710 604 1803 640 1013
1821 617 1829 638 z
1848 604 1909 639 οὐκ
1941 603 1979 639 ἐκ
2008 605 2066 638 τοῦ
2099 603 2263 653 φανεροῦ,
2297 598 2423 652 φησὶν,

1410 664 1582 714 ἐπικουρεῖ
1596 665 1613 699 ὃ
1629 660 1776 706 ποιητὴς
1789 658 2063 711 (Ἀριστοφάνης)
2079 665 2149 701 τοῖς
2169 662 2317 703 θεαταῖς,
2333 653 2424 692 ἀλλὰ

1411 720 1453 757 δι’
1486 720 1610 771 ἑτέρων
1641 720 1794 764 ποιητῶν
1822 716 1958 767 λάθρα,
1991 715 2108 761 ἐπειδὴ
2139 715 2194 753 διὰ
2225 713 2424 754 Φιλωνίδου

1410 778 1468 815 καὶ
1493 776 1757 828 Καλλιστράτου
1772 775 1883 813 καθίει
1895 775 1974 812 τινὰ
1989 776 2056 810 τῶν
2072 773 2270 825 δραμάτων.
2285 771 2426 809 Confer

1411 849 1481 872 nos
1503 837 1616 872 etiam
1634 835 1681 871 ad
1703 835 1830 884 Equit.
1848 847 1884 870 v.
1909 833 1996 870 510.
2017 832 2086 869 Uti
2105 839 2233 867 autem
2248 829 2428 866 11001000

1413 894 1634 931 Philonides
1652 889 1950 943 ἐπιγεγραμμένος
1970 890 2109 926 dicitur
2131 893 2201 929 τοῖς
2220 887 2428 939 Ἀριστοφα-

1412 951 1512 995 νείοις
1544 951 1716 1003 δράμασι,
1750 952 1801 987 ita
1829 949 2051 987 scholiastes
2078 951 2178 985 Ran.
2214 947 2260 992 78
2294 945 2340 981 de
2363 947 2429 980 Io-

1414 1011 1557 1060 phonte
1578 1011 1656 1046 filio
1678 1009 1880 1059 Sophoclis
1909 1007 2058 1051 scribit,
2079 1018 2166 1042 eum
2194 1003 2429 1041 comicorum

1409 1069 1506 1118 jocis
1535 1070 1768 1118 exagitatum
1799 1068 1914 1103 fuisse
1947 1065 2004 1102 ἐπὶ
2035 1066 2085 1116 τῷ
2112 1068 2188 1105 ταῖς
2214 1064 2274 1099 τοῦ
2301 1059 2431 1112 πατρὸς

1413 1127 1622 1178 τραγῳδίαις
1652 1126 1916 1178 ἐπιγράφεσθαι.
1941 1127 2058 1161 Kus'r.
2087 1124 2207 1171 Lege,
2228 1118 2431 1164 Φιλωνίδην

1415 1184 1451 1221 δὲ
1471 1186 1508 1221 οὐ
1529 1184 1584 1222 τὸν
1607 1183 1794 1235 ὑποκριτήν
1816 1198 1920 1235 φησι,
1939 1180 1997 1219 τὸν
2028 1185 2099 1221 τοῖς
2122 1179 2196 1232 Ἀρ.
2214 1179 2432 1227 ἐπιγεγραμ-

1417 1241 1518 1292 μένον
1546 1243 1730 1295 δράμασιν.
1764 1245 1961 1278 Dossnffius.
1991 1237 2155 1276 Defendi
2188 1244 2313 1287 potest
2336 1235 2433 1272 scri-

1408 1310 1529 1351 ‚ptura
1551 1302 1714 1351 vulgata.
1732 1299 1881 1338 Deinde
1911 1301 2055 1335 Hemst.
2085 1295 2215 1332 οἴονται
2234 1292 2433 1344 ὁμωνυμίᾳ,

1417 1360 1483 1408 qui
1526 1360 1727 1396 articulum
1768 1369 1920 1394 servare
1976 1353 2152 1391 debebat.
2189 1355 2309 1389 Dum.
2326 1373 2367 1380 —
2385 1357 2434 1398 49

1417 1418 1641 1455 Nicocharis
1669 1417 1789 1453 verba
1817 1423 2044 1466 repetuntur
2068 1413 2108 1449 in
2136 1411 2282 1448 scholio
2313 1409 2362 1446 ad
2396 1422 2433 1446 V.

1421 1478 1510 1522 303,
1533 1476 1634 1512 unde
1655 1483 1871 1512 correctum
1886 1472 1949 1519 ἠδέ
1968 1473 1998 1510 τ’
2019 1472 2080 1508 ἀπ.
2098 1469 2258 1507 Aldinae.
2279 1467 2435 1505 Rectius

1420 1535 1580 1571 fortasse
1605 1534 1672 1581 ἤδη
1691 1534 1720 1572 τ’
1751 1533 1941 1570 Meursius
1961 1531 1999 1568 in
2020 1529 2119 1567 Bibl.
2150 1529 2284 1565 Attica.
2313 1520 2341 1573 ἦ
2362 1525 2436 1571 δῆτ’

1420 1593 1623 1630 Bentleius.
1639 1620 1680 1624 -
1696 1592 1742 1629 50
1763 1589 1954 1632 Φιλλύλιος
1971 1592 2245 1638 Jungermann.
2275 1585 2323 1622 ad
2342 1585 2436 1623 Pol-

1422 1653 1497 1689 luc.
1522 1667 1579 1698 10,
1601 1654 1665 1701 93.
1687 1651 1842 1694 Φύλλιος
1861 1650 1945 1688 Ald.
1962 1676 2001 1682 —
2016 1649 2064 1685 52
2079 1643 2179 1698 Λαΐῳ
2193 1644 2438 1684 Casaubonus

1420 1711 1619 1748 Animadv.
1641 1711 1688 1748 ad
1708 1711 1845 1748 Athen.
1863 1723 1884 1746 2
1898 1738 1908 1756 ,
1928 1721 1988 1754 27.
2008 1701 2068 1744 λαὶ
2085 1705 2173 1744 Ald.
2187 1727 2228 1736 —
2247 1718 2261 1740 1
2283 1718 2340 1754 sq.
2361 1701 2437 1740 ὄνον

1420 1768 1477 1806 τὸν
1499 1770 1705 1807 Bentleius.
1724 1767 1869 1814 ἀνόητον
1885 1766 1970 1804 Ald.
1991 1773 2029 1801 et
2048 1763 2108 1802 καὶ
2128 1765 2200 1800 οὐκ.
2212 1790 2254 1795 -
2269 1767 2289 1805 4
2307 1761 2437 1811 ὠγκᾶθ’

1422 1829 1629 1877 Bergkius,
1663 1824 1834 1867 Μελιτεὺς
1862 1823 2067 1862 Bentleius.
2100 1821 2219 1872 ὄγκᾶθ’
2246 1822 2264 1857 ὁ
2298 1819 2438 1870 μελίτου

1422 1885 1593 1922 Ald.—5
1625 1884 1870 1922 scribendum
1901 1881 2068 1918 numeris
2088 1878 2310 1917 melioribus
2329 1876 2439 1914 ἔὸλα-

1423 1959 1500 1981 στεν
1520 1943 1631 1980 πόλει.
1658 1943 1816 1979 Videtur
1840 1950 1965 1978 autem
1992 1940 2055 1976 hic
2077 1951 2208 1975 versus
2225 1951 2273 1974 ex
2292 1936 2368 1973 alio
2387 1936 2441 1972 sa-

1423 2003 1522 2039 bulae
1542 2003 1626 2039 loco
1646 2009 1821 2051 sumptus
1843 2013 1924 2036 esse
1947 2010 2061 2049 quam
2080 1997 2147 2047 qui
2165 1995 2358 2046 praecedit.
2377 1995 2441 2032 Vi-

1424 2061 1469 2097 de
1490 2061 1657 2097 Meinek.
1688 2061 1798 2096 Com.
1823 2060 1854 2103 I,
1878 2071 1917 2106 p.
1949 2056 2025 2102 793
2049 2053 2196 2104 sq.-5
2223 2051 2442 2102 ἐπειγομένης

1424 2120 1554 2155 intulit
1571 2122 1674 2155 Junt.
1691 2132 1699 2154 :
1721 2116 1823 2166 quod
1846 2116 1876 2152 si
1897 2122 2067 2151 veterum
2089 2111 2276 2149 librorum
2296 2109 2370 2147 fide
2388 2110 2444 2147 fn-

1425 2186 1526 2214 ctum
1549 2183 1759 2220 constaret,
1781 2174 2097 2224 amplecteremur
2123 2171 2246 2206 forte:
2267 2161 2324 2206 est
2343 2169 2441 2205 enim

1425 2236 1615 2285 ἐπάγεσθαι
1649 2232 1856 2283 aliquando
1890 2233 2059 2274 allicere,
2101 2227 2287 2264 blanditiis
2320 2228 2375 2262 ad
2406 2239 2444 2263 se

1417 2297 1634 2343 perducere,
1653 2290 1844 2329 meretrici
1862 2288 2023 2326 verbum
2040 2287 2171 2337 utique
2191 2285 2443 2331 convenien53

1425 2367 1447 2390 a
1476 2365 1551 2402 qua
1571 2358 1758 2401 potestate
1787 2349 1850 2385 illa
1882 2348 2017 2384 itidem
2049 2345 2229 2382 dicuntur
2254 2341 2444 2395 ἐπαγωγὰ,

1427 2425 1510 2461 quae
1527 2411 1601 2447 vim
1622 2409 1803 2460 pellacem
1830 2418 2086 2456 magnumque
2112 2402 2343 2440 lenocinium
2379 2401 2447 2438 ha-

1426 2469 1530 2506 bem.
1545 2473 1688 2505 Verum
1703 2467 1742 2503 in
1761 2463 1955 2514 ὑπάγεσθαι
1968 2463 2109 2500 residet
2127 2462 2276 2498 diversa
2292 2460 2444 2510 quidem

1428 2540 1657 2577 parumper,
1677 2525 1742 2562 sed
1763 2524 1886 2560 affinis
1908 2531 2033 2558 tamen
2054 2519 2291 2568 significandi
2312 2519 2444 2563 virtus,

1427 2586 1517 2619 dolis
1533 2586 1691 2630 aliquem
1707 2594 1856 2629 capere,
1875 2581 2135 2626 deceptumque
2163 2590 2242 2612 suoe
2256 2581 2445 2625 potestatis

1417 2641 1552 2687 facere
1571 2655 1582 2674 .·
1601 2639 1703 2687 quod
1735 2652 1757 2674 a
1786 2637 1911 2674 Laidis
1942 2635 2109 2681 insidiis,
2129 2647 2222 2683 quas
2259 2647 2336 2670 non
2367 2642 2444 2670 tam

1429 2697 1650 2742 Philonidae,
1672 2709 1786 2745 quam
1815 2694 1958 2731 divitiis
1979 2695 2061 2743 ejus
2078 2692 2269 2738 struebat,
2289 2692 2445 2729 minime

1429 2754 1624 2791 abhorret.
1645 2752 1840 2790 Iamblich.
1873 2752 1911 2788 in
1941 2755 2064 2788 Protr.
2091 2764 2138 2787 ex
2165 2751 2350 2787 Platone:
2372 2751 2444 2788 ἐνε-

1430 2813 1540 2863 δρεύει
1560 2811 1618 2849 καὶ
1651 2809 1831 2861 θηρεύεται
1848 2809 1910 2855 τὴν
1942 2808 2042 2852 δόξαν
2073 2808 2130 2845 ἐπὶ
2160 2808 2302 2860 ἀπάτῃ,
2335 2808 2394 2845 καὶ
2424 2808 2446 2844 ἃ

1429 2876 1600 2915 ποιεῖται,
1629 2872 1739 2905 ταῦτα
1759 2867 2016 2911 καλλωπίζεται
2036 2865 2253 2917 ὑπαγόμενος
2279 2865 2356 2908 τοὺς
2382 2867 2446 2903 ἀν-

1430 2928 1602 2980 θρώπους·
1629 2927 1828 2964 commode
1861 2927 2081 2963 scholiastes
2109 2926 2155 2962 ad
2184 2928 2254 2975 Eq.
2281 2938 2317 2962 v,
2345 2927 2443 2974 269,

1430 2987 1619 3039 ὑπέρχεται
1639 2987 1817 3037 exponit,
1836 2986 2006 3036 ὑπάγεται
2022 2983 2079 3021 τὸν
2105 2985 2214 3034 δ’ῆμον
2229 2982 2443 3036 ὑποτρέχων,

1430 3045 1487 3083 καὶ
1526 3044 1723 3082 κολακεύει·
1754 3045 1951 3093 elegantur
1982 3046 2052 3080 Ion
2080 3042 2182 3092 apud
2213 3042 2350 3080 Athen.
2385 3044 2444 3089 13,

1431 3118 1469 3154 p.
1494 3106 1582 3150 604,
1605 3107 1653 3149 D,
1676 3105 1722 3144 ὡς
1749 3096 1784 3138 εῧ
1818 3101 2015 3152 ὑπηγάγετο
2045 3100 2102 3138 τὸν
2134 3100 2266 3146 παῖδα,
2286 3113 2325 3137 se
2355 3099 2445 3136 bene

1430 3165 1562 3199 callido
1581 3170 1779 3197 commento
1799 3162 1980 3208 decepisse
1999 3173 2168 3208 puerum.
2190 3160 2279 3195 Haec
2298 3171 2368 3208 pro
2383 3171 2444 3195 ve·

1431 3221 1502 3257 teri
1523 3221 1685 3257 lectione
1703 3218 1887 3255 firmanda
1915 3225 2002 3254 sunt
2030 3216 2131 3254 satis.
2147 3216 2336 3253 Praeterea
2361 3214 2442 3252 dis-

1431 3278 1653 3314 tinctionem
1666 3284 1752 3326 post
1781 3273 1908 3317 Ααίδος
1922 3275 2071 3322 sustuli,
2086 3281 2130 3310 ut
2141 3274 2269 3324 aptior
2279 3274 2443 3310 oriretur

1431 3336 1755 3386 sequentibusque
1790 3347 2003 3385 congruens
2043 3333 2146 3370 hunc
2188 3333 2227 3369 in
2262 3332 2439 3369 modum:

1430 3397 1603 3431 videatur·
1615 3404 1734 3431 mitem
1750 3408 1873 3430 amore
1885 3392 2003 3441 fuisse
2023 3401 2151 3441 captus
2178 3392 2304 3427 Laidis
2319 3394 2435 3433 istius,
