2533 3808
183 214 257 247 380

183 288 304 340 σμένη.
331 279 609 330 διεσπεκλωμένῃ
639 272 709 324 οὖν,
734 274 818 328 πρὸς
842 272 1023 311 συνουσίαν
1050 270 1216 324 ἀχρήστῳ

181 330 345 399 γενομένῃ
366 341 424 380 καὶ
445 334 718 386 πεπαλαιωμένη
735 333 793 372 καὶ
814 331 880 369 ὑπὸ
908 333 1044 369 πολλῶν
1090 332 1122 367 ἐν
1142 344 1217 366 συν-

183 404 280 454 ουσία
305 396 524 452 τετριμμένη.
549 394 606 447 [τὸ
630 394 798 431 σπεκλοῧν
823 390 879 428 ἐπὶ
898 393 957 427 τοῦ
983 386 1215 430 συνουσιάζειν

182 461 371 503 τάττουσιν,
392 458 455 507 οὐχ
469 457 514 497 ὡς
533 450 798 505 προηγουμένως
814 452 913 486 τοῦτο
937 449 1120 497 σημαῖνον,
1141 444 1215 482 ἀλλ’

147 534 162 557 ⁶
184 519 297 569 ὅμοιον
317 516 456 556 πολλοῖς
471 511 691 562 συμὸολικοῖς
705 510 1029 559 ὀνοματοποιοῧντες
1041 503 1216 565 ,Νκαὶ-μά-

181 578 282 614 λιστα
299 574 349 626 ἐφ’
366 568 412 610 ῶν
429 571 467 609 τὸ
479 568 739 621 εὐθυρρημονεῗν
757 563 1026 615 ἐνίσταται.]--
1043 566 1129 599 εἶναι
1142 562 1216 612 μετ’

183 637 286 679 αὐτῆς
304 646 312 671 1
333 630 404 670 Καὶ
433 629 489 667 διὰ
511 633 612 666 τοῦτο
633 625 742 664 ταῦτά
766 640 851 677 φησι
874 627 992 661 τοῦτον
1012 621 1133 659 λαὸεἶν
1160 635 1215 669 με.

182 701 220 731 Θ.
239 691 295 729 διὰ
311 695 409 728 τοῦτο
425 692 533 726 ταῦτα
549 685 627 738 φής.
647 696 710 726 Dv.
721 686 743 720 -ὃ
759 683 786 720 δ’
807 681 997 734 ἐπιτρέπων
1015 693 1022 718 :
1041 679 1085 717 ‘O
1100 678 1217 715 ἄδειαν

183 748 304 792 διδούς.
326 755 391 785 LB.
409 744 600 798 ἐπιτρέψων
621 757 630 782 :
657 741 801 781 Λαὲεῖν.
823 750 884 778 Dv.
904 736 1151 790 συγχωρήσων.
1176 743 1216 772 Ρ.

133 824 164 849 10
241 820 318 846 1082.
336 804 550 856 διαλεχθείην
578 816 586 841 :
608 801 853 851 εΟμιλήσαιμι.
872 805 984 836 Βν.Ρ.
1012 796 1219 834 διεσπεκλω-

185 865 270 917 μένῃ
283 879 291 903 :
306 858 353 902 ὟΩ
368 861 607 914 γεγαμημένη.
625 856 909 909 Ι.Β.γαμηθείσῃ.
925 865 964 894 Ρ.
979 852 1218 906 γεγαμημένῃ.

185 924 377 972 σπέκλωμα
396 920 463 973 γάρ
490 922 579 957 ἐστιν
600 920 616 955 6
634 920 701 954 τῶν
719 916 849 969 ὄρχεων
870 913 1009 956 κτύπος.
1028 914 1074 951 Θ.
1097 926 1220 949 συνου-

185 980 374 1031 σιασμένῃ,
392 976 635 1030 διεφθαρμένη.
661 983 695 1013 C.
713 977 774 1012 οὐκ
794 974 834 1011 ἂν
853 971 1066 1024 διαλεχθείην
1085 972 1222 1008 διεσπε-

184 1038 358 1089 κλωμένη·
379 1037 400 1083 ἢ
419 1037 484 1074 ὑπὸ
500 1039 559 1081 τῆς
577 1033 756 1076 συνουσίας
770 1030 999 1084 ἧφανισμένη.
1016 1029 1088 1081 ἔχει
1107 1028 1142 1066 δὲ
1158 1027 1221 1074 τὴν

136 1116 166 1139 15
185 1095 399 1149 παραγωγὴν
418 1094 485 1132 ἀπὸ
504 1097 562 1131 τοῦ
582 1091 701 1130 πλέκω
713 1121 722 1138 ,
739 1091 799 1128 καὶ
820 1090 889 1127 ἀπὸ
909 1092 969 1127 τοῦ
989 1085 1222 1146 πλέγμα-ωκαὶ

185 1155 277 1194 κατὰ
294 1151 670 1205 μετάθεσινζπέκλωμα.
689 1149 831 1186 δύναται
852 1148 959 1186 δὲκαὶ
975 1144 1123 1192 κλητικὴ
1137 1148 1223 1181 εἰναι

187 1214 224 1251 τὸ
239 1210 484 1261 ἐσπεκλωμένη
501 1210 561 1248 καὶ
584 1207 721 1254 δοτικὴ,
740 1206 846 1249 οὕτως
857 1237 865 1253 ,
878 1200 905 1244 ῶ
921 1201 1202 1252 διεσπεκλωμένη
1213 1231 1223 1251 ,

187 1274 247 1310 οὒκ
265 1271 304 1309 ἂν
326 1268 540 1321 διαλεχθείην
562 1283 625 1305 σοι·
643 1266 719 1312 καὶ,
742 1267 804 1303 οὒκ
824 1265 864 1303 ἂν
880 1262 1095 1314 διαλεχθείην
1114 1276 1167 1298 σοι
1181 1263 1223 1310 τῇ

188 1327 485 1378 διεσπεκλωμένῃ,
502 1326 560 1364 καὶ
583 1326 626 1363 τὰ
647 1324 732 1370 ἑξῆς.
753 1331 816 1362 LB.

135 1411 170 1435 20
244 1401 321 1425 1083.
353 1386 433 1433 [ὑπὸ
454 1384 583 1437 μυρίων
603 1385 686 1420 ἐτῶν
704 1396 712 1421 :
730 1381 851 1421 Λείπει
868 1381 1012 1431 ἀνδρῶν.
1031 1379 1048 1415 6
1066 1376 1101 1414 δὲ
1116 1375 1224 1427 γέρων

188 1445 226 1484 τὸ
247 1448 329 1483 ἐτῶν
355 1444 567 1496 προσέθηκε,
597 1440 765 1479 σκώπτων
787 1438 918 1489 (αὐτὴν)
947 1440 992 1479 ὡς
1019 1435 1156 1488 γραῦν.]
1176 1456 1227 1461 -

134 1516 140 1519 “
188 1503 266 1541 λίαν
284 1504 421 1540 πολλῶν
438 1503 600 1539 πολιτῶν.
622 1509 687 1539 LB.
703 1498 834 1551 χρόνων
857 1495 1058 1542 ἢπολιτῶν.
1081 1505 1143 1536 Do.
1163 1507 1226 1529 πο-

187 1562 304 1598 λιτῶν.
327 1569 368 1598 Ρ.

244 1633 322 1656 1085.
350 1618 410 1655 καὶ
440 1616 503 1663 τὴν
529 1615 637 1668 τρύγα
669 1630 706 1652 σε
736 1627 744 1652 2
771 1612 949 1654 Πολλάκις
980 1609 1040 1648 καὶ
1065 1609 1122 1646 τὸν
1154 1607 1227 1645 νέον

137 1699 170 1724 ‘³5
192 1672 277 1714 οἶνον
298 1677 406 1728 τρύγα
427 1674 582 1712 ἐκάλουν·
597 1677 655 1710 νῦν
674 1671 709 1710 δὲ
723 1674 787 1722 οὐχ
804 1671 928 1716 οὕτως,
944 1671 1041 1715 ἀλλ’,
1058 1670 1103 1709 ὣς
1116 1667 1228 1716 ἡμεῖς,

189 1734 252 1781 τὴν
270 1734 506 1783 ὑποστάθμην.
520 1730 774 1769 -συνεκποτέ’
792 1729 864 1766 ἐστὶ
884 1743 893 1767 t
914 1727 1003 1766 Ἀντὶ
1024 1730 1082 1763 τοῦ
1105 1741 1228 1762 συνεκ-

190 1792 324 1830 ποτέον.
345 1800 407 1828 Βυ.
426 1788 649 1828 συνεκποτέον
665 1788 736 1826 ἔστι
758 1801 766 1826 :
782 1786 893 1830 Ἄξιον
909 1785 982 1823 ἐστὶ
1001 1786 1143 1822 ἐκπιεῖν.
1157 1790 1227 1820 LB.

191 1851 254 1897 τὴν
273 1849 381 1903 τρύγα
403 1863 411 1887 :
429 1848 503 1894 Τὴν
521 1847 617 1893 ὕλην.
636 1856 697 1885 Dv.
715 1845 777 1892 τὴν
797 1849 854 1883 τοῦ
870 1844 960 1882 οἴνου
977 1843 1073 1889 ὕλην.
1091 1843 1138 1880 Θ.
1157 1848 1227 1878 LB.

247 1922 325 1947 1086.
354 1908 480 1957 κομιδῆ
509 1920 517 1944 :
546 1905 633 1944 Δίαν
665 1906 735 1955 (Θ).
763 1903 882 1955 σαπρά
911 1917 919 1941 :
954 1898 1231 1952 Σεσαπρωμένη.

141 1991 175 2015 30
197 1976 262 2006 LB.

253 2039 331 2063 1087.
361 2025 480 2061 οὐκοῦν
509 2021 691 2074 τρύγοιπος
708 2033 717 2059 :
749 2020 792 2059 Ὁ
822 2018 965 2072 ὒλιστὴρ
993 2019 1027 2069 [6
1060 2016 1231 2058 σάκκινος.

195 2083 280 2135 πρὸς
301 2082 322 2119 ἃ
343 2078 399 2119 οὖν
417 2075 508 2118 εἶπεν
524 2079 727 2122 ὁνεανίσκος
742 2078 971 2125 ,ἀπήντησεν
991 2079 1008 2114 6
1028 2075 1168 2127 γέρων].
1184 2097 1234 2102 --

876 2136 928 2175 Τὸ
960 2132 1234 2184 σακελιστήριον.

196 2199 300 2250 ἤγουν
316 2198 359 2235 τὰ
379 2200 483 2243 αὐτῆς
504 2195 683 2248 χρήματα.
709 2197 755 2234 Θ.
786 2198 844 2227 Dv-
869 2193 1032 2247 τρύγιπος
1055 2206 1062 2230 :
1087 2192 1237 2230 Σακελι-

145 2279 180 2303 35
200 2257 350 2310 στήριον.
373 2265 438 2294 LB.
456 2254 617 2307 τρύγιπος
641 2268 649 2293 :
668 2253 759 2306 Τρὺξ
778 2252 899 2306 τρυγὸς
924 2255 945 2297 ἡ
966 2255 1024 2289 τοῦ
1043 2250 1134 2289 οἴνου
1159 2249 1236 2295 ὕλη·

199 2314 380 2368 τρύγοιπος
410 2313 444 2351 δὲ
464 2312 588 2364 λέγοιτ’
615 2312 656 2350 ἂν
684 2311 831 2364 κυρίως,
861 2311 902 2348 δι’
920 2305 958 2348 οἷ
988 2309 1051 2356 τὴν
1071 2307 1156 2355 ὕλην
1179 2311 1238 2346 τοῦ

203 2374 293 2412 οἴνου
313 2372 550 2422 σακελίζομεν.
570 2379 632 2409 LB.

261 2445 339 2469 1088.
368 2429 463 2466 εἴσιθ’
496 2428 577 2466 εἴσω
609 2441 618 2467 :
649 2427 795 2466 Εἴσελθε
824 2426 929 2470 ἐντός.
961 2428 1011 2478 τῷ
1045 2427 1111 2477 θεῷ
1143 2426 1240 2476 ³-T‘T’

208 2487 369 2540 Πλούτῳ.
383 2496 451 2525 LB.

153 2572 188 2595 40
265 2559 342 2584 1089.
373 2545 547 2582 ἀναθεῖναι
565 2556 574 2581 :
595 2543 794 2588 Ἀναθῆσαι.
811 2540 925 2579 τούσδ’
943 2540 999 2584 οὒς
1025 2540 1095 2592 ἔχω
1124 2553 1132 2579 :
1151 2539 1242 2579 Τού-

206 2620 282 2647 τους
298 2602 453 2645 οὕστινας
471 2603 600 2654 κρατῶ.
621 2608 690 2638 LB.

262 2674 340 2698 1090.
370 2660 464 2709 αὐτῷ
485 2672 495 2696 2
514 2660 576 2710 Τῷ
597 2660 673 2708 θεῷ.
696 2663 763 2694 LB.

262 2732 340 2756 1091.
370 2719 387 2754 6
407 2715 587 2769 Χρεμύλος
606 2714 659 2760 ἢὸ
673 2712 841 2765 θεράπων.
861 2720 899 2750 Β.
918 2713 979 2749 οὐκ
996 2711 1120 2761 εἴσειμι
1140 2725 1148 2749 z
1169 2711 1246 2749 Οὔκ

213 2775 461 2825 εἰσελεύσομαι.
481 2781 548 2826 LB.·
575 2780 613 2810 P.
640 2770 855 2823 εἰσέρχομαι.
876 2778 940 2808 Dv.
971 2769 1088 2822 θάρρει
1121 2782 1130 2807 :
1155 2768 1247 2819 Ἔχε

159 2858 192 2882 45
212 2834 342 2887 θάρρος.
361 2840 428 2871 LB.
445 2831 487 2878 ἢν
505 2829 591 2876 αὐτὴ
613 2829 760 2879 εἰσέλθῃ.
778 2830 825 2867 Θ.

267 2905 346 2930 1092.
378 2889 504 2941 [οὐγὰρ
516 2887 673 2940 βιάσεται
691 2886 763 2926 ΞὋ
779 2890 934 2924 ποιοῦσιν
952 2887 982 2923 οἱ
994 2885 1131 2936 ἄνδρες,
1149 2887 1249 2921 τοῦτο

216 2950 271 2988 ἐπὶ
287 2953 348 2995 τ’ἧς
366 2948 469 3000 γραός
485 2962 600 2998 φησιν,
628 2947 664 2983 οὔ
681 2944 747 2996 γὰρ
765 2943 922 2996 βιάσεταί
947 2959 984 2981 σε
1003 2946 1025 2988 ἡ
1046 2943 1183 2995 γραῦς.]
1200 2964 1250 2969 -

215 3008 254 3045 τὸ
276 3006 433 3059 βιάσεται
459 3007 517 3044 ἐπὶ
537 3003 669 3056 ἀνδρός
695 3011 757 3040 Dv.
781 3005 818 3040 οὐ
841 3001 907 3055 γὰρ
937 3001 1095 3053 βιάσεται
1116 3014 1125 3039 :
1154 3002 1202 3039 Σε
1234 3002 1251 3036 6

219 3064 306 3111 νέος,
325 3063 413 3101 ὥστε
434 3062 482 3113 μὴ
502 3064 678 3100 εἰσελθεῖν.
689 3069 758 3113 PB.
777 3063 814 3099 οὐ
829 3060 1040 3098 καθελκύσαι
1058 3058 1154 3110 παρὰ
1170 3057 1253 3110 γνώ·

167 3148 200 3173 50
221 3137 302 3173 μην.
324 3129 363 3158 Ρ.

274 3191 353 3217 1093.
383 3176 588 3214 ὑπεπίττουν
618 3177 739 3228 χρόνον

196 2144 345 2179 οὒκοῧνε
376 2140 428 2178 Τὸ
459 2137 592 2176 λοιπόν.
625 2137 807 2190 τρύγοιπος
835 2150 843 2175 :

770 3191 778 3215 t
810 3176 956 3216 Πίσσειν
987 3175 1025 3213 τὸ
1058 3174 1161 3217 λέπος
1191 3189 1253 3211 πε-

224 3236 364 3289 ριαιρεῖν
383 3237 450 3272 τῶν
476 3234 650 3286 κριθῶν.ἢ
672 3234 758 3273 ἀντὶ.
780 3265 787 3272 .
808 3265 816 3273 .
838 3242 877 3271 V.
900 3233 974 3270 ἀντὶ
994 3236 1052 3270 τοῦ
1072 3231 1253 3282 ἠσέλγουν,

924 186 1180 229 SCHOLIA
1213 185 1273 223 ΙΝ
1309 184 1558 224 PLUTUM.

1275 268 1351 306 ἀντὶ
1369 272 1428 306 τοῦ
1458 267 1602 315 ἐὲίνουν,
1632 269 1822 319 συνῆλθον.)
1850 294 1891 299 —-
1906 266 2022 306 ἱκανὸν
2045 280 2054 306 ;
2081 266 2250 320 Ἀρκετόν.
2268 276 2308 307 P.

1275 326 1481 364 ὑπεπίττουν
1499 338 1508 363 :
1527 326 1717 376 Ἐγάμουν.
1734 333 1941 364 LB.Dv.Br.
1956 325 2120 379 πρότερον
2138 327 2309 365 ἐπίττουν·

1274 384 1378 434 ἤγουν
1399 384 1616 434 ἠσέλγαινον,
1646 383 1863 436 κατεφίλουν,
1893 384 2143 428 ἐσυνουσίαζον·
2169 389 2311 423 πιττοῒῖν

1276 442 1311 480 δὲ
1326 443 1449 494 κυρίως
1477 442 1515 479 τὸ
1543 442 1648 493 πίττῃ
1679 442 1788 493 χρίειν
1819 441 1880 484 τὰς
1900 446 1992 485 ναῦς.
2025 450 2093 482 LB.
2121 443 2311 496 ἐπέραινον,

1277 499 1562 549 συνουσιαζόμην.
1586 507 1626 536 Ρ.
1650 500 1725 536 ἀντὶ
1740 504 1799 537 τοῦ
1817 499 1966 550 ἐγάμουν
1986 503 2062 539 κατ’
2080 503 2310 555 εύφημισμόν.
2332 516 2348 538 5

1277 559 1323 596 Θ.
1346 557 1491 595 ἐπίττων
1515 571 1523 595 :
1543 559 1575 595 Τ
1577 556 1730 594 ουτέστιν
1748 557 1896 609 ἐφίλουν,
1918 559 2122 610 ἐμιγνύμην,
2139 564 2249 598 πιττῶ
2278 561 2314 599 δὲ

1276 616 1401 668 κυρίως
1420 616 1492 653 ἐστὶ
1508 615 1546 652 τὸ
1566 614 1626 658 τὰς
1642 618 1725 660 νῆας
1744 614 1852 667 πίσσῃ
1873 616 1982 668 χρίω,
2011 618 2070 655 καὶ
2098 617 2136 655 τὸ
2160 617 2204 655 τὰ
2221 620 2315 671 διερ-

1279 674 1412 727 ρωγότα
1430 677 1498 711 τῶν
1516 673 1625 716 ξύλων
1646 676 1752 711 ἑνοῦν.
1776 681 1813 710 C.

1333 746 1409 771 1094.
1428 732 1536 784 βάδιζ’
1558 746 1566 770 z
1587 732 1768 784 Ἂπέρχου.
1787 732 1932 769 κατόπιν
1950 745 1957 770 :
1973 731 2155 773 Ὀπισθεν.
2175 741 2314 773 LB.Dv.

1334 806 1411 830 1095.
1426 794 1471 834 ὡς
1489 804 1497 829 :
1516 791 1615 830 Δίαν.
1648 790 1789 834 εὐτόνως
1809 804 1817 829 :
1837 791 2004 843 Ἰσχυρῶς
2021 792 2076 841 (Θ.
2094 793 2152 845 Ρ).
2168 793 2207 831 τὸ
2222 792 2316 846 γραΐ-
2338 801 2371 827 10

1280 851 1348 887 διον
1368 863 1375 888 :
1394 849 1438 887 ‘H
1458 853 1563 901 γραῦς
1583 848 1682 894 αὕτη.
1699 857 1764 887 LB.
1787 847 1971 895 συνίζησις.
1991 858 2053 888 Dv.

1334 921 1412 960 1096.
1443 906 1693 959 ὥσπερὶεπαςῖ
1713 907 1867 958 (Ὠσπερ
1884 906 2022 959 ὄστρεον
2041 909 2075 944 ἐν
2090 907 2201 961 πέτρᾳ
2216 925 2319 962 προσ-

1280 965 1496 1015 κολλώμενον
1511 962 1800 1002 δυσαπόσπαστον
1816 967 1900 1011 ἐστι,
1918 964 2024 1008 οὕτως
2041 965 2127 1012 αὕτη
2145 969 2193 1003 τῶ
2203 967 2319 1021 νεανία

1281 1024 1488 1076 προσέφυσε.
1506 1023 1613 1066 λεπὰς
1631 1022 1666 1060 δέ
1685 1025 1774 1060 ἐστιν
1794 1017 1881 1066 εἶδος
1900 1024 2040 1076 ὀστρέου
2054 1024 2092 1061 τὸ
2107 1012 2321 1075 καλούμενον

1281 1081 1455 1131 πατέλιν,)
1478 1081 1495 1119 ὃ
1520 1082 1594 1124 ταῖς
1612 1080 1753 1133 πέτραις
1787 1080 2072 1133 προσ-πήγνυται,
2093 1083 2321 1121 δυσαποσπά-
2343 1090 2375 1114 15

1283 1155 1370 1183 στως
1390 1142 1481 1190 ἔχον,
1499 1139 1636 1177 ἐπειδάν
1652 1156 1702 1182 τις
1722 1141 1824 1176 αὐτοῦ
1846 1139 2026 1190 βουληθείη
2042 1139 2174 1179 λαὸεῖν.
2196 1141 2321 1191 (εὐεπί-

1284 1213 1384 1250 φορος
1401 1197 1437 1234 δέ
1454 1200 1545 1235 ἐστιν
1566 1200 1612 1240 εἷς
1630 1198 1669 1235 τὸ
1688 1196 1795 1240 λεπὰς
1815 1200 1832 1234 6
1849 1197 2119 1250 Ἀριστοφάνης.)
2143 1198 2214 1237 ἔστι
2232 1198 2268 1237 δὲ
2283 1199 2322 1238 τὸ

1283 1255 1389 1298 λεπὰς
1406 1250 1491 1298 εἶδος
1511 1255 1638 1306 ἰχθύος.
1657 1256 1739 1307 παρ’
1761 1255 1922 1292 ὑπόνοιαν
1943 1255 1978 1293 δὲ
2000 1250 2093 1293 εἶπεν
2116 1256 2246 1309 (ὥσπερ
2264 1259 2322 1295 λε-

1284 1313 1351 1356 πὰς
1369 1317 1418 1365 τῷ
1437 1313 1631 1366 μειρακίῳ).
1665 1335 1710 1339 —
1733 1312 1850 1365 ὥσπερ
1881 1326 1889 1351 :
1919 1313 2035 1352 Καθά.
2063 1313 2171 1358 λεπὰς
2194 1329 2203 1353 Ζ
2225 1310 2325 1359 Εἶδος

1285 1371 1436 1424 ὀστρέου.
1459 1381 1522 1409 Dv.
1543 1379 1608 1409 LB.
1631 1371 1835 1414 παταλίδας.
1856 1379 1897 1407 Ρ.
1915 1374 1936 1416 ἡ
1955 1371 2064 1414 λεπὰς
2083 1366 2169 1415 εἶδος
2183 1373 2323 1426 ὀστρέου
2344 1377 2378 1402 20

1286 1431 1388 1468 ἐστίν·
1408 1430 1483 1476 ἥτις
1497 1431 1714 1482 ἐμπεφυκυῖα
1727 1432 1796 1472 τοῖς
1813 1430 2011 1472 θαλασσίοις
2023 1429 2187 1482 βράχεσιν
2207 1431 2326 1483 ἔχεται

1287 1491 1399 1526 αὐτῶν
1419 1489 1504 1538 ἄγαν
1532 1490 1694 1541 ἰσχυρῶς.
1713 1495 1777 1526 LB.
1799 1487 1907 1530 λεπάς
1933 1489 2026 1524 ἐστιν
2053 1481 2138 1531 εἶδος
2163 1490 2326 1542 ὀστρέου,

1287 1547 1370 1600 ὅπερ
1387 1547 1582 1597 λαὲόμενον
1601 1547 1730 1599 πέτρας
1747 1546 2012 1599 ἀπισχυρίζεται
2026 1545 2085 1584 καὶ
2099 1547 2328 1585 δυσαποσπά-

1289 1622 1376 1650 στως
1394 1605 1476 1658 ἔχει.
1498 1606 1558 1643 καὶ

1412 1698 1468 1728 οὐκ
1482 1697 1518 1728 ἄν
1528 1709 1571 1733 τις
1583 1697 1657 1728 αὐτὸ
1669 1698 1778 1738 ῥᾳδίως
1790 1697 1991 1736 ἀποσπάσαι,
2348 1689 2381 1714 ²5

1411 1745 1481 1784 πρὶν
1496 1744 1531 1774 ἄν
1549 1755 1577 1774 τι
1586 1747 1639 1781 τῆς
1652 1745 1766 1784 πέτρας
1780 1744 1933 1784 ἀπορρήξῃ
1952 1745 2051 1785 μέρος.

1289 1834 1388 1868 τοῦτο
1404 1829 1462 1868 καὶ
1479 1829 1536 1868 ἐπὶ
1555 1833 1614 1868 τοῦ
1632 1829 1825 1873 πολύποδος
1838 1830 1989 1881 λέγεται.
2010 1837 2091 1867 c.D.
2114 1829 2221 1873 λεπάς
2237 1832 2329 1869 ἐστιν

1292 1882 1378 1931 εἶδος
1397 1888 1544 1940 ὀστρίου·
1567 1887 1584 1926 ὃ
1609 1889 1683 1930 ταῖς
1705 1887 1849 1940 πέτραις
1874 1888 1990 1935 πεσὸν,
2015 1888 2152 1926 ἐκείνων
2179 1891 2331 1941 ἰσχυρῶς

1292 1946 1445 1998 ἐξέχεται
1465 1946 1523 1984 καὶ
1544 1945 1843 1989 δυσαποσπάστως
1871 1946 1957 1998 ἔχει.
1976 1947 2019 1992 ἣν
2037 1949 2067 1984 οἱ
2087 1947 2192 1985 κοινοὶ
2211 1962 2330 1984 πατα-

1292 2005 1390 2043 λίδαν
1407 2007 1584 2043 καλοῦσιν.
1605 2013 1639 2042 P.
1661 2007 1710 2056 τῷ
1725 2004 1894 2058 μειρακίῳ
1914 2019 1921 2043 :
1942 2008 2004 2058 Τῷ
2021 2005 2098 2057 νέῳ.
2120 2009 2186 2043 LB.
2203 2009 2246 2058 τῇ
2267 2005 2332 2043 πέ-
2349 2012 2384 2038 30

1293 2079 1371 2115 τρᾳ.
1393 2072 1456 2102 Βυ.
1475 2062 1703 2114 προσίσχεται
1723 2077 1731 2101 :
1753 2064 2035 2114 Προσκολλᾶται.
2054 2071 2119 2100 LB.
2132 2071 2190 2100 Dv.
2206 2073 2246 2102 Ρ.

1350 2135 1429 2160 1097.
1461 2120 1529 2173 [τίς
1549 2120 1617 2158 ἔσθ’
1636 2124 1653 2158 6
1678 2120 1816 2158 κόπτων
1834 2134 1842 2159 :
1862 2121 2016 2173 Κορωνὶς
2035 2120 2134 2172 ἑτέρα
2159 2121 2274 2171 ὁμοία·
2300 2123 2332 2160 ὀἱ

1297 2179 1331 2217 δὲ
1348 2179 1461 2230 στίχοι
1487 2178 1644 2229 ἰαμὸικοὶ
1660 2179 1835 2232 τρίμετροι
1861 2179 2100 2226 ἀκατάληκτοι
2121 2180 2184 2227 οδ’,
2209 2174 2256 2217 ῶν
2284 2196 2336 2217 τε·

1297 2251 1451 2281 Λευταιος

1420 2332 1458 2363 ἵν’
1476 2332 1585 2368 εὐθέως
1602 2331 1774 2367 διακονικὸς
1789 2331 1866 2363 εἶναί
1881 2342 1931 2372 μοι
1945 2331 2049 2372 δοκῇς.
2354 2333 2389 2359 35

1300 2419 1357 2457 ἐπὶ
1375 2422 1424 2471 τῷ
1445 2418 1536 2457 τέλει
1552 2417 1726 2470 κορωνίς.])

1352 2476 1446 2514 τουτὶ
1468 2475 1500 2513 τί
1520 2470 1561 2521 ἦν
1585 2490 1593 2514 :
1616 2475 1660 2514 ‘O
1681 2475 1816 2527 Ἑρμῆς
1835 2472 1956 2525 ἔκοψε,
1977 2473 2036 2511 καὶ
2055 2472 2198 2517 ἐξελθὼν
2218 2477 2235 2512 ὃ
2258 2478 2338 2514 Κα-

1303 2535 1383 2586 ρίων
1404 2533 1524 2571 οὐδένα
1543 2528 1630 2584 εἶρε.
1657 2533 1750 2584 (παρ’
1772 2531 1884 2581 ὀλίγον
1905 2530 1971 2583 γὰρ
1991 2530 2188 2583 ὑπεχώρει.)
2210 2532 2266 2585 [τὸ
2286 2532 2340 2571 θύ-

1304 2608 1373 2643 ριον
1393 2591 1451 2629 καὶ
1468 2593 1505 2628 οὐ
1523 2591 1649 2642 θυρίον.
1668 2590 1712 2627 τὰ
1728 2589 1795 2641 γὰρ
1813 2591 1858 2631 εἷς
1877 2604 1912 2626 ον
1925 2588 2085 2640 οὐδέτερα
2106 2589 2174 2627 ἀπὸ
2193 2590 2340 2642 βραχέος

1305 2648 1483 2701 ἀρχόμενα
1505 2646 1842 2699 προπαροξύνονται,
1864 2641 1945 2693 οἷον,
1965 2646 2066 2698 ἔριον,
2085 2646 2211 2699 θύριον,
2231 2648 2337 2702 ὅριον,
2360 2667 2395 2692 ⁴0

1303 2706 1362 2744 καὶ
1383 2705 1516 2757 ἕτερά]

1359 2762 1531 2800 δκόπτων
1563 2776 1571 2800 :
1600 2761 1643 2800 Ὁ
1663 2762 1808 2814 κρούων.
1840 2770 1899 2800 Dv.
1917 2761 2064 2815 κρούων,
2096 2763 2269 2809 Ἀττικῶς.
2300 2775 2339 2805 Θ.

1306 2821 1425 2859 κόπτει
1442 2837 1491 2864 τις
1508 2820 1570 2866 τὴν
1596 2819 1713 2872 θύραν,
1739 2820 1820 2857 ὅταν
1843 2820 1963 2864 ἔξωθεν
1988 2821 2105 2873 κρούῃ·
2122 2824 2241 2875 ψοφεῖ,
2261 2824 2342 2862 ὅταν

1308 2880 1444 2917 ἔσωθεν.
1464 2886 1523 2915 Dv.
1546 2883 1562 2917 6
1577 2878 1684 2931 κόψας
1700 2892 1707 2916 :
1723 2879 1766 2917 Ὁ
1783 2880 1940 2929 κρούσας.
1962 2887 2027 2916 LB.
2044 2880 2194 2928 κόπτειν,
2206 2884 2342 2935 ψοφεῖν,

1309 2938 1367 2975 καὶ
1388 2939 1557 2988 κλαυσιᾷν
1575 2935 1636 2982 τὴν
1655 2936 1758 2988 θύραν
1780 2937 1942 2988 διαφέρει·
1963 2937 2102 2974 κόπτειν
2125 2937 2187 2988 μὲν
2206 2939 2272 2991 γὰρ
2292 2940 2344 2978 λε’·
2363 2955 2396 2980 45

1309 3011 1425 3047 γεται,
1446 2994 1526 3032 ὅταν
1557 2994 1697 3032 εἰσιέναι
1720 3011 1769 3037 τις
1788 2995 1916 3045 μέλλῃ,
1946 2995 2005 3032 καὶ
2021 2996 2084 3042 τὴν
2105 2996 2209 3049 θύραν
2230 2998 2350 3041 ἔξωθεν

1310 3053 1458 3104 πλήττῃ·
1476 3055 1520 3095 ὡς
1539 3052 1595 3097 τὸ,
1615 3071 1628 3085 «
1647 3052 1695 3095 τίς
1716 3052 1783 3090 ἔσθ’
1806 3056 1823 3090 ὁ
1843 3053 1952 3105 κόψας
1971 3053 2033 3100 τὴν
2054 3053 2180 3106 θύραν,
2195 3074 2210 3088 υ
2231 3058 2350 3108 ψοφεῖν

1313 3113 1347 3151 δὲ
1358 3143 1367 3160 ,
1387 3112 1467 3150 ὅταν
1482 3111 1699 3164 ἐξερχόμενός
1715 3128 1764 3155 τις
1782 3113 1887 3158 αὐτὴν
1904 3113 2080 3164 ὑπανοίγοι
2094 3113 2154 3151 καὶ
2170 3109 2256 3166 ἦχον
2271 3114 2346 3152 τινὰ

1313 3172 1477 3222 ἀποτελῇ·
1501 3174 1517 3207 6
1537 3174 1685 3213 τοιοῦτος
1704 3170 1768 3223 γὰρ
1786 3165 1868 3222 ἦχος
1888 3171 1994 3224 ψόφος
2019 3173 2187 3209 καλεῖται·
2206 3171 2288 3209 ὅταν
2311 3171 2346 3209 δὲ

1313 3229 1368 3266 ὑπ’
1386 3228 1511 3278 ἀνέμου
1525 3232 1660 3274 κινῆται
1678 3228 1763 3278 μόνη
1775 3259 1784 3275 ,
1800 3230 1858 3266 καὶ
1874 3224 1960 3281 ἦχον
1976 3229 2052 3267 τινὰ
2068 3231 2106 3267 ἐκ
2122 3229 2242 3267 τούτου
2261 3231 2347 3267 ἇπο-
2367 3249 2400 3274 50

223 3293 246 3339 ἢ
262 3291 476 3343 κατεφίλουν.
493 3294 631 3328 πιττοῧν
649 3291 684 3328 δέ
704 3294 776 3329 ἐστι
799 3291 923 3343 κυρίως
948 3290 987 3328 τὸ
1011 3290 1072 3333 τὰς
1091 3289 1255 3331 πλατείας
1312 3289 1412 3339 τελῇ,
1434 3290 1450 3324 6
1470 3290 1617 3330 τοιοῦτος
1634 3282 1716 3338 ἦχος
1734 3287 1755 3333 ἢ
1771 3287 1911 3339 τρισμὸς
1929 3290 2097 3341 κλαυσιᾷν
2116 3287 2265 3338 λέγεται.
2286 3288 2346 3325 LB.

225 3355 306 3393 ναῦς
318 3350 424 3402 πίσσῃ
444 3349 564 3402 χρίειν·
595 3348 683 3387 ἔνθεν
705 3353 761 3387 οὐν
783 3349 969 3401 μετήνεγκε
991 3347 1052 3394 τὴν
1069 3346 1170 3391 λέξιν.
1202 3348 1212 3397 (
1232 3346 1254 3392 ἢ

1312 3345 1406 3384 τουτί
1425 3345 1457 3382 τί
1476 3340 1516 3391 ἦν
1536 3359 1543 3384 ;
1565 3344 1613 3383 Ὃ
1634 3345 1778 3391 ἥκουσα.
1797 3360 1863 3390 LB.
