2533 3808
251 231 324 263 620

288 308 533 347 redemptione,
552 307 618 336 nisi
634 303 866 344 Myrmidones
879 304 1009 344 sabula
1031 304 1259 344 intelliqitur‚

288 357 323 385 in
357 361 424 393 qua
448 352 494 383 ad
521 353 663 382 tertium
688 351 778 382 diem
798 351 944 389 silebat,
971 354 1057 383 Ran.
1085 354 1261 382 911-915.

287 399 423 430 Achilles
436 397 515 437 Jecit
529 397 593 428 duo
607 400 725 436 puncta
738 398 769 428 et
782 398 946 436 quattuor,
964 400 1000 428 ut
1016 397 1175 438 Euripidis
1192 406 1262 437 pro·

287 445 346 475 fert
362 444 502 474 Bacchus
521 445 606 474 Ran.
629 446 724 482 1400,
750 443 791 474 de
814 452 878 483 quo
900 444 971 475 loco
993 444 1092 475 valde
1112 444 1262 475 diversas

285 492 470 521 sententias
483 489 751 521 scholiastarum
766 490 852 521 vide.

247 537 363 568 Achivi.
383 537 577 569 Achivorum
590 537 754 576 geminum
776 537 948 577 imperium
959 537 1131 568 Hellenicae
1145 536 1260 577 pubis,

283 584 414 615 Atridae
425 607 437 621 ‚
453 583 612 623 AEschylus
627 586 890 623 Aqamemnone,
912 587 997 615 Ran.
1021 587 1109 615 1285.
1127 584 1261 615 Achivo-

285 640 354 660 rum
368 630 603 662 inclutissimus
618 635 824 670 Agamemno,
847 631 1019 671 AEscltylus,
1034 632 1078 663 ib.
1100 635 1188 663 1270.

240 677 477 716 Achradusius,
498 676 624 717 fictzcm
657 677 700 708 ab
725 676 838 718 ἀχράς,
861 686 926 717 pro
943 677 1193 716 Acherdusius,
1219 685 1262 708 ex

276 733 369 764 Λ11090
387 724 497 756 tribus
514 724 832 764 Hippotlzoontidis,
849 725 942 756 Eccl.
961 728 1032 757 362.

238 773 352 809 Actor,
366 773 470 811 pater
486 772 625 810 Euryti,
643 771 733 802 Nub.
753 774 841 802 1063.

239 817 445 857 Adimantus,
463 817 657 857 Leucolophi
675 817 771 856 silius,
790 819 947 857 mortuus,
961 817 1057 857 apud
1080 817 1261 850 Platonem

276 864 519 904 philosophum
531 866 564 895 et
575 863 780 903 Eupolidem
799 864 1053 904 Leucolophidce
1061 864 1175 904 filius,
1185 864 1261 896 dux

281 912 433 949 nautici,
448 911 701 950 perstrinyitur
716 912 756 941 ¹ut
765 912 969 950 percerinus
983 912 1015 941 et
1034 921 1262 951 παρεγγεγραμ-

280 957 385 996 μένος,
399 965 473 987 cum
496 965 534 987 eo
550 956 685 987 malefici
701 957 950 996 constringendi,
969 960 1055 988 Ran.
1079 961 1166 988 1513.

244 1002 393 1034 Admetus
409 1013 416 1033 :
434 1003 581 1042 Ἀδμήτου
603 1003 710 1042 λόγον,
732 1005 873 1034 initium
898 1004 1016 1042 scolii,
1042 1006 1135 1044 Vesp.
1170 1008 1258 1037 1239.

279 1048 378 1089 Apud
401 1051 585 1080 Cratinum
609 1050 699 1080 tibiis
720 1052 862 1081 canitur
874 1050 1022 1090 Ἀδμήτου
1048 1052 1147 1091 μέλος.
1171 1053 1261 1082 Hinc

277 1096 459 1127 Admetum
498 1096 756 1136 κωμῳδουμέηοις
795 1098 942 1128 ‘inseruit
970 1098 1171 1130 Hei-adicus,
1197 1098 1261 1129 Sed

277 1143 422 1174 scolium
438 1144 487 1174 est
502 1145 536 1173 in
552 1145 696 1174 veterem
705 1142 907 1182 Admetum,
924 1147 981 1185 qui
993 1154 1071 1177 cum
1092 1146 1260 1177 Alcestide

278 1198 387 1220 uxore
399 1191 432 1220 et
440 1192 475 1220 H
478 1191 594 1229 ippaso
597 1189 677 1229 silio
687 1189 808 1220 Pheris
817 1190 901 1221 exul
914 1191 960 1222 ad
979 1192 1141 1223 Theseum
1156 1194 1258 1230 venit,

278 1235 358 1267 ibid.
373 1235 500 1267 Admeti
523 1236 612 1275 λόγος
629 1237 777 1268 cantatus
794 1235 834 1267 ad
852 1240 994 1277 myrtum
1007 1238 1079 1277 ,sr.
1093 1241 1165 1270 377.
1194 1239 1260 1270 Arl-

276 1283 360 1313 meti
374 1290 524 1319 carmen,
539 1282 618 1313 Ach.
635 1285 707 1313 980.

238 1328 361 1359 Adonia
375 1351 383 1367 ,
402 1327 539 1367 festum
560 1329 769 1360 celebratum
791 1327 937 1361 Adonidi
954 1332 987 1362 et
1014 1332 1153 1369 Veneri,
1176 1333 1257 1363 Pac.

280 1378 352 1406 420.

239 1421 468 1460 Adoniasmus,
476 1422 614 1461 festum
626 1422 802 1464 Adonidis,
823 1425 855 1455 in
869 1424 988 1456 aedium
1004 1425 1099 1457 tectis
1115 1434 1132 1456 a
1150 1426 1259 1458 mulie·

277 1468 367 1499 ribus
387 1469 578 1508 celebratus,
595 1472 670 1510 Lys.
692 1473 764 1501 389.

238 1515 462 1547 Adoniazusoe
475 1516 613 1555 drama,
630 1519 706 1556 Lys.
724 1521 795 1549 389.

239 1562 358 1593 Adonis
374 1562 537 1602 plangitur
554 1571 572 1593 a
588 1563 779 1595 mulieribus
801 1565 917 1604 partim
935 1564 1034 1595 ebriis
1047 1588 1055 1603 ,
1082 1566 1159 1604 Lys.
1180 1568 1258 1605 393,

276 1611 348 1639 396.
367 1608 531 1640 Adonidis
555 1618 645 1641 mors
661 1618 726 1650 per
742 1619 862 1650 suem,
888 1611 968 1643 Ach.
994 1614 1066 1643 793.
1094 1612 1259 1644 Adonidis

277 1655 383 1693 horti,
402 1657 478 1694 Lys.
495 1658 566 1687 389.

235 1701 373 1739 Adonis,
394 1701 571 1733 Ptolemoei
586 1702 820 1743 Philopatoris
846 1703 1026 1743 traqoedia,
1039 1706 1075 1734 in
1084 1712 1148 1744 quo
1165 1705 1259 1736 Echo

276 1747 322 1778 ad
336 1747 517 1787 Euripidis
537 1749 732 1789 exemplum
748 1750 975 1788 exhibueram
992 1750 1033 1781 (le
1055 1758 1094 1781 ea
1113 1753 1258 1791 scripse-

276 1796 334 1825 rat
357 1795 557 1834 Aqathoeles
581 1799 734 1828 amasius
756 1798 852 1836 eJ'us,
880 1798 1009 1829 Thesm.
1031 1798 1120 1829 1059.

235 1841 380 1872 Adonius
402 1842 472 1881 (pro
490 1842 622 1881 Adonis)
635 1843 710 1882 ,fr.
729 1847 801 1875 575.

234 1889 404 1928 ᾍδοφοῖται
419 1913 427 1928 ,
448 1890 640 1929 Geryl.,sr.
661 1894 729 1922 198.

236 1935 395 1967 Adulteri
419 1945 563 1968 :eorum
582 1946 688 1977 paena
717 1939 812 1979 apud
833 1939 1066 1977 Athenienses,
1090 1939 1145 1970 Pl.
1176 1942 1232 1971 168

276 1983 366 2013 nub.
386 1986 474 2014 1083.

235 2031 384 2069 AEacuS,
401 2040 506 2071 quum
520 2033 657 2063 siccitas
672 2034 833 2072 AEyinam
857 2035 1058 2071 invasisset,
1079 2034 1258 2065 Panhelle-

277 2084 340 2107 nas
357 2077 403 2108 ad
417 2078 649 2109 venerandum
662 2081 779 2110 Jooem
795 2080 954 2119 cotteym,-
974 2080 1066 2111 unde
1082 2082 1175 2111 Joris
1190 2082 1258 2112 Ἑλ-

275 2124 380 2154 λανίου
394 2124 510 2155 cultus
531 2126 736 2163 institutus,
756 2128 818 2166 Eq.
844 2129 932 2157 1253.
951 2128 995 2157 In.
1011 2129 1117 2158 Ranis
1139 2129 1256 2159 AEacus

275 2172 313 2203 ut
329 2181 440 2203 servus
463 2172 612 2205 Plutonis
632 2174 809 2213 auscultat,
832 2177 863 2206 et
887 2175 956 2206 viso
979 2175 1137 2214 Hercule,
1167 2176 1257 2215 cujus

275 2218 387 2249 habitu
402 2219 544 2250 Bacchus
561 2221 709 2260 accessit,
724 2221 1016 2252 vehementissimis
1040 2221 1136 2253 minis
1150 2225 1182 2254 et
1200 2223 1256 2253 im-

274 2265 514 2304 precationibus
543 2266 661 2306 excipit
686 2268 786 2298 furem
810 2267 938 2299 Cerberi
954 2292 962 2307 ,
986 2270 1046 2299 464
1057 2269 1161 2300 -478.
1185 2269 1256 2301 Exit

275 2319 350 2341 cum
367 2311 470 2343 servis
486 2313 521 2343 ut
538 2313 735 2352 constringat
751 2313 933 2353 Herculem,
950 2314 1040 2353 cujus
1057 2314 1168 2346 habitu
1189 2315 1254 2354 jam

274 2358 428 2389 Xantliias
452 2367 563 2390 servus
585 2360 706 2397 utitur;
726 2369 764 2390 eo
784 2360 906 2391 furtum
924 2363 1059 2400 negante
1076 2364 1108 2392 et
1124 2370 1253 2393 servum

274 2413 383 2443 suum,
401 2406 558 2436 Bacchum
574 2430 582 2444 ‚
597 2407 769 2446 quaestioni
786 2408 949 2447 praebente
961 2432 970 2446 ,
986 2409 1129 2440 Bacchus
1147 2417 1181 2440 se
1198 2410 1255 2440 im-

274 2450 444 2481 mortalem
457 2459 528 2482 esse
543 2451 680 2482 affirmat
697 2461 704 2482 :
719 2453 906 2484 verberibus
923 2453 1020 2493 igitur
1035 2457 1105 2486 uter
1119 2455 1198 2486 deus
1213 2456 1254 2487 sit

273 2495 418 2535 explorat
434 2499 570 2535 AEacus;
597 2497 684 2537 quod
706 2507 806 2537 quum
828 2508 892 2529 non
908 2499 1078 2539 procedat,
1104 2499 1143 2530 ad
1161 2501 1254 2532 heros

274 2541 364 2573 ducit
380 2543 437 2582 qui
453 2552 520 2574 rem
535 2548 747 2583 cognoscant,
766 2547 940 2577 605-671.
959 2549 1034 2577 Post
1057 2546 1253 2586 colloquium

273 2595 404 2627 prorsus
424 2589 545 2619 vernile
564 2589 711 2621 xanthiae
728 2593 835 2622 narrat
860 2600 991 2623 causam
1014 2594 1046 2624 et
1067 2602 1253 2632 processum

275 2634 459 2665 certaminis
478 2634 518 2665 de
535 2635 677 2674 AEschylo
696 2638 729 2667 et
745 2637 894 2677 Euripide
906 2662 915 2677 ,
941 2647 1079 2677 quorum
1095 2640 1253 2678 ¹iudicium

274 2679 451 2710 multitudo
464 2680 588 2720 poscit,
608 2681 730 2712 Baccho
744 2683 961 2722 commissum,
977 2686 1152 2717 738—813.

233 2727 370 2758 AEantis
389 2726 510 2765 tribus,
529 2729 611 2758 Pac.
636 2730 724 2759 1183.

234 2777 368 2811 Qaeuin
385 2773 639 2812 promontorium
654 2773 803 2813 Neptuni,
820 2777 906 2806 Ran.
925 2780 996 2808 665.

233 2820 345 2858 AEqeis
360 2819 482 2857 tribus,
499 2819 578 2850 Ach.
595 2822 667 2859 406,
686 2820 815 2852 Thesm
834 2824 905 2860 898,
925 2825 1010 2854 Ran.
1030 2825 1103 2862 477,
1124 2828 1194 2856 65.1

234 2869 352 2903 AEgeus,
358 2864 411 2903 fr.
432 2869 482 2896 22.
496 2867 613 2919 3AEqeo,
632 2866 918 2906 PandionisfiliO,
937 2871 1071 2909 apatie
1091 2870 1176 2902 data
1200 2880 1251 2903 re-

273 2912 327 2949 91'0
339 2911 422 2952 παρὰ
440 2911 475 2941 τὸ
489 2911 566 2941 ἄστυ
583 2913 670 2953 μέχρι
688 2913 816 2951 Πυθίου,
836 2916 912 2953 Liss.
930 2919 979 2953 58,
1002 2916 1054 2947 tel
1070 2919 1161 2956 ieyio
1183 2919 1250 2959 περὶ

272 2957 307 2987 τὸ
323 2958 412 2996 ἄστυ,
428 2959 468 2988 ut
485 2959 535 2989 est
552 2960 644 2998 Vesp.
664 2960 752 2990 1223.
767 2960 831 2990 Est
842 2960 933 2991 Medi
943 2963 1048 3001 pater
1063 2970 1106 2993 ex
1116 2963 1249 3002 Medea,

275 3005 358 3034 Pac.
376 3006 446 3035 289.

234 3049 337 3088 AEgida
354 3049 602 3089 (Atheniensis),
619 3052 682 3091 Eq.
708 3054 797 3083 1067.

232 3096 422 3133 Eyimius.
419 3105 425 3111 ·
441 3095 513 3133 esus
524 3095 622 3134 filii
640 3097 875 3137 Pamphylus,
892 3101 1043 3138 Dymas,
1072 3101 1210 3139 Dorus,
1229 3110 1250 3132 a

273 3141 394 3192 quibus
412 3143 588 3172 Laconicoe
603 3143 725 3181 tribus,
748 3146 817 3175 not.
832 3145 878 3175 ad
893 3145 947 3176 Pl
967 3144 1100 3185 385fin.

234 3186 356 3225 AEgina,
380 3186 412 3217 in
438 3189 674 3228 quatemplum
700 3190 1016 3231 Esculapii,1⁷..esp
1048 3195 1104 3223 132
1126 3201 1177 3232 sq.
1207 3195 1249 3224 In

271 3229 397 3271 AEqina
409 3233 571 3272 Juppiter
588 3234 741 3270 Ε))άνςιο
758 3236 896 3274 colitur,
913 3245 956 3267 ex
971 3245 1007 3267 eo
1025 3239 1172 3277 tempore
1185 3241 1283 3278 quo

273 3279 307 3308 in
321 3279 473 3309 siccitate
487 3280 613 3310 AEacus
636 3289 713 3311 cum
734 3282 884 3313 collectis
904 3283 1171 3315 Panhellenibus
1194 3287 1249 3316 Jo-

273 3331 346 3354 vem
358 3324 598 3363 venerabatur,
612 3327 675 3366 Eq.
695 3330 784 3358 1253.
795 3329 920 3367 AEqina
934 3329 977 3359 ab
990 3329 1249 3361 Atheniensibus

273 3369 414 3402 subacta
430 3372 463 3402 et
479 3370 647 3403 cleruchis
666 3372 788 3412 divisa,
810 3374 886 3405 Acti.
907 3377 978 3406 654.
995 3375 1047 3407 Ibi
1069 3375 1249 3408 cleruchus

921 221 1074 258 INDEX
1103 219 1337 257 NOMINUM
1366 221 1430 258 ET
1459 222 1650 261 RERUM.

1287 305 1297 344 l

1363 308 1617 347 Aris.tophanes,
1631 311 1714 341 teste
1729 309 2102 352 TheoqeneDeAEqina‚
2115 312 2210 344 Prol.
2225 314 2337 346 XIII

1367 356 1414 389 19,
1430 354 1507 384 coll
1525 356 1586 392 XI,
1605 358 1643 385 32
1663 364 1711 395 sq.
1732 357 1867 395 AEginam
1881 357 1921 389 ab
1937 359 2183 391 Atheniensibus
2196 360 2341 400 flagitant

1363 399 1593 430 Lacedaemonii
1611 401 1660 439 (ut
1676 402 1817 442 tingitur)
1836 404 1877 434 ob
1891 405 2157 445 Aristophanem,
2175 409 2282 446 quiin
2296 415 2337 438 ea

1363 446 1478 476 insula
1498 447 1638 486 praedia
1660 449 1880 489 possidebat,
1911 452 2099 483 secundum
2127 453 2335 492 nonnullos,

1363 491 1443 522 Ach.
1465 497 1534 524 653.
1557 494 1672 533 AEgina,
1688 503 1865 528 commune
1880 501 2083 538 emporium,
2099 502 2188 531 Ran.
2209 503 2280 531 363.

1321 538 1492 577 AEyineta,
1507 541 1540 570 A
1544 540 1596 570 ub
1619 543 1696 572 1356

1320 583 1429 622 Eyle,
1444 587 1588 616 minima
1605 586 1790 619 liberorum
1804 589 1994 630 AEsculapii
2015 599 2058 622 ex
2075 593 2263 632 Lampetia,
2281 592 2337 624 Pl.

1362 631 1432 661 701.

1320 677 1454 716 AEgyptii
1462 679 1493 709 et
1507 677 1674 711 Phoenices
1682 688 1819 711 messem
1831 680 1988 720 incipiunt
1998 684 2133 714 canente
2143 684 2269 723 cuculo,
2281 686 2338 716 Αυ.

1362 725 1540 756 504-506.
1556 726 1649 757 Unde
1659 727 1883 766 proverbium:
1900 728 2026 767 Κόκκυ,
2045 731 2158 761 Ψω).οὶ
2180 731 2319 762 πεδίονδε
2331 754 2339 769 ,

1361 778 1443 801 nam
1456 772 1607 812 AEqyptii
1621 775 1720 805 erant
1735 776 1873 805 recutiti
1887 799 1896 813 ,
1917 777 1988 806 507.
2008 776 2161 815 AEqyptii
2182 779 2273 808 sorte
2291 777 2341 808 di-

1362 817 1522 849 videbant
1544 828 1645 858 aqros
1664 819 1706 854 [v.
1728 820 1812 860 not.]
1825 845 1833 859 ,
1854 821 1941 853 Nub.
1967 824 2037 852 203.
2059 824 2146 853 Sunt
2167 823 2315 854 λινοποιοί
2330 847 2339 862 ,

1364 865 1392 894 T
1392 863 1495 895 hesm.
1511 868 1583 896 935.
1604 867 1769 898 Cramben
1787 869 1918 898 coctam
1935 867 2042 898 edunt
2058 876 2100 899 ne
2116 868 2339 906 inebrientur,

1361 912 1424 950 Eq.
1450 913 1522 942 539,
1545 913 1678 952 AEgyplii
1700 915 1852 945 utuntur
1876 922 2013 953 syrmaea
2043 914 2090 945 acl
2115 914 2342 954 dejiciendam

1361 957 1490 996 alcum,
1509 960 1592 989 Pac;
1614 963 1690 991 1253
1707 969 1756 1001 sq.
1778 961 1941 1001 ,Egyptius
1965 961 2102 991 laterum
2117 961 2262 1000 bajulus,
2280 963 2339 992 Ao.

1363 1007 1442 1036 1133
1455 1014 1504 1046 sq.
1518 1008 1669 1046 AEqyptii
1683 1009 1715 1038 in
1725 1007 1897 1038 comoediis
1911 1009 1951 1039 ut
1971 1007 2137 1049 ἀχθοφόροι
2154 1016 2342 1039 memoran-

1362 1053 1442 1089 tur,
1467 1052 1550 1083 ibid.
1575 1055 1627 1084 Sic
1655 1055 1689 1084 in
1709 1056 1794 1085 Ran.
1825 1056 1902 1085 1406
1924 1078 1932 1092 ,
1959 1054 2016 1085 ‘ubi
2032 1053 2106 1085 vide
2125 1055 2230 1086 schol.
2255 1057 2340 1086 Sunt

1352 1097 1532 1136 fraudum
1545 1102 1804 1131 concinnatores
1820 1100 2022 1131 dexterrimi
2034 1125 2043 1139 ,
2060 1105 2238 1142 πανοῦργοι,
2252 1101 2338 1132 Nub.

1364 1147 1462 1183 1130,
1488 1145 1617 1176 Thesm.
1648 1149 1719 1177 922.
1744 1146 1893 1186 ,Egyptiis
1920 1145 2039 1176 auxilia
2058 1145 2262 1184 contigerunt
2299 1144 2340 1174 ob

1361 1191 1543 1229 pecuniam,
1556 1191 1598 1222 ab
1609 1192 1867 1223 Atheniensibus
1878 1194 1999 1223 contra
2015 1194 2136 1222 Persas
2149 1191 2211 1222 sub
2222 1193 2340 1222 Psam-

1361 1237 1518 1276 ⁷netich0‚
1534 1238 1704 1276 Amaside,
1722 1241 1825 1269 Inaro
1840 1239 1975 1278 reyibus
1993 1239 2088 1278 (quce
2110 1237 2156 1269 acl
2172 1238 2270 1269 Pluti
2296 1237 2341 1268 lo-

1361 1292 1440 1315 cum
1456 1292 1522 1315 non
1533 1285 1747 1324 pertinent),
1766 1285 1820 1315 Pl.
1840 1287 1907 1316 178.
1925 1286 2107 1324 AEqyptius
2127 1293 2149 1315 a
2163 1284 2340 1316 nonnullis

1360 1330 1492 1361 dicitur
1516 1331 1761 1370 Aristophanes
1775 1331 1943 1370 „Protea
1959 1332 2067 1369 XIV,
2089 1335 2116 1362 1.
2135 1332 2341 1371 AEqyptiaca

1361 1377 1493 1416 linqua,
1512 1379 1570 1408 Ao.
1593 1379 1681 1408 1294.

1319 1424 1466 1461 AEgyptus
1478 1445 1487 1460 ,
1503 1426 1561 1454 Ao.
1578 1425 1655 1462 504,
1672 1423 1719 1459 fr.
1734 1425 1794 1455 476
1811 1424 1901 1454 extr.
1919 1426 2084 1463 AEgyptus,
2103 1425 2198 1455 terra
2217 1423 2341 1464 impor-

1361 1470 1459 1508 tuna,
1474 1470 1669 1509 periculosa
1683 1470 1839 1508 navibus,
1859 1469 1990 1501 Thesm.
2006 1472 2077 1501 878.
2092 1472 2260 1510 AEgyptus,
2271 1480 2339 1502 can·

1359 1515 1435 1546 dida
1446 1524 1520 1546 cum
1535 1517 1789 1558 μελανοσυρμαίῳ
1806 1515 1925 1556 populo
1936 1539 1945 1554 ,
1963 1524 1982 1546 a
1997 1515 2070 1548 Nilo
2083 1517 2184 1556 rigata
2195 1539 2204 1555 ,
2220 1517 2265 1548 ib.
2279 1519 2340 1548 856

1359 1570 1408 1602 sq.
1431 1565 1580 1602 ,egyptus
1600 1563 1719 1602 pluviae
1741 1571 1871 1602 expers,
1895 1562 2083 1594 secundum
2101 1563 2314 1595 Herodotum
2326 1575 2340 1602 ,-

1360 1611 1411 1640 est
1426 1609 1620 1641 latronibus
1634 1610 1794 1648 obnoxia,
1810 1609 1901 1640 Nub.
1929 1612 2018 1640 1130.
2033 1611 2213 1641 Frumenti
2234 1613 2340 1650 copio-

1359 1658 1509 1695 sissima,
1530 1661 1588 1688 Ao.
1615 1659 1686 1687 301.
1703 1658 1841 1696 AEqypn
1867 1656 1999 1695 ἕλη,Ρί.
2023 1659 2092 1695 178,
2115 1657 2172 1688 ubi
2190 1657 2266 1688 vide
2284 1666 2340 1689 no-

1361 1704 1431 1734 tam
1448 1703 1713 1735 Hemslerhusii.
1733 1705 1779 1735 ln
1795 1704 1983 1743 Aiqyptum
2003 1703 2131 1735 abeunt
2144 1713 2245 1744 erues
2256 1729 2265 1744 ,
2280 1706 2338 1736 Av.

1363 1753 1452 1781 1136.

1358 1798 1527 1837 AEyyptus
1543 1798 1646 1836 capta
1658 1805 1679 1828 a
1695 1797 1879 1835 Meqabazo
1893 1798 2040 1836 satrapa
2058 1798 2169 1835 Darii,
2187 1799 2244 1828 Av.
2265 1799 2336 1829 484.

1318 1846 1465 1883 AEgyptus
1480 1852 1555 1874 cum
1576 1843 1649 1874 filiis
1674 1844 1909 1883 quinquaginta
1927 1848 2027 1883 Argos
2051 1844 2231 1884 appellens,
2252 1846 2339 1876 Euri-

1357 1890 1448 1929 pides
1465 1890 1652 1929 Archelao,
1676 1892 1712 1921 in
1737 1891 1837 1929 quus
1861 1891 2027 1930 exemplis
2044 1890 2105 1922 hoc
2128 1899 2193 1922 non
2206 1891 2338 1930 sereba-

1359 1939 1438 1975 tur,
1466 1940 1553 1968 Ran.
1583 1940 1796 1968 1206-1208.
1826 1939 1994 1977 ,ἕὲ)’[)1115,
2023 1940 2114 1977 pater
2139 1939 2276 1978 Lyncei,
2300 1941 2338 1970 in

1358 1983 1651 2022 Danaidibusjr.
1672 1987 1743 2022 258,
1759 1983 1828 2014 sch.
1848 1984 1904 2014 Pl.
1920 1987 1978 2014 210
1996 1992 2023 2014 (·.
2040 1986 2109 2015 not.

1316 2030 1448 2061 s-Eolica
1465 2029 1645 2067 dialectics,
1665 2032 1727 2070 Eq.
1749 2032 1821 2068 697,
1842 2030 1933 2060 Νιιῖ).
1949 2033 2022 2070 633,
2039 2033 2112 2069 989,
2134 2033 2228 2071 Υθερ.
2247 2034 2336 2070 1234,

1356 2076 1412 2107 Pl.
1431 2078 1503 2113 493,
1518 2075 1573 2106 Pl.
1591 2076 1663 2114 673,
1681 2077 1750 2106 not.
1766 2078 1852 2107 Rau.
1873 2078 1943 2106 293.

1315 2122 1435 2160 AEoliS,
1451 2125 1538 2153 Ran
1558 2125 1609 2161 33,
1626 2125 1697 2153 698.

1316 2168 1502 2206 Eolosicon,
1516 2167 1638 2202 fabula
1651 2167 1913 2207 Aristophanis:
1932 2176 1960 2198 v.
1971 2167 2026 2207 sr.
2045 2171 2215 2208 109—-123,
2232 2179 2263 2210 p.
2278 2172 2338 2202 463

1355 2223 1406 2255 sq.
1427 2214 1545 2251 Qualis
1560 2214 1686 2254 fuerit,
1701 2216 1750 2245 Pi
1752 2215 1796 2245 ol
1815 2216 1847 2254 1,
1865 2216 1998 2246 31—43.

1315 2262 1448 2300 AEolus,
1463 2264 1566 2302 pater
1583 2264 1736 2294 Macarei
1761 2264 1793 2293 et
1813 2262 1986 2293 Canaches
2011 2270 2054 2293 ex
2070 2261 2221 2294 eadem
2209 2272 2336 2304 uxore,

1355 2309 1398 2339 ab
1414 2308 1580 2348 Euripide
1595 2310 1631 2339 in
1644 2317 1744 2340 scena
1759 2308 1931 2339 exhibitus
1943 2333 1953 2347 ,
1972 2308 2063 2339 Nub.
2084 2312 2173 2340 1371.

1315 2355 1416 2386 AEolus
1429 2379 1437 2394 ‚
1456 2355 1613 2394 tragoedia
1629 2355 1787 2396 Euripidis
1799 2376 1809 2391 ‚
1828 2358 1916 2387 Ran.
1943 2358 2021 2395 863,
2042 2357 2077 2386 in
2098 2364 2168 2397 qua
2188 2357 2337 2388 incestus

1355 2410 1465 2441 amor,
1482 2404 1553 2433 849.

1314 2451 1374 2479 Aer
1390 2448 1568 2479 immensus
1580 2471 1588 2486 ,
1608 2447 1664 2488 qui
1679 2449 1798 2479 terram
1820 2447 1992 2479 sublimem
2007 2449 2113 2488 tenet,
2127 2457 2171 2480 ex
2189 2449 2336 2489 philoso-

1350 2495 1502 2534 phorum
1514 2496 1684 2526 sententia
1704 2496 1739 2525 in
1756 2494 1866 2526 ¹medio
1884 2495 2032 2533 mundo,
2047 2498 2091 2535 τῷ
2106 2496 2195 2526 παντί
2211 2518 2220 2534 ,
2246 2496 2338 2536 quod

1355 2549 1416 2571 aer
1432 2543 1505 2579 est,
1523 2543 1768 2579 constitutam,
1793 2543 1828 2571 ut
1853 2541 1933 2571 deus
1956 2541 2125 2571 invocatur
2148 2549 2167 2571 a
2185 2544 2336 2581 Socrate,

1356 2588 1447 2618 Nub.
1471 2590 1540 2619 264.
1559 2592 1618 2618 Per
1638 2591 1752 2619 Aerem
1780 2588 1867 2626 jurat
1895 2590 2037 2618 Socrates
2051 2611 2060 2627 ,
2090 2587 2177 2619 Nub.
2202 2591 2260 2620 627
2274 2612 2284 2628 ,
2304 2591 2337 2621 et

1354 2634 1520 2671 Socratici,
1541 2634 1584 2664 ib.
1601 2636 1672 2665 667.

1313 2680 1390 2711 .Ετθί
1407 2680 1496 2710 numi
1520 2689 1526 2709 :
1549 2679 1713 2710 decretum
1727 2689 1745 2709 a
1759 2688 1907 2719 pra-cone
1921 2679 2158 2719 promulgatum
2177 2689 2184 2710 :
2199 2684 2246 2712 Ne
2263 2680 2336 2720 quis

1354 2736 1455 2758 aereos
1480 2735 1596 2757 numos
1624 2727 1781 2767 accipiat;
1811 2730 1941 2766 argento
1965 2726 2050 2757 enim
2074 2727 2214 2767 utimur,
2239 2728 2334 2760 Eccl.

1354 2776 1528 2805 815—822.

1314 2823 1439 2860 Aerope
1455 2821 1647 2861 πορνεύουσα
1661 2822 1693 2850 in
1715 2820 1930 2851 Cretensibus
1947 2820 2139 2860 Euripidis,
2156 2823 2242 2852 Ran.
2261 2824 2332 2853 849.

1354 2870 1480 2906 Aerope
1493 2869 1526 2898 et
1539 2869 1662 2898 Atreus
1682 2869 1717 2897 in
1739 2869 1866 2898 Cressis
1891 2867 2084 2907 Euripidis,
2107 2870 2200 2907 l'esp.
2219 2870 2290 2899 763.

1311 2912 1652 2951 AEschiuadesmomen
1662 2913 1787 2952 rustici]
1799 2924 1807 2952 3
1820 2912 2007 2945 secundum
2022 2914 2205 2946 nonnullos
2215 2921 2334 2946 nomen

1353 2960 1514 2997 tibicinis,
1532 2961 1614 2991 Pac.
1638 2961 1725 2989 1154.

1312 3006 1478 3037 ,Eschines
1501 3005 1691 3043 AEschines,
1707 3005 1779 3036 Selli
1793 3005 1890 3044 tilius,
1904 3006 2152 3047 ψευδαμάμαξυς,
2169 3005 2330 3045 mendax,

1356 3053 1450 3091 resp.
1471 3055 1529 3082 325
1543 3075 1551 3090 ,
1567 3051 1664 3082 homo
1683 3060 1837 3091 pauper,
1857 3052 1900 3083 ib.
1923 3055 2011 3084 1267.
2038 3052 2179 3083 AEscliine
2197 3051 2332 3083 Sellartii

1351 3096 1417 3128 nno
1434 3098 1466 3128 in
1480 3097 1586 3137 ignem
1600 3097 1751 3137 imposito
1770 3099 1817 3128 tac
1832 3098 1968 3136 sumum,
1986 3107 2065 3129 nam
2081 3100 2157 3129 erat
2169 3098 2332 3135 καπνώδης

1351 3145 1405 3181 τὴν
1420 3144 1521 3182 φύσιν,
1539 3144 1776 3184 ‹limbaula-orm,
1793 3144 1873 3175 ibid.
1893 3147 1964 3176 459.
1984 3144 2146 3183 ,Escliinis,
2159 3143 2329 3184 Sellifilii,

1352 3198 1428 3229 opes
1444 3198 1556 3221 omnes
1577 3190 1648 3222 sitae
1670 3194 1760 3221 erant
1781 3191 1814 3221 in
1835 3191 2062 3229 Nubicuculia,
2090 3199 2171 3222 nam
2194 3197 2332 3231 pauper

1351 3237 1489 3268 divitem
1507 3245 1541 3267 se
1560 3245 1626 3277 per
1644 3238 1829 3267 vanitatem
1839 3236 2000 3276 serebat,
2018 3238 2075 3268 Ao.
2105 3238 2177 3268 823.
2202 3237 2247 3267 In
2272 3235 2331 3266 Vo-

1351 3285 1420 3322 spis
1434 3282 1605 3321 AEschines,
1623 3282 1696 3314 Selli
1711 3282 1808 3322 silius,
1821 3283 1872 3313 vir
1891 3282 2016 3322 sapiens
2030 3284 2063 3314 et
2077 3281 2231 3319 musicus,
2244 3279 2331 3312 canit

1351 3330 1508 3370 scolium,
1541 3339 1606 3370 quo
1631 3331 1812 3369 jactantia
1838 3331 1911 3370 eius
1930 3331 2202 3371 perstrinqitur‚
2233 3330 2325 3369 Vesp-

1356 3378 1567 3409 1243-1246.
1591 3380 1668 3408 Nam
1685 3379 1733 3408 est
1748 3376 1831 3408 inter
1846 3376 2009 3416 consivas,
2023 3375 2067 3408 ib.
2086 3377 2174 3408 1220.
