2517 3792
1169 198 1196 234 P
1204 195 1315 232 LUTl
1325 226 1331 234 .

242 291 330 340 957,
350 289 397 325 52
417 289 454 325 ἐκ
473 300 596 336 μεταφ.
622 288 683 331 V„
700 285 764 333 qui
788 287 900 326 κακῶς
925 283 1116 321 κοπέντων.
1137 286 1202 320 Ce-

189 350 258 386 teri
276 346 413 400 φαύλως
421 342 714 393 διακεκομμένων.
727 365 769 374 -
786 343 829 385 54
843 343 962 394 μερίδα
972 350 1199 390 vocatquam

188 406 351 454 σύστημα
380 402 598 440 scholiastes
621 400 667 437 ad
701 414 734 436 v.
761 401 849 444 863,
876 415 955 435 eum
980 414 1056 435 esse
1079 404 1202 447 partis

188 466 384 499 deterioris.
408 463 552 496 HssmsT.
760 492 768 501 ,

241 521 331 569 959,
355 520 426 561 4-8
445 531 517 554 om.
535 519 644 553 ctrun
661 517 706 554 Θ.
725 545 762 548 -
787 529 810 564 9
828 515 900 552 ἐστι
921 529 994 552 om.
1017 519 1061 552 V.
1078 514 1203 566 πρότε-

191 593 273 629 ρον,
298 591 342 612 10
365 590 438 611 νεον
465 589 541 610 τινα
564 574 619 610 ἐπὶ
643 589 691 609 τι)
712 573 978 624 συαφΟείρεσΟαι
1007 573 1092 622 αὐτῇ
1111 576 1201 621 Reg.

189 634 247 672 ἐπὶ
269 649 308 671 το
335 635 380 669 V.
401 657 441 664 --
464 646 502 668 11
539 634 556 668 ὁ
584 630 617 668 δὲ
638 632 834 675 πλουτίσας
858 629 1097 681 ἀνεχώρησεν,
1124 633 1145 674 ἡ
1167 628 1202 666 δὲ

190 690 344 730 >tetracos
358 695 399 727 V.
419 691 523 726 Idem
539 690 639 726 aliud
655 689 700 725 ad
717 689 818 725 hunc
834 702 868 724 v,
889 689 1058 724 scholion
1077 688 1111 723 h
1114 687 1202 734 ibet,

185 753 293 800 γραῦς
312 748 396 800 πρὸς
413 747 469 785 τὸν
485 747 585 799 χορὸν
608 749 674 784 τῶν
692 746 871 798 γερόντων.
892 749 913 791 ἡ
935 745 1015 794 φίλη
1036 747 1095 781 τοῦ
1122 759 1204 781 νεα-

189 807 282 844 νίου·
309 806 412 856 quod
435 819 507 842 om.
525 809 569 841 G.

242 866 332 914 961,
370 865 413 900 16
441 863 515 900 ἀντὶ
543 866 602 899 τοῦ
638 863 813 903 παντελῶς
839 864 884 900 V,
917 873 990 896 om.
1023 863 1068 896 G.
1088 883 1128 889 —
1160 873 1201 905 17

192 922 418 974 Ἐσφάλημεν
434 934 510 959 om.
530 924 645 957 DorV.
668 947 708 952 -
729 932 773 966 19
793 918 940 968 γίνωσκε
959 930 1033 953 orn.
1053 917 1098 954 Θ.

244 982 334 1030 963,
356 993 398 1015 21
434 978 504 1016 Καὶ
523 992 650 1028 προσπ.
674 980 719 1012 V.
752 1000 787 1006 -
807 989 853 1011 22
888 974 945 1011 καὶ
979 974 1204 1026 μειρακίσκην

194 1036 254 1087 μὲν
276 1037 400 1074 omisit
417 1036 552 1073 Suidas
570 1035 607 1070 in
628 1033 800 1084 Ὡρικῶς,
815 1045 899 1081 quae
916 1040 1040 1068 tamen
1068 1040 1108 1067 nt
1136 1032 1206 1068 ad-

192 1097 288 1141 sint,
309 1107 437 1132 sensus
467 1093 589 1142 poscit
618 1106 625 1126 :
652 1091 834 1126 rationem
860 1090 959 1126 enim
985 1090 1075 1134 ista,
1096 1089 1149 1126 διὰ
1168 1089 1206 1126 τὸ

191 1151 424 1206 τεθρυμμένον
443 1156 501 1189 τοῦ
521 1153 719 1202 ὠραϊσμοῦ,
738 1150 955 1194 continent,
974 1163 1043 1186 cur
1063 1150 1205 1186 facetus

192 1225 305 1250 senex
335 1210 559 1258 Chremylus
592 1208 826 1258 prurientem
860 1221 995 1254 anum,
1023 1208 1206 1244 indecoro

191 1268 367 1306 comendi
396 1267 522 1304 studio
542 1266 704 1315 virgines
723 1273 829 1302 aetate
859 1265 1035 1301 florentes
1052 1266 1206 1301 aemula-

193 1336 288 1372 tam,
309 1325 444 1375 appell·
438 1339 479 1360 iv
485 1325 554 1360 erit
579 1322 817 1375 μειρακίσκην.
849 1326 992 1360 Hm1sr.
1016 1347 1054 1354 -
1075 1325 1121 1359 23
1152 1337 1205 1373 sq.

193 1387 245 1422 sic
264 1386 304 1422 in
321 1388 365 1421 V.
387 1387 431 1421 In
453 1384 497 1422 Θ
520 1383 603 1419 Ald.
623 1384 686 1433 ὡρ.
713 1380 748 1418 δὲ
769 1382 990 1432 (νεωτερικῶς
1013 1383 1120 1419 ‘iddit
1145 1384 1205 1433 Θ.)

192 1442 214 1489 ἢ
233 1444 410 1493 εὐπρεπῶς
423 1441 444 1487 ἢ
467 1440 555 1478 κατὰ
574 1439 704 1492 καιρόν.
720 1444 790 1476 Per
793 1441 845 1489 git
865 1441 908 1478 Θ.
929 1444 1030 1477 τοῦτο
1057 1440 1091 1477 δὲ
1111 1445 1204 1479 εἶπον

192 1503 222 1539 οἱ
238 1516 277 1551 ·ε(
270 1500 392 1552 ’ροντες
406 1498 613 1542 ἀκούσαντες
626 1500 706 1550 παρ’
726 1499 840 1542 αὐτῆς.
853 1499 952 1534 ..28
965 1497 1204 1543 ἔνηοοιΡειιι5.

245 1560 335 1607 964,
359 1558 441 1594 32
427 1556 475 1600 εξε
465 1555 636 1606 .οχμε’νων
654 1556 715 1602 Θ.,
736 1556 801 1604 qui
819 1556 866 1592 38
887 1555 991 1592 ἄδικα
1012 1555 1142 1592 habet.
1165 1580 1206 1587 -

196 1621 240 1659 41
263 1618 323 1651 τοῦ
341 1617 420 1666 ὁρᾶν
441 1613 663 1652 Schaefezffus

246 1686 335 1721 970,
356 1672 402 1715 45
425 1665 556 1708 οἰδεῩ.
579 1672 625 1709 Θ.
646 1672 751 1714 -46
772 1670 901 1722 ἅραν.
920 1672 1151 1716 -47ὄιςΙὶ,
1161 1674 1204 1707 V.

193 1733 229 1769 δὲ
246 1746 320 1769 om.
335 1736 393 1777 V.‚
412 1741 498 1781 post
514 1729 765 1783 πανδοκεύτρια
787 1731 894 1780 ponit
915 1735 961 1768 R.
983 1730 1206 1767 uVocabulo

193 1789 446 1841 πανδοκεύτρια
469 1789 647 1825 nimirum
679 1802 766 1825 usus
792 1790 913 1825 fuerat
935 1789 1207 1838 Aristophanes

194 1861 308 1898 supra
330 1861 364 1883 v.
389 1848 477 1891 426.
499 1847 560 1883 Sic
578 1855 614 1882 et
632 1845 822 1892 πανόπτης,
844 1844 1057 1897 πανόπτρια·
1077 1859 1208 1895 quam-

194 1907 251 1942 vis
275 1905 415 1954 alioqui
438 1905 517 1941 vice
535 1903 740 1956 μαθητρίδος
761 1913 798 1940 et
817 1903 1040 1956 ὀρχηστρίδος
1055 1933 1064 1950 ,
1091 1903 1208 1953 μαθή-

193 1979 290 2016 τριαν
309 1971 346 2000 et
365 1963 575 2027 ὃρχήστριαν
596 1963 723 1999 efferri
744 1976 818 1998 non
836 1963 982 2011 placeat
1002 1962 1207 2000 fastidiosis

197 2022 387 2060 Atticismi
416 2021 612 2070 magistris.
654 2024 695 2057 In
726 2022 773 2069 gl.
803 2023 921 2056 Dorv,
952 2020 1065 2057 scribi
1097 2020 1209 2058 debet

196 2079 374 2132 ψεύστρια.
391 2096 405 2111 »
420 2081 567 2115 HEMST.
589 2081 681 2127 Re«.
673 2076 883 2129 .;-ὥσπερ
899 2076 1054 2127 μαθητης
1070 2093 1129 2114 και
1142 2094 1208 2115 αα-

197 2139 344 2186 Θήτρια,
365 2135 424 2173 καὶ
441 2134 592 2181 αὐλητὴς
614 2151 671 2172 και
692 2134 778 2172 αὐλ
749 2150 871 2186 ητρια.
904 2135 975 2182 Qui
995 2135 1019 2170 l.
1043 2135 1089 2171 50
1105 2137 1207 2180 -νσθα-

251 2209 340 2244 972,
359 2195 405 2230 52
433 2191 524 2230 Ἰὸ”
506 2208 616 2235 επινες
634 2193 716 2245 παρ’
733 2197 776 2229 V.
810 2196 924 2229 «Hoc
948 2193 1076 2241 priore
1097 2193 1208 2229 scho—

197 2253 249 2289 lio
264 2281 274 2297 ,
300 2252 402 2301 quod
425 2252 610 2287 vetustius
632 2251 861 2299 minimeque
889 2251 1208 2287 contemnendum

198 2311 328 2347 finitur
355 2310 393 2345 in
416 2309 473 2345 his
506 2308 634 2345 verbis
666 2310 702 2358 (l.
728 2308 761 2344 5³
787 2302 872 2360 ᾧᾶν
892 2306 1055 2358 λάχωσι,
1089 2311 1210 2346 caruit

198 2367 321 2405 Suidae
342 2366 473 2412 codeX,
493 2367 533 2403 in
550 2367 681 2416 paucis
704 2367 765 2402 ille
786 2365 937 2415 quidem
962 2365 1009 2402 ab
1027 2365 1111 2403 edd.
1135 2380 1207 2402 no-

198 2425 284 2461 stris
307 2423 524 2469 discedens,
557 2423 621 2459 sed
648 2435 731 2471 quae
758 2430 881 2458 tamen
899 2437 975 2458 non
1002 2424 1209 2471 neglexisse

198 2495 326 2532 operae
345 2481 392 2517 sit
409 2481 576 2530 pretium
595 2493 603 2517 :
629 2479 719 2517 Ἀλλ’
736 2480 774 2515 οὗ
788 2504 827 2510 -
843 2479 1037 2531 γράμματι,
1057 2479 1210 2532 Ἀριστο-

198 2538 306 2591 φᾶνης
316 2537 392 2574 ἀντὶ
402 2541 462 2575 τοῦ
475 2537 625 2581 ἐδίκαζες
640 2537 722 2588 (ista
732 2538 845 2574 recidi
854 2547 876 2583 t,
892 2539 956 2587 qui
968 2539 1209 2588 descripsisse

197 2597 352 2634 Suidam
369 2596 529 2643 videtur,
547 2596 658 2632 Mich.
671 2596 840 2644 Apostol.
859 2609 893 2640 2,
909 2596 1208 2645 85,ettanquam

197 2655 350 2704 vulgare
374 2653 616 2703 proverbium
639 2666 833 2703 exponens
863 2653 1033 2701 addidit,
1066 2653 1122 2690 ἐπὶ
1141 2656 1209 2691 τῶν

199 2710 405 2761 μεθυόντων)
423 2725 431 2732 ·
455 2713 486 2748 οῖ
512 2710 578 2763 γὰρ
600 2711 770 2756 Ἀθηναῖοι
799 2709 888 2747 κατὰ
924 2711 1072 2777 γράμμα
1102 2713 1210 2757 ἐκλη-

200 2772 318 2833 ροῧντο
346 2768 414 2806 ἀπὸ
430 2771 499 2806 τῶν
521 2767 542 2805 ι’
564 2769 680 2821 φυλων
711 2770 864 2818 (omisso
886 2771 1036 2806 numeri
1065 2771 1210 2807 denarii

200 2828 306 2875 signo
323 2826 458 2875 adjecit
474 2830 608 2875 Apost.
633 2827 665 2863 δε
669 2842 713 2863 κα
734 2825 768 2863 δὲ
779 2831 867 2873 ἦσαν
887 2830 920 2864 αἱ
939 2827 1056 2877 φυλαί)
1073 2844 1080 2850 ·
1102 2822 1170 2865 οἷον
1187 2831 1209 2873 ἡ

199 2881 320 2934 πρώτη
336 2882 375 2920 τὸ
391 2883 482 2935 ἄλφα
501 2887 573 2934 εἶχε
590 2890 745 2932 σημεῖον,
764 2886 816 2931 ἡ
799 2898 938 2937 σευ-τερα
957 2884 996 2922 τὸ
1015 2888 1048 2935 β,
1067 2885 1124 2922 καὶ
1138 2886 1212 2937 ἐφε-

200 2940 258 2986 ξης
268 2939 371 2991 μέχρι
383 2944 442 2977 τοῦ
453 2955 486 2977 κ.
504 2942 650 2990 (Apost.
663 2957 701 2978 το
714 2942 817 2994 ἄλφα,
829 2946 849 2987 ἡ
862 2942 897 2995 δε
915 2943 947 2979 62
936 2942 1055 2995 υτέρα
1068 2943 1107 2980 τὸ
1123 2946 1210 2993 βῆτα

200 2993 273 3048 εἶχε
286 3003 446 3046 σημεῖον
441 2996 545 3048 μέχρι
560 3001 619 3034 τοῦ
633 2999 767 3036 κάππα.
771 2999 869 3050 >δέκα
880 3000 972 3052 γὰρ
958 3001 1071 3037 φυλῶν
1087 3002 1209 3047 οὖσων,

201 3061 315 3098 δέκα’
300 3059 454 3111 εγένοντο
471 3061 629 3098 δικασταί
643 3062 653 3103 (
665 3065 796 3112 Apost.
817 3063 966 3113 ἐγίνοντο
983 3064 1209 3117 δικαστήρια·

201 3119 522 3168 quamlectionem
530 3132 578 3155 ne
588 3120 670 3168 quis
686 3129 824 3157 temere
837 3129 1004 3170 spernat,
1014 3122 1209 3158 consulen-

202 3177 272 3213 dus
287 3183 342 3212 est
355 3176 473 3213 schol.
494 3175 541 3211 ad
556 3190 588 3212 V.
600 3176 708 3227 277)·
724 3180 741 3214 ὃ
754 3172 810 3214 οὖν
819 3176 937 3226 λαχὼν
952 3177 991 3214 τὸ
1009 3177 1103 3230 ἄλφα
1112 3180 1211 3229 πρῶ-

206 3248 257 3275 τος
272 3233 322 3282 (ἰά
351 3241 407 3269 est
425 3233 459 3269 ἐν
485 3234 534 3284 τῷ
549 3232 675 3285 πρώτῳ
693 3235 903 3287 δικαστηρίῳ
918 3237 968 3286 τῷ
987 3234 1115 3287 Ἄλφα)
1140 3235 1211 3272 ἐδί-

201 3293 296 3336 καζε,
315 3289 374 3327 καὶ
395 3291 437 3339 (οἱ
457 3298 558 3327 recte
573 3291 783 3341 interponit
795 3291 943 3341 Apost.)
959 3291 1057 3328 ἄλλοι
1074 3291 1209 3340 ὁμοίως.

203 3347 310 3399 Τάχα
326 3342 384 3386 οῧν
403 3347 458 3394 σὺ,
481 3350 577 3400 φησὶ,
597 3349 753 3399 λαχοῦσα
773 3350 835 3385 οὐκ
851 3349 1017 3395 ἐδίκαζες,
1039 3350 1116 3386 ἀλλ’
1134 3348 1209 3385 ἔπι-

2199 209 2270 241 595,

1261 296 1322 323 νες.
1353 286 1407 319 Ex
1429 284 1483 320 liis
1505 298 1620 333 (pium
1640 286 1806 323 dilucide
1823 286 2040 336 colligatur,
2067 287 2157 325 illud
2179 289 2275 325 anti—-

1261 341 1404 388 quioris
1441 351 1563 387 nolte,
1602 344 1705 392 quod
1743 344 1847 390 dixi,
1880 353 1917 381 ct
1944 344 2015 380 hoe
2042 354 2235 383 enotatum
2254 360 2274 382 a

1262 398 1378 434 Suida
1399 399 1568 435 scholion
1596 400 1733 436 diversi
1762 403 1927 450 parentis
1953 416 2030 438 esse
2062 403 2211 450 fictum,
2238 405 2274 440 in

1263 468 1377 491 unum
1398 465 1519 492 tamen
1545 466 1715 505 utraque,
1735 459 1832 494 xclut
1855 460 1958 495 nullo
1982 460 2198 497 discrimine
2218 475 2276 498 sc-

1257 512 1403 561 juncta,
1423 516 1705 551 conflaruntJo.
1727 520 1864 554 Πρω-5.
1884 521 1938 553 Dc
1956 519 2140 555 Archont.
2159 522 2192 563 ¹3,
2217 533 2274 565 ιο,

1262 580 1298 606 et
1325 575 1361 607 S.
1388 572 1497 607 Petit.
1521 572 1566 606 ad
1588 575 1656 608 LL.
1680 576 1757 608 ΑΛ.
1780 587 1815 623 p.
1844 577 1912 621 196
1932 590 1938 610 2
1960 589 2034 624 quo
2053 577 2275 622 factumest,

1263 638 1302 665 ut
1329 630 1365 664 in
1384 642 1552 665 errorem
1573 629 1796 676 inciderint,
1814 632 1877 667 scd
1903 633 2012 681 plane
2030 635 2275 680 contrarium,

1263 687 1352 723 dum
1375 687 1435 723 hic
1453 687 1500 723 de
1517 687 1755 723 senatoribus
1775 698 1923 736 cuncta,
1945 690 1991 726 de
2007 690 2199 739 judicibus
2215 692 2276 729 ille

1263 745 1550 794 interpretatur.
1584 746 1698 793 Atqui
1716 759 1789 781 non
1814 755 1937 795 potest
1959 747 2136 795 dubitari,
2163 749 2276 785 modo

1264 805 1347 852 quis
1366 804 1533 839 animum
1553 803 1774 846 attenderit,
1801 805 1890 853 quin
1918 807 2038 841 solnm
2060 815 2274 843 senatorum

1264 861 1435 898 ordinem
1455 861 1573 910 prius,
1601 861 1759 897 alterum
1781 863 2164 912 conscssusjudicum
2190 872 2275 900 tan-

1263 927 1336 968 gat.
1362 922 1536 956 Ceterum
1558 919 1660 967 quod
1675 920 1815 955 Petitus
1831 921 1988 957 rescribi
2002 921 2111 970 jubet
2131 921 2221 958 κατὰ
2238 921 2277 958 τὸ

1263 976 1411 1028 γράμμα
1433 990 1502 1026 pro
1525 976 1584 1013 καὶ
1603 976 1641 1013 τὸ
1659 976 1818 1028 γράμμα,
1839 986 1874 1014 et
1893 979 1925 1014 ἐν
1949 981 1997 1030 τῷ
2011 980 2192 1031 γράμματι
2207 993 2277 1029 pro

1264 1034 1507 1086 γραμματείῳ,
1527 1034 1753 1083 jamdudum
1769 1044 1853 1071 ante
1868 1038 2055 1073 Meursius
2077 1051 2151 1074 non
2171 1038 2278 1074 aliter

1265 1093 1304 1128 i1.
1325 1093 1418 1141 ipsis
1440 1092 1649 1128 scholiastae
1671 1092 1793 1128 verbis
1815 1092 2013 1130 exhibuit:
2035 1108 2163 1131 verum
2186 1108 2278 1131 neu-

1267 1159 1323 1187 ter
1335 1150 1600 1187 animadvertit
1618 1151 1701 1186 vice
1717 1150 1774 1186 καὶ
1793 1150 2011 1188 ἐδουλεύοντο
2027 1146 2132 1199 οὗτοι,
2156 1155 2278 1201 legen-

1265 1208 1354 1244 dum
1377 1222 1457 1244 esse
1477 1205 1602 1249 οὕτως·
1626 1208 1803 1243 nimirum
1830 1208 1919 1245 κατὰ
1944 1209 1983 1246 τὸ
2008 1209 2175 1261 γράμμα,
2207 1211 2277 1255 vol,

1265 1267 1295 1302 si
1315 1266 1398 1315 quis
1426 1266 1499 1302 hoc
1531 1265 1627 1301 forte
1643 1294 1651 1310 ‚
1682 1279 1740 1301 me
1773 1280 1848 1301 non
1869 1267 2013 1313 invito,
2036 1268 2165 1312 malit,
2189 1267 2279 1304 κατὰ

1264 1322 1456 1374 γράμματα
1473 1336 1480 1343 ·
1501 1322 1819 1372 quemadmodum
1837 1323 1901 1360 diu
1916 1334 2001 1360 ante
2014 1324 2161 1373 judices
2177 1334 2278 1361 sorte

1267 1382 1367 1427 duci,
1391 1384 1506 1430 inque
1524 1394 1590 1417 sua
1605 1381 1765 1430 quisque
1784 1381 1986 1418 tribunalia
2004 1383 2101 1418 mitti
2119 1396 2277 1419 consue-

1266 1449 1409 1476 verant.
1432 1443 1618 1476 Praeterea
1635 1440 1779 1475 Petitus
1796 1438 1852 1475 ἐπὶ
1870 1440 2099 1477 Γλαυκίππου
2117 1453 2279 1489 sequen-

1268 1497 1367 1534 tibus
1385 1497 1660 1533 adnectendum
1674 1497 1831 1543 censuit,
1847 1498 2078 1547 suffragante
2096 1499 2278 1534 Kustero:

1267 1570 1334 1606 ego
1359 1555 1515 1593 Meursii
1536 1555 1719 1590 rationem
1741 1554 1939 1603 approbo,
1965 1557 2029 1604 qui
2052 1556 2188 1593 Latine
2208 1558 2279 1592 de—

1267 1615 1347 1651 dit:
1376 1618 1502 1662 Inquit
1518 1618 1613 1649 enim
1637 1614 1872 1648 Philochorus
1892 1613 1957 1649 sub
1984 1616 2196 1662 Glaucippo.
2232 1617 2282 1650 Ee

1265 1683 1412 1710 senatus
1435 1681 1507 1709 etc.
1533 1687 1540 1707 :
1564 1672 1686 1707 solent
1711 1672 1808 1707 enim
1833 1673 2064 1721 grammatici
2087 1687 2161 1709 non
2183 1686 2280 1719 raro,

1267 1733 1447 1780 quoniam
1477 1729 1727 1766 Philochorus
1755 1729 1950 1766 historiam
1984 1744 2088 1766 suam
2117 1731 2280 1767 Atticam

1267 1789 1475 1826 secundum
1504 1801 1623 1824 annos
1654 1791 1798 1837 Regum
1821 1797 1935 1837 atque
1956 1789 2191 1825 Archontum
2221 1789 2282 1825 di-

1265 1855 1444 1897 gesserat,
1457 1844 1513 1882 ἐπὶ
1526 1844 1767 1890 Γλαυκίππου,
1782 1845 1838 1882 ἐπὶ
1855 1846 2009 1883 Καλλίου
2024 1846 2130 1882 verbi
2149 1847 2281 1896 gratia,

1268 1916 1448 1956 tanquam
1479 1904 1663 1953 temporis
1694 1904 1856 1939 indicem
1881 1917 1923 1939 ac
1952 1904 2099 1940 titulum
2125 1917 2281 1952 ponere,

1267 1964 1337 2002 sub
1361 1977 1437 2013 quo
1454 1976 1514 1999 res
1535 1961 1615 2011 ejus
1634 1962 1851 1998 testimonio
1868 1963 2091 1997 confirmata
2123 1963 2280 2010 reperiri

1267 2031 1392 2072 queat.
1408 2026 1548 2058 Verum
1567 2020 1665 2056 idem
1678 2021 1869 2056 Meursius
1880 2019 2034 2068 quando
2053 2021 2166 2063 istaec,
2182 2023 2283 2055 τοῦτο

1268 2079 1303 2117 δὲ
1328 2079 1384 2130 ἀφ’
1405 2078 1519 2130 ἑτέρου
1541 2077 1632 2114 ἐστὶν
1656 2079 1887 2128 ἑρμηνεῦσαι,
1918 2078 1970 2113 sic
1991 2078 2125 2113 Latine
2149 2077 2277 2113 reddi-

1269 2138 1347 2184 dit,
1384 2138 1474 2172 illud
1496 2145 1617 2171 autem
1644 2135 1692 2170 ab
1718 2138 1791 2170 alio
1817 2143 1938 2182 potest
1953 2137 2155 2181 eaeplicctri,
2190 2134 2279 2182 quid

1270 2196 1443 2238 voluerit,
1467 2206 1621 2243 prorsus
1646 2193 1781 2242 ignoro
1797 2206 1806 2228 z
1824 2205 1952 2228 sensus
1969 2199 2024 2228 est
2047 2192 2126 2227 sine
2144 2191 2280 2227 dubio:

1269 2257 1365 2288 illius
1386 2261 1521 2296 autem,
1543 2249 1654 2291 ἔπινες
1670 2250 1704 2285 ἐν
1725 2251 1774 2301 τῷ
1793 2248 1994 2301 γράμματι,
2020 2250 2282 2296 interpretans&

1268 2315 1442 2346 rationem
1465 2310 1614 2345 alitcmle
1641 2310 1771 2343 ducere
1796 2310 1880 2342 licet
1901 2321 1912 2341 .·
1938 2307 2032 2342 nihil
2062 2307 2134 2342 hoc
2165 2305 2281 2349 aliud,

1269 2382 1380 2418 quam
1400 2367 1660 2403 adsumentum
1677 2365 1783 2401 futile
1803 2365 2032 2400 scholiorum
2054 2363 2280 2406 collectoris,

1269 2426 1334 2475 qui
1361 2432 1462 2461 certe
1491 2423 1744 2472 opportunius
1767 2422 1829 2458 hic
1858 2423 2024 2458 solemne
2051 2421 2144 2457 illud
2170 2419 2282 2460 ἄλλως

1269 2483 1526 2532 interjecisset,
1550 2494 1662 2529 quam
1678 2481 1847 2529 ineptam
1868 2479 2040 2516 laciniam
2063 2494 2070 2515 :
2091 2492 2176 2514 nam
2197 2491 2280 2514 ma-

1270 2542 1405 2577 nifesto
1430 2539 1558 2589 prodit
1576 2551 1613 2574 se
1635 2539 1853 2586 neutiquam
1876 2544 2085 2573 assecutum
2110 2548 2191 2571 esse
2214 2548 2280 2571 ve-

1271 2599 1358 2636 teris
1379 2597 1589 2634 scholiastae
1620 2604 1810 2639 mentem,
1853 2595 1917 2643 qui
1954 2603 2055 2630 recte
2087 2593 2280 2630 Comicum

1270 2656 1426 2705 intelligi
1453 2654 1533 2690 vult
1554 2667 1599 2690 ex
1625 2654 1691 2699 iis,
1715 2667 1799 2702 quae
1822 2652 1867 2688 de
1892 2651 2064 2700 judicum
2085 2650 2281 2686 sortitione

1270 2727 1385 2763 supra
1406 2714 1554 2749 fuerant
1572 2711 1618 2747 ad
1638 2724 1673 2747 V.
1693 2724 1764 2756 277
1785 2710 1985 2759 praedicta,
2005 2708 2070 2745 sed
2090 2721 2190 2743 nunc
2217 2721 2280 2743 so-

1270 2773 1344 2808 lum
1371 2784 1418 2806 ex
1440 2769 1669 2806 Philochoro
1690 2767 1883 2817 prioribus
1909 2766 2014 2802 addit
2044 2778 2180 2801 novam
2208 2764 2281 2800 ob—

1270 2830 1519 2867 servationem
1543 2843 1550 2862 :
1575 2828 1611 2863 in
1629 2841 1702 2875 qua
1722 2826 1824 2874 quod
1839 2825 1995 2873 legimus
2012 2825 2060 2873 τῷ
2078 2821 2143 2874 πρὸ
2159 2820 2279 2858 τούτου

1270 2887 1351 2934 ἔτει,
1371 2900 1448 2923 non
1468 2893 1523 2922 est
1547 2885 1686 2920 nullius
1711 2882 1905 2925 momenti,
1930 2894 2000 2916 nec
2023 2890 2160 2916 temere
2184 2893 2280 2927 prae—

1271 2944 1492 2982 tereundum
1509 2956 1515 2976 :
1535 2941 1645 2977 debet
1665 2941 1765 2976 enim
1786 2939 1887 2975 haud
1901 2937 2150 2985 aliteraccipi,
2165 2949 2277 2985 quam

1271 3004 1298 3040 si
1320 3002 1502 3050 seiiptum
1529 2999 1643 3041 fotet,
1667 3000 1716 3034 τῶ
1735 3012 1801 3048 προ
1816 3000 1874 3033 τοῦ
1890 2993 2087 3033 Πλούτου”
2069 3009 2154 3040 ετει,
2174 2994 2276 3042 quod

1271 3062 1394 3110 ipsum
1429 3058 1587 3093 foitasse
1627 3069 1703 3091 non
1740 3055 1862 3090 deerit
1913 3053 1977 3101 qui
2013 3051 2277 3101 reponendum

1270 3117 1396 3167 potius
1417 3114 1629 3158 existimet,
1650 3112 1732 3157 vel,
1750 3110 1817 3162 πρὸ
1836 3126 1897 3155 της
1918 3113 1978 3146 τοῦ
1998 3107 2156 3146 Πλούτου
2171 3107 2276 3145 καθέ-

1270 3187 1375 3216 σεως·
1395 3186 1494 3209 anno
1514 3179 1620 3215 ante,
1641 3182 1753 3219 quam
1769 3169 1897 3205 Plutus
1921 3168 1959 3204 in
1980 3180 2130 3204 scenam
2155 3167 2275 3202 fuerat

1269 3234 1396 3276 datus;
1420 3231 1516 3266 sicut
1544 3230 1583 3265 in
1616 3226 1730 3263 schol.
1758 3225 1803 3262 ad
1825 3225 1978 3273 Lysistr.
1999 3238 2031 3260 v.
2055 3224 2150 3271 1096
2170 3249 2179 3265 ‚
2209 3221 2275 3272 πρὸ

1269 3293 1354 3329 ἐτων
1380 3288 1556 3338 τεσσάρων
1583 3287 1644 3329 τῆς
1668 3282 1837 3324 καθέσεως
1863 3281 1984 3319 τούτου
2003 3285 2063 3318 τοῦ
2082 3279 2266 3331 δράματος·

1270 3361 1355 3384 nam
1383 3346 1584 3394 (ΙεῬΓειιειιε
1610 3342 1735 3378 editui
1755 3338 1978 3381 καταθέσεως.
2009 3342 2040 3375 Α
2062 3337 2170 3373 nobis
2198 3348 2270 3372 non

2038 3409 2090 3439 38.
