2485 3808
901 158 1152 198 SCHOLIA
1188 159 1246 197 IN
1282 160 1490 199 PACEM.

128 247 310 289 ἐλάνθανε,
343 244 546 293 σεμνολογεῖ
580 242 772 289 λεληθότως
806 242 927 286 αὐτοὺς
955 245 1001 286 ὡς
1031 245 1163 293 μᾶλλον

129 303 281 343 συνιέναι
296 300 503 352 δυναμένους
522 300 582 344 τὰς
601 300 690 338 κατὰ
707 304 768 347 τῆς
784 301 915 345 πόλεως
941 301 1072 353 βλάὸας
1096 305 1164 340 τῶν
1191 318 1193 325 ’

127 362 163 401 ἐν
182 365 225 414 τῇ
241 361 339 399 πόλει
355 360 562 413 τραφέντων,
578 360 638 397 καὶ
654 364 763 397 ταῦτα
779 360 957 412 ἀγροίκους
976 360 1088 403 ὄντας.
1105 360 1163 399 ἐὰν

127 420 164 459 δὲ
180 422 241 458 οὐκ
261 419 450 469 ἐμάνθανε,
475 419 577 471 φησὶν
598 418 650 456 ὅτι
667 419 743 456 οὐδὲ
767 422 785 456 6
806 420 964 472 ἄγροικος
986 418 1071 462 λεὼς
1098 435 1163 469 μ..-

91 495 108 519 5
126 478 307 520 τοικισθεὶς
330 479 377 520 εἷς
394 476 455 520 τὰς
487 477 602 520 πόλεις
635 477 742 515 συνίει
767 480 826 523 τῆς
846 480 913 514 τῶν
934 477 1162 530 προδιδόντων

125 536 310 589 πονηρίας,
334 537 411 573 ἀλλ’
430 536 597 586 ἠγνόησεν
618 536 685 573 ὑπὸ
705 539 772 573 τῶν
791 535 1066 585 πολιτευομένων
1085 551 1163 572 πω-
1190 546 1192 557 ’

124 594 299 646 λούμενος.
318 595 476 647 καθάπερ
493 597 524 632 οἱ
548 595 700 640 συνήθως
718 595 776 631 ἀπ’
797 596 908 631 αὐτῶν
926 594 1162 643 ἀπατώμενοι.

177 672 241 697 634.
272 658 352 696 ἄνευ
380 658 551 711 γιγάρτων
574 673 582 696 ;
606 658 698 710 [sic
717 660 903 710 σταφυλῆς.
932 657 987 695 διὰ
1013 658 1052 695 τὸ
1076 659 1162 694 ἀπο-

126 721 320 770 στερεῖσθαι
338 721 398 763 τῆς
418 717 580 762 συνήθους
601 717 754 763 διαίτης,
784 718 840 754 καὶ
861 714 1164 768 ἀνακεχωρηκέναι

76 782 108 808 10
126 777 166 814 ἐκ
180 779 248 814 τῶν
260 778 389 828 ἀγρῶν,
407 776 466 813 καὶ
483 779 659 826 ἐπιθυμεῖν
673 774 821 827 αὐτῶνῐ
836 775 869 818 ἐξ
885 775 1088 826 ἀμφοτέρων
1102 774 1163 818 δη·

125 837 248 874 λοῦται
262 835 538 887 ἀπεστερημένος
555 837 622 872 τῶν
638 836 750 885 ἀγρῶν
767 834 826 871 καὶ
844 836 1019 882 ἐπιθυμῶν
1036 834 1161 870 αὐτῶν.

125 896 157 932 οἳ
176 893 243 946 γὰρ
261 895 415 947 ἀγροῖκοι
437 893 619 936 κόπτοντες
639 892 682 930 τὰ
700 892 848 944 γίγαρτα
866 891 954 941 μετὰ
972 893 1038 927 τῶν
1049 889 1164 940 ,ἰσχά-

125 953 193 991 ὃων
211 953 390 991 ἐσθίουσιν.

177 1024 241 1050 636.
272 1014 496 1053 ἀσθενοῦντας
517 1024 525 1048 ;
543 1008 633 1047 Ἀντὶ
647 1024 706 1046 του
723 1009 756 1045 ἐν
771 1008 884 1061 ἐνδεία
897 1007 1005 1050 ὄντας.
1020 1005 1082 1053 τὴν
1097 1004 1164 1057 γὰρ
1190 1020 1192 1041 ῑ

74 1078 107 1102 15
125 1067 235 1120 τύχην
257 1069 349 1111 ἰδίως
365 1067 463 1105 νόσον
480 1068 639 1106 καλοῦσι.

177 1134 414 1184 κάποροῦντας
430 1131 580 1184 ἀλφίτων
604 1145 612 1170 :
643 1130 838 1170 Φαίνονται
866 1131 918 1168 ὅτι
947 1130 1165 1173 συνελθόντες

124 1193 171 1235 εἰς
190 1190 229 1228 τὸ
249 1190 335 1228 ἄστυ
355 1189 518 1228 ἐπένοντο
538 1189 586 1240 μὴ
603 1193 845 1243 γεωργοῦντες.

175 1269 239 1295 637.
271 1257 396 1308 δικροῖς
416 1270 424 1295 :
448 1255 656 1308 (Δικράνοις.
675 1261 872 1302 [callimach.
892 1259 930 1291 fr.
951 1268 1029 1294 246:
1048 1255 1062 1306 ]
1081 1273 1096 1288 α
1114 1254 1164 1292 δί-

123 1329 248 1366 κρανον
263 1313 370 1366 ἤρυγε
391 1313 507 1367 φιτρὸς
526 1313 766 1366 ἐπαιρόμενον.
783 1331 798 1347 υ
814 1313 881 1351 ἔδει
907 1313 942 1351 δὲ
964 1315 1091 1363 εἰπεῖν)
1112 1313 1163 1357 ξό-

70 1377 106 1402 20
124 1374 214 1419 λοις,
232 1376 250 1411 6
264 1373 301 1410 δὲ
320 1366 395 1410 εἶπε
411 1372 664 1424 κεκράγμασιν,
677 1372 795 1419 ἐπειδὴ
815 1376 844 1410 οἱ
865 1373 1003 1426 ῥήτορες
1014 1375 1164 1422 δημηγο-

125 1435 260 1484 ροῦντες
277 1434 320 1483 τῇ
337 1435 472 1484 κραυγῇ
488 1431 622 1469 ἔπειθον
637 1431 684 1481 μὴ
697 1434 842 1477 ποιῆσαι
859 1431 1007 1482 εἰρήνην.
1066 1430 1163 1481 (Ἄλ-

123 1490 205 1532 λως.
226 1488 336 1534 ξύλοις
350 1490 508 1528 ἀπώθουν
521 1489 584 1536 τὴν
604 1490 756 1542 Εἰρήνην
777 1490 835 1526 καὶ
856 1489 1028 1533 ε’ξέὲαλον.
1050 1505 1162 1527 κατα-

124 1547 329 1593 σκευάζεται
346 1548 382 1586 δὲ
400 1547 444 1585 τὰ
466 1552 611 1585 τοιαῦτα
631 1548 716 1592 ξύλα
730 1578 738 1594 ,
768 1547 789 1584 ἃ
814 1549 972 1585 καλεῖται
999 1547 1162 1599 δίκρανα,

125 1605 183 1642 ἐπὶ
202 1610 260 1644 τοῦ
280 1608 404 1660 ἀγροῧ,
425 1606 484 1644 δύο
500 1606 612 1658 χηλὰς
636 1607 762 1658 ἔχοντα
789 1606 1000 1658 παρεοικότα
1021 1609 1089 1649 τοῖς
1108 1606 1165 1651 ξυ-

72 1670 106 1698 25
124 1664 328 1714 λευομένοις.
348 1664 513 1708 τοιούτοις
540 1661 610 1712 οὖν,
645 1665 727 1718 φησὶ
740 1695 749 1712 ,
770 1666 899 1717 δικροῖς
926 1664 988 1711 τὴν
1009 1665 1162 1717 Εἰρήνην

123 1725 260 1777 ὤθουν.)

175 1791 240 1817 638.
269 1778 436 1822 πολλάκις
470 1786 635 1832 φανεῖσαν
671 1793 679 1818 t
703 1778 805 1818 Μετὰ
829 1778 895 1832 γὰρ
916 1778 959 1817 τὰ
988 1781 1023 1817 ἐν
1052 1779 1164 1833 Πύλῳ

123 1835 358 1888 ἐπρέσὸευσαν
377 1837 458 1890 περὶ
490 1839 686 1889 διαλλαγῶν
707 1840 738 1875 οἱ
764 1837 1046 1888 Λακεδαιμόνιοι·
1074 1841 1104 1876 οἳ
1127 1838 1164 1876 δὲ

124 1893 294 1940 Ἀθηναῖοι
313 1896 351 1932 οὐ
371 1898 569 1947 προσεῖχον.

70 1971 106 1998 ao
176 1971 239 1997 640.
267 1958 312 1996 τὰ
335 1959 509 2011 Βρασίδου
541 1973 551 1998 z
578 1959 668 1998 Ἀντὶ
697 1964 757 1998 τοῦ
790 1959 834 1998 τὰ
863 1961 1161 2010 Λακεδαιμονίων,

124 2015 200 2067 ἅμα
218 2015 255 2055 δὲ
273 2016 326 2055 ὅτι
345 2018 402 2055 ἐπὶ
424 2020 528 2056 αὐτοῦ
552 2019 675 2056 πολλοὶ
693 2021 762 2056 τῶν
788 2019 951 2065 ὑπηκόων
977 2020 1161 2072 προσεχώ-

124 2090 214 2127 ρουν.

176 2153 240 2179 642.
263 2140 444 2193 (ὠχριῶσα
463 2154 472 2179 t
493 2142 546 2179 Οὔ
563 2140 661 2193 παρὰ
685 2141 724 2178 τὸ
752 2141 950 2194 φοὲουμένη
976 2144 1161 2197 ὠχριῶσα,

123 2199 201 2236 ἀλλ’
223 2198 297 2236 ἴσον
316 2201 366 2251 τῷ
389 2200 598 2245 ἀσθενοῦσα,
625 2199 692 2237 ἀπὸ
716 2207 912 2252 μεταφορᾶς
936 2203 1004 2238 τῶν
1024 2203 1163 2240 νοσούν-

70 2263 105 2290 ³5
123 2271 204 2295 των.
222 2255 312 2294 οὕτω
330 2256 397 2308 γὰρ
413 2251 487 2294 εἷπε
507 2256 716 2309 φοὸουμένη·
741 2258 779 2295 τὸ
797 2258 865 2310 γὰρ
887 2258 962 2305 ἑξῆς
982 2264 1084 2298 τοῦτο
1100 2262 1163 2308 δη-

122 2315 205 2364 λοῖ.)

176 2391 240 2417 643.
270 2378 344 2416 ἅττ’
363 2377 404 2416 ἂν
437 2378 596 2416 διαὸάλοι
619 2392 627 2418 :

123 2439 194 2484 λοι,
210 2439 257 2480 ὡς
279 2437 336 2474 ἐπὶ
355 2440 483 2490 τροφῆς
494 2466 504 2484 ,
523 2436 683 2475 διαὸάλοι
699 2431 773 2474 ε’ἷπε
789 2436 845 2475 διὰ
861 2438 938 2482 τοὺς
952 2439 1161 2479 διαὸάλλον-

123 2511 196 2539 τας.

177 2565 240 2592 644.
270 2553 300 2590 οἱ
321 2551 356 2590 δὲ
371 2553 433 2595 τὰς
447 2551 584 2603 πληγὰς
605 2566 613 2591 2
631 2554 682 2592 Τὸ
700 2553 791 2599 ἑξῆς,
809 2556 839 2591 οἱ
860 2554 895 2591 δὲ
913 2553 998 2598 ξένοι
1018 2558 1161 2607 ὁρῶντες

123 2609 184 2654 τὰς
197 2610 333 2661 πληγὰς
349 2610 388 2653 ἃς
402 2610 586 2648 ἐτύπτοντό
601 2627 689 2654 τινες
708 2615 774 2649 τῶν
787 2613 946 2661 δημοτῶν
967 2613 1077 2665 (παρὰ
1092 2618 1159 2652 τῶν

124 2669 375 2720 δημαγωγῶν),
394 2668 536 2722 χρυσίον
556 2669 766 2723 προσέφερον
787 2671 857 2714 τοῖς
876 2675 988 2708 ταῦτα
1010 2678 1157 2711 ποιοῦσι.

123 2725 216 2777 λέγει
235 2726 272 2764 δὲ
289 2727 358 2770 τοῖς
377 2727 550 2779 ῥήτορσιν.

177 2796 241 2822 645.
272 2783 390 2822 ἐὸύουν
407 2797 416 2823 ;
436 2785 528 2823 Ἀντὶ
546 2789 606 2823 τοῦ
625 2785 810 2838 ἐπλήρουν,
827 2785 1009 2839 ἕρραττον.

177 2859 242 2885 648.
270 2849 289 2884 ὃ
310 2847 534 2899 βυρσοπώλης
559 2863 568 2888 :
592 2850 705 2899 (Ἐπεὶ
732 2850 885 2900 μάλιστα
906 2853 923 2888 ὃ
947 2851 1068 2890 Κλέων
1094 2852 1161 2889 ἐνί-

126 2919 232 2942 στατο
250 2907 292 2956 τῇ
314 2904 443 2956 εἰρήνῃ.
466 2907 698 2955 σεσημείωται
715 2906 750 2945 δὲ
764 2907 816 2945 ὅτι
830 2908 969 2961 νεκροὺς
982 2912 1158 2963 κωμῳδεῖ.

124 2961 195 3009 διὸ,
212 2961 331 3009 ἐπειδὴ
348 2963 500 3013 ἐμνήσθη
517 2966 621 3002 αὐτοῦ
635 2968 652 3002 6
669 2966 822 3018 Ἑρμῆς,
839 2971 929 3005 παῦε
946 2972 1036 3006 παῦε
1057 2969 1159 3021 φησὶν

124 3022 143 3057 6
165 3022 361 3072 Τρυγαῖος.)
387 3021 566 3059 ἀποθανὼν
591 3022 658 3076 γὰρ
685 3019 743 3074 ἦν,
766 3025 826 3062 καὶ
845 3027 906 3063 οὐκ
928 3021 969 3073 ἦν
996 3027 1068 3071 ἐξὸν
1100 3043 1160 3064 τε-

124 3077 289 3124 θνηκότας
304 3079 494 3131 κωμῳδεῖν.

13 3143 16 3198 ξ
71 3163 108 3190 ³0
177 3155 241 3181 650.
271 3142 329 3185 σὸς
353 3157 363 3181 :
384 3142 469 3182 εὈτι
491 3143 622 3195 χθόνιος
649 3148 667 3182 ὃ
692 3145 828 3199 Ἑρμῆς
857 3148 917 3185 καὶ
944 3149 1160 3196 καταιὸάτης

14 3202 16 3212 “
124 3199 221 3253 παρὰ
241 3200 386 3245 Ῥοδίοις
405 3201 464 3239 καὶ
484 3202 683 3248 Ἀθηναίοις.

655 2379 745 2417 Ἀντὶ
772 2383 830 2417 τοῦ
856 2381 963 2417 εἰπεῖν
992 2383 1158 2433 παραὸά-

73 2564 108 2592 40

72 2870 108 2895 ⁴5

18 3423 22 3507 γ

22 3613 26 3694 ἰ

2 3701 29 3808 ,Ι

1186 3161 1188 3176 f
1268 3162 1332 3186 675.
1363 3147 1478 3200 ψυχήν
1501 3148 1532 3198 γ’
1553 3147 1691 3199 ἄριστος
1720 3161 1731 3186 :
1751 3149 1864 3187 Τοῦτο
1882 3147 1971 3198 μετὰ
1997 3149 2188 3202 εἰρωνείας,
2209 3153 2254 3194 ὡς

2193 176 2258 209 191

2051 252 2066 264 N

1191 258 1195 290 y
1223 243 1400 291 τάληκτα,
1420 245 1458 282 τὸ
1479 247 1514 283 δ-
1534 246 1565 289 ς’
1583 248 1828 300 ἑφθημιμερές.
1853 252 1887 288 ἐν
1900 250 2030 289 ἐκθέσει
2047 251 2082 289 οὲ
2093 253 2262 303 ἶαμὸεῑον.

1222 302 1277 354 ὑφ’
1295 302 1313 340 ὃ
1328 305 1362 340 αἱ
1388 304 1630 357 ἀμφοτέρωθεν
1652 305 1716 350 ἔξω
1737 308 1883 357 διπλαῖ.)

1275 380 1338 404 652.
1372 369 1413 417 (εἷ
1442 373 1632 420 πανοῦργος
1652 364 1692 415 ἦν
1720 384 1728 408 :
1750 372 1952 419 Λεληθότως
1975 376 2138 427 κωμῳδεῖ
2159 376 2262 414 αὐτὸν

1221 426 1266 467 ὡς
1286 430 1437 464 τοιοῦτον
1454 427 1573 474 πάλιν,
1591 428 1648 465 καὶ
1666 433 1778 466 ταῦτα
1793 434 1971 482 παραινῶν
1983 434 2110 471 ἐκεῖνον
2123 433 2172 485 μὴ
2190 436 2263 472 λοι-

1190 493 1191 519 ῐ
1223 484 1332 534 δορεῖν
1358 485 1487 533 αὐτόν.)

2280 516 2296 540 <ss

1274 555 1336 580 657.
1364 544 1439 579 ἀλλ’
1460 542 1511 580 ότι
1529 550 1662 595 σιωπᾷς
1680 557 1688 582 :
1709 545 1801 597 Πρὸς
1820 544 1882 591 τὴν
1905 547 2057 599 Εἰρήνην
2078 549 2172 602 φησί·
2192 566 2261 588 κω-

1190 619 1191 655 f
1223 599 1282 651 ςρὸν
1303 600 1370 652 γὰρ
1383 601 1512 651 εἰσάγει
1528 602 1566 638 τὸ
1586 602 1797 654 πρόσωπον.)

1273 677 1337 702 658.
1370 665 1459 712 (ἀλλ’
1479 666 1541 702 οὐκ
1573 665 1614 702 ἂν
1636 666 1725 703 εἴποι
1746 680 1754 704 :
1785 668 1901 713 Διπλῆ
1920 668 1979 705 καὶ
1999 669 2143 714 εἴσθεσις
2165 673 2262 725 παρὰ

1222 722 1260 759 τὸ
1279 723 1513 776 τετράμετρον
1533 725 1581 766 εἷς
1601 724 1751 774 ἰαμίικὰ
1773 725 1941 779 τρίμετρα
1962 727 2028 766 οἷ’.
2052 729 2141 779 μετὰ
2165 731 2200 768 δὲ
2218 734 2262 769 τὰ

1221 781 1268 817 λε’
1285 780 1357 818 ἔστι
1375 782 1661 834 προαναφώνημα
1681 783 1719 820 τὸ
1743 776 1771 820 ῶ
1793 778 1847 833 ῶ.)
2284 818 2317 841 10

1274 856 1340 882 659.
1374 844 1491 897 (ὀργὴν
1512 844 1579 897 γὰρ
1598 847 1712 890 αὐτοῖς
1737 860 1745 885 2
1768 847 1932 891 Ἀττικῶς
1957 848 2033 886 ἀντὶ
2054 853 2114 888 τοῦ
2132 852 2264 904 ὀργίζε-

1220 916 1289 940 ται.
1307 902 1417 940 λείπει
1438 902 1473 940 δὲ
1488 907 1509 950 ἡ
1527 904 1635 956 ὑπέρ,
1653 905 1738 957 ὑπὲρ
1755 899 1802 943 ῶν
1819 905 1970 957 ἔπαθεν.)

1274 979 1338 1004 662.
1377 969 1729 1020 μισοπορπακιστάτη
1766 982 1774 1007 :
1811 970 1905 1008 Ἀντὶ
1938 975 1998 1009 τοῦ
2028 973 2262 1024 μισοπόλεμε,

1739 1026 1804 1040 ναι

1220 1023 1318 1076 παρὰ
1337 1024 1394 1061 τὸν
1418 1025 1596 1078 πόρπακα.
1617 1027 1754 1079 πόρπας
1774 1044 1809 1065 οε
1826 1029 1917 1066 κατά
1943 1046 2037 1074 τινας
2057 1031 2118 1080 μὲν
2145 1035 2162 1068 6
2178 1035 2263 1071 ἀνα-

1221 1082 1340 1135 φορεὺς
1359 1087 1420 1130 τῆς
1440 1084 1603 1132 ἀσπίδος,
1623 1087 1669 1128 ὡς
1690 1085 1727 1122 δέ
1745 1102 1851 1133 τινες,
1873 1087 1912 1124 τὸ
1934 1089 2051 1134 διῆκον
2076 1089 2181 1139 μέσον
2202 1094 2263 1138 τῆς

2302 1117 2317 1141 5

1190 1162 1193 1172 ι
1221 1141 1366 1185 ἀσπίδος
1381 1142 1547 1195 σιδήριον,
1563 1146 1593 1196 ᾧ
1613 1145 1734 1196 κρατεῖ
1748 1144 1811 1191 τὴν
1832 1146 1965 1184 ἀσπίδα
1984 1150 2003 1184 ὁ
2023 1148 2250 1200 στρατιώτης.
2284 1117 2295 1141 1

1273 1218 1336 1243 663.
1367 1202 1460 1256 (εἷεν,
1486 1206 1600 1245 ἀκούω
1621 1221 1631 1246 :
1650 1207 1711 1251 Ὡς
1732 1211 1792 1255 τῆς
1810 1209 1962 1262 Εἰρήνης
1982 1210 2181 1258 καλεσάσης
2204 1213 2263 1251 τὸν

1221 1264 1357 1315 Ἑρμῆν
1378 1264 1438 1302 καὶ
1454 1266 1659 1312 λαλησάσης
1679 1268 1785 1319 αὐτῷ.
1804 1267 1842 1304 τὸ
1863 1268 1898 1306 δὲ
1919 1270 2096 1313 ἐπικαλεῖς
2115 1271 2191 1308 ἀντὶ
2202 1275 2261 1310 τοῦ

1221 1321 1402 1372 ἐγκαλεῖς.)

1273 1394 1336 1418 665.
1367 1381 1513 1419 ἐλθοῦσά
1539 1397 1623 1430 φησι
1646 1395 1654 1420 :
1675 1382 1872 1436 Φιλόχορός
1896 1399 1999 1437 φησιν
2018 1384 2126 1429 οὕτως
2146 1405 2161 1420 «
2182 1390 2258 1426 Λα-

1222 1456 1237 1472 «
1258 1439 1469 1489 κεδαιμόνιοι
1489 1441 1569 1492 περὶ
1595 1440 1787 1479 διαλύσεων
1814 1442 1975 1495 ἔπεμψαν
1996 1443 2158 1495 πρέσὸεις
2177 1446 2262 1499 πρὸς

1190 1480 1193 1532 ί
1221 1515 1236 1529 «
1263 1496 1477 1544 Ἀθηναίους,
1490 1498 1641 1541 σπονδὰς
1651 1499 1881 1549 ποιησάμενοι
1895 1500 1979 1552 πρὸς
1992 1501 2069 1545 τοὺς
2083 1504 2117 1540 ἐν
2134 1503 2261 1557 Πύλῳ,

1221 1573 1235 1588 «
1257 1555 1316 1593 καὶ
1333 1555 1392 1599 τὰς
1417 1560 1499 1599 ναῦς
1520 1558 1632 1594 αὐτῶν
1661 1558 1875 1610 παραδόντες
1900 1559 2004 1604 οὔσας
2034 1560 2074 1605 ξ’.
2103 1562 2263 1607 Κλέωνος

1221 1632 1235 1646 «
1258 1613 1293 1651 δὲ
1314 1613 1530 1658 ἀντειπόντος
1546 1618 1620 1658 ταῖς
1635 1615 1833 1663 διαλύσεσι,
1846 1618 2032 1656 στασιάσαι
2046 1620 2183 1670 λέγεται
2198 1621 2261 1668 τὴν

1221 1690 1235 1704 ιι
1257 1672 1458 1718 ἐκκλησίαν.
1487 1675 1661 1725 ἐρωτῆσαι
1681 1673 1716 1710 δὲ
1738 1674 1864 1720 συνέὲη
1887 1675 1946 1713 τὸν
1966 1678 2171 1724 ἐπιστάτην.
2193 1679 2259 1717 ἐνί-
2280 1701 2313 1727 25

1223 1748 1236 1762 «
1258 1745 1370 1776 κησαν
1391 1729 1425 1767 δὲ
1443 1732 1473 1768 οἳ
1493 1732 1657 1780 πολεμεῖν
1680 1732 1898 1782 βουλόμενοι.
1915 1752 1930 1767 υ
1989 1734 2157 1787 (Ἄλλως.)
2173 1738 2262 1788 μετὰ

1218 1786 1263 1824 τὰ
1279 1789 1313 1825 ἐν
1345 1788 1466 1840 Πύλῳ.
1488 1788 1544 1826 ἐπὶ
1565 1788 1724 1832 Κλέωνος
1748 1789 1814 1843 γὰρ
1841 1791 2156 1843 πρεσὸευσαμένων
2190 1799 2262 1834 Λα-

1220 1846 1458 1896 κεδαιμονίων,
1479 1846 1692 1884 ἐστασίασαν
1710 1849 1744 1885 ἐν
1765 1851 1808 1899 τῇ
1831 1849 2019 1902 ἐκκλησίᾳ,
2039 1853 2084 1895 ὡς
2104 1852 2262 1905 Φιλόχο-

1220 1903 1275 1957 ρός
1288 1920 1385 1956 φησι.
1424 1904 1525 1954 (μετὰ
1539 1905 1582 1942 τὰ
1600 1907 1633 1943 ἐν
1650 1904 1759 1958 Πύλῳ
1779 1906 1926 1951 καὶτοὺς
1943 1910 2190 1960 αἰχμαλώτους
2206 1912 2262 1956 οὓς

1219 1963 1342 2000 ἔλαὸεν
1360 1966 1377 2000 ὃ
1406 1963 1542 2010 Κλέων,
1564 1963 1725 2017 ἔπεμψαν
1753 1966 2025 2016 Λακεδαιμόνιοι
2054 1968 2139 2021 πρὸς
2166 1970 2261 2016 Ἀθη-
2279 1998 2313 2023 30

1218 2021 1332 2065 ναίους
1360 2021 1658 2072 ἐπαγγελλόμενοι
1681 2022 1802 2060 δώσειν
1828 2022 1890 2067 τὰς
1915 2024 2066 2078 τριήρεις
2098 2027 2138 2070 ἃς
2165 2028 2260 2074 εἰλή-

1220 2095 1329 2132 φεσαν
1348 2082 1416 2117 τῶν
1436 2080 1624 2126 Ἀθηναίων
1645 2082 1679 2118 ἐν
1700 2084 1750 2133 τῷ
1769 2081 1932 2135 πολέμῳ,
1952 2083 2026 2134 ἅμα
2047 2084 2081 2122 δὲ
2102 2085 2161 2123 καὶ
2182 2091 2261 2139 περὶ

1220 2138 1356 2190 εἰρήνης
1386 2138 1446 2175 καὶ
1466 2139 1634 2176 σπονδῶν.
1665 2141 1824 2176 ἀντεῖπεν
1844 2135 1901 2178 οὖν
1927 2140 2005 2179 τότε
2041 2143 2174 2191 Κλέων,
2200 2143 2260 2182 καὶ

1217 2200 1278 2233 τοῦ
1300 2196 1487 2234 ἐπιστάτου
1508 2197 1621 2248 τρίτον
1643 2197 1879 2249 ἐρωτήσαντος
1895 2198 1957 2245 τὴν
1978 2200 2105 2250 βουλὴν
2122 2202 2156 2239 τί
2174 2202 2260 2253 βού-

1218 2255 1336 2303 λεται,
1356 2254 1494 2306 εἰρήνην
1508 2254 1531 2300 ἢ
1547 2254 1713 2305 πόλεμον,
1737 2255 1847 2294 εἵλετο
1868 2260 1889 2302 ἡ
1907 2258 2015 2308 βουλὴ
2033 2258 2090 2296 τὸν
2105 2259 2258 2311 πόλεμον
2278 2289 2312 2313 35

1218 2312 1453 2363 συνεστάναι.)

1269 2390 1330 2414 666.
1362 2376 1494 2425 (κίστην
1515 2376 1623 2413 πλέαν
1645 2391 1653 2415 :
1674 2376 1802 2429 Πλήρη
1823 2377 1959 2417 κυτίδα.
1977 2378 2116 2422 κυτίδας
2127 2379 2162 2417 δὲ
2176 2381 2259 2418 ἐκά-

1217 2437 1295 2472 λουν
1316 2434 1378 2478 τὰς
1403 2434 1533 2478 κίστας.
1555 2434 1664 2472 πλέαν
1697 2435 1732 2472 δὲ
1760 2435 1986 2488 προσέθηκεν,
2011 2436 2062 2474 ὅτι
2085 2437 2163 2484 ἐξῆν
2186 2441 2257 2483 τοῖς

1218 2493 1405 2539 Ἀθηναίοις
1420 2492 1497 2530 τότε
1519 2495 1557 2531 ἐκ
1576 2493 1776 2546 περιουσίας
1794 2497 1856 2539 τὴν
1876 2494 2013 2546 εἰρήνην
2026 2495 2257 2544 ποιήσασθαι,

1215 2553 1305 2591 οὕτω
1318 2554 1487 2604 λαμπρῶς
1505 2555 1554 2604 τῷ
1567 2552 1710 2606 πολέμῳ
1725 2553 1986 2606 κεκρατηκόσι.)
2275 2577 2312 2603 40

1269 2630 1332 2655 667.
1363 2618 1715 2667 ἀποχειροτονηθῆναι
1734 2617 1806 2670 τρὶς
1824 2630 1832 2656 :
1855 2617 1919 2660 Ὡς
1938 2617 2010 2670 τρὶς
2031 2619 2257 2671 ἀποχειροτο-

1215 2674 1385 2720 νηθείσης.
1407 2674 1467 2711 καὶ
1487 2674 1543 2711 διὰ
1559 2674 1689 2712 τούτων
1710 2674 1745 2712 ’δὲ
1763 2675 1922 2725 σεμνύνει
1938 2675 2016 2718 τοὺς
2032 2676 2254 2729 Ἀθηναίους,

1218 2735 1264 2775 ὡς
1286 2731 1438 2775 ἐξουσίαν
1460 2732 1654 2783 ἐσχηκότας
1673 2737 1817 2779 ποιῆσαι
1833 2733 1982 2785 εἰρήνην.

1268 2809 1333 2834 669.
1367 2798 1400 2833 ἐν
1421 2802 1491 2838 τοῖς
1522 2796 1692 2834 σκύτεσιί
1720 2795 1799 2845 (Διὰ
1825 2795 1888 2842 τὴν
1914 2796 2053 2833 δειλίαν.
2085 2797 2255 2849 παροιμία

1218 2872 1232 2887 «
1252 2854 1309 2891 ἐπὶ
1326 2853 1434 2898 σκύτη
1459 2853 1589 2904 βλέπει.
1609 2872 1622 2886 n
1639 2853 1661 2899 ἢ
1683 2853 1792 2898 σκύτη
1814 2853 1889 2890 ἀντὶ
1910 2857 1967 2890 τοῦ
1984 2854 2069 2905 πρὸς
2087 2853 2132 2890 τὰ
2150 2856 2254 2892 πολε·
2273 2888 2307 2913 45

1218 2912 1316 2962 μικά.
1335 2911 1357 2956 ἢ
1377 2911 1460 2964 πρὸς
1476 2911 1534 2948 τὸν
1552 2911 1715 2957 Κλέωνα,
1734 2911 1786 2948 ὅτι
1803 2910 1946 2954 σκυτεὺς
1961 2906 2036 2961 ἦν.)
2057 2911 2132 2949 ἀντὶ
2146 2915 2205 2950 τοῦ
2220 2914 2254 2950 ἐν

1216 2972 1265 3022 τῷ
1283 2969 1380 3022 ’.ρόὸῳ
1399 2973 1458 3006 τοῦ
1480 2969 1639 3012 Κλέωνος
1659 2970 1671 3019 (
1682 2972 1698 3006 ὁ
1717 2973 1794 3011 νοῦς
1812 2963 1852 3014 ἦν
1873 2971 1998 3018 ἡμῶν).

1269 3045 1332 3071 673.
1364 3032 1587 3075 εὐνούστατος
1607 3031 1668 3082 μὲν
1688 3026 1730 3078 ἦν
1749 3047 1757 3071 :
1775 3030 1860 3071 “Οτι
1886 3032 2050 3085 ῥίψασπις
2065 3032 2125 3071 καὶ
2146 3034 2257 3078 δειλὸς

1215 3086 1269 3138 ἦν.

1220 3208 1234 3219 κ
1301 3209 1318 3217 n
1390 3206 1397 3220 ι
1442 3206 1450 3217 x
1481 3207 1534 3221 ‹ru›
1638 3206 1646 3218 ι
1676 3204 1694 3220 e
1827 3206 1837 3219 t
1920 3213 1923 3217 .
1962 3207 1971 3220 x
2054 3207 2062 3219 Ι
2221 3207 2228 3222 γ
2271 3190 2306 3214 50

1217 3208 1314 3253 οηλοι
1343 3222 1403 3244 και
1419 3221 1458 3243 το
1478 3222 1570 3252 εςης,
1590 3221 1649 3243 και
1672 3221 1724 3243 οτι
1752 3207 1917 3244 κατελιπε
1940 3223 1996 3245 τον
2022 3208 2122 3259 λογον
2145 3209 2252 3258 μηδεν

1215 3267 1309 3317 αὐτῷ
1332 3263 1531 3315 ἐπαγαγών.

176 3277 240 3304 651.
272 3264 357 3315 (ἅττ’
376 3264 416 3302 ἂν
436 3259 493 3303 οῧν
510 3265 613 3317 λέγῃς
633 3280 642 3305 z
661 3269 775 3314 Διπλῆ
796 3269 855 3306 καὶ
875 3270 1019 3313 εἴσθεσις
1032 3273 1079 3314 εἰς
1096 3271 1158 3320 μέ-
1184 3304 1185 3307 ,

125 3322 182 3369 λος
206 3323 404 3375 τροχαῖκὸν,
423 3318 463 3361 οῧ
488 3323 588 3361 πέντε
605 3324 668 3375 μέν
685 3327 758 3363 ἐστι
782 3328 879 3364 κῶλα
899 3327 1043 3380 δίμετρα
1063 3330 1158 3366 ἀκα-
1184 3323 1185 3326 ¹

1267 3342 1331 3367 676.
1362 3330 1424 3366 οὐκ
1440 3323 1481 3375 ῆν
1502 3328 1555 3380 ἄρ’
1575 3322 1679 3379 οἷπέρ
1703 3343 1805 3381 φησιν
1832 3343 1840 3368 :
1865 3328 1958 3368 Οὔτε
1976 3329 2113 3381 γνήσιος
2138 3324 2181 3378 ἦν
2203 3330 2250 3380 τῷ
