2533 3808
207 211 281 244 320

257 301 320 327 693.
350 285 478 325 διόδους
499 295 508 321 :
526 280 599 322 Τὰς
615 277 721 320 ὁδούς.
739 275 808 313 ἀπὸ
827 277 888 313 τοῦ
905 271 1080 312 διοδεύειν.

258 359 321 385 694.
351 343 577 381 συναντῶσαι.
596 344 632 375 R.

257 417 322 443 702.
352 403 382 438 οἱ
403 397 641 450 ἀαορφότεροι.
659 402 698 432 Β.

259 475 321 499 705.
353 458 427 496 ἀντὶ
442 461 501 494 τοῦ
518 460 586 498 τοῖς
602 441 779 505 ἀμόρφοις.
795 459 833 489 Β.

172 538 188 561 5
260 533 324 559 708.
355 516 493 569 διφόρου
512 526 643 559 συκης;
660 511 710 550 H
728 509 826 561 παρὰ
840 507 903 555 τὴν
920 506 1018 553 δίκην
1035 506 1074 544 τὸ
1092 504 1244 557 διφόρου,

206 597 228 625 η
250 577 300 616 ὅτι
318 575 378 615 καὶ
400 572 531 627 δίφοροί
553 574 631 610 εἶσι.
652 573 753 608 τοῦτο
770 567 839 606 δὲ“’
826 583 880 605 ινα
902 580 1054 616 κνησμον
1072 565 1188 605 αὐτοῖς
1206 561 1245 600 τὸ

207 636 334 688 φύλλον
356 635 498 684 ἐμποιῇ.

259 707 324 732 713.
355 689 545 740 δυναμένην
565 687 700 739 μεγάλα
720 688 855 738 βοησαι.
873 685 918 726 ὡς
933 681 1079 734 κήρυκα.
1096 687 1133 718 Β.

260 765 325 791 714.
354 747 532 802 ᾑρημένην
555 760 563 785 :
583 741 922 797 κεχειροτονημένην.
944 749 983 778 Β.

159 824 191 848 10
263 823 326 850 724.
355 806 571 851 κατωνάκη·
593 800 789 853 (Ἱμάτιόν
775 816 866 838 εστιν
884 801 922 837 ἐκ
938 813 1004 836 των
1022 795 1118 835 κάτω
1135 795 1248 847 μερῶν

209 869 329 914 νάκος,
346 865 500 904 τουτέστι
517 861 689 914 διφθέραν,
705 856 1016 912 περιερραμμένον.
1034 856 1181 893 ἐνθαυτα
1199 851 1247 903 δὲ)

211 926 365 968 δουλικος
380 923 439 962 καὶ
457 921 673 973 ἀνελεύθερος
689 916 807 970 γιτών.

263 998 327 1023 729.
356 992 647 1035 προχειριουμαι.
639 975 879 1029 ,Εὐτρεπίσοκ
894 970 1158 1017 -κάξετάσωε
1173 972 1250 1008 ἀνα-

211 1042 368 1090 ζητήσω,
389 1038 574 1092 ἐρευνήσω.
590 1044 628 1074 Β.

162 1121 194 1146 15
264 1114 329 1141 730.
358 1097 531 1150 κιναχύρα
551 1109 560 1134 2
577 1094 719 1144 Ὀνομα
735 1092 869 1138 δούλης.

265 1173 330 1199 731.
358 1160 426 1195 τῶν
453 1153 646 1208 χρημάτων
672 1166 681 1192 :
712 1151 787 1189 ἀντὶ
813 1154 873 1189 τοῦ
897 1147 1087 1193 καλλίστην
1113 1144 1252 1183 πάντων

213 1221 280 1257 τῶν
297 1214 487 1270 χρημάτων
507 1228 584 1264 μου.
607 1219 646 1248 Β.

268 1289 330 1314 732.
361 1269 641 1324 εντετριμμένη;
659 1266 749 1306 Ἀντὶ
764 1270 823 1304 τοῦ
849 1261 1106 1315 σμηχθεῖσα,
1087 1279 1110 1306 η
1132 1261 1252 1298 εἰδυῖα.

217 1348 297 1386 στρε
282 1332 395 1385 ..ψασα
423 1328 459 1367 δὲ
488 1327 661 1380 κλεψασα.
690 1346 736 1351 —-
763 1338 959 1375 κανηφορτς
989 1335 997 1360 :
1021 1319 1065 1358 τὰ
1090 1318 1254 1357 κανίσκια

164 1409 200 1434 20
218 1391 359 1443 ἔχουσα.
379 1396 418 1426 Β.

269 1463 320 1489 733
348 1446 519 1488 κλέψασα.
537 1452 576 1482 Β.

269 1520 332 1547 734.
363 1503 564 1558 διφροφόρος
588 1514 597 1540 :

209 1565 452 1617 βαστάζουσα.

271 1639 292 1669 η
318 1621 430 1674 ’χύτρα
449 1618 577 1671 δεῦρἐ

166 1701 200 1726 25
219 1697 302 1734 τραν
321 1680 384 1724 ἔξω
402 1679 503 1717 καλεῖ
517 1676 619 1729 χάριν
636 1674 794 1727 γέλωτος.

274 1753 338 1779 736.
371 1735 611 1789 μελαίνεται·
603 1765 610 1773 .
640 1733 701 1776 Ὡς
729 1748 788 1770 του
818 1730 1058 1783 Λυσιστράτου
1085 1727 1260 1782 φαρμάκῳ

224 1797 442 1849 μελαίνοντος
462 1797 564 1832 αυτου
581 1791 642 1835 τὰς
661 1790 796 1832 πολιάς.

274 1869 338 1894 737.
369 1852 577 1904 κομμώτρια
612 1864 620 1889 :
655 1850 710 1899 (F
715 1847 927 1900 απλεκτρια,
953 1847 1176 1895 ἧκοσμουσα
1202 1842 1262 1887 τὰς

222 1919 399 1964 γυναῖκας.
392 1912 412 1961 .)
431 1932 484 1938 -
498 1908 540 1955 ἣν
560 1909 734 1957 καλοῦμεν
753 1922 810 1944 νυν
828 1904 982 1958 κουρίδα.
999 1911 1037 1941 Β.

172 1991 207 2016 30
275 1985 338 2011 739.
367 1965 582 2020 κιθαρῳδόςῖ
604 1965 650 2004 ‘H
671 1963 817 2016 ἀλετρίς.

277 2042 341 2069 740.
373 2025 632 2071 ἀναστήσασαε
651 2022 842 2069 ἀλήθουσαι.
864 2028 903 2058 Β.

277 2101 342 2127 741.
373 2083 460 2136 ἀωρὶ
481 2082 614 2134 νύκτωρ
637 2081 799 2133 εὸρθρσυ.
823 2087 861 2116 Β.
885 2077 944 2115 τὸν
966 2077 1099 2131 ὄρθριον
1124 2076 1225 2127 νόμον
1252 2089 1261 2115 :

225 2145 330 2185 Οὕτω
346 2141 556 2192 καλούμενος
575 2139 677 2190 νόμος
691 2136 917 2191 κιθαρῳδικὸς
933 2139 950 2174 ὁ
963 2136 1105 2189 ὄρθριος.

278 2216 341 2243 742.
369 2200 413 2238 τὰ
432 2198 536 2252 κηρία
555 2211 563 2236 :
584 2196 689 2240 Ἴσως
707 2196 785 2239 τοὺς
805 2197 964 2247 κηρῶνας
985 2194 1091 2246 λέγει.

173 2280 208 2305 35
278 2275 341 2301 743.
370 2258 517 2304 καθίστη
545 2255 692 2303 πλησίον
722 2267 730 2294 :
759 2253 848 2297 Τοὺς
869 2255 931 2299 τῆς
955 2253 1073 2297 ἐλαίας
1095 2252 1266 2305 ζκλάδους,

227 2324 271 2365 ὥς
291 2323 324 2359 ἐν
340 2320 480 2369 πομπῇ.

280 2391 343 2416 747.
375 2374 451 2413 ἀντὶ
466 2376 526 2412 τοῦ
545 2371 622 2410 οὐδὲ
636 2371 761 2423 ὀλίγον.
782 2378 820 2408 Β.

281 2448 347 2474 748.
377 2431 596 2484 ἐξερευνήσω.
613 2437 651 2467 Β.

282 2506 346 2531 750.
375 2489 419 2528 τὰ
434 2489 614 2541 χρήματα.
636 2495 675 2525 Β.

178 2569 213 2594 40
283 2564 346 2590 751.
374 2548 459 2600 πρὸς
479 2547 557 2589 ἔπος
574 2559 583 2584 :
602 2545 691 2583 Ἀντὶ
706 2547 766 2582 τοῦ
783 2545 829 2586 ὡς
844 2542 976 2594 ἔτυχεν,
994 2542 1094 2580 ἕνεκα
1111 2541 1268 2593 μηδενός.

284 2621 348 2647 753.
380 2603 574 2657 μετοικίσαι
590 2602 708 2640 θέλων.
729 2608 767 2638 Β.

285 2680 350 2705 756.
381 2662 472 2702 κατὰ
488 2661 594 2706 τάξιν.
611 2668 650 2698 Β.

286 2738 349 2763 757.
377 2721 554 2772 πέμπεται
571 2733 579 2758 :
598 2717 727 2791 Κῆρυξ
730 2710 826 2759 οὗτος
841 2715 932 2759 ὅστις
945 2714 989 2753 τὰ
1003 2714 1271 2767 πιπρασκόμενα

235 2783 412 2836 ἐκήρυττε.
431 2779 469 2817 τὸ
491 2778 527 2816 δὲ
545 2776 691 2828 πομπὴν
707 2791 759 2813 οτι
778 2777 823 2818 ὡς
844 2775 879 2811 ἐν
901 2777 1024 2826 πομπῇ
1043 2773 1131 2811 αὐτὰ
1146 2772 1270 2824 ἐξάγει.

182 2857 216 2881 45
289 2855 351 2880 768.
384 2837 608 2889 (ἀὸέλτερονε
627 2833 798 2881 Ἀνόητον,
815 2832 1003 2882 ἀσύνετον.)

288 2912 352 2938 781.
382 2896 511 2935 διδόναι
529 2893 694 2945 τάγαθάε
715 2891 862 2937 Ἐπειδὴ
885 2892 930 2933 ὡς
952 2890 1210 2927 ἐπιτοπλεῒστον
1230 2888 1273 2926 τὰ

238 2958 426 3015 ἀγάλματα
445 2957 512 2993 τῶν
533 2955 645 2992 θεων(
633 2951 757 2995 υπτίας
775 2949 837 2994 τὰς
855 2955 973 3002 χεῖρας
993 2948 1140 3001 ἔχουσιν.

291 3028 353 3054 784.
383 3017 412 3051 ὠ
431 3012 580 3063 δαιμόνι’
601 3011 730 3063 ἀνδρῶν
757 3022 766 3049 2
789 3007 915 3060 (Τοῦτό
939 3008 1054 3060 φησιν)
1080 3005 1167 3059 ἀνὴρ
1188 3008 1206 3044 ὁ
1222 3005 1275 3044 θέ-

238 3076 308 3112 λων
328 3075 541 3110 καταθεῖναι.

188 3148 223 3173 εο
293 3143 358 3170 794.
389 3131 418 3166 εἷ
438 3128 570 3179 γένοιτο
591 3139 599 3166 1
619 3127 665 3166 Εἰ
683 3123 816 3177 γένοιτό
830 3139 864 3162 τι
881 3122 1067 3175 σύμὸολον,
1087 3124 1148 3160 οὐκ
1164 3123 1276 3160 ἐπιτε-

241 3192 338 3227 λοῦσι
352 3186 395 3224 τὰ
415 3187 571 3230 δόξαντα.

295 3258 359 3285 794.
390 3245 419 3282 εἷ
441 3243 488 3294 μὴ
503 3242 613 3294 ’χοιμ’
629 3242 731 3282 ὅποιζ

244 3303 384 3344 καταθῶ
404 3300 492 3339 αὐτὰ
510 3301 609 3353 εὕρω.

298 3375 360 3402 796.
392 3362 438 3404 εἷς
456 3359 587 3413 τρίτην.
608 3367 646 3397 R.

619 1500 664 1540 ‘H
686 1499 724 1538 τὸ
743 1498 876 1537 σελλίον
901 1496 935 1549 (ἢ
958 1495 997 1534 τὸ
1020 1493 1253 1547 καθιστήριον)

562 1617 644 1662 ἔξιθι
670 1630 678 1655 :
702 1615 802 1659 εὨς
787 1631 821 1653 εν
841 1613 1009 1667 κωμῳδίᾳ
1028 1612 1088 1651 καὶ
1109 1611 1171 1658 τὴν
1194 1610 1258 1663 χύ-

751 3240 835 3281 Ἔὰν
854 3239 1088 3293 ἐμὸραδύνων,
1107 3236 1195 3288 μηδὲ
1210 3237 1277 3285 ὅπη

834 186 1083 228 SCHOLIA
1117 184 1177 222 IN
1211 181 1697 222 ECCLESIAZUSAS.

1351 283 1414 308 798.
1443 269 1525 320 παρ’
1544 267 1706 305 υπόνοιαν
1723 281 1836 304 τουτο.
1857 272 1894 302 R.

1350 339 1414 365 606.
1443 326 1548 372 πένης
1566 329 1662 368 οὗτος
1678 341 1737 362 και
1758 324 2008 383 εὐρύπρωκτος.
2031 331 2069 361 Β.

1351 398 1414 423 809.
1446 383 1714 434 Καλλίμαχοςε
1739 381 1810 420 Καὶ
1838 385 1934 425 ουτος
1958 381 2063 428 πένης
2081 380 2141 419 καὶ
2163 380 2337 432 χαμαιδι-

1300 441 1485 485 δάσκαλος.
1509 441 1656 490 (αὐτοῖσι
1678 438 1714 477 δὲ
1731 455 1791 477 συν
1814 441 1953 491 αὐτοῖς.)

1353 518 1417 544 810.
1448 503 1604 544 Καλλίου
1624 517 1633 542 :
1656 503 1813 547 Καλλίας
1827 520 1877 547 τις
1893 504 2025 555 ἐγένετο
2042 503 2221 552 πλούσιος,
2238 504 2273 548 ὃς
2293 505 2339 548 εἷς
2358 513 2375 539 5

1300 562 1429 615 πόρνας
1444 563 1506 609 τὴν
1524 565 1645 600 ἑαυτοῦ
1663 561 1780 599 οὐσίαν
1798 562 2044 609 κατηνάλωσε,
2064 562 2124 600 καὶ
2142 562 2261 602 λοιπὸν
2274 562 2341 601 πέ-

1301 638 1360 668 νης
1377 621 1521 672 ἐγένετο.

1355 693 1419 719 813.
1449 679 1688 741 ψηφίσματα
1714 677 1956 731 Ἔψηφίσαντο
1980 677 2047 730 γὰρ
2071 677 2194 723 αὐτους
2214 681 2341 718 εὐωνο-

1301 753 1418 790 Τέρῦυς
1438 742 1544 785 εἶναι,
1565 737 1624 775 καὶ
1642 752 1681 774 'to
1703 736 1910 790 ψηφὶσμα
1888 752 2014 789 ακυρθν
2033 752 2164 787 γεγΟνΕ.

1356 816 1420 841 825.
1450 818 1511 848 της
1535 814 1856 853 τεσσαρακοστης·
1847 831 1855 839 .
1886 803 1997 843 Οὗτος
2017 798 2146 853 ἔγραψε
2169 817 2341 854 τεσσαρα-
2359 815 2387 840 10

1304 858 1430 906 κοστὴν
1447 861 1648 909 εἰσενεγκεῖν
1670 858 1738 896 ἀπὸ
1757 862 1818 906 τῆς
1838 858 1954 902 οὐσίας
1973 859 2020 901 εἷς
2034 859 2074 896 τὸ
2093 857 2218 898 κοινόν.

1358 937 1420 962 828.
1449 922 1657 973 ταυτολογία
1677 923 1737 961 καὶ
1757 925 1869 976 ληροι.
1887 930 1925 960 R.

1359 995 1423 1021 831.
1453 982 1563 1055 φυλάξ
1567 996 1674 1031 ομαι;
1690 982 1805 1020 ςΏστε
1826 981 2026 1032 ἐπιμέλειαν
2043 983 2144 1032 ἡμῶν
2162 982 2345 1020 ποιεισθαι.

1358 1054 1422 1080 833.
1454 1040 1623 1093 ἀνάφορον
1647 1054 1655 1080 :
1677 1040 1754 1079 Ξύλ
1757 1056 1792 1078 ον
1818 1040 2072 1093 ἀμφίκοιλον,’
2057 1057 2091 1078 εν
2111 1044 2140 1093 ᾡ
2159 1040 2204 1078 τὰ
2222 1040 2347 1094 φορτία

1307 1098 1557 1151 ἐξαρτησαντες
1576 1101 1606 1136 οι
1624 1099 1766 1152 ἐργάται
1788 1099 2029 1151 βαστάζουσιν.
2370 1110 2399 1135 15

1360 1176 1423 1201 834.
1453 1166 1549 1214 κοινῇ
1569 1163 1694 1206 πάντες
1711 1163 1809 1201 ἀστοὶ
1828 1164 2055 1214 γεγενήμεθα.
2075 1171 2162 1203 Β.Γ.

1362 1235 1425 1260 835.
1456 1220 1532 1258 ἀντὶ
1551 1225 1612 1259 τοῦ
1632 1221 1717 1273 πρὸς
1737 1221 1858 1268 αὐτήν.
1881 1220 2020 1260 Ἀττικὰ
2040 1221 2108 1274 γάρ
2127 1220 2260 1260 ἐστιτὰ
2278 1237 2349 1260 τοι-

1310 1282 1409 1317 αῦτα.
1427 1287 1504 1317 Β.Γ.

1362 1351 1425 1376 838.
1456 1336 1720 1387 ἐπινενασμέναι
1737 1350 1746 1376 :
1765 1337 2061 1391 Πεπληρωμέναι.

1364 1408 1426 1433 840.
1457 1398 1606 1447 σισυρῶν
1633 1409 1641 1434 :
1666 1397 1748 1434 Τῶν
1769 1397 1962 1446 μαλλωτῶν
1985 1396 2212 1450 στρωμάτων.
2238 1397 2352 1449 (δαπί-
2371 1412 2406 1437 20

1312 1453 1378 1490 δων
1400 1452 1449 1504 δὲ)
1467 1456 1535 1491 τῶν
1552 1453 1729 1500 ταπήτων.

1365 1531 1428 1556 842.
1460 1517 1629 1571 ῥιπίζεται
1656 1530 1665 1556 :
1688 1517 1777 1556 Ἀντὶ
1805 1521 1865 1556 τοῦ
1890 1520 2050 1557 ὀπτᾶται.
2076 1517 2116 1557 τὸ
2141 1519 2209 1572 γὰρ
2228 1524 2297 1573 πῦρ
2322 1522 2354 1559 οἱ

1314 1575 1488 1630 ἅνθρωποι
1505 1575 1724 1629 ἐρρίπιζον,
1711 1592 1763 1614 ινα
1780 1576 1993 1623 ὀπτήσωσιν.

1367 1648 1433 1674 844.
1466 1635 1690 1687 (τραγηματα
1717 1635 1769 1687 δὲ)
1790 1634 1834 1673 τὰ
1854 1635 2032 1688 τρωγάλια
2050 1635 2157 1688 λέγει.
2180 1635 2287 1689 (ἔτνος
2307 1637 2355 1690 δὲ)

1315 1688 1402 1737 εἶδος
1421 1693 1589 1746 ἀθάρας
1571 1694 1640 1732 απὸ
1661 1695 1851 1747 φασηλίων.
2373 1713 2409 1739 25

1369 1766 1432 1790 846.
1464 1752 1621 1802 Σμοιόςῐ
1641 1751 1807 1803 Κύριον’
1787 1768 1908 1803 ονομα.
1928 1753 2151 1805 αἰσχροποιὸς
2173 1756 2219 1798 εἷς
2236 1757 2355 1805 γυναῖ-

1316 1826 1398 1861 κας,
1417 1810 1476 1849 καὶ
1497 1810 1669 1854 ἱππεύσας
1681 1810 1860 1863 πρότερον,
1876 1811 1935 1849 καὶ
1948 1813 2018 1855 τοῖς
2032 1811 2172 1856 ναύταις
2185 1812 2355 1864 διανέμων

1317 1868 1361 1906 τὰ
1375 1869 1534 1921 τρύὸλια.

1371 1947 1435 1972 848.
1467 1932 1631 1971 κονίποδα
1653 1946 1662 1971 :
1685 1932 1812 1971 Στενὸν
1833 1933 2031 1973 σανδάλιον.

1371 2006 1434 2031 852.
1464 1992 1608 2043 δεοίγετε
1627 1993 1742 2043 διχῶς.
1763 1999 1801 2029 Β.
2378 2010 2413 2037 30

1372 2065 1436 2090 853.
1466 2049 1553 2102 ἀνὴρ
1570 2053 1587 2087 ὃ
1605 2049 1652 2100 μὴ
1668 2049 1840 2093 καταθείς.
1855 2049 2070 2103 παρέλκεται
2082 2050 2122 2088 τὸ
2137 2049 2237 2102 ἔχων.
2253 2049 2361 2089 Ἄττι-

1320 2110 1379 2148 κὸν
1398 2109 1465 2161 γὰρ
1480 2108 1519 2146 τὸ
1538 2112 1704 2147 τοιοῦτον.
1726 2116 1764 2145 R.

1373 2182 1436 2208 862.
1467 2167 1509 2213 ἢν
1527 2165 1562 2204 δὲ
1579 2165 1781 2204 κωλύσωσιν
1801 2179 1810 2204 :
1828 2165 1889 2210 Ἐξ
1903 2160 1950 2204 ῶν
1966 2166 2088 2220 πρώην
2103 2167 2203 2212 αὖτὸς
2217 2167 2266 2219 μὴ
2282 2155 2361 2220 βου·

1320 2226 1462 2277 λόμενος
1480 2224 1542 2272 τὴν
1563 2224 1681 2262 οὐσίαν
1702 2225 1903 2262 καταθεῖναι
1922 2224 2098 2278 ἐπηρώτα.

1375 2304 1438 2330 864.
1467 2292 1514 2333 εἷς
1530 2288 1568 2328 τὸ
1586 2288 1683 2328 αὐτό.
1704 2297 1742 2327 Β.
2381 2304 2416 2330 ³5

1376 2363 1438 2389 865.
1468 2351 1514 2392 εἷς
1535 2347 1769 2400 δικαστήριον.
1790 2355 1828 2386 Β.

1377 2422 1441 2447 867.
1471 2410 1489 2445 ὁ
1509 2405 1683 2449 καταθείς.
1705 2414 1745 2444 Β.

1377 2479 1438 2504 868.
1469 2463 1680 2514 παμπησίαν
1703 2477 1712 2502 t
1736 2463 1811 2510 Τὴν
1829 2468 1947 2500 πᾶσαν
1966 2466 2099 2509 κτῆσιν.

1376 2538 1439 2562 869.
1469 2521 1716 2572 ξυμὸαστάσω.
1736 2523 1753 2558 ὁ
1773 2521 1821 2571 μὴ
1842 2520 2013 2564 καταθείς.
2033 2529 2073 2558 Β.

1378 2595 1440 2620 871.
1470 2583 1644 2632 προσποιῇ
1668 2593 1676 2618 :
1698 2579 1759 2625 Μὴ
1776 2582 1950 2631 προσποιῇ
1969 2577 2150 2631 διαφέρειν.
2382 2594 2417 2619 ⁴0

1378 2652 1439 2677 873.
1470 2638 1530 2674 σὺν
1550 2637 1676 2675 τοῖσδε.
1694 2644 1731 2673 Β.

1378 2716 1441 2742 874.
1469 2704 1537 2739 τῶν
1557 2699 1783 2750 ματτομένων
1806 2715 1813 2739 :
1834 2701 1914 2738 Τῶν
1928 2700 2225 2753 προσοψημάτων.

1379 2775 1443 2799 880.
1475 2757 1683 2810 μινυρομένη
1703 2770 1711 2796 :
1730 2757 1819 2795 Ἀντὶ
1834 2760 1894 2795 τοῦ
1916 2756 2032 2809 ἠρέμα
2051 2758 2194 2811 ᾅδουσα.

1380 2833 1444 2858 383.
1475 2819 1542 2854 τῶν
1575 2815 1740 2854 Ἰωνικῶν
1771 2829 1779 2854 :
1806 2817 1887 2854 Τῶν
1912 2817 2107 2868 τρυφηλῶν.
2126 2814 2247 2862 Ἴωνες
2273 2815 2365 2871 (γὰρ)

1327 2876 1506 2933 τρυφηλοί.
2383 2885 2420 2911 45

1381 2954 1445 2980 888.
1475 2936 1722 2991 προσελκύσαι.
1740 2944 1778 2974 Β.
2198 2937 2207 2944 “

1382 3013 1446 3038 888.
1477 2994 1648 3047 ἐπιὸαρές.
1669 3001 1707 3031 Β.

1384 3071 1447 3097 890.
1475 3057 1497 3101 ἡ
1516 3056 1622 3106 γραῦς
1638 3054 1688 3105 τῷ
1706 3052 1825 3105 αἰδοίῳ
1845 3052 1949 3104 λέγει.
1969 3059 2006 3090 Β.

1384 3128 1447 3155 893.
1478 3113 1552 3166 ᾄδει
1568 3115 1589 3157 ἠ
1608 3114 1727 3163 γραῦς.
1748 3119 1786 3148 Β.

1385 3188 1447 3214 895.
1475 3172 1514 3209 τὸ
1531 3170 1705 3221 ἔμπειρον.
1726 3178 1764 3208 Β.
2386 3177 2420 3202 50

1385 3246 1447 3271 896.
1476 3230 1549 3272 ταῖς
1567 3226 1696 3281 γραίσι.
1714 3235 1751 3264 Β.

1388 3304 1451 3329 900.
1482 3286 1622 3339 ἀντάδει
1641 3289 1663 3332 ἡ
1678 3285 1737 3323 νέα
1757 3288 1800 3337 τῇ
1816 3283 1907 3338 γραῒ.
1925 3291 1963 3322 Β.

1388 3363 1452 3389 905.
1482 3347 1556 3389 ταῖς
1575 3350 1744 3399 παρειαῖς.
1762 3351 1800 3382 Β.
