2517 3792
1154 184 1212 223 1³1.
1222 188 1320 227 UTt.

733 274 747 286 -Ι

190 280 246 322 δας
268 279 473 331 βεὸαμμένα
488 275 705 326 κλωεμοίτια,
727 289 826 311 ατινα
846 275 880 310 αἱ
902 278 1059 324 γυναῖκες
1078 271 1202 323 περιά-

188 354 325 376 πτουσι.
371 342 444 375 Pro
489 334 692 383 κλωεμοὶτια
718 363 726 378 ,
759 333 863 382 quod
904 333 1100 368 Glossario
1134 344 1203 367 suo

189 398 352 434 inserere
384 409 459 432 non
491 393 654 430 debebat
691 397 880 440 Ducang„
914 390 1114 439 lvgendmn
1148 397 1204 425 est

187 455 268 491 sine
288 454 407 491 dubio
431 451 756 500 κλωτματια,]ῒ1ιι,
777 463 860 498 quse
879 450 990 485 variis
1010 447 1202 484 coloribus

186 512 326 549 insecta
358 513 457 548 collo
493 510 713 559 corporisve
744 508 917 557 partibus
946 508 1028 543 aliis
1046 505 1201 554 adligari

185 570 369 607 solebant.
395 569 540 606 Eadem
565 567 666 617 apud
682 567 850 603 medicos
881 567 993 602 etiam
1025 565 1202 600 dicuntur

184 627 453 679 περιαρτηματα
469 657 478 673 ,
499 635 536 663 et
555 625 777 676 ἔξαρτηματα
799 625 971 661 'l'atiano.
993 625 1203 659 Ham.—

185 684 233 721 52
246 684 433 737 ἐλευθέριος
446 686 578 721 melius
589 685 735 721 dictum
750 682 863 718 fuisse
875 681 1038 718 ostendit
1054 683 1199 716 Heinst.

182 766 223 774 —
245 743 288 786 53,
308 743 467 795 σκνιςροὺς
489 743 543 779 ed.
562 742 672 779 Basil.
693 739 795 790 quod
814 739 1046 777 emendatius
1060 766 1069 783 ‚
1098 750 1200 787 prae-

182 802 312 837 sertim
331 803 360 838 si
383 803 488 838 vocis
506 802 691 850 originem
710 799 882 836 attendas
897 826 906 842 ‚
928 810 1041 847 quam
1060 794 1200 847 σκιφοὺς

182 858 256 908 legi
272 890 280 905 ,
301 860 426 896 nultus
448 859 588 896 abnuo.
621 862 758 895 Verum
791 866 915 894 tamen
941 855 1026 891 idco
1048 855 1200 904 penitus

182 917 476 967 improbandam
500 930 581 953 esse
601 929 677 952 non
698 914 948 951 concesserim
971 913 1198 961 scripturam

182 984 373 1021 veterem,
402 988 515 1025 quam
539 975 668 1024 genuit
702 974 859 1009 forsitan
887 981 1000 1020 atque
1022 971 1060 1006 in
1090 983 1197 1006 usum

180 1033 285 1083 vulgi
311 1033 491 1083 produxit
506 1032 722 1082 expeditior
743 1028 1023 1080 pronunciandi
1049 1041 1194 1064 cursus.

180 1091 393 1140 Hesychius
409 1097 512 1126 certe
533 1103 608 1125 non
633 1096 775 1124 tantum
794 1086 946 1125 Σκνιπὸν
961 1116 971 1134 ,
994 1086 1197 1137 μικρολόγον

180 1149 404 1195 adnotavit,
435 1147 500 1185 sed
524 1148 637 1184 etiam
659 1145 809 1193 Σκιπὸς,
830 1145 971 1198 σκνιφος
991 1147 1008 1181 ὃ
1031 1145 1198 1197 μικρολό-

178 1222 255 1253 γος·
278 1219 508 1256 quamquam
526 1205 616 1242 alibi
638 1206 776 1255 saepius
794 1206 876 1254 ipse
896 1203 1034 1255 σκνιρος
1049 1213 1087 1240 et
1108 1219 1198 1240 σκνι-

178 1267 250 1315 φῶς
270 1274 429 1315 usurpet
456 1266 495 1302 in
530 1264 724 1315 Γλίσχρος,
757 1261 979 1314 Ὀλιγώρως,
1007 1262 1196 1304 Φειδωλός.

178 1322 305 1360 Suidae
323 1323 479 1372 quidem
501 1323 760 1359 testimouium
778 1322 830 1358 ita
851 1321 1032 1358 disertum
1046 1350 1055 1366 ‚
1071 1330 1112 1357 ut
1129 1322 1198 1358 du-

141 1428 146 1431 ,
180 1382 326 1420 bitandi
348 1384 454 1420 locus
475 1397 552 1419 non
574 1384 621 1419 sit
643 1398 651 1419 :
675 1381 827 1434 Σκιφος,
851 1384 868 1418 ὁ
887 1384 968 1433 παρ’
987 1384 1071 1431 ἡμῖν
1092 1383 1195 1432 λεγό-

179 1455 281 1490 μενος
297 1439 450 1483 σκνιπός.
472 1445 606 1490 Neque
623 1440 774 1477 aliunde
787 1470 798 1485 ,
833 1453 891 1477 me
920 1440 1052 1489 judice
1067 1470 1078 1488 ,
1110 1451 1196 1478 sunt

178 1499 403 1548 explanandi
421 1528 431 1545 ‚
453 1512 550 1549 quos
572 1502 734 1536 Crantor
757 1498 945 1542 vocabat,
968 1498 1093 1549 σκίφης
1129 1512 1196 1546 με-

178 1557 252 1593 στοὶ
271 1556 384 1607 στίχοι
404 1556 507 1606 apud
529 1558 689 1606 Diogen.
708 1563 744 1603 4,
763 1570 824 1603 27,
847 1570 1010 1606 quorum
1030 1564 1193 1593 mentem

178 1615 282 1652 solus
301 1616 513 1665 Percepisse
529 1616 621 1652 mihi
642 1615 794 1652 videtur
818 1616 1005 1652 Kuhnius.
1024 1615 1195 1652 Indidem

179 1675 304 1711 oritur
322 1675 443 1726 σκιφία
464 1674 522 1710 vel
544 1673 685 1725 σκιφεία
701 1703 710 1720 ,
730 1674 832 1723 quod
854 1674 892 1710 in
913 1674 1092 1723 Hesychii
1113 1675 1195 1710 loco

177 1732 314 1770 leviter
331 1732 479 1769 adfecto
507 1731 784 1770 restituendum
810 1731 977 1768 arbitror
1003 1747 1010 1768 ε
1032 1731 1167 1780 Κιμὸία
1185 1761 1195 1778 ,

177 1790 325 1843 σκυφία,
347 1791 553 1842 μικρολογία
566 1806 574 1814 ·
593 1791 766 1841 quamvis
788 1792 888 1828 enim
912 1791 1050 1841 aliquis
1067 1791 1195 1841 suspi-

177 1850 255 1886 cari
272 1850 412 1900 possit,
436 1850 652 1886 confudisse
685 1850 998 1900 lexicographum
1015 1879 1024 1896 ‚
1052 1859 1091 1887 ut
1108 1864 1193 1887 cre-

176 1907 344 1945 berrime
365 1908 482 1954 solet,
515 1908 558 1945 τὰ
579 1908 731 1959 κυμὲία,
758 1909 899 1958 quibus
928 1910 1195 1959 interpretatio

176 1967 304 2019 σκυφία
324 1981 402 2004 non
423 1968 550 2017 inepte
571 1969 797 2013 conveniat,
830 1976 866 2004 et
886 1967 947 2013 τὴν
972 1967 1115 2016 κιμὸίαν
1138 1969 1194 2005 vel

176 2025 337 2075 κιμὸείαν
353 2055 362 2072 ,
380 2026 480 2062 malo
507 2035 630 2062 tamen
650 2027 762 2063 unius
783 2027 902 2062 literae
925 2039 1046 2076 prona
1067 2035 1194 2064 muta--

177 2085 280 2121 tione
307 2084 420 2133 hujus
443 2085 583 2121 erroris
612 2098 696 2121 eum
716 2084 918 2122 absolvi....
942 2085 1194 2135 Theophanes

176 2143 390 2191 Chronogr.
409 2156 446 2192 p.
471 2143 559 2188 248,
583 2145 625 2188 Β,
646 2141 780 2191 ἐγένετο
799 2142 833 2180 δὲ
849 2144 883 2179 ἐν
908 2145 955 2193 τῷ
978 2143 1093 2194 χρόνῳ
1115 2143 1195 2180 τού-

175 2216 225 2252 τῳ
249 2198 450 2245 θανατικὸν,
482 2200 542 2236 καὶ
575 2201 695 2236 κνιπία
715 2200 842 2242 παντὸς
874 2200 983 2243 εἴδους
1001 2216 1008 2223 ·
1031 2215 1194 2250 quorum

177 2266 382 2309 propterea
395 2258 624 2294 mentionem
640 2271 685 2293 eo
696 2258 877 2295 libentius
889 2259 972 2304 feci,
993 2267 1073 2295 tum
1092 2261 1194 2309 quod

177 2315 288 2353 codd.
321 2314 374 2351 ibi
401 2314 592 2351 scribendi
624 2315 662 2351 in
695 2316 768 2352 isto
789 2317 943 2352 nomine
972 2317 1193 2354 varietatem

177 2376 277 2411 clare
295 2373 517 2422 designent3
540 2386 628 2409 nain
649 2374 753 2410 velut
773 2387 793 2410 a
815 2374 954 2419 κνιπὸς,
973 2375 1075 2424 quod
1102 2378 1194 2425 Ety-

177 2432 352 2481 mologus
368 2430 483 2467 habet
496 2445 532 2467 v.
549 2430 742 2479 ψειόωλὸς,
759 2432 798 2468 in
813 2432 1020 2468 editionem
1036 2432 1194 2470 defluxit

178 2504 224 2527 ex
252 2490 382 2539 Regiis
404 2489 641 2526 membranis
663 2489 807 2536 κνιπία,
840 2491 892 2527 sic
925 2504 945 2526 a
966 2490 1106 2533 σκνιπὸς
1135 2493 1192 2529 vel

177 2547 328 2592 σκνηπὸς
344 2548 572 2585 Barberinus
590 2549 687 2585 liber
702 2548 854 2594 σκνηπία
866 2578 875 2594 ,
895 2550 1154 2588 Peirescianus
1173 2565 1193 2588 a

177 2606 310 2652 σκηπὸς
328 2606 461 2652 σκηπία
493 2608 697 2657 praeferunt
716 2622 722 2643 ε
745 2616 823 2644 tum
846 2608 935 2657 quia
950 2609 1043 2645 viris
1064 2609 1193 2646 erudi-

177 2665 238 2711 tis,
255 2665 343 2701 licet
358 2666 673 2714 significationem
689 2665 736 2702 ab
758 2667 926 2703 Historia
946 2668 1117 2704 Miscella
1137 2668 1192 2705 di-

178 2723 356 2759 dicissent
374 2736 473 2767 xv11,
494 2737 533 2773 p.
560 2725 649 2773 529,
675 2729 800 2773 inopia
820 2729 938 2761 omnis
954 2731 1109 2774 speciei,
1130 2741 1194 2764 na-

181 2781 256 2817 tiva
276 2789 402 2817 tamen
421 2782 526 2818 vocis
545 2790 713 2832 potestas
733 2792 848 2833 atque
868 2784 1098 2821 incunabula
1120 2787 1192 2822 mi-

178 2838 281 2874 nime
298 2838 450 2874 fuerunt
465 2848 676 2890 perspecta.
700 2842 918 2890 Ducangius
937 2841 975 2877 in
1000 2842 1194 2879 Glossario

179 2904 356 2932 accentus
373 2896 467 2932 vitio
487 2897 682 2948 deceptus,
704 2913 820 2948 quum
836 2899 956 2936 κνίπια
977 2901 1193 2950 reperisset,

179 2955 339 2990 formam
375 2955 480 2990 vocis
517 2956 739 2994 inusitatam
779 2966 892 3007 atque
924 2958 1193 2995 abhorrentem

179 3010 314 3049 κνίπιον
339 3012 499 3051 effinxit.
522 3014 617 3050 Illud
636 3024 820 3065 praeterea
843 3025 977 3053 notatu
995 3030 1072 3053 non
1091 3017 1194 3053 indi-

180 3070 461 3125 gnqumwdw
481 3085 501 3107 a
523 3073 758 3123 Theophane
775 3104 786 3122 ,
805 3076 1127 3125 quemadmodum
1148 3076 1195 3113 ab

179 3126 429 3166 inferioribus
451 3131 597 3167 Latinis
615 3138 881 3180 parsimoniam
898 3162 907 3178 ‚
942 3134 1051 3171 aliter
1082 3143 1195 3184 atque

179 3200 252 3224 usu
276 3187 423 3236 vulgari
455 3188 552 3224 solet
580 3202 651 3238 pro
684 3192 840 3228 caritate
870 3204 996 3227 rerum
1026 3205 1197 3229 necessa-

180 3245 324 3281 riarum
343 3257 386 3280 ac
403 3246 562 3294 penuria
581 3248 686 3296 poni,
706 3249 860 3297 quando
882 3249 1061 3285 nimirum
1076 3263 1197 3286 anno-

180 3303 297 3339 nariae
310 3302 468 3351 species,
488 3311 531 3339 ut
547 3304 628 3340 lCti
646 3305 854 3354 loquuntur
869 3334 878 3351 ‚
896 3319 973 3342 non
994 3307 1064 3342 nisi
1084 3320 1197 3356 parce

181 3359 386 3408 stricteque
399 3359 556 3410 praeberi
567 3363 829 3411 comparative
843 3370 1012 3412 possunt.
1023 3361 1198 3412 Κίμέικας

2204 199 2275 233 5ῗ3

1264 281 1300 309 et
1332 273 1510 326 σκνιφοὶις,
1556 284 1733 326 tanquam
1765 278 1930 326 proximi
1967 277 2080 327 plane
2113 280 2276 328 generis,

1258 330 1387 379 junxit
1407 333 1520 369 etiam
1544 335 1726 384 Aspasius
1758 335 1804 371 ad
1833 335 1987 371 Aristot.
2008 336 2091 372 Eth.
2118 337 2201 374 Nic.
2229 343 2277 383 4,

1266 390 1290 425 s.
1316 389 1377 436 51,
1399 404 1431 436 a,
1455 390 1613 439 κίμὲικες
1636 392 1825 442 λέγονται)
1846 393 1904 429 καὶ
1928 394 2197 446 κυμινοπρίσται
2218 395 2276 432 καὶ

1263 447 1427 498 γνίφωνες
1447 449 1504 485 καὶ
1527 451 1663 487 σκνιποὶ
1682 453 1711 487 οἱ
1734 450 1840 502 μικρὰ
1859 451 2056 502 προϊέμενοι
2084 453 2141 489 καὶ
2167 453 2277 490 διδόν-

1263 522 1327 548 τες.
1359 511 1472 544 Forte
1499 510 1699 547 mirabitur
1722 512 1884 560 aliquis,
1915 511 1979 548 ubi
2007 512 2178 563 Ym²÷ormc
2215 513 2275 549 hic

1265 575 1494 602 memoratos
1518 575 1553 603 et
1573 567 1736 610 σκνιπους
1756 569 1814 605 vel
1836 567 1994 620 σκνιφοῦς
2024 569 2070 606 ab
2102 584 2176 606 una
2203 572 2276 607 ori-

1263 622 1348 669 gine
1369 623 1500 659 dixero
1518 624 1704 673 pendere3
1725 639 1801 674 quo
1822 634 1942 662 tamen
1960 655 1969 671 ‚
1990 627 2019 663 si
2045 627 2136 675 quid
2162 636 2217 664 est
2238 629 2275 664 in

1262 680 1524 717 notationibus
1542 682 1746 718 verborum
1766 684 2008 732 exquirendis
2026 686 2189 731 firmum,
2212 686 2274 721 ni-

1262 736 1311 772 hil
1331 750 1410 774 esse
1428 740 1554 775 verius
1573 741 1760 777 existimo.
1788 744 1935 778 HEMST.
1964 742 2049 778 Vid.
2082 744 2272 780 Gaissord.

1260 795 1306 831 ad
1335 796 1450 833 schol.
1477 798 1670 835 Theocriti
1688 813 1724 848 p.
1745 800 1827 835 188.
1847 803 1966 836 Dmn.

1315 853 1403 901 592,
1434 867 1478 889 10
1503 856 1745 905 ἐπιστομηθεὶς
1759 857 1870 894 etiam
1893 858 1939 894 Θ.
1956 866 1991 893 et
2016 860 2107 907 Reg.
2136 859 2273 895 Kuste-

1259 924 1323 947 rus
1342 927 1348 947 :
1365 914 1507 948 Rectius
1523 914 1812 964 ἐπιστομισθείς.«
1827 919 1913 952 Non
1926 915 2129 962 dissenti03
2146 930 2276 966 quam·

1259 984 1370 1019 quam
1390 973 1544 1009 memini
1563 975 1721 1011 formam
1739 984 1938 1025 utramque
1953 977 2079 1012 multis
2098 977 2133 1012 in
2150 978 2275 1014 verbis

1260 1031 1476 1080 promiscue
1494 1033 1630 1082 saepius
1648 1035 1838 1084 usurpari,
1859 1035 2038 1086 λοιδορεῖν,
2052 1035 2252 1086 λοιδορίζειν
2266 1052 2273 1059 ·

1259 1088 1524 1138 ἀπολογεῖσθαι,
1540 1091 1805 1140 ἀπολογίζεσθαι
1823 1108 1830 1114 ·
1856 1092 1919 1129 sed
1940 1093 2171 1142 ἐπιστομίζειν
2191 1108 2275 1143 per-

1258 1155 1382 1197 petuae
1414 1150 1700 1187 consuetudinis
1727 1152 1994 1187 auctoritatem
2026 1151 2139 1187 habet
2162 1167 2168 1187 :
2196 1153 2273 1189 vid.

1261 1206 1453 1256 Aristoph.
1471 1210 1538 1257 Eq.
1565 1221 1600 1244 v.
1620 1211 1690 1251 841
1709 1239 1718 1256 ,
1746 1217 1781 1246 et
1806 1210 1948 1246 Suicer.
1977 1209 2090 1245 Thes.
2125 1213 2272 1248 Hm1s‘r.

1258 1267 1346 1301 Haec
1366 1273 1510 1302 tantum
1527 1266 1642 1303 habet
1663 1268 1724 1313 Θ.,
1748 1270 1848 1304 τοῦτο
1868 1266 2000 1310 παίζων
2023 1267 2107 1318 φησὶ
2129 1267 2274 1319 Χρεμύ-

1252 1323 1313 1365 λος
1329 1353 1339 1372 ,
1359 1324 1602 1374 ἐπιστομηθεὶς
1622 1325 1704 1377 παρ’
1721 1325 1836 1370 αὐτῆς.

1313 1381 1385 1430 593
1407 1395 1481 1418 om.
1513 1383 1626 1419 etiam
1655 1383 1700 1420 Θ.
1719 1405 1771 1410 -
1788 1385 1834 1419 23
1866 1384 1910 1424 ὡς
1937 1383 2009 1432 ε’γκ.
2036 1383 2161 1432 aptius
2193 1397 2273 1420 esse

1258 1440 1527 1476 animadvertit
1546 1444 1691 1478 Hemst.
1707 1463 1759 1469 --
1778 1454 1826 1490 29
1842 1443 1941 1490 ἡμῶν
1967 1443 2012 1481 εἷς
2033 1439 2171 1482 τούτους
2185 1456 2193 1464 ·
2214 1441 2272 1478 καὶ

1256 1497 1333 1539 τοὺς
1349 1499 1403 1534 ἀσ.
1421 1497 1535 1544 ὤθησε
1560 1498 1681 1548 λόγους
1700 1500 1832 1543 Βοι’ν.,
1853 1499 2008 1548 reliquis
2025 1499 2186 1535 omissis.

1312 1557 1406 1605 594,
1431 1557 1553 1600 33—45
1577 1558 1630 1594 sic
1651 1558 1688 1593 in
1712 1560 1777 1603 V.‚
1802 1555 1874 1599 ἔθος
1899 1559 1941 1602 ἠν
1975 1559 2017 1607 τῇ
2045 1557 2178 1607 Ἱζκοίτῃ
2209 1556 2271 1603 τὴν

1256 1615 1426 1667 τριακάδα
1448 1615 1482 1651 ἐν
1503 1620 1578 1657 ταῖς
1594 1614 1738 1667 τριόδοις
1766 1621 1894 1665 τιμᾶν,
1925 1615 1980 1652 διὰ
2012 1614 2050 1652 τὸ
2079 1614 2184 1661 αὐτὴν
2214 1617 2272 1653 καὶ

1257 1675 1415 1719 Σελήνην
1433 1673 1492 1711 καὶ
1512 1672 1674 1726 Ἄρτεμιν
1697 1675 1886 1711 καλεῖσθαι.
1912 1673 2039 1723 ἐτίμων
2068 1672 2104 1710 δὲ
2122 1674 2227 1719 αὐτ-ἠν
2242 1675 2272 1711 οἱ

1255 1731 1415 1770 πλούσιοι
1436 1732 1558 1784 ἄρτους
1586 1732 1644 1769 καὶ
1670 1731 1758 1768 ἄλλα
1782 1730 1859 1768 τινὰ
1887 1731 2034 1774 τιθέντες
2067 1730 2185 1783 ὥσπερ
2209 1734 2271 1768 θυ-

1257 1791 1345 1828 σίαν.
1367 1791 1503 1841 ἐλέγετο
1522 1791 1580 1827 καὶ
1602 1790 1654 1827 Γἴτι
1677 1792 1707 1827 οἱ
1726 1789 1870 1835 πένητες
1902 1789 1960 1826 ἀπ’
1986 1791 2098 1827 αὐτῶν
2126 1790 2270 1840 λαμὸοί-

1255 1865 1366 1892 νοντες
1385 1849 1504 1895 ’ἤσθιον
1533 1848 1592 1886 καὶ
1617 1847 1733 1899 ἔλεγον
1766 1846 1818 1885 ὅτι
1834 1851 1856 1894 ἡ
1880 1847 2016 1894 Ἑκάτη
2037 1849 2124 1885 αὐτὰ
2141 1848 2245 1901 ἔφαγε
2261 1879 2270 1896 ,

1255 1908 1348 1959 λέγει
1382 1902 1460 1956 οῧν,
1482 1928 1516 1936 —-
1554 1907 1724 1945 ἐσθίουσιν
1759 1906 1856 1944 αὐτοί.
1875 1933 1926 1940 -
1973 1908 2018 1950 34
2075 1909 2105 1944 οἱ
2148 1908 2270 1944 πολλοὶ

1256 1972 1348 2017 Reg.
1367 1980 1437 2017 pro
1454 1966 1492 2003 τὸ
1512 1968 1598 2003 παλ.
1629 1989 1670 1993 -—
1689 1966 1736 2003 35
1760 1965 1922 2017 Ἄρτεμιν
1947 1969 1991 2002 V.
2013 1969 2120 2015 Reg.,
2140 1967 2204 2015 qui
2234 1981 2270 2003 τε

1255 2026 1313 2064 καὶ
1331 2025 1384 2064 Ἄ.
1413 2024 1596 2077 Ἀρτέμιδα
1616 2025 1694 2061 Ald.
1716 2050 1756 2055 —
1775 2026 1821 2062 36
1843 2027 1874 2062 οἱ
1894 2026 1953 2062 πλ.
1974 2025 2107 2062 δεῖπνον
2126 2024 2271 2076 ἑσπέρας

1255 2087 1299 2127 ὡς
1320 2084 1439 2121 θυσίαν
1467 2086 1508 2133 τῇ
1532 2082 1666 2134 Ἑκάτη
1691 2082 1922 2133 προσάγοντες
1947 2082 2002 2119 ἐπὶ
2025 2088 2099 2124 ταῖς
2127 2083 2271 2134 τριόδοις

1256 2143 1384 2180 ἐτίθουν
1408 2147 1500 2191 Reg.
1520 2145 1624 2178 Junt.
1646 2143 1691 2183 ὡς
1707 2141 1792 2177 Ald.
1814 2163 1864 2169 —
1885 2143 1931 2177 38
1952 2156 2039 2177 πειν.
2063 2155 2137 2177 om.
2163 2145 2268 2190 fleg,

1255 2203 1319 2251 qui
1339 2202 1387 2249 39
1403 2199 1509 2252 ἔφαγε
1535 2202 1658 2235 ταῦτα.
1682 2199 1739 2236 lb.
1770 2199 1942 2248 ἐμάθομεν
1972 2200 2017 2236 V.
2039 2221 2089 2226 ——
2115 2205 2162 2241 ΔΟ
2181 2200 2267 2235 sort.

1254 2260 1409 2296 κάλλιον.
1433 2262 1552 2295 Dffin.
1569 2280 1618 2284 -—
1637 2262 1679 2299 41
1707 2255 1792 2301 αὐτὴ
1808 2260 1866 2301 V.‚
1888 2270 1934 2293 ex
1958 2270 2034 2305 quo
2059 2257 2194 2293 deinde
2209 2270 2269 2293 ac-

1254 2319 1364 2355 cessit
1383 2316 1441 2353 καὶ
1464 2315 1551 2357 τίνες
1577 2315 1646 2351 ἔσθ.
1674 2314 1774 2351 αὐτά.
1798 2315 2001 2364 Sequentia
2032 2313 2269 2360 ἔθος-πένη-

1252 2392 1314 2420 τας
1330 2376 1443 2413 habet
1463 2373 1597 2410 Suidas
1617 2387 1645 2409 s.
1665 2371 1834 2417 Ἑκάτην.

1308 2435 1381 2483 595
1402 2433 1424 2478 ἢ
1447 2433 1492 2475 εἷς
1512 2440 1581 2468 etc.
1612 2434 1694 2468 Hoc
1721 2430 1890 2467 scholion
1918 2430 1964 2467 ad
1991 2429 2078 2476 αὕτη
2106 2439 2264 2480 spectat.

1253 2497 1371 2530 Dum.

1309 2552 1396 2600 596,
1420 2550 1466 2585 52
1489 2545 1741 2598 τηγανισμένου
1764 2550 1882 2584 DorV.

1309 2612 1382 2659 598
1408 2622 1482 2645 om.
1505 2607 1618 2643 etiam
1638 2606 1683 2643 Θ.
1699 2631 1738 2636 -
1766 2619 1808 2651 17
1832 2618 1912 2655 sqq.
1936 2605 2081 2642 Cratini
2103 2606 2208 2642 locus
2223 2620 2267 2643 ex

1255 2667 1525 2719 Hephaestione
1539 2672 1596 2700 est
1626 2677 1665 2712 p.
1692 2668 1752 2708 [¹7-
1776 2688 1815 2693 —-
1841 2664 1885 2699 18
1906 2666 1964 2699 νῦν
1983 2664 2070 2700 Ald.
2094 2668 2139 2701 In
2164 2668 2266 2701 Junt.

1254 2725 1313 2776 ἔχε
1328 2723 1428 2774 σιγάν
1445 2738 1453 2746 ·
1475 2723 1634 2759 καλεῖται
1649 2718 1683 2756 δὲ
1704 2719 1762 2757 καὶ
1782 2720 2014 2772 παροιμιακὸν
2039 2720 2093 2757 διὰ
2112 2722 2150 2758 τὸ
2175 2723 2265 2759 πολ-

1254 2784 1314 2826 λὰς
1334 2780 1522 2833 παροιμίας
1541 2779 1652 2830 τούτῳ
1668 2782 1876 2824 πεποιῆσθαι
1898 2781 1946 2828 τῷ
1966 2778 2092 2829 μέτρῳ.
2117 2777 2261 2820 Ἄλλως.

1254 2840 1425 2894 παροιμία
1445 2839 1500 2876 ἐπὶ
1517 2841 1585 2875 τῶν
1607 2837 1756 2890 ἇκριέῶς
1773 2836 1910 2873 εἰδότων
1930 2836 1974 2872 τί.
1990 2836 2046 2872 καὶ
2064 2836 2177 2872 πάντα
2191 2845 2262 2872 etc.

1254 2901 1343 2945 Illa,
1367 2896 1538 2949 παροιμία
1563 2897 1701 2933 ἐπὶτῶν
1723 2893 1872 2945 ἀκριῧῶς
1897 2892 2037 2930 εἰδότων
2068 2908 2119 2939 τι,
2142 2898 2266 2945 perti—

1254 2971 1344 2994 nere
1375 2956 1550 3005 suspicor
1578 2955 1625 2991 ad
1657 2967 1692 2989 v.
1723 2954 1798 2988 600
1825 2952 1901 3000 [cui
1923 2952 2130 3000 ascriptum
2157 2955 2268 2990 estin

1254 3016 1386 3064 Regio,
1406 3013 1542 3049 additis
1561 3011 1651 3061 λέγει
1672 3009 1706 3046 δὲ
1726 3008 1777 3046 ὅτι
1801 3010 1839 3045 οὐ
1855 3008 1903 3057 μή
1919 3023 1961 3058 με
1981 3008 2112 3053 πείσεις
2131 3014 2189 3048 χαὶ
2210 3010 2268 3048 ἐὰν

1255 3073 1352 3124 δόξῃς
1372 3071 1536 3120 πείθειν],
1558 3070 1663 3119 quasi
1693 3068 1741 3105 ab
1765 3068 1809 3103 iis
1831 3066 2126 3115 proverbiatiter
2153 3084 2266 3107 usur-

1256 3133 1339 3183 pari
1358 3142 1512 3167 monere
1538 3127 1740 3171 voluisset,
1761 3126 1825 3175 qui
1852 3125 1899 3165 de
1918 3129 2079 3165 veritate
2104 3128 2268 3178 cujusvis

1256 3191 1310 3227 rei
1338 3187 1509 3239 persuasi
1547 3199 1567 3222 a
1597 3193 1771 3234 suscepta
1799 3186 1912 3222 semel
1934 3187 2119 3223 sententia
2156 3186 2268 3222 nullis

1256 3248 1438 3285 machinis
1469 3244 1655 3281 dimoveri
1689 3255 1728 3282 se
1759 3253 1969 3294 patiuntur.
1998 3248 2143 3282 Hems'r.
2168 3247 2264 3282 -28

1256 3306 1346 3344 Ἀντὶ
1366 3308 1424 3341 τοῦ
1445 3300 1568 3354 φθέγξῃ
1590 3302 1637 3340 V.

1311 3366 1399 3412 690,
1424 3363 1467 3408 37
1491 3374 1543 3396 σοι
1564 3371 1642 3399 om.
1662 3364 1709 3398 R.
1730 3375 1784 3398 σοι
1803 3369 1840 3398 et
1858 3374 1960 3410 seqq.
1986 3372 2058 3396 om.
2083 3361 2131 3397 Θ.
