2533 3808
324 218 395 250 588

324 291 454 342 αὗχμθς
470 304 538 326 των
559 291 772 333 σχευαρί(ι’)ν

323 351 446 387 culam
474 346 644 383 Ionicam
665 345 711 379 ὠν
732 341 823 377 dicit
846 338 1069 384 scholiasta,
1093 335 1138 372 de
1168 347 1242 383 qua
1261 347 1337 369 non

325 404 563 454 cogitandum
584 402 622 437 in
641 407 753 449 poeta
768 398 909 434 Attico.
931 399 1105 432 D1Nn.-
1120 392 1181 437 45.
1210 392 1338 429 Omit-

326 463 428 500 tebat
452 460 654 498 scholiasta
686 457 722 506 μ’
755 469 840 492 cum
870 453 984 491 Sinda
1014 460 1050 488 et
1072 449 1261 502 σκευαρίων
1291 449 1338 485 ad

327 519 486 557 ἀπώλεσε
507 515 696 554 ιμεῗειεὺαῐ
717 528 784 564 per
810 512 1135 550 constructionem
1161 509 1336 545 Atticam

325 578 433 616 Unde
455 578 507 613 ita
528 576 604 611 sere
624 572 884 621 corrigendus,

326 635 457 676 πενίας.
475 634 511 650 “
538 633 700 673 Ἀττικῶς
736 629 772 667 δὲ
807 623 900 666 εἶπεν
936 626 1009 663 ἀντὶ
1041 629 1099 663 τοῦ
1121 624 1278 661 ἀπώλεσε
1298 639 1342 659 τα

325 692 503 744 σκευάρια.
523 695 722 728 Domzffins.
745 686 909 725 ἀπώλεσα
932 683 975 722 τὰ
991 688 1033 721 V.
1055 709 1091 716 -
1109 684 1155 727 46
1184 681 1342 719 ἀπώλεσε

326 752 393 786 τῶν
423 747 614 800 σκευαρίων
645 746 816 783 additum
846 757 892 780 ex
914 747 958 779 R
964 743 1058 792 ‚qui
1089 755 1162 778 om.
1193 738 1337 780 Ἄλλως

326 808 423 846 ’.Αλλ
443 807 690 856 μετωνυμικῶς
712 817 785 840 om.
807 804 852 841 Θ.
880 801 1003 850 spatio
1026 813 1155 836 xacuo.
1171 824 1212 830 -
1234 804 1279 844 47
1301 811 1344 846 με

327 880 431 917 χορου
451 862 494 900 τὰ
513 879 581 908 σκ.,
607 868 655 910 49
670 860 803 911 αὒχμος
823 859 897 895 ἀντὶ
913 867 950 895 et
975 871 1213 909 μετιερορικως
1242 854 1276 891 δὲ
1296 857 1341 890 V.

327 948 367 955 -
388 923 466 960 50⁷
453 921 509 959 επὶ
537 923 596 957 τοῦ
628 921 794 970 primum
826 918 896 954 fuit
921 918 959 953 in
986 918 1030 954 Θ.
1048 941 1087 946 -
1107 916 1150 951 51
1184 911 1344 964 σταχύων

327 981 625 1029 libripraeterV.
647 980 665 1014 ὁ
686 982 777 1017 σῖτος
797 977 841 1013 Θ.
857 999 899 1006 -
921 976 967 1011 52
999 967 1172 1011 Α](1.οἱον
1202 986 1279 1009 om.
1299 974 1343 1007 V

328 1065 368 1071 -
385 1040 430 1076 53
449 1038 608 1086 Regius:
633 1034 775 1086 Αὒχμος
805 1033 930 1103 κυρίως
948 1036 969 1079 ἦ
992 1032 1135 1084 ξηρότης
1154 1047 1212 1068 και
1232 1032 1345 1080 ἀνομ-

328 1098 409 1149 ὅρία
440 1095 602 1146 λέγεται,
625 1109 685 1131 και
711 1092 779 1130 ἀπὸ
807 1090 927 1129 τούτου
956 1092 1102 1140 αυχμῶν
1133 1089 1327 1147 ἄνθρωποςη
1330 1089 1347 1124 ὁ

804 294 1061 331 ιιετωνυμικως.
1079 301 1121 308 --
1140 283 1186 320 44
1214 277 1336 326 parti-

906 570 940 584 *'
963 568 1060 620 ξηρὸς
1078 564 1257 617 γενόμενος
1275 567 1340 601 ὑπο

332 1154 524 1205 κατάξτρος
540 1168 599 1189 και
620 1153 757 1203 ῥυπῶν,
775 1152 820 1192 ὡς
835 1154 929 1191 οὗτος
948 1150 982 1185 ἐν
1004 1148 1119 1189 ἄλλοις
1135 1146 1268 1184 «πόθεν
1288 1149 1346 1182 οὖν

331 1213 476 1262 αὐχμῶν
494 1210 661 1261 βαδίζεις;
679 1227 694 1242 υ
712 1210 858 1245 ενταυθα
880 1207 913 1245 δὲ
935 1206 1066 1257 αὐχμος
1086 1209 1107 1251 ἡ
1129 1206 1226 1242 ἁπλ“
1203 1220 1248 1248 ως
1270 1202 1347 1241 στέ-

333 1285 440 1321 ρησις.
457 1293 497 1299 -
513 1270 558 1312 54
592 1269 631 1304 in
659 1268 704 1305 Θ.
731 1265 807 1315 ἐμοι
832 1266 879 1302 ad
901 1266 1002 1302 hunc
1026 1277 1178 1301 veisun]
1200 1263 1319 1299 adsci
1314 1276 1348 1298 1-

332 1338 454 1379 ptum.
484 1326 642 1379 (Χρείας
670 1334 707 1363 et
736 1324 934 1377 χρειασίδια
965 1324 1087 1361 Graeci
1121 1322 1349 1358 recentiores

330 1394 472 1422 xocant
501 1388 719 1421 utensilia.»
748 1386 954 1420 HEMST.—
975 1388 995 1425 4
1020 1380 1086 1431 γάρ
1120 1394 1188 1428 με,
1213 1379 1233 1415 5
1260 1378 1348 1428 ἐμοί.

333 1442 504 1493 βέλτιον
487 1441 521 1478 οὲ
545 1441 584 1479 τὸ
605 1440 759 1492 δεύτερον
792 1443 886 1488 Reg.
909 1447 1033 1475 cetera
1057 1438 1248 1474 omittens.
1266 1462 1306 1468 -
1327 1438 1348 1473 8

331 1499 498 1537 ὃιακένων
533 1499 561 1535 δ’
594 1498 700 1535 ὄντων
741 1497 939 1534 Dobraeus.
970 1494 1151 1547 διακρίνων
1184 1495 1226 1532 ’δ’
1261 1494 1350 1532 οὕτω

332 1559 468 1596 codeX.

386 1617 462 1659 845
478 1617 514 1652 in
536 1620 581 1653 V.
599 1616 673 1652 hoc
695 1615 850 1659 ordine,
875 1611 1185 1650 σκώπτων-νέαι.
1204 1610 1349 1654 Ἄλλως.

335 1673 573 1717 παίζει-τῶν
596 1672 769 1723 μεγάλων.
786 1697 826 1703 -
843 1672 889 1708 25
911 1665 952 1717 ἦν
984 1685 1057 1707 om.
1084 1675 1130 1707 V.
1145 1695 1187 1703 —
1206 1671 1253 1706 26
1281 1671 1353 1707 Με-

334 1732 477 1774 κάνθιος.
490 1733 665 1769 Deterius
685 1732 732 1768 ad
747 1735 819 1769 Av.
838 1745 873 1766 v.
901 1732 996 1776 1073
1018 1729 1200 1774 Μελανθης
1215 1728 1352 1765 scribi—

334 1799 395 1827 tur
414 1805 421 1826 :
442 1791 527 1827 vide
550 1795 606 1828 Jo.
629 1794 769 1826 Meurs.
786 1790 894 1826 Praef.
919 1789 965 1825 ad
981 1788 1194 1833 Eleusinia,
1215 1788 1255 1823 in
1274 1801 1351 1837 quo

333 1847 461 1885 libello
479 1861 578 1897 saepe
595 1848 828 1884 mentionem
846 1847 957 1895 hujus
977 1846 1110 1882 scholii
1129 1847 1217 1882 fecit
1235 1859 1348 1896 capp.

335 1905 372 1950 5,
390 1920 425 1950 7,
449 1919 504 1941 12.
527 1918 583 1953 19.
608 1908 716 1954 Opus
738 1913 862 1940 autem
882 1904 1080 1940 Melanthii
1108 1903 1186 1954 περὶ
1211 1919 1350 1953 μυστη-

335 1962 416 2013 ρίων
442 1963 629 2011 singulare
651 1962 782 2006 fuerit,
801 1975 846 1998 an
867 1975 953 2010 pars
971 1963 1031 2005 τῆς
1051 1959 1199 2001 Ἀτθίδος
1214 1989 1223 2006 ,
1245 1961 1352 2010 cujus

336 2034 422 2057 eum
446 2028 641 2056 auctorem
666 2019 796 2055 laudat
823 2023 1047 2068 Harpocrat.
1072 2019 1109 2054 in
1134 2017 1327 2068 Γρυπᾶνιον
1343 2049 1352 2065 ,

336 2076 436 2113 haud
458 2085 596 2113 temere
621 2076 782 2112 dixerim
806 2091 814 2112 :
847 2076 1047 2112 Menandri
1079 2076 1233 2124 quidem
1258 2075 1354 2112 liber

336 2135 470 2170 eodem
487 2134 609 2178 titulo,
627 2134 762 2170 citatus
777 2133 824 2169 ab
842 2134 977 2169 Avium
995 2142 1227 2178 enarratore‚
1239 2146 1351 2181 quem

337 2192 383 2228 de
403 2192 518 2228 sacris
537 2192 738 2228 Eleusiniis
758 2191 1022 2227 tantummodo
1046 2199 1222 2227 tractasse
1242 2199 1353 2240 putat

336 2250 529 2286 Meursius
545 2277 553 2292 ‚
571 2249 717 2285 ambitu
735 2249 871 2285 latiore
891 2263 965 2286 non
993 2250 1119 2287 Attica
1147 2249 1270 2285 solnm
1289 2250 1351 2284 vi-

338 2307 474 2355 detur,
508 2307 574 2343 scd
615 2307 741 2344 ubivis
770 2307 916 2343 Graeciae
948 2307 1138 2344 celebrata
1175 2307 1354 2355 mysteria

337 2366 672 2415 comprehendisse
699 2381 706 2402 :
729 2379 815 2402 nam
847 2366 936 2402 inde
964 2375 1130 2402 sumtum
1160 2378 1353 2416 auguror,

339 2425 442 2474 quod
460 2425 578 2461 schol.
602 2425 729 2474 Apoll.
750 2425 822 2462 Rh.
851 2424 897 2460 ad
922 2439 933 2460 ι
953 2453 962 2471 ,
995 2426 1116 2471 1126,
1150 2424 1354 2470 observat,

341 2483 582 2532 Apollonium
595 2482 785 2532 Μενάνδρῳ
796 2483 991 2518 ἀκολουθεῖν
1002 2482 1138 2532 λέγοντι
1150 2482 1354 2529 Μιλησίους,

341 2538 420 2576 ὅταν
440 2538 546 2575 Ούωσι
563 2542 603 2589 τῇ
626 2538 709 2587 Ῥέα
724 2568 732 2584 ,
751 2539 906 2589 προθύειν
951 2541 1004 2576 ita
1030 2541 1230 2589 legendum
1246 2571 1254 2587 ‚
1279 2555 1355 2577 uon

341 2595 543 2648 προσθύειν)
564 2596 668 2647 Τιτία
697 2595 755 2632 καὶ
778 2596 948 2647 Κυλλῆνῳ
964 2611 973 2619 ·
1000 2611 1046 2633 ex
1064 2598 1200 2646 quibus
1222 2599 1354 2645 simul,

341 2663 494 2704 poetam
516 2654 704 2690 Rhodium
731 2667 810 2690 esse
830 2655 1035 2690 Menandro
1062 2656 1139 2691 sive
1165 2655 1332 2704 Ephesio
1347 2685 1355 2699 ‚

342 2713 421 2748 sive
443 2712 592 2747 aliunde
613 2720 718 2756 orto,
737 2711 953 2747 inferiorem
983 2720 1111 2757 aetate‚
1136 2712 1261 2761 colligi
1285 2725 1357 2761 po-

346 2778 426 2806 test
445 2772 591 2805 Hmis‘r.
612 2783 712 2814 —27
735 2769 896 2837 πάτριον
913 2767 947 2805 δε
975 2775 1044 2810 τοῖς
1069 2772 1102 2805 os
1107 2775 1155 2810 οἷς
1182 2772 1226 2805 Υ.
1243 2797 1283 2801 -
1308 2771 1355 2806 28

343 2833 412 2869 τοῖς
447 2826 593 2876 μύσταις
617 2827 837 2864 Θ.Α1ι1.εν
863 2830 910 2868 οἱς
934 2830 976 2865 Υ
999 2826 1141 2877 τύγοιμε
1128 2843 1161 2863 ν
1183 2829 1227 2865 Θ.
1246 2852 1286 2857 —-
1308 2841 1355 2876 ²9

345 2900 449 2934 μυστ.
475 2884 510 2921 δὲ
535 2885 762 2931 επιτελεῖται,
785 2886 866 2920 302
853 2900 881 2921 5.
872 2884 918 2921 ῗσὶ
944 2900 978 2921 οε
1002 2884 1067 2931 τὰ,
1096 2887 1138 2921 31
1164 2885 1221 2921 καὶ
1242 2900 1355 2933 προα-

343 2943 421 2995 γόρε
409 2959 498 2984 ,ςυσι
509 2973 518 2989 ,
537 2944 584 2979 33
605 2942 740 2995 ῥυπαρά
758 2944 823 2980 εἰσι
846 2947 906 2990 V.‚
928 2957 973 2979 ex
991 2957 1067 2993 quo
1084 2945 1280 2992 sequentia
1303 2942 1359 2979 λέ-

344 3000 650 3050 γει-ἀνατιῡέναι
683 3001 822 3038 addita.
844 3026 880 3032 —
909 3003 955 3037 36
989 3001 1130 3043 Ἄλλως.
1157 3001 1292 3050 μεγάλα
1323 3009 1357 3038 et

347 3059 544 3107 sequeutia
561 3072 635 3094 om.
651 3059 762 3094 etiam
784 3060 830 3096 Θ.
846 3086 886 3090 —
903 3059 964 3105 37.
991 3061 1078 3095 Haec
1098 3059 1221 3095 minus
1242 3071 1357 3094 accu-

349 3124 426 3152 rate
445 3116 676 3153 scholiastes.
697 3116 845 3153 Minora
875 3118 974 3153 enim
1001 3117 1178 3165 mysteria
1210 3116 1358 3153 Cereris

348 3187 422 3209 non
439 3172 927 3220 celebrabanturEleusine,
945 3174 1008 3210 sed
1025 3178 1144 3223 Agrea,
1159 3173 1218 3209 vel
1234 3173 1357 3221 Agris,

320 3264 325 3267 ,
350 3230 452 3280 quod
481 3238 558 3265 erat
581 3230 765 3278 oppidum
787 3232 920 3268 Atticae
947 3231 992 3267 ad
1014 3231 1164 3268 llissum
1186 3230 1357 3273 fluvium,

352 3297 442 3325 teste
468 3287 659 3336 Stephano
686 3288 865 3336 Byzantio
898 3296 930 3317 V·
957 3290 1085 3339 Ἄγρα,
1117 3288 1290 3326 Eustatli.
1315 3288 1358 3324 ad

351 3348 391 3383 ll.
413 3350 452 3393 Β,
469 3358 502 3394 p.
525 3346 611 3385 361.
631 3354 666 3381 et
685 3346 774 3381 aliis.
796 3347 890 3384 Vide
911 3348 1068 3383 omnino
1094 3347 1286 3383 Pctavium
1310 3346 1355 3383 ad

1066 191 1360 231 ADNOTATIO
1389 190 1442 227 IN
1471 191 1645 230 SCHOL.

1395 276 1650 313 Themistium
1668 278 1773 314 Orat.
1799 279 1834 324 5,
1854 292 1891 327 p.
1919 280 1990 316 415
2019 279 2107 316 edit.
2139 278 2254 316 Hard.
2280 281 2403 319 Kus‘r.

1392 359 1431 364 -
1449 333 1497 370 50
1516 334 1648 380 δηλαδή
1673 339 1791 372 Dorv.
1818 349 1893 373 om.
1917 338 1963 374 Θ.
1985 363 2024 368 -
2050 351 2062 373 1
2090 336 2160 374 Σὺν
2179 350 2251 373 om.
2271 338 2315 376 Θ.

1447 392 1521 428 850
1546 406 1620 429 om.
1648 393 1760 429 etiam
1792 394 1894 431 Θ.-
1918 396 1961 431 13
1993 394 2075 432 ϋΟτι
2102 393 2190 431 λίαν.
2226 398 2316 432 Haec
2347 409 2408 432 se-

1389 450 1602 499 jungend33
1625 463 1709 486 nam
1723 459 1888 500 utroque
1907 453 2022 489 modo
2041 453 2132 489 illud
2151 454 2195 494 ὡς
2216 466 2410 502 exponere

1394 507 1489 543 solet
1508 510 1625 543 Dorv.
1650 509 1796 544 Hmisr.

1451 565 1524 600 853
1542 566 1594 602 sic
1614 566 1651 601 in
1671 568 1728 612 V„
1750 564 1824 602 ἀντὶ
1849 568 1908 602 τοῦ
1931 565 2017 603 πολὺ
2046 566 2411 620 ὕδωρ-πολυανθέων

1395 625 1550 675 καρπῶν.
1570 622 1714 664 Ἄλλως.
1732 622 1846 659 πολλοί
1865 623 2115 676 μοι-φέροντι
2134 630 2178 662 V.
2195 649 2237 656 -
2259 627 2303 662 15
2321 625 2412 664 Ἀντὶ

1395 696 1454 717 του
1473 681 1587 718 πολλοί
1610 681 1746 718 Suidas
1768 694 1796 717 s.
1821 680 2028 732 Πολυφόρῳ.
2043 685 2133 718 -16
2149 682 2285 735 φέροντι
2300 685 2412 721 etiam

1397 738 1545 775 Suidas.
1568 737 1685 787 ἄγοντι
1701 740 1746 776 Θ.
1770 739 1851 776 Ald.
1876 738 2023 790 ποικίλῳ
2041 740 2185 777 Suidas.
2208 742 2351 779 ποικίλα
2368 746 2413 779 R.

1398 798 1444 834 Θ.
1477 796 1559 833 Ald.
1582 794 1604 841 ἢ
1625 796 1773 849 ποικίλῳ
1792 810 1866 833 om.
1888 800 1931 832 V.
1949 795 2018 833 ἀπὸ
2037 801 2084 835 R.
2104 806 2142 834 et
2167 799 2315 847 Suidas,
2339 800 2414 836 ἀντὶ

1397 858 1442 891 V.
1464 853 1597 905 εἴρηται
1614 853 1650 891 δὲ
1674 854 1723 899 (δὲ
1742 868 1817 891 orn.
1840 854 1909 904 Θ.)
1939 853 2007 891 ἀπὸ
2024 855 2070 893 Θ.
2094 855 2176 892 Ald.
2191 879 2231 886 —
2259 870 2301 902 17
2337 857 2416 893 ἔπι-

1399 911 1577 963 δεχομένῳ
1595 911 1675 964 οἴνῳ
1695 916 1739 949 V.
1761 912 1867 962 ἤγουν
1893 926 1967 950 om.
1989 916 2035 949 V.
2051 913 2099 950 Θ.
2128 911 2306 951 τουτέστιν
2327 915 2417 952 Sui-

1400 970 1480 1006 das.
1503 994 1543 1000 -
1575 971 1620 1007 18
1647 970 1765 1008 κακόν.
1792 970 1986 1023 πολυφόρον
2012 969 2077 1022 γὰρ
2113 969 2230 1021 ἔλεγον
2263 973 2413 1009 Suidas.

1400 1028 1535 1079 εἴρηται
1556 1026 1620 1080 γὰρ
1640 1032 1686 1064 V.
1711 1027 1746 1065 δὲ
1768 1043 1846 1065 om.
1869 1030 1914 1066 Θ.
1936 1028 1975 1066 τὸ
1997 1027 2129 1074 πολλὴν
2158 1033 2205 1066 V.
2225 1054 2264 1060 —
2290 1044 2336 1078 ¹9
2358 1030 2416 1067 τὸν

1401 1085 1514 1135 ὀλίγον
1536 1089 1583 1122 R.
1608 1088 1813 1136 Sequentia
1833 1087 2268 1139 πολυφόρῳ-κομιστικῷ
2288 1088 2418 1125 addita

1402 1158 1448 1180 ex
1463 1148 1504 1181 V.
1522 1172 1562 1178 —
1580 1158 1624 1180 21
1650 1146 1688 1182 ἐκ
1705 1149 1750 1182 R.
1767 1149 1812 1182 V.
1832 1145 1901 1183 ἀπὸ
1917 1146 1998 1182 Ald.
2018 1159 2092 1183 om.
2116 1147 2162 1184 Θ.
2183 1146 2418 1199 πολυκάρπων

1401 1201 1460 1237 καὶ
1479 1203 1699 1238 πολυανθεῶν
1729 1205 1873 1255 καρπῶν
1896 1208 1942 1240 V.
1967 1204 2049 1240 sine
2071 1203 2222 1255 χωρίων.
2246 1207 2419 1254 Sequen—

1403 1260 1454 1295 tia
1474 1272 1549 1295 om.
1572 1260 1688 1296 etiam
1705 1261 1752 1298 Θ.
1773 1286 1814 1292 -
1836 1262 1897 1297 26.
1922 1261 1998 1298 Alii
2024 1261 2195 1297 scribunt
2225 1260 2418 1313 παροξυτό-

1401 1333 1485 1364 νως,
1505 1317 1719 1369 πολυφόροςε
1740 1319 1845 1368 quod
1865 1319 1985 1368 magis
2003 1332 2048 1355 ex
2066 1320 2194 1368 regula
2210 1328 2277 1357 est.
2293 1323 2421 1358 Semi:—

1402 1389 1486 1411 rmz.
1507 1379 1528 1422 ἡ
1550 1375 1682 1422 πολλὴν
1701 1375 1807 1429 φορὰν
1838 1379 1983 1428 καρπῶν
2018 1375 2169 1428 φέρουσα
2184 1406 2194 1424 ,
2229 1380 2276 1415 28
2301 1378 2360 1415 καὶ
2383 1378 2423 1415 τὸ

1403 1433 1526 1486 πολύφ.
1549 1438 1641 1484 Reg.

1457 1491 1534 1528 858
1558 1492 1615 1529 τὸν
1643 1491 1873 1543 γενησόμενον
1895 1493 2054 1531 Πλοῦτον
2086 1493 2244 1530 confusa
2276 1494 2414 1530 credo:

1405 1550 1564 1586 Πλοῦτον
1581 1550 1748 1588 adscribi
1759 1550 1943 1588 debuerat
1957 1552 2137 1601 neglectae
2151 1552 2238 1588 voci
2256 1551 2313 1588 τὸν
2335 1551 2421 1588 θεόν.

1404 1609 1551 1644 HEMs'r.

1459 1664 1549 1713 859,
1576 1665 1623 1701 38
1644 1679 1700 1715 sq.
1721 1665 2035 1719 ἐὰν-παραμεινῃ
2057 1676 2144 1717 post
2163 1666 2280 1718 λκρίσιν
2314 1668 2423 1716 pouit

1406 1727 1465 1769 Υ.,
1483 1724 1638 1772 praefixo
1657 1723 1781 1766 ἄλλως.
1803 1741 1818 1757 «
1838 1727 1880 1761 Si
1884 1728 2030 1772 judicia
2047 1730 2113 1774 agi
2133 1739 2204 1760 non
2223 1727 2398 1761 desinant
2411 1741 2422 1761 .-

1405 1782 1477 1818 hoc
1497 1782 1608 1818 modo
1628 1782 1915 1832 intelligendum
1939 1783 2079 1828 credo,
2106 1791 2142 1818 et
2159 1781 2199 1819 τὸ
2222 1782 2352 1819 δίκαιον
2378 1796 2423 1819 ex

1406 1853 1476 1876 usu
1496 1840 1753 1876 recentiorum
1775 1841 1867 1889 poni
1893 1854 1963 1889 pro
1982 1844 2081 1886 juris
2097 1841 2269 1886 dictione,
2291 1841 2422 1877 δικαιο-

1407 1897 1514 1949 ἓοσία.
1536 1894 1648 1934 Unde
1666 1911 1757 1934 vero
1771 1897 2007 1947 judiciorum
2026 1899 2267 1935 severitatem
2283 1912 2326 1935 ac
2339 1900 2423 1935 vio-

1406 1956 1559 1992 lentiam
1578 1970 1599 1991 x
1604 1955 1733 1992 eibis
1724 1957 1769 1992 iis
1788 1956 1932 1993 traduci
1951 1956 2064 1992 suerit
2079 1957 2308 2006 expiscatus,
2324 1970 2425 1993 com·

1408 2023 1557 2063 portum
1576 2027 1653 2050 non
1669 2013 1805 2050 habeo.
1823 2031 1839 2046 υ
1863 2018 2011 2051 Hmisr.
2043 2014 2242 2066 παραμείνῃ
2271 2014 2358 2079 :fs-qe(
2379 2019 2423 2051 R.

1407 2072 1451 2108 Θ.
1469 2096 1510 2102 -
1528 2073 1575 2119 39
1593 2070 1748 2108 σκώπτει
1768 2070 1803 2108 δε
1824 2072 1868 2109 Θ.
1887 2071 1971 2110 Ald.
1993 2070 2110 2123 ὥσπερ
2131 2075 2190 2116 V,
2223 2073 2289 2122 qui
2319 2076 2424 2108 οὖσαν

1408 2143 1482 2166 um.
1499 2155 1541 2161 -
1562 2135 1610 2172 40
1632 2129 1866 2182 δικαστηρίοις
1886 2129 1971 2168 Ald.
1996 2153 2036 2160 —-
2056 2136 2101 2174 41
2129 2144 2188 2166 και
2202 2144 2242 2167 το
2256 2130 2322 2167 δίκ.
2344 2143 2421 2167 om.

1407 2191 1524 2223 Dorv.
1548 2187 1670 2226 Paris.

1462 2247 1553 2293 862,
1575 2248 1622 2289 48
1645 2247 1683 2283 ἐκ
1697 2250 1743 2284 R.
1767 2260 1839 2296 pro
1858 2240 1954 2288 εἶδος.
1973 2271 2014 2278 -
2036 2252 2086 2295 49
2115 2244 2337 2295 νομίσματος.
2364 2261 2426 2283 πο-

1408 2303 1509 2355 νηρὸν
1539 2303 1660 2354 κόμμα
1688 2304 1773 2356 φησὶ
1802 2304 1842 2341 τὸ
1863 2303 2220 2356 παραχαραττόμενον
2247 2303 2421 2356 ἀργύριον.

1409 2361 1478 2398 ἀπὸ
1496 2369 1692 2416 μεταφορᾶς
1709 2365 1776 2400 τῶν
1794 2362 2018 2413 νομισμάτων
2034 2361 2068 2405 ἐξ
2083 2360 2164 2399 ὅλου
2179 2361 2267 2402 τινὸς
2280 2362 2424 2413 χρυσίου

1410 2421 1695 2471 ἀποκεκομμένου
1718 2421 1912 2471 κόμματος.
1944 2420 2088 2461 Ἄλλως.
2122 2420 2197 2457 ἀντὶ
2227 2423 2287 2457 τοῦ
2317 2422 2423 2457 εἰπεῖν

1411 2482 1452 2514 R.
1471 2478 1600 2530 φαύλου
1621 2478 1694 2516 ἐστὶ
1710 2495 1807 2517 συστ.
1829 2483 1922 2528 Reg.
1940 2479 2075 2516 Suidas
2089 2493 2123 2514 v.
2141 2478 2275 2529 Κάμμα
2289 2492 2336 2515 ex
2353 2478 2425 2515 hoc

1411 2537 1555 2573 scholio
1575 2539 1765 2586 excerpsit
1786 2537 1853 2574 ἀπὸ
1872 2535 2154 2588 μεταφορᾶς-ἐξ
2173 2535 2254 2572 ὅλου
2279 2536 2425 2587 χρυσίου

1412 2594 1697 2643 ἀποκεκομμένον
1719 2596 1786 2644 (sic
1813 2604 1888 2631 tres
1909 2595 2032 2640 codd.;
2062 2595 2157 2630 alius
2190 2593 2419 2644 κεκομμένου.

1410 2655 1453 2687 In
1472 2652 1561 2688 edit.
1589 2653 1748 2690 Mediol.
1783 2651 2078 2700 ἀποκεκομμένων
2091 2656 2114 2698 ).
2138 2652 2215 2688 ἀντὶ
2236 2655 2296 2689 τοῦ
2314 2653 2421 2689 εἰπεῖν

1411 2708 1541 2759 φαύλου
1564 2709 1794 2759 συστήματος.
1818 2709 1966 2762 πονηρὸν
1987 2710 2129 2759 κόμμα,
2149 2708 2171 2754 ἢ
2194 2725 2423 2762 παρακεκομ-

1412 2765 1512 2815 μένος
1538 2768 1694 2819 ἄργυρος.
1724 2785 1738 2798 u
1755 2769 1897 2804 Psellus
1921 2771 1976 2804 De
2008 2781 2070 2817 op.
2104 2767 2211 2804 daem.
2241 2782 2278 2818 p.
2303 2768 2324 2804 5
2356 2769 2424 2819 (p.

1413 2837 1433 2859 2
1470 2826 1608 2871 Boiss.)
1625 2844 1638 2857 υ
1681 2828 1788 2861 ΒΑ5Τ.
1827 2834 1924 2862 nott.
1964 2838 2050 2862 mss.
2081 2850 2122 2856 —
2157 2826 2204 2861 5ο
2233 2829 2292 2862 τοῦ
2342 2841 2420 2863 πον.

1411 2885 1504 2932 Reg.
1526 2882 1645 2927 ἐπειδὴ
1677 2883 1735 2920 καὶ
1767 2883 1855 2920 libri
1888 2891 2025 2933 praeter
2049 2885 2097 2921 R.
2118 2907 2160 2914 —
2181 2884 2223 2919 51
2248 2883 2424 2929 κιὸδήλων

1413 2954 1487 2977 om.
1511 2942 1575 2986 Θ.,
1605 2942 1669 2990 qui
1700 2942 1822 2991 pergit
1848 2940 2096 2991 νομισμάτων,
2128 2941 2163 2985 ἐξ
2190 2938 2307 2992 ὀλίγου
2334 2941 2425 2985 τινὸς

1413 2998 1556 3049 χρυσίου
1574 2998 1860 3049 ἀποκεκομμένου
1880 3002 2069 3048 κόμματος.
2101 2998 2123 3044 ἢ
2141 2999 2334 3050 λείμματος
2356 3002 2423 3037 τῶν

1413 3055 1552 3094 ἀδίκων.
1575 3056 1613 3093 τὸ
1627 3071 1652 3107 χ
1671 3056 1705 3092 δὲ
1725 3056 1808 3107 πρὸς
1827 3055 1864 3092 τὸ
1887 3056 2024 3106 κόμμα.
2044 3055 2189 3099 Ἄλλως.
2209 3057 2233 3103 ἢ
2253 3057 2292 3096 τὸ
2309 3073 2425 3110 παρα-

1411 3114 1668 3166 χαραττόμενον
1687 3114 1845 3166 ἀργύριον
1864 3114 1902 3151 τὸ
1918 3114 2066 3167 πονηρὸν
2084 3115 2204 3166 κόμμα
2217 3115 2332 3168 φησίν.
2349 3119 2422 3153 Re-

1413 3174 1494 3221 gius
1514 3171 1557 3208 τόι
1575 3171 1640 3224 γὰρ
1666 3175 1780 3225 φαῦλα
1799 3174 1858 3209 καὶ
1889 3173 2038 3218 κίὸδηλα
2058 3176 2127 3210 τῶν
2146 3173 2372 3224 νομισμάτων
2392 3175 2423 3210 οἱ

1415 3229 1542 3267 ’rAzwe
1534 3230 1560 3266 *t
1579 3246 1605 3267 ει
1596 3230 1741 3267 ῗώθασι
1732 3246 1764 3267 t·
1755 3231 1808 3280 έγε
1815 3247 1840 3267 ιν
1861 3230 1994 3281 πονηρὰ
2011 3230 2201 3280 κόμματα,
2222 3231 2278 3269 διὰ
2294 3230 2332 3268 τὸ
2349 3230 2421 3269 ὀλί-

1413 3305 1497 3338 γον
1493 3303 1533 3324 υιε
1523 3287 1752 3339 α-[αλκον
1756 3303 1814 3324 -1
1841 3298 1922 3339 post
1946 3288 2078 3340 εἴρτκεν
2094 3289 2199 3326 addit
2216 3290 2301 3327 Ald.
2319 3290 2424 3328 Ἄττι-

1872 3362 1955 3384 uua
1986 3361 2059 3383 (ιιι
2084 3351 2125 3384 R
2142 3348 2423 3393 (-).,a‹1x.863

1419 3346 1529 3383 κονῖὲ
1550 3362 1582 3382 ’.ἰ
1624 3347 1724 3389 ’ξολιιῖν
1753 3362 1840 3388 κως.
