2517 3792
1145 199 1326 241 AvltJM.

178 311 185 317 ,
238 291 283 327 ¹9
310 278 332 323 ἢ
364 278 643 318 ἐχ-πλέουσιν
683 278 798 316 habet
830 280 964 318 Suidas
986 297 1012 319 s.
1042 283 1195 336 Ἀμφοῖν.
1228 287 1237 320 ἶ

233 340 300 386 38,
325 341 372 376 26
391 340 421 376 οἱ
435 337 556 376 πολλοὶ
575 341 618 374 V.
634 337 717 374 Ald.

232 400 293 445 39,
315 413 363 447 29
380 396 418 434 τὸ
434 397 633 434 Bentleius.
660 397 743 434 αὐτὸ
763 401 807 435 V.
833 398 918 436 Ald.

227 458 291 501 42,
309 457 355 493 36
377 454 440 505 μὲν
455 459 493 492 οὐ
511 455 612 506 βάόος
629 457 792 494 Meinek.
817 460 922 517 ConL.
945 461 973 503 Ι,
991 472 1028 509 1).
1052 460 1139 504 543.
1155 493 1195 499 .-

175 515 222 552 38
248 516 398 566 τισορῶν
420 524 658 565 corruptum.
674 514 707 552 τί
725 517 876 568 σοςῶνος
895 518 923 553 ὠ
945 521 988 554 V.

226 580 293 625 43,
317 587 364 624 40
385 579 577 622 οἰκίσαντες
601 581 733 617 Suidas
761 595 788 617 s.
809 583 957 619 Κανοῧν.
979 583 1192 633 Legebatur

169 635 383 682 οἰκήσαντες.
401 637 435 673 ἐν
451 639 493 687 τῇ
515 640 557 674 V.
574 638 660 675 Ald.

223 701 295 748 45,
319 703 366 746 46
388 701 471 738 δ’ἐκ
485 706 530 739 V.
551 703 655 749 Ald„
678 705 742 754 qui
763 705 944 741 omittunt
962 710 1047 744 τοῖν.
1070 734 1119 739 --
1141 713 1186 753 47

167 763 294 798 κανοῦν
314 759 451 812 ἔχοντες
469 765 513 799 R.

221 818 283 862 50,
306 820 352 855 52
376 819 506 868 ὑψηλὸν
521 819 625 857 τόπον
641 824 683 858 R.

220 883 266 927 54
290 887 336 921 R.
353 884 468 921 habet
482 884 597 928 παίζει
614 885 697 936 πρὸς
713 888 762 938 τῷ
780 886 895 924 σκέλει

219 948 282 993 57,
301 948 323 983 6
344 950 496 990 πιθανῶς
513 952 554 985 V.
575 949 660 986 Ald.

218 1010 283 1056 58,
309 1026 332 1060 9
359 1011 665 1064 προπαροξυτόνως
686 1017 734 1050 R.
755 1013 823 1051 ἀπὸ
838 1046 879 1051 -
894 1015 1016 1053 ἔποποι
1036 1030 1111 1054 om.
1135 1021 1182 1054 V.

162 1069 248 1106 Ald.
267 1067 302 1106 δὲ
321 1068 610 1121 περισπωμένως,
635 1085 673 1108 11
702 1071 762 1109 ἐὰν
778 1072 813 1109 δὲ
828 1077 873 1110 Β.

214 1132 276 1179 60,
299 1139 343 1177 14
361 1135 421 1169 τοῦ
435 1146 510 1170 om.
530 1137 576 1172 R.

210 1197 274 1242 62,
293 1209 340 1245 19
360 1197 406 1238 εἷς
425 1197 525 1249 ὄρνεα
542 1199 650 1237 ἐλθεῖν
671 1204 715 1237 V.
733 1201 776 1239 τὰ
797 1202 927 1254 ὀρνίθια
947 1207 992 1241 R.

208 1262 270 1307 63,
287 1275 331 1299 21
358 1264 448 1313 ὑμᾶς
465 1268 510 1302 R.
526 1291 568 1298 -
592 1280 638 1314 27
661 1282 716 1318 sq.
735 1268 846 1321 λέγειν
865 1285 903 1308 σε
921 1271 1062 1309 κάλλιον
1083 1273 1178 1324 ὄρνι-

153 1319 297 1371 θοθῆραί
313 1322 417 1371 ἔσμεν
438 1327 484 1360 V.
679 1336 713 1367 εδ

205 1381 254 1417 66
277 1384 324 1419 R.
346 1382 460 1420 habet
474 1383 550 1421 ἀντὶ
567 1389 627 1422 τοῦ
648 1401 714 1424 οπο
731 1387 817 1437 (scr.
833 1389 911 1432 τοὺς
926 1390 1047 1437 πόδας)
1064 1391 1176 1444 ἐρώτα

149 1436 208 1474 καὶ
233 1438 446 1492 περιὸλέπου
472 1440 525 1479 ὅτι
553 1440 656 1492 ἐσμὲν
683 1443 819 1496 ὄρνιθες.
847 1449 892 1490 ὡς
913 1448 979 1486 ὑπὸ
1003 1453 1064 1487 τοῦ
1082 1451 1176 1493 δέους

483 1506 508 1525 π

148 1531 455 1579 ἁποπατησάντων
486 1551 504 1572 υ
533 1535 611 1579 τοὺς
631 1537 748 1581 πόδας.
772 1562 824 1568 —
846 1542 891 1578 36
918 1544 976 1581 καὶ
1001 1542 1070 1593 μὴν
1097 1558 1172 1582 0111.

145 1589 233 1626 Ald.
250 1621 293 1628 -.
313 1593 359 1639 37
381 1593 581 1643 legebatur
597 1594 640 1632 τὰ
653 1596 748 1648 πρὸς.
764 1597 816 1635 ὅτι
831 1613 905 1638 om.
923 1606 968 1638 V.
981 1631 990 1648 ‚
1016 1604 1082 1653 qni
1104 1619 1171 1640 σα-

146 1647 308 1701 φέστερα.
326 1679 380 1684 —
405 1653 452 1688 38
479 1653 656 1702 σημασίαν
680 1655 719 1693 τὸ
744 1656 819 1708 ἔρεο
848 1657 945 1709 ἔρου,
974 1661 1169 1710 μετεὸλήθη

144 1707 231 1744 Ald.
261 1711 345 1745 Hoc
372 1709 464 1746 dicit
491 1712 715 1761 scholiasta,
748 1719 843 1753 EPO
877 1730 984 1755 more
1011 1721 1168 1771 antiquo

142 1768 330 1818 scriptum
364 1769 587 1819 ambiguum
627 1786 708 1810 esse
748 1783 876 1812 utrum
909 1792 986 1828 ερου
1021 1792 1069 1815 an
1102 1795 1168 1832 ερω

140 1825 327 1875 significet
345 1842 353 1864 :
372 1828 473 1865 unde
488 1829 630 1867 sactum
650 1839 694 1868 ut
713 1832 775 1870 alii
792 1833 871 1884 ἐροῦ
889 1833 945 1882 τὰ,
967 1837 1031 1873 alii
1055 1837 1167 1890 ἐρώτα

139 1885 321 1935 legerent.
338 1889 458 1924 Dum.

191 1948 255 1994 68,
275 1950 324 1993 46
348 1948 459 2000 ὄνομα
476 1965 552 1989 om.
574 1953 617 1989 V.
633 1954 720 1991 Ald.
737 1985 779 1992 .-
801 1962 846 2003 47
866 1955 902 1994 δὲ
917 1971 992 1996 0111.
1015 1963 1062 1997 V.

190 2011 255 2060 69,
276 2011 326 2047 50
344 2012 525 2064 ’τερατικὸν
550 2016 594 2051 R.
609 2015 691 2052 Ald.

190 2071 253 2116 76,
277 2070 299 2106 6
318 2068 354 2107 δὲ
375 2084 449 2108 0111.
469 2075 513 2109 R.

188 2128 261 2174 78,
292 2142 316 2177 9
349 2128 541 2177 Εὐπόλιδι,
562 2132 608 2173 ὡς
634 2130 771 2184 εἴρηται
791 2135 876 2172 Ald.
906 2137 1013 2175 Conf.
1042 2140 1159 2179 schol.

133 2186 262 2235 Equit.
287 2187 383 2234 980,
402 2187 470 2224 ubi
494 2202 527 2225 v.
548 2198 690 2226 notam.
708 2194 833 2229 Draco
849 2197 1015 2233 Straton.
1036 2211 1071 2246 p.
1095 2199 1158 2243 86,

134 2255 181 2278 22
199 2258 207 2279 ;
225 2245 247 2289 ἡ
268 2242 305 2280 δὲ
318 2243 445 2296 τορύνη
465 2245 627 2289 Ἀττικῶς
646 2248 843 2287 ἐκτέταται.
866 2251 1019 2296 Εὔπολις
1037 2254 1072 2292 δὲ
1093 2259 1157 2295 αὐ-

129 2299 193 2346 τὴν
211 2300 393 2338 συστέλλει
412 2308 596 2355 πανταχοῦ
611 2321 618 2328 ·
643 2307 710 2344 ubi
733 2313 914 2360 πανταχοῦ
938 2322 1025 2361 post
1044 2312 1157 2353 Ἀττι-

129 2361 199 2401 κῶς
218 2362 550 2410 transponendum
567 2364 732 2402 videtur.
754 2369 870 2405 Dum.

185 2437 257 2472 79,
295 2437 340 2461 10
367 2425 474 2476 Παρὰ
499 2425 538 2463 τὸ
563 2426 678 2479 τρέχω
696 2443 772 2468 0111.
794 2435 836 2468 V.
859 2433 941 2470 Ald.
964 2437 1090 2486 Pergit
1109 2441 1153 2475 R.

129 2480 205 2518 ἐπεὶ
226 2484 381 2534 συνεχῶς
402 2483 486 2522 αὐτὸ
506 2479 592 2523 εἷπε.
615 2518 656 2524 ...
683 2503 723 2525 11
748 2489 902 2543 πέπαιχε
928 2496 972 2531 V.
996 2494 1091 2548 παρὰ
1116 2496 1154 2535 τὸ

124 2539 241 2590 τρέχω
254 2543 301 2577 R.
321 2541 407 2578 Ald.

179 2599 227 2633 82
247 2599 300 2635 sic
315 2599 357 2636 in
373 2602 434 2647 R„
452 2600 566 2654 μύρτα
583 2604 741 2642 καλεῖται
757 2604 810 2643 ὅτι
831 2608 920 2657 (scr.
944 2610 974 2657 ὁ)
990 2612 1051 2655 τῆς
1066 2626 1152 2664 μυρ-

124 2654 221 2701 σίνης
245 2656 430 2708 καρπὸς-
448 2659 584 2697 ἐσθίειν.
610 2661 732 2715 σέρφος
753 2663 788 2701 δὲ
810 2667 1040 2712 σκωληκῶόες
1060 2667 1151 2713 cm&-

123 2727 213 2765 φιον.
238 2744 281 2751 -
304 2716 349 2751 16
366 2717 554 2768 παροιμία.
586 2722 692 2758 Conf.
714 2723 833 2761 schol.
859 2727 970 2776 Vesp.
996 2728 1082 2766 351.
1098 2752 1150 2758 —

128 2785 174 2820 ¹9
195 2770 339 2824 σέρφους
356 2773 393 2811 δὲ
412 2778 455 2813 V.

177 2836 249 2882 85,
270 2849 317 2872 22
341 2840 402 2874 τοῦ
419 2852 495 2876 0111.
510 2844 556 2878 V.
577 2843 662 2881 Ald.
687 2848 757 2898 θερ.
777 2850 878 2885 τοῦτο
898 2848 937 2887 τὸ
951 2848 1031 2894 ἔπος
1045 2855 1092 2890 R.

175 2907 221 2942 91
250 2895 312 2946 εἷρ.
328 2894 368 2933 τὸ
384 2898 430 2940 ὦς
441 2901 487 2936 R.

173 2965 239 3001 92,
261 2954 309 2989 3ο
326 2967 381 3004 sq.
398 2949 557 3002 ἢ-εἷπεν
575 2972 649 2998 om.
668 2965 709 2999 V.
725 2964 810 3002 ΑΜ.
828 2965 952 3004 Iidem
972 2969 1048 3007 ἀλλ’
1066 2971 1142 3008 ἐν-

119 3007 258 3062 ὄρνιθες.

172 3068 236 3117 95,
254 3070 305 3117 39
320 3084 354 3106 τι
372 3083 447 3107 0111.
461 3075 503 3109 V.

172 3128 235 3175 96,
261 3134 308 3171 42
332 3129 507 3181 ἐπιτρίσαι
522 3135 565 3170 V.
582 3163 624 3170 -
639 3141 687 3180 44
702 3135 863 3177 δύνανται
879 3140 914 3178 δὲ
931 3146 974 3180 R.
990 3144 1048 3181 καὶ
1063 3160 1137 3185 0111.

117 3187 160 3225 V.
177 3215 220 3223 -.
235 3187 282 3224 35
302 3187 332 3224 εἷ
349 3187 466 3240 ἐφόὸει
479 3192 521 3226 V.
537 3191 622 3228 Ald.

174 3257 268 3291 102,
288 3258 311 3282 2
334 3244 370 3282 δὲ
388 3259 463 3284 om.
483 3250 528 3285 R.
543 3278 586 3285 ...
612 3257 631 3293 4
653 3254 753 3294 ταῶς.
774 3253 796 3299 ἢ
814 3253 931 3299 ἔπαιξε
949 3256 986 3294 τὸ
1001 3261 1134 3308 γενικὸν

117 3299 223 3338 εἰπὼν
237 3330 248 3350 ,
275 3295 349 3340 εἶτα
369 3304 553 3355 ἐπαγαγὼν
579 3306 618 3344 τὸ
635 3309 772 3346 εἰδικόν.
794 3312 832 3349 τὸ
847 3315 933 3352 Ald.
960 3346 1001 3352 -
1027 3319 1049 3355 6
1077 3333 1132 3369 sq.

116 3357 345 3407 ποικιλότητα
361 3363 422 3407 τῆς
439 3363 592 3410 ἐσθῆτος,
611 3366 633 3402 8
654 3365 773 3405 ἔπειτα
788 3371 843 3407 ἐπ.
859 3374 901 3409 G.

2201 245 2277 278 4'0

2232 266 2274 280 Ιν

1316 304 1404 340 109,
1443 309 1484 342 17
1511 300 1686 349 Δικαστῆς
1711 309 1754 343 R.
1771 307 1810 344 ζ-
1832 311 1874 347 18
1897 313 1930 349 ἐν
1957 327 2033 353 om.
2054 321 2116 367 R.‚
2137 334 2184 359 ex
2200 337 2276 373 quo

1262 360 1306 396 19
1324 349 1419 404 τόπῳ
1439 356 1610 397 additum
1626 372 1661 400 et
1677 378 1722 401 ex
1739 368 1852 406 Suida
1867 385 1894 408 s.
1908 370 2108 423 Ἡλιαστῆς.
2125 384 2184 418 τοῦ
2201 396 2276 422 om.

1256 408 1297 442 V.
1318 438 1357 445 -
1376 423 1423 447 20
1441 412 1588 454 πέπονθε
1606 419 1640 457 δὲ
1658 425 1758 460 τοῦτο
1773 428 1918 476 Snidas,
1937 445 2010 470 om.
2027 438 2072 473 R.

1317 484 1352 507 11
1366 486 1398 519 1,
1420 482 1465 519 24
1489 479 1519 514 οἱ
1541 483 1786 528 μισοδικασταὶ
1806 492 1888 528 Ald.
1907 525 1947 530 -
1966 497 2012 533 25
2032 499 2091 536 καὶ
2108 503 2174 538 τῶν
2196 504 2273 557 ἀγρ.

1254 535 1290 563 et
1308 527 1343 565 δὲ
1362 531 1437 574 τούς
1451 550 1487 571 τε
1502 535 1580 574 ῗππ.
1597 543 1638 576 V.
1657 544 1742 580 ΑΜ.

1311 606 1376 630 121
1394 625 1404 643 ,
1438 599 1485 635 30
1508 600 1622 652 εὔερον
1648 607 1903 649 scribendum.
1927 645 1967 651 -
1991 620 2032 654 31
2058 623 2120 666 τῆς
2142 625 2272 670 gossia<

1251 653 1292 686 V.
1311 660 1348 687 et
1361 654 1494 692 Suidas
1509 672 1536 694 s.
1557 660 1702 713 Εὔερον.
1724 667 1938 721 ἀπολέλαυχ’
1960 673 2170 727 Ὕπέρξοὶῃς
2189 666 2272 721 bo-

1252 709 1384 746 braeus.
1405 715 1622 763 Legebatur
1642 722 1880 763 ἀπολέλαυκεν
1899 731 1916 765 ὁ
1938 730 2163 784 Ὕπέρδολος.
2187 745 2268 778 Me-

1251 773 1349 803 trum
1379 779 1434 806 est
1463 775 1729 823 Enpolideum.
1751 782 1986 824 ἀπολέλαυκεν
2006 794 2046 826 V.
2068 802 2103 828 et
2122 797 2268 844 Suidas,

1248 825 1387 863 omisso
1414 831 1431 865 ὃ
1458 828 1680 884 Ὑπέρὸολος.
1701 869 1742 875 -.
1764 841 1811 876 32
1832 841 1914 880 ὥστ’
1944 847 2160 898 αὐχμότατος
2184 859 2270 892 Do-

1246 881 1370 921 braeus
1387 887 1465 936 (sed
1486 903 1522 928 v,
1542 894 1709 935 Meinek.
1728 900 1833 936 Com.
1854 904 1889 949 Ι,
1912 916 1947 952 p.
1974 908 2019 952 67
2033 912 2077 953 1).
2099 909 2189 949 ὥστε
2210 916 2269 951 αὐ-

1245 941 1430 991 χμώτατος
1450 948 1535 985 Ald.
1558 949 1647 989 ὥστε
1667 955 1878 1002 ἀθλιώτατος
1896 965 1937 998 V.
1959 962 2048 1002 ὥστε
2070 969 2266 1019 ἀθλιωτάτη

1244 1000 1391 1041 Suidas.
1407 1034 1448 1040 ..-
1465 1007 1510 1042 33
1529 1009 1671 1063 Πυλαία
1689 1014 1850 1062 (πυλαιαν
1864 1020 1946 1056 sine
1961 1036 2038 1062 aest.
2055 1027 2265 1068 co‹l.P21ris.

1242 1057 1290 1108 A)
1304 1059 1466 1109 γλῶσσαν
1483 1066 1629 1105 Suidas.
1646 1071 1736 1109 Πυλ.
1753 1088 1827 1111 0111.
1842 1078 1927 1115 Ald.
1943 1082 2267 1136 ⁷³⁹7ffl²x²7.⁰’'()=‘s’⁵‘

1242 1130 1305 1153 σαν
1327 1122 1368 1156 V.
1388 1122 1519 1171 βροτῶν
1536 1126 1683 1166 Suidas.
1697 1161 1739 1167 -
1758 1134 1805 1170 35
1833 1133 1849 1171 ὃ
1866 1137 1983 1185 βαλεῖν
2008 1141 2167 1181 fortasse
2182 1161 2266 1184 cor—

1242 1184 1399 1225 ruptum
1429 1194 1476 1217 ex
1505 1185 1654 1232 ὁμαλήν.
1694 1188 1832 1242 εὐάερον
1861 1194 1961 1232 πολιν
1993 1198 2267 1251 interpretatur

1240 1235 1356 1273 etiam
1375 1240 1524 1278 Suidas.
1541 1245 1660 1281 Dim).

1297 1315 1382 1339 122.
1412 1307 1521 1343 Conf.
1552 1309 1670 1347 schol.
1690 1315 1786 1351 Ran.
1816 1316 1927 1366 1459.
1943 1346 1983 1351 -
2005 1321 2054 1370 39
2075 1338 2263 1376 σκεπασμα

1237 1361 1278 1396 V.
1302 1360 1511 1416 στέγαστρον
1533 1367 1735 1407 scholiasta
1756 1373 1926 1412 Platonis
1947 1390 1985 1426 p.
2011 1379 2086 1416 250
2106 1383 2261 1422 Ruhnk.

1239 1418 1327 1468 (466
1343 1421 1475 1472 Bekk.)
1495 1439 1503 1461 :
1522 1426 1676 1478 Σισύραν
1700 1443 1707 1450 ·
1734 1430 1989 1484 Ἐρατοσθένης
2012 1438 2156 1491 σισύραν
2178 1443 2261 1494 φησὶ

1235 1478 1447 1532 στέγαστρον
1469 1482 1503 1526 ἐξ
1531 1486 1669 1535 αἶγείων
1691 1488 1870 1542 δερμάτων
1897 1497 2153 1546 τετριχωμένον
2168 1515 2176 1522 ·
2201 1517 2259 1538 σι-

1234 1535 1359 1588 σύρναν
1381 1537 1416 1575 δὲ
1436 1539 1475 1577 τὸ
1495 1543 1534 1578 ἐκ
1553 1545 1621 1580 τῶν
1642 1546 1778 1584 κωδίων
1800 1548 2014 1600 ῥαπτόικενον
2032 1555 2259 1608 ἀμπεχονιον,

1232 1593 1408 1645 ὃγούνναν
1428 1599 1542 1650 φασίν.
1564 1603 1660 1641 Vide
1675 1609 1940 1647 annotationes
1957 1611 2005 1648 ad
2018 1616 2182 1662 Etymol.
2205 1621 2257 1655 M.

1231 1667 1267 1704 p.
1302 1658 1421 1703 1030,
1448 1667 1485 1694 et
1503 1660 1750 1710 Hesychium.
1775 1669 1894 1704 Dmn.
1925 1700 1967 1707 .-
2006 1673 2053 1715 43
2084 1672 2256 1724 ἐξωμίὲαν

1229 1713 1314 1750 Ald.
1339 1736 1386 1741 —
1407 1715 1455 1758 45
1474 1720 1563 1769 Neo.
1585 1720 1706 1757 ἐνέωσι
1721 1721 1852 1775 σύρεσι,
1876 1728 1923 1769 46
1941 1728 2023 1777 βέτη
2039 1734 2081 1767 V.
2101 1741 2137 1768 et
2157 1734 2255 1772 infra

1231 1770 1346 1822 βέτην.
1365 1796 1418 1804 -
1433 1781 1479 1822 47
1502 1776 1707 1828 ἀνδρόχαιον
1725 1785 1768 1819 V.
1782 1784 1932 1821 Deinde
1950 1787 2140 1839 ἀνδρόχνην
2159 1796 2255 1829 Por-

1229 1838 1299 1867 tus.
1320 1831 1517 1884 ἀνδράχνην
1532 1836 1619 1875 Ald.
1640 1838 1812 1891 ἀνδρόχην
1827 1846 1869 1880 V.
1890 1847 1948 1881 De
1965 1847 2148 1900 ανδροίχνῳ
2166 1852 2254 1889 vide

1226 1889 1447 1928 Schneider.
1472 1893 1519 1929 ad
1533 1894 1789 1946 Theophrast.
1811 1901 1888 1938 vol.
1905 1903 1941 1949 5,
1963 1917 2000 1953 p.
2024 1906 2109 1943 311.
2138 1910 2253 1946 Cete-

1225 1960 1311 1983 rum
1334 1962 1412 1986 non
1432 1951 1644 2002 intelligere
1668 1969 1728 1992 me
1754 1957 1874 1996 fateor
1894 1963 2090 2010 quomodo
2107 1969 2249 2003 Erato—

1224 2007 1348 2045 stheni
1376 2010 1416 2046 in
1446 2021 1612 2050 mentem
1644 2016 1777 2054 venire
1804 2021 1976 2068 potuerit
2003 2023 2075 2060 hoc
2110 2039 2250 2065 nomen

1223 2078 1309 2102 cum
1326 2067 1400 2105 illis
1415 2083 1640 2121 comparare
1655 2075 1702 2111 de
1717 2076 1856 2125 quibus
1872 2079 1934 2116 hic
1947 2083 2248 2134 agitspholiasta.

1222 2126 1344 2161 DIND.
1364 2157 1405 2164 ....
1427 2129 1474 2171 48
1496 2130 1600 2167 αὐτοῦ
1622 2132 1831 2184 μετέχεσθαι
1852 2138 1937 2174 Ald.
1963 2169 2005 2175 .-
2029 2141 2072 2177 51
2101 2142 2191 2185 τινές
2211 2154 2248 2181 et

1223 2181 1269 2219 53
1284 2198 1317 2220 τι
1335 2197 1409 2221 om.
1426 2189 1482 2232 V.‚
1503 2201 1580 2224 non
1600 2192 1642 2228 G.
1660 2221 1702 2227 .-
1723 2206 1737 2228 1
1758 2194 1835 2230 ἀλλ’
1855 2196 2087 2249 ἐγκατακλινῇ
2107 2200 2136 2236 δ.
2154 2201 2193 2239 τὸ
2211 2201 2246 2239 δὲ

1220 2241 1420 2280 ἀλλόκοινον
1431 2274 1439 2290 ,
1454 2245 1612 2285 τουτέστι
1628 2249 1667 2287 τὸ
1682 2251 1996 2301 ε’γκατακλινθῆναι
2015 2257 2098 2295 Ald.
2124 2258 2160 2295 δὲ
2176 2275 2245 2297 κα-

1218 2301 1444 2347 τακλινθῆναι
1459 2306 1504 2341 G.

1275 2365 1366 2408 123,
1398 2372 1418 2410 4
1448 2365 1658 2418 Ἀθηναίων,
1686 2372 1707 2408 5
1732 2372 1938 2425 λεπτόγαιον
1969 2380 2014 2415 R.
2043 2379 2240 2432 λεπτόγειον

1215 2421 1351 2459 Suidas
1366 2437 1393 2460 s.
1417 2425 1601 2477 Κραναῶν.

1271 2489 1357 2535 125,
1377 2504 1400 2539 9
1423 2492 1572 2530 Σκελίου
1590 2494 1652 2531 hic
1669 2504 1706 2532 et
1721 2497 1821 2535 infra
1836 2502 1880 2536 V.

1271 2553 1343 2588 126
1357 2581 1366 2598 ‚
1402 2568 1447 2601 17
1481 2554 1570 2593 οὕτω
1601 2558 1685 2610 φησὶ
1700 2563 1745 2597 R.
1758 2591 1768 2608 ‚
1789 2575 1836 2599 ex
1855 2576 1933 2613 quo
1956 2565 2001 2601 18
2017 2568 2110 2614 μισῶ
2128 2568 2237 2606 addi-

1215 2618 1307 2649 tum.
1510 2636 1527 2656 ο

1270 2677 1355 2713 129,
1382 2680 1427 2716 19
1450 2666 1600 2720 πρωίαν,
1625 2684 1672 2708 2ο
1692 2675 1771 2725 πρῶ
1788 2677 1834 2712 R.
1857 2675 1949 2728 πρωί
1964 2681 2006 2717 V.
2021 2678 2107 2716 Ald.
2125 2711 2166 2716 -
2185 2682 2233 2718 23

1209 2720 1293 2765 ἕξεις
1311 2727 1478 2763 correxit
1491 2729 1729 2779 Dindorfius‚
1747 2733 1940 2782 probante
1953 2737 2158 2774 Meinekio.

1266 2787 1352 2834 132,
1373 2789 1421 2825 25
1444 2791 1489 2832 ὥς
1512 2805 1586 2830 0111.
1601 2797 1644 2831 V.

1264 2853 1350 2899 134,
1370 2866 1418 2902 29
1432 2854 1509 2892 τότε
1529 2856 1562 2906 γ’
1583 2855 1683 2909 ἔλθῃς
1700 2863 1741 2897 V.

1263 2923 1275 2945 1
1288 2911 1334 2948 35
1351 2911 1385 2947 ἐν
1407 2913 1564 2965 εἰρωνείᾳ
1578 2928 1655 2954 om.
1673 2921 1730 2964 V.‚
1750 2917 1788 2954 τὸ
1807 2917 1848 2964 νὴ
1869 2919 1937 2956 Δία
1957 2920 2064 2957 addit
2083 2925 2129 2960 R.

1262 2968 1349 3016 139,
1375 2970 1421 3005 33
1445 2969 1574 3022 κύριον.
1590 2977 1634 3010 In
1653 2975 1786 3012 codice
1804 2985 1859 3013 est
1876 2979 1933 3022 κῆ.

1259 3031 1326 3070 141
1341 3056 1351 3073 ,
1372 3028 1418 3064 36
1439 3028 1485 3066 Ἀ.
1501 3045 1532 3066 τ.
1549 3033 1706 3082 περιεπλ.
1723 3041 1759 3069 et
1775 3033 1840 3083 γὰρ
1855 3049 1930 3073 om.
1947 3040 1989 3075 V.

1258 3090 1345 3132 142,
1367 3091 1415 3129 4ο
1437 3085 1483 3124 Ἀ.
1498 3092 1559 3125 τοῦ
1576 3097 1614 3125 et
1631 3096 1677 3133 42
1697 3089 1732 3127 δὲ
1750 3105 1825 3129 om.
1843 3096 1888 3129 R.

1256 3154 1325 3194 147
1340 3178 1350 3195 ‚
1371 3155 1416 3197 47
1440 3152 1544 3203 ὑπηρ.
1574 3153 1632 3189 καὶ
1649 3154 1862 3207 ταχυδρόμοι
1889 3157 2020 3195 Suidas
2041 3171 2071 3196 s.
2094 3161 2218 3200 Σαλα-

1198 3206 1307 3254 μινία.
1338 3238 1377 3251 ,-
1409 3210 1458 3252 48
1490 3211 1762 3261 ἐγκαλουμένους
1778 3217 1825 3251 R.
1853 3223 1891 3252 et
1919 3217 2065 3256 Suidas.
2089 3218 2131 3266 ἣν
2157 3221 2216 3259 καὶ

1195 3266 1344 3303 Suidas.

1253 3330 1344 3372 149,
1372 3326 1418 3361 52
1447 3326 1526 3363 καθ’
1554 3326 1672 3378 ὕφεσιν
1694 3334 1738 3367 V.
1764 3331 1850 3369 Ald.
1868 3362 1909 3369 .-
1927 3334 1973 3371 53
1999 3336 2212 3388 Τριφυλλίας

1194 3385 1237 3418 R.
1254 3382 1339 3421 Ald.
1354 3383 1574 3422 Schneider.
1592 3387 1640 3424 ad
1656 3390 1834 3432 Xenooh.
1854 3393 1951 3430 Hist.
1970 3395 2036 3431 Gr.
2055 3395 2090 3440 3,
2108 3408 2143 3442 2,
2162 3396 2207 3432 25
