2453 3808
947 225 990 261 0.
1024 224 1290 262 0181108111.
2151 250 2174 274 v

85 323 173 353 rata.
196 318 315 364 Quam
340 315 588 352 temeritatem
604 316 784 351 Musurus
805 313 908 349 auxit
930 326 975 349 co
996 311 1098 361 quod

83 374 223 411 scholia
248 374 341 410 locis
363 373 537 424 plurimis
557 386 603 408 ex
624 372 927 421 Harpocratioue
942 400 951 417 ‚
981 370 1098 408 Suida

82 432 241 482 aliisque
255 431 508 481 scriptoribus
528 431 579 481 (1)
605 431 863 480 interpoliwit,
885 438 920 466 et
941 431 988 466 ita
1012 430 1098 479 qui-

81 490 167 527 dem
211 498 253 527 ut
289 504 443 527 suorum
475 498 691 539 temporum
727 489 920 525 infantiam
957 489 1100 537 ubique

82 547 275 598 proderet.
306 552 401 585 Nam
428 561 543 597 quum
571 562 617 584 ex
636 547 750 584 Suida
775 549 1007 585 scholiorum
1041 549 1099 584 la-

81 620 198 644 cunas
215 609 398 658 plurimas
420 608 574 658 explere
592 607 844 656 codieumque
862 621 1014 644 suorum
1042 608 1099 642 vi-

82 666 134 702 tia
156 666 452 703 innumerabilia
481 665 684 702 emendare
711 674 861 715 posset,
897 666 954 702 his
987 666 1098 702 bouis

81 723 259 761 omnibus
283 725 464 775 neglectis
486 738 528 761 ea
545 733 688 760 tautum
705 738 751 760 ex
763 724 881 760 Suida
895 733 930 760 et
944 723 1096 761 aliunde

81 785 209 822 intulit
228 799 313 836 quae
334 787 426 823 nulli
451 787 534 823 usui
561 794 684 822 essent
712 799 779 822 nec
803 799 892 821 raro
913 784 960 821 ab
981 785 1091 821 scho-

78 842 274 881 liastarum
305 853 476 881 veterum
509 843 784 880 consuetudine
821 842 1094 879 abhorrerent:

78 901 293 951 quusmodi
306 911 393 939 sunt
413 916 496 952 quae
508 901 641 939 Suidas
652 913 700 936 ex
714 900 887 949 Polybio,
901 902 1093 951 Appiano,

78 961 251 1009 Juliano,
270 962 460 1011 Procopio
482 959 746 1008 similibusque
766 959 1019 1010 scriptoribus
1040 961 1094 997 ci—

78 1020 186 1056 tavit.

79 1099 82 1101 ‡
131 1078 299 1115 Editioni
332 1078 475 1115 Aldinae
499 1079 681 1117 successit
701 1093 732 1116 a.
760 1080 856 1117 1525
875 1079 1095 1116 Florentina

76 1137 231 1173 Antonii
261 1137 509 1188 Francini(2)
531 1167 540 1184 ‚
578 1151 662 1188 quae
698 1138 877 1176 editionis
910 1138 1094 1188 principis

72 1195 241 1244 »vestigia
257 1196 322 1233 vix
348 1209 509 1245 usquam
530 1210 599 1233 nec
617 1197 689 1234 nisi
706 1198 744 1234 in
761 1197 874 1233 rebus
896 1197 1095 1233 levissimis

79 1251 268 1299 deseruit,
297 1254 552 1291 accessionem
578 1268 666 1292 vero
685 1269 801 1292 unam
825 1255 939 1292 habet
962 1254 1094 1291 lauda—

76 1309 192 1348 bilem
222 1312 367 1349 scholia
395 1312 443 1349 ad
463 1313 569 1350 Pacis
591 1327 626 1350 v.
649 1315 855 1362 948-1005
888 1327 935 1350 ex
965 1313 1095 1350 codice

77 1377 298 1412 Ravennate
318 1376 512 1426 suppleta,
533 1377 578 1413 de
602 1377 741 1426 quibus
761 1390 876 1426 supra
896 1376 1068 1413 dicebam
1085 1391 1093 1412 ε

77 1444 163 1468 nam
183 1446 269 1482 quae
294 1442 477 1482 praeterea
506 1434 552 1470 ad
586 1435 734 1484 priores
758 1435 921 1472 maxime
951 1434 1095 1471 fabulas

75 1491 218 1540 passim
245 1491 392 1528 addidit
409 1493 620 1529 Francinus
643 1493 787 1529 scholia
807 1501 843 1530 et
859 1493 1094 1542 glossemata,

76 1549 147 1585 etsi
178 1549 315 1598 partim
348 1563 395 1586 ex
427 1550 535 1587 libris
562 1552 834 1601 manuscriptis
866 1551 980 1589 ducta
1015 1566 1095 1590 esse

74 1616 294 1645 nostrorum
329 1609 503 1646 codicum
536 1623 744 1646 consensus
775 1611 922 1659 arguit,
956 1612 1095 1650 nullius

75 1666 188 1714 plane
217 1666 333 1716 pretii
364 1674 464 1704 sunt.
501 1667 584 1703 Alia
616 1682 661 1704 ex
691 1668 895 1704 scholiasta
927 1670 1094 1717 Pindari,

73 1724 274 1761 Eustathio
293 1725 451 1774 aliisque
468 1726 723 1775 grammaticis
752 1726 944 1776 descripta
970 1728 1095 1764 editor

73 1783 248 1829 inseruit,
269 1796 345 1819 non
368 1784 448 1820 sine
473 1782 653 1832 gravibus
673 1785 859 1834 peccatis,
879 1785 1095 1834 cujusmodi

1215 313 1425 353 Editionem
1457 317 1715 354 Florentinam
1757 320 2015 368 repetiverunt
2054 324 2171 373 Sigis-

1162 373 1325 410 mundus
1350 376 1527 412 Gelenius
1552 377 1700 412 Basileae
1721 391 1751 413 a.
1782 380 1875 424 ¹547
1895 408 1902 420 ,
1933 388 1969 416 ct
2000 383 2171 420 AEmilius

1162 433 1297 468 Portus
1327 434 1488 470 Aureli-‘e
1511 433 1761 484 Allobrogum
1789 450 1820 474 a.
1857 438 1949 483 ¹605
1968 467 1976 480 ,
2012 448 2172 490 uterque

1160 503 1234 525 non
1267 492 1346 527 siue
1375 492 1634 540 frequentibus
1666 494 1803 530 levium
1834 496 2014 533 vitiorum
2042 511 2173 536 corre-

1160 548 1376 584 ctionibus:
1399 563 1491 598 quas
1514 550 1861 588 emendatiuuculas
1894 554 2006 590 hodie
2026 570 2068 592 cx
2099 557 2173 594 illis

1159 607 1346 654 expiscari
1374 607 1606 643 editionibus
1637 616 1742 644 tanto
1776 611 1896 646 miuus
1927 626 2053 660 operae
2081 628 2172 664 pre-

1162 664 1251 699 tium
1274 664 1366 711 suit,
1389 678 1504 714 quum
1537 679 1658 715 prope
1681 680 1812 704 onmes
1838 671 2052 717 graviorem
2074 686 2172 709 nunc

1159 721 1323 758 habeant
1359 723 1625 760 auctoritatem
1663 725 1851 762 codicum.
1895 728 2018 763 Multo
2052 744 2173 767 nunus

1158 793 1456 817 commemorare
1486 781 1591 817 licuit
1612 796 1696 831 quae
1717 791 1754 820 et
1780 785 1840 820 isti
1866 793 1903 821 et
1924 786 1986 822 alii
2010 787 2174 825 editores

1157 851 1234 874 non
1251 852 1338 875 raro
1354 840 1413 875 vel
1432 852 1521 876 sana
1544 848 1797 878 attrectarunt
1822 843 1879 879 vel
1901 844 2035 881 vitiosa
2055 848 2174 883 corri-

1157 896 1280 945 gendo
1299 898 1416 947 magis
1438 909 1709 949 corruperunt.

1208 956 1350 992 AEmilii
1368 958 1473 993 Porti
1490 959 1661 1007 vestigiis
1684 960 1821 996 institit
1847 962 2075 1013 Ludolphus
2095 968 2175 1001 Ku-

1156 1022 1278 1051 sterus
1297 1015 1335 1051 in
1356 1015 1526 1053 editione
1546 1019 1891 1056 Amstelodamensi
1912 1034 1943 1057 a.
1972 1035 2080 1068 ¹710,
2110 1025 2174 1073 qui

1157 1073 1236 1122 ipse
1260 1087 1413 1123 quoquc
1441 1075 1582 1112 leviora
1599 1078 1798 1127 scripturae
1815 1079 1906 1115 vitia
1929 1081 2046 1117 multa
2063 1082 2175 1119 tacite

1156 1137 1348 1183 correxit,
1371 1137 1418 1174 de
1435 1138 1516 1175 aliis
1534 1139 1572 1175 in
1592 1141 1840 1178 annotatione
1865 1144 2011 1179 monuit
2030 1173 2038 1189 ,
2060 1145 2174 1181 adhi—

1155 1193 1236 1230 bito
1254 1195 1444 1232 interdum
1463 1197 1590 1234 Suidae
1611 1198 1745 1236 lexico,
1777 1200 1929 1236 Scholia
1950 1203 2171 1250 Lysistratae

1156 1254 1302 1302 primus
1334 1254 1452 1290 edidit
1484 1268 1531 1292 ex
1559 1256 1756 1294 codicibus
1783 1259 1966 1296 Vossiano
2000 1261 2175 1298 Leidensi

1157 1312 1215 1360 (L)
1235 1320 1271 1348 et
1296 1313 1530 1349 Barocciano
1553 1316 1600 1351 38
1626 1308 1761 1365 (Barsi.
1782 1320 1951 1367 Uterque
1971 1319 2095 1355 codex
2118 1321 2174 1356 la-

1156 1383 1319 1406 cunosus
1337 1380 1391 1407 est
1407 1385 1530 1421 neque
1543 1372 1590 1408 ad
1603 1376 1860 1411 Ravennatem
1876 1377 2152 1426 comparandus
2167 1393 2173 1413 :

1157 1436 1333 1464 neutrum
1352 1430 1440 1466 satis
1470 1431 1671 1481 diligenter
1690 1434 1865 1470 tractavit
1883 1438 2081 1473 Kusterus.
2104 1441 2176 1473 Ba—

1156 1487 1376 1523 roccianum
1400 1490 1612 1526 accuratius
1645 1493 1809 1528 contulit
1834 1496 1999 1530 Joannes
2032 1495 2173 1532 Alberti

1158 1546 1194 1581 in
1220 1545 1562 1584 observationibus
1579 1549 1828 1587 miscellaneis
1849 1553 2173 1590 Amstelodamen-

1156 1603 1260 1640 sibus
1282 1604 1355 1640 vol.
1378 1619 1410 1649 τ,
1430 1619 1466 1654 p.
1492 1607 1561 1643 125
1577 1637 1585 1652 ,
1607 1621 1823 1657 quanquam
1846 1623 1922 1645 non
1943 1611 2026 1660 ipso
2045 1613 2175 1649 codice

1156 1675 1258 1709 usus,
1284 1662 1349 1698 sed
1363 1665 1588 1714 apographo
1601 1666 1766 1714 quodam
1787 1667 1867 1716 ejus
1885 1682 1916 1705 a.
1945 1672 2040 1718 1097
2062 1671 2173 1708 facto.

1156 1721 1383 1757 Yossianum
1407 1735 1476 1771 ego
1496 1723 1580 1773 ipse
1599 1724 1759 1774 inspexi.

1211 1778 1415 1816 Librorum
1431 1781 1687 1819 parisinorum
1703 1783 1929 1833 glossemata
1949 1789 2176 1834 Brunckius,

73 1848 131 1878 est
160 1841 265 1890 quod
294 1841 450 1878 scholiis
470 1841 619 1878 Aldinis
650 1842 696 1878 de
720 1843 921 1892 Pamphilo
948 1845 1096 1894 pictore
1123 1842 1128 1899 Ι
1156 1837 1462 1875 ΒΓῙῖἱὶῐΗΙὶΟΟΓΗῐῐ]
1487 1839 1674 1879 DObl'aeus
1691 1842 1821 1880 edidit.

73 1899 297 1937 Atheniensi
329 1899 376 1937 ad
408 1901 507 1938 Plut.
537 1901 611 1937 385
643 1910 866 1951 excerptum
901 1902 1094 1951 quoddam
1123 1904 1128 1932 ἱ

72 1957 251 2008 adjunxit
273 1959 538 2010 ex-scholiasta
554 1960 709 1996 Pindari
727 1960 773 1997 de
792 1961 1003 2010 Pamphylo
1022 1965 1095 1998 He-

1209 1914 1224 1929 «
1241 1898 1374 1945 Copias
1405 1900 1634 1937 Victorianus
1649 1920 1662 1935 υ
1699 1917 1842 1953 magnae
1874 1914 1986 1943 testes
2019 1908 2158 1957 inopiae
2172 1937 2180 1951 ,

1156 1954 1202 1991 ad
1222 1955 1366 1994 fabulas
1381 1972 1516 1995 novem
1530 1961 1689 1998 Aldinas
1704 1963 1824 2011 edi-dit
1841 1965 2016 2012 Aloysius
2037 1967 2178 2003 Nicke-

74 2016 219 2054 melida
235 2046 246 2064 ‚
274 2018 429 2068 AEgimij
458 2019 535 2055 (11ᾗο
554 2048 563 2065 ‚
597 2032 710 2068 quem
738 2019 820 2069 ipse
852 2021 1095 2070 pamphilum
1156 2013 1229 2050 lius
1246 2015 1285 2052 in
1301 2016 1515 2055 Thierschii
1535 2020 1641 2057 Actis
1660 2023 1954 2060 Monacensibus
1980 2024 2058 2060 vol.
2083 2039 2114 2070 1,
2139 2039 2176 2075 p.

75 2075 220 2112 scribit.

118 2200 162 2241 (1)
186 2201 235 2233 Ex
265 2201 514 2243 Harpocratione
544 2202 626 2235 Nub.
652 2206 741 2243 1134,
765 2208 818 2245 Eq.
847 2206 925 2245 414,
947 2208 1027 2239 Eccl.
1048 2209 1096 2249 18,

75 2251 150 2288 289,
167 2251 240 2289 395,
266 2254 339 2289 602,
359 2254 431 2282 663.
451 2254 495 2281 Ex
519 2251 613 2282 suida
630 2251 712 2282 Nub.
737 2255 810 2291 971,
834 2255 912 2283 Rau.
934 2258 1005 2293 295,
1024 2259 1096 2296 791,

78 2299 169 2335 1300,
190 2301 245 2337 Eq.
269 2300 341 2336 422,
364 2301 436 2337 435,
451 2300 524 2336 445,
542 2301 614 2337 527,
638 2303 710 2336 531,
734 2304 808 2338 600,
829 2305 901 2340 006,
927 2305 998 2341 645,
1025 2307 1097 2344 716,

76 2344 148 2383 728,
163 2346 236 2382 756,
253 2347 326 2383 852,
341 2347 414 2384 854,
433 2348 505 2385 855,
519 2348 592 2383 954,
606 2346 679 2385 964,
694 2348 768 2385 984,
792 2351 879 2387 1011,
897 2351 988 2388 1017,
1006 2354 1097 2392 1085,

77 2393 168 2430 1150,
190 2393 280 2429 1302,
302 2391 380 2422 Acii.
405 2395 477 2431 520,
507 2396 596 2431 1182,
615 2394 714 2432 vesp.
736 2396 804 2432 170,
833 2398 903 2434 289,
928 2400 998 2436 583,
1024 2402 1096 2439 678,

76 2439 237 2476 681,721,
252 2440 325 2477 769,
341 2439 412 2477 874,
439 2440 530 2476 1026,
552 2441 641 2476 1038,
661 2441 750 2479 1042,
781 2444 870 2480 1111,
897 2446 984 2483 1238,
1007 2449 1095 2485 1259,

79 2486 496 2524 1410,1411,1490,1517,
511 2487 583 2516 Pac.
603 2489 651 2524 17,
672 2489 828 2525 153,835,
846 2492 935 2529 1094,
951 2494 1009 2522 Av.
1028 2496 1097 2532 158,

79 2532 152 2568 194,
169 2533 259 2568 1022,
276 2533 367 2570 1283,
385 2531 467 2562 Eecl.
488 2535 536 2570 18,
555 2534 624 2570 146,
642 2535 712 2571 154,
727 2537 799 2572 652,
818 2538 906 2566 1026.
922 2540 967 2567 Ex
980 2538 1098 2571 AEliano

75 2580 122 2608 De
139 2578 207 2607 nat.
224 2577 322 2607 anim.
346 2581 400 2617 Eq.
419 2580 492 2608 645.
521 2582 566 2608 Ex
582 2579 752 2610 Ammonio
768 2580 851 2611 Ecel.
879 2586 949 2615 611.
975 2588 1017 2615 Ex
1039 2590 1098 2618 De-

75 2624 191 2655 metrio
219 2625 287 2665 περὶ
313 2624 470 2665 ἑρμηνείας
494 2624 577 2655 nub.
602 2627 673 2655 401.
701 2629 745 2656 Ex
770 2627 908 2658 Diodoro
930 2630 974 2660 Pl.
1001 2634 1030 2662 9.
1054 2636 1098 2664 Ex

77 2669 245 2702 Eustathio
255 2668 296 2701 ad
309 2670 496 2710 Dionysium
512 2670 595 2702 Nub.
613 2675 682 2703 208.
699 2675 743 2703 Ex
757 2675 906 2713 Gregorio
923 2680 993 2707 Cor.
1012 2679 1094 2710 Nub.

77 2720 128 2749 53.
146 2720 190 2748 Ex
204 2718 360 2748 Pausania
383 2722 463 2748 Ran.
486 2722 536 2748 55.
560 2722 605 2749 Ex
626 2720 798 2751 Plutarcho
821 2722 902 2752 Nub.
932 2727 1022 2764 1179,
1040 2730 1096 2766 Eq.

81 2769 168 2798 1017.
185 2770 230 2797 Ex
245 2766 414 2797 scholiasta
435 2766 593 2806 Apollonii
608 2769 723 2800 Rhodii
748 2769 830 2800 Nub.
856 2773 928 2810 397,
951 2776 1037 2805 1068.
1054 2778 1099 2806 Ex

77 2812 246 2844 scholiasta
259 2812 419 2852 Euripidis
431 2816 509 2843 Ran-
525 2816 597 2850 303,
618 2816 704 2853 1185,
722 2819 811 2857 1225,
830 2819 922 2857 vesp.
946 2821 1034 2851 1413.
1055 2826 1098 2853 Ex

78 2858 238 2898 stephano
252 2862 324 2898 Byz.
342 2859 426 2890 Nub.
441 2862 512 2898 323,
529 2862 600 2891 332.
628 2865 672 2891 Ex
686 2862 752 2893 vita
767 2864 931 2903 Sophoclis
951 2869 1030 2897 Ran.
1047 2870 1096 2899 73.

80 2908 125 2935 Ex
137 2905 265 2936 zenobii
280 2906 457 2945 proverbiis
471 2907 553 2938 Nuh.
577 2910 645 2945 133,
659 2912 754 2949 vesp.
774 2914 843 2949 191,
863 2915 916 2951 Eq.
933 2915 1004 2944 984.

123 2950 168 2991 (1)
200 2953 392 2984 Fracinum
421 2953 589 2984 nominant
612 2957 895 2997 Henisterliusius',
924 2961 1100 2993 Brunckius

80 2997 218 3037 aliique,
248 3006 355 3029 errore
379 2999 504 3040 decepti
526 3001 704 3040 typothetae
719 3026 727 3041 ,
763 3004 817 3043 qui
851 3007 1020 3038 Fracz'nus
1042 3017 1099 3048 pro

81 3044 276 3075 Francinus
309 3046 419 3084 posuit
450 3046 483 3078 in
519 3046 623 3080 fronte
656 3049 799 3088 epistolae
828 3051 868 3082 ad
894 3054 1099 3086 Benedictum

81 3089 244 3121 Aecoltam
262 3114 272 3129 ,
301 3091 573 3132 archiepiscopum
608 3099 836 3128 Ravennatem.
874 3103 997 3131 Nomen
1030 3102 1100 3133 1110

81 3133 179 3167 fuisse
198 3139 364 3169 Francini
389 3147 430 3169 ex
453 3140 582 3172 Luciani
613 3143 820 3184 suetoniique
844 3145 1039 3179 editionibus
1069 3151 1101 3180 et

82 3181 211 3215 aliunde
237 3186 374 3216 constat.
401 3187 442 3216 Et
473 3187 518 3218 sic
544 3192 678 3221 vocatur
702 3190 734 3220 in
763 3191 990 3231 epigrammate
1011 3196 1101 3226 Σεὸα-

83 3228 207 3261 οτιάνου
225 3234 280 3263 τοῦ
299 3231 475 3271 Δουκκίου,
500 3234 586 3273 quod
614 3236 817 3276 Aristophani
844 3239 1012 3278 praefixum
1029 3244 1098 3281 est,

83 3277 203 3316 πρῶτος
218 3277 236 3308 ὁ
251 3278 432 3319 Μουσοῦρος
449 3279 546 3310 δῶκεν
562 3282 638 3311 ποτὲ
659 3283 756 3313 nou&
773 3285 911 3323 μογήσας
931 3286 934 3324 Ι
954 3287 1100 3326 χαλκοτύ-

83 3330 153 3356 ποις
173 3321 289 3354 σελίσιν
309 3324 412 3364 βίὸλον
437 3325 676 3367 {aptaverat-tow.
693 3328 700 3368 Ι
721 3329 856 3371 δεύτερος
874 3331 913 3362 αὖ
930 3335 1100 3374 Φραγιῖνος

84 3365 151 3442 ἶθδρὺ
163 3371 216 3399 νῦν
235 3370 332 3402 ταύτὰ
352 3372 482 3412 χαράξας
501 3374 506 3409 Ι
525 3374 655 3404 πλεῖστα
677 3375 858 3415 διορθώσας,
883 3378 997 3409 πίνακα
1009 3392 1100 3421 προσ-

103 3422 215 3451 spem:-

1159 2074 1352 2119 341-416.
1375 2078 1471 2113 Sunt
1496 2077 1568 2114 illae
1589 2080 1709 2128 copia?
1725 2080 1818 2116 nihil
1841 2081 1918 2118 fere
1941 2082 2045 2118 aliud
2063 2097 2176 2132 quam

1157 2132 1383 2182 glossemata
1405 2136 1543 2184 partim
1561 2150 1606 2173 ex
1630 2138 1830 2175 codicibus
1856 2139 2086 2188 quibusdam
2111 2155 2179 2178 ex-

1158 2201 1289 2241 cerpta
1304 2222 1313 2238 ,
1345 2194 1444 2230 inter
1465 2207 1560 2242 quos
1583 2195 1673 2232 libri
1690 2198 1811 2234 nostri
1827 2200 1922 2236 tle).
1939 2213 2020 2236 esse
2039 2201 2177 2237 videu-

1159 2258 1213 2286 tui
1237 2278 1245 2293 ‚
1267 2252 1404 2300 partim
1425 2265 1445 2288 a
1462 2253 1636 2290 victorio
1654 2268 1673 2290 e
1696 2254 1974 2306 lexicographis
2005 2260 2181 2295 transcri-

1158 2316 1222 2358 pta
1241 2309 1279 2344 in
1300 2311 1509 2359 marginem
1529 2313 1758 2362 exemplaris
1779 2315 1910 2352 Aldini
1943 2317 2047 2364 quod
2077 2331 2176 2353 nunc

1157 2367 1196 2403 in
1217 2365 1451 2405 bibliotheca
1467 2369 1569 2418 regia
1590 2373 1810 2408 Monacensi
1833 2382 2059 2412 asservatur.

1211 2425 1373 2462 Scholiis
1394 2426 1431 2462 in
1454 2427 1604 2463 Plutum
1620 2429 1818 2466 utilissima
1840 2432 1909 2467 fuit
1929 2433 2181 2469 Heinsterliu-

1157 2484 1202 2521 sii
1219 2497 1338 2534 opera
1358 2486 1403 2534 (a.
1431 2486 1564 2535 1744),
1593 2489 1762 2536 quamvis
1783 2503 1858 2525 non
1885 2491 1960 2527 alio
1978 2492 2036 2528 usi
2066 2492 2180 2541 adju-

1158 2551 1286 2579 mento
1302 2556 1414 2592 quam
1438 2545 1562 2581 Suidae
1581 2546 1715 2583 lexico.
1734 2550 1908 2597 Namque
1929 2549 2089 2586 duorum
2115 2552 2178 2600 qui

1158 2601 1211 2638 illi
1231 2610 1370 2651 praesto
1392 2602 1497 2655 fuere
1527 2604 1702 2642 codicum
1721 2608 1931 2656 margines,
1953 2610 2179 2646 Dorvilliani

1159 2669 1195 2697 et
1212 2660 1422 2706 Leidensis,
1441 2675 1516 2697 non
1538 2671 1709 2700 veterum
1726 2667 2058 2714 grammaticorum
2073 2668 2180 2704 scho-

1158 2719 1238 2764 liis,
1273 2718 1336 2754 sed
1366 2718 1538 2756 barbaris
1569 2723 1802 2759 novitiorum
1834 2724 2032 2761 hominum
2060 2727 2174 2762 iuter-

1158 2775 1437 2824 pretationibus
1459 2778 1685 2829 plerumque
1704 2781 1863 2818 verbum
1880 2783 1998 2819 verbo
2016 2784 2178 2820 redden-

1159 2834 1259 2871 tibus
1291 2836 1457 2884 impletae
1487 2846 1604 2874 sunt:
1627 2853 1786 2888 quarum
1816 2855 2016 2878 numerum
2049 2843 2131 2879 aliis
2160 2856 2180 2881 e

1158 2893 1266 2930 libris
1284 2906 1513 2943 magnopere
1531 2909 1668 2945 augere
1690 2900 1894 2947 potuissem
1909 2928 1917 2944 ‚
1945 2901 2014 2936 nisi
2036 2900 2176 2938 chartis

1158 2964 1314 3000 parcere
1338 2953 1584 3001 praestitisset.
1614 2958 1701 2991 Non
1732 2956 1849 2992 multo
1880 2957 2047 2994 melioris
2079 2967 2178 2995 notae

1160 3018 1247 3046 sunt
1277 3023 1360 3059 quae
1386 3023 1432 3046 ex
1457 3011 1587 3047 codice
1611 3014 1781 3050 Parisino
1813 3014 1911 3060 2827
1947 3016 2100 3064 (Paria)
2130 3016 2176 3053 ab

1159 3069 1286 3105 Bastio
1307 3077 1487 3117 excerpta
1508 3070 1650 3107 scholia
1670 3079 1707 3108 et
1726 3072 1950 3121 glossemata
1964 3074 2178 3111 Schaeferus

1160 3126 1280 3162 edidit
1312 3127 1352 3163 in
1385 3127 1596 3176 appendice
1635 3129 1682 3166 ad
1709 3131 1809 3167 Pluti
1851 3132 2176 3169 Hemsterhusiani

1159 3185 1363 3221 editionem
1386 3186 1624 3234 Lipsiensem
1647 3202 1683 3238 p.
1711 3190 1910 3235 487-565,
1933 3204 2017 3240 qnae
2040 3192 2176 3240 partini

1160 3243 1317 3279 Thomae
1334 3244 1506 3293 Magistri
1524 3258 1603 3283 esse
1621 3261 1665 3283 ex
1686 3248 1810 3297 primo
1831 3248 1876 3284 ad
1894 3249 2042 3285 Plutum
2066 3249 2179 3286 scho—

1159 3301 1210 3337 lio
1248 3301 1374 3351 colligi
1408 3311 1546 3352 potest.
1588 3306 1866 3344 Anuotationes
1899 3307 2175 3344 Hemsterhusii

1161 3359 1250 3394 meis
1282 3359 1331 3395 ita
1357 3360 1497 3397 inserui
1530 3370 1571 3398 ut
1602 3376 1808 3400 resecarem
1843 3378 1926 3414 quae
1957 3373 2174 3401 nostrorum

1161 3418 1333 3454 codicum
1363 3419 1474 3455 lectio
1495 3421 1639 3459 inutilia
1660 3423 1902 3470 reddidisset,
1926 3425 1963 3461 in
1983 3425 2027 3463 iis
2050 3432 2172 3459 autem
