2533 3808
219 231 288 261 274

217 309 238 344 ἃ
258 307 434 358 Ἡρακλῆς
454 307 546 353 αὐτῷ
571 298 788 352 προειρήκει,
810 299 960 349 δυσχερῆ
980 312 1058 334 τινα
1079 296 1248 346 θεάματα·

215 370 273 407 καὶ
293 369 369 410 τοὺς
389 365 521 417 μύστας
542 364 622 415 παρ’
643 362 748 404 αὐτὰς
766 361 827 403 τὰς
846 359 956 402 πύλας
976 364 1034 397 τοῦ
1052 359 1164 415 εᾍδου
1183 374 1248 409 χο-

215 431 384 481 ρεύοντας.
422 422 495 464 εἶτα
529 429 574 468 ὡς
607 425 785 476 Ἡρακλῆς
816 422 990 468 εἰσελθὼν,
1025 423 1084 459 καὶ
1122 420 1249 471 μεταξὺ

213 493 349 530 πολλῶν
377 490 486 541 τούτῳ
517 487 737 537 συμὲάντων,
766 484 994 535 παραγίνεται
1021 484 1105 535 πρὸς
1135 482 1251 521 Πλού-

214 569 325 599 τωνα,
345 551 405 589 καὶ
424 550 503 588 ὅτου
530 549 632 601 χάριν
655 543 737 594 ῆκεν
767 545 885 592 εἰπὼν,
907 545 1007 597 ἔσχεν
1031 544 1250 582 ὑπακούοντα

177 575 192 597 cv

217 614 426 663 Πλούτωνα,
462 614 527 664 οὐχ
559 611 600 649 ἵν’
641 610 831 661 Εὐριπίδην
870 608 1051 659 ἀναγάγῃ,
1093 607 1169 644 ἀλλ’
1209 606 1252 644 ἵν’

214 675 482 728 ἀγωνισαμένων
503 673 680 726 Αἰσχύλου
692 672 757 715 ·κα,ὶ
781 671 971 724 Εὐριπίδου
984 701 993 717 ,
1012 670 1102 712 ὅστις
1122 669 1251 707 τούτων

212 741 348 792 ἄριστος
374 738 418 776 τὰ
446 740 491 781 εἷς
518 737 643 788 τέχνην
670 734 808 788 φανείη,
835 738 953 772 τοῦτον
980 732 1081 775 αὐτὸς
1107 732 1254 782 εἰληφὼς

213 803 376 854 ἀνενέγκῃ
403 802 487 854 πρὸς
516 801 602 853 βίον.
632 799 753 837 τούτου
777 798 812 836 δὲ
829 796 1033 849 γενομένου,
1056 795 1115 833 καὶ
1135 794 1253 847 κρείτ-

164 885 194 910 10
214 884 307 910 τονος
332 864 560 918 ἀναφανέντος
583 863 780 915 Αἰσχύλου,
807 861 969 904 Διόνυσος
993 863 1110 898 τοῦτον
1137 857 1253 896 λαὸὼν

215 933 353 977 ἀνῆλθε.

267 995 319 1034 Τὸ
339 994 372 1032 δὲ
399 996 515 1045 δρᾶμα
538 995 605 1029 τῶν
634 985 670 1028 εῧ
696 990 755 1028 καὶ
780 989 972 1042 φιλοπόνως
999 986 1253 1036 πεποιημένων.

214 1057 404 1108 Ἐδιδάχθη
434 1055 469 1093 δὲ
495 1055 552 1092 ἐπὶ
578 1053 733 1093 Καλλίου
763 1052 946 1104 ἄρχοντος,
968 1055 1028 1089 τοῦ
1057 1049 1145 1100 μετὰ
1179 1049 1254 1086 Ἀν-

213 1120 340 1171 τιγένη.
366 1118 455 1156 οὕτω
482 1117 516 1155 δὲ
541 1115 741 1165 ἐθαυμάσθη
765 1114 820 1152 διὰ
853 1114 916 1160 τὴν
942 1116 975 1151 ἐν
1011 1115 1104 1165 αὐτῷ
1135 1111 1254 1163 παρά-

165 1198 194 1221 15
216 1185 329 1230 ὃασιν,
349 1183 424 1221 καθ’
448 1182 490 1228 ἣν
514 1179 712 1218 διαλλάττει
738 1179 815 1221 τοὺς
840 1178 995 1227 ἐντίμους
1021 1180 1090 1218 τοῖς
1120 1175 1255 1225 ἀτίμοις

215 1247 274 1285 καὶ
295 1245 372 1288 τοὺς
393 1245 536 1286 πολίτας
558 1248 627 1285 τοῖς
648 1241 808 1294 φυγάσιν,
831 1239 921 1278 ὥστε
942 1239 1001 1277 καὶ
1028 1238 1255 1288 ἀνεδιδάχθη,

215 1309 260 1353 ὥς
277 1324 360 1362 φησι
375 1304 620 1358 Δικαίαρχος]

704 1402 768 1439 IV.

242 1498 469 1552 [[ΣΚΟΠΟΣ
498 1496 594 1534 ΤΟΥ
623 1492 897 1531 ΠΑΡΟΝΤΟΣ
926 1490 1213 1528 ΔΡΑΜΑΤΟΣ.

269 1597 323 1635 ‘O
345 1594 470 1648 παρὼν
488 1591 651 1639 ποιητὴς,
672 1594 717 1634 ὡς
735 1593 768 1628 ἐν
785 1606 834 1642 τῳ
855 1588 1006 1642 δράματι
1021 1603 1080 1625 του
1098 1585 1257 1625 Πλούτου

215 1679 265 1715 τῳ
295 1660 372 1699 τότε
402 1675 469 1697 των
504 1658 651 1703 Ἀθηνων
686 1655 827 1708 ἄρχοντι
858 1652 1088 1698 ὁπωσδήποτε
1116 1649 1258 1725 χαριζό-

163 1745 198 1770 20
218 1741 334 1776 μενος,
367 1722 444 1760 τότε
467 1737 524 1758 τον
555 1721 712 1758 Πλουτον
735 1716 930 1768 ἀναὸλέψαι
958 1714 1042 1767 φησὶ
1071 1729 1130 1751 και
1149 1714 1257 1749 πλου-

217 1793 321 1835 τῆσαι
342 1803 419 1830 τους
447 1784 603 1836 ἀγαθούς·
632 1799 699 1820 των
725 1782 890 1833 Νεφελων
915 1779 950 1817 δὲ
968 1778 1006 1816 τὸ
1027 1779 1143 1830 δρᾶμα
1167 1775 1258 1814 κατὰ

217 1853 255 1890 τὸ
275 1850 478 1904 φαινόμενον
499 1847 635 1899 γράψας
659 1844 750 1883 κατὰ
772 1842 996 1896 Σωκράτους,
1020 1839 1110 1878 κατὰ
1131 1854 1258 1881 παντος

218 1912 426 1957 συνετάξατο
439 1909 625 1964 φιλοσόφου
642 1908 702 1946 καὶ
722 1904 1004 1958 μετεωρολέσχου
1022 1919 1081 1940 και
1101 1905 1257 1954 φυσικοῦ·

217 1975 432 2028 [Σωκράτης
447 1973 538 2025 γὰρ
533 1970 783 2023 μετερχόμενος
801 1967 864 2014 τὴν
885 1966 1009 2013 ηθικὴν
1038 1964 1257 2017 φιλοσοφίαν,

165 2037 388 2088 οὓκατεγέλα
431 2032 716 2087 μεταρσιολογίας
757 2047 816 2068 και
852 2033 1018 2083 φυσικῆς,
1054 2031 1099 2070 ὡς
1135 2026 1259 2078 γράφει

221 2104 382 2154 Ξενοφῶν
402 2116 434 2137 εν
454 2101 523 2141 τοῖς
552 2093 923 2146 Απομνημονεύμασι,
950 2091 1167 2142 θεολογίας
1150 2090 1185 2128 οὲ
1215 2093 1260 2133 ὡς

221 2164 468 2210 ἀκαταλήπτου
495 2160 609 2207 πάντη
637 2158 812 2210 ἀπείχετο·
842 2159 886 2200 ὡς
912 2161 968 2194 οὐν
993 2171 1031 2193 το
1058 2156 1174 2207 δρᾶμα
1201 2170 1259 2192 του

220 2228 379 2268 Πλούτου
403 2225 488 2278 υπὲρ
504 2241 563 2262 του
590 2223 666 2260 τότε
687 2222 852 2274 ἄρχοντος
876 2220 1024 2265 Ἀθηνων
1050 2219 1260 2270 ἀσυμφανῶς

221 2292 442 2338 ξυνετάξατο,
454 2289 545 2328 κατὰ
561 2303 688 2330 παντος
708 2285 742 2323 δε
762 2283 946 2337 φιλοσόφου
965 2281 1260 2335 μεταρσιολέσχου

168 2373 202 2395 3ο
222 2372 279 2395 και
307 2353 521 2408 ψευδοτύπου
546 2367 584 2389 το
613 2351 729 2403 δραμα
758 2364 824 2386 των
859 2347 1052 2399 Νεφελῶν·]
1081 2344 1169 2382 οὕτω
1201 2360 1260 2381 και

221 2419 323 2465 τήνδε
354 2417 416 2463 τὴν
446 2414 631 2465 κωμωδίαν
670 2427 737 2449 των
776 2409 970 2462 Βατράχων
1006 2408 1098 2445 κατὰ
1134 2407 1262 2450 παντὸς

223 2480 424 2532 υποψύχρου
454 2494 512 2515 και
541 2480 622 2519 ὑπος
607 2475 707 2512 ζύλου
734 2473 793 2511 καὶ
811 2475 938 2525 ἀφυους
958 2487 1017 2509 και
1044 2469 1260 2522 ἀτεχνότατα

224 2542 430 2595 γράφοντος,
454 2555 503 2576 τι)
527 2553 640 2588 μεμην
645 2536 717 2574 ε’ναι
734 2535 769 2573 δὲ
790 2550 827 2572 ου
846 2532 1014 2575 συνιέντος
1043 2532 1162 2569 ἑαυτον
1179 2531 1261 2569 ὄντα

228 2604 415 2657 βάρῧαρον,
446 2600 600 2650 οἰομένου
627 2598 663 2636 δὲ
692 2597 740 2648 μὴ
766 2597 867 2646 μόνον
896 2597 1070 2639 ἷσουσθαι,
1097 2593 1187 2631 ἀλλὰ
1202 2594 1261 2632 καὶ

172 2688 207 2710 35
225 2669 269 2706 τὰ
291 2666 466 2719 κρείττονα
491 2663 651 2716 φερεσθαι
667 2677 734 2699 των
758 2660 836 2697 λίαν
863 2658 1115 2708 ἐπιστημόνων.
1141 2660 1186 2700 ὡς
1213 2674 1262 2695 τω

226 2731 311 2783 ὑπὲρ
349 2728 448 2782 φύσιν
482 2725 632 2777 εΟμήρῳ
667 2739 717 2766 τις
750 2721 925 2771 ἀνώνυμος
963 2721 1057 2772 ἤριζε
1090 2720 1262 2771 Σάτυρος,

228 2792 378 2844 Ἡσιόδῳ
407 2790 442 2828 δὲ
473 2788 645 2840 Κέρκωψ,
676 2785 698 2831 ἢ
729 2785 834 2822 πλέον
866 2785 986 2828 εἰπεῖν,
1020 2782 1171 2834 Εὔρυτος
1200 2782 1262 2832 μὲν

227 2857 360 2906 τοξικῆ,
393 2852 562 2905 Μαρσύας
597 2851 632 2888 δὲ
651 2852 798 2900 μουσικῇ
819 2851 868 2900 τῷ
889 2847 1089 2885 Ἀπόλλωνι·
1118 2848 1264 2898 Σειρῆσι

229 2921 264 2959 δὲ
293 2920 352 2958 καὶ
380 2920 536 2959 Μούσαις
560 2916 721 2967 Θάμυρις
747 2917 763 2951 ὃ
794 2911 1008 2962 μαινόμενος·
1034 2910 1055 2956 ἢ
1083 2913 1127 2953 ὡς
1154 2913 1171 2947 ὁ
1196 2912 1263 2948 Λῖ-

177 3001 211 3021 ιιι)
229 2984 368 3034 γύπτιος
409 2984 524 3033 Σῶφις
563 2978 622 3016 καὶ
665 2980 682 3015 ὃ
722 2975 898 3017 Θετταλὸς
941 2972 1151 3023 Σαλμωνεὺς
1191 2979 1265 3015 ταῖς

231 3045 402 3098 οὐρανίαις
419 3045 591 3080 ἀντιπατα
595 3045 730 3091 γουντες
753 3039 912 3092 βρονταῖς
928 3053 987 3074 και
1004 3041 1073 3079 τοῖς
1090 3039 1266 3087 κεραυνοῖς

233 3110 330 3154 οῆθεν
367 3104 696 3157 ἀνταστράπτοντες.
733 3100 825 3139 κατὰ
859 3099 1013 3138 τοιούτου
1055 3097 1182 3140 παντὸς
1216 3097 1264 3147 μὴ

233 3168 402 3210 συνιέντος
429 3166 561 3213 ἑαυτὸν,
593 3162 868 3216 [ἐξομοιουμένου
898 3161 933 3199 δὲ
962 3163 1021 3214 φι)
1013 3163 1122 3207 ηταῖς
1150 3160 1267 3211 ἀλογί-

236 3231 573 3283 στοιςκαθάρμασι,
602 3229 697 3274 δίκην
730 3227 914 3279 βατράχων
943 3228 1048 3277 βοῶσι
1071 3223 1266 3276 θορυὸωδέ-

183 3316 217 3341 45
236 3296 382 3346 στατα,]
411 3294 450 3332 τὸ
474 3297 625 3331 τοιοῦτον
653 3295 670 3329 ὃ
700 3290 845 3338 ποιητὴς
874 3289 1003 3334 ἐξέθετο
1031 3290 1158 3340 δρᾶμα.
1182 3290 1268 3326 Δια-

237 3357 341 3404 σκευὴ
365 3356 399 3395 δὲ
423 3356 482 3394 καὶ
510 3355 638 3397 ἔκθεσις
660 3354 774 3391 τοιάδε
797 3357 855 3391 τοῦ
873 3352 1059 3404 δράματος·
1078 3350 1267 3388 πλάττεται

985 212 1234 251 SCHOLIA
1270 212 1328 249 IN
1368 214 1443 251 BA
1457 213 1577 251 NAS.

1305 299 1354 348 τῷ
1373 302 1502 349 ποιητῇ
1524 300 1701 349 δυσφορῶν
1723 301 1740 335 ὁ
1759 297 1920 341 Διόνυσος
1941 298 1995 336 διὰ
2011 299 2050 336 τὸ
2069 301 2103 336 ἐν
2124 300 2191 342 τοῖς
2216 301 2341 338 Διονυ-

1305 362 1389 401 σίοις
1421 359 1470 409 μὴ
1503 354 1590 396 εῖναι
1616 359 1778 411 τραγικὸν
1809 359 1830 405 ἢ
1860 361 2013 410 κωμικὸν
2044 361 2148 405 δεξιὸν
2181 362 2342 408 ποιητήν.

1305 424 1379 462 ὅθεν
1405 425 1463 462 καὶ
1491 426 1666 476 βουληθεὶς
1690 427 1846 463 κατιέναι
1875 430 1921 470 εἰς
1950 428 2050 480 ᾅδου,
2077 431 2123 471 ὡς
2152 428 2343 480 Εὐριπίδην

1307 490 1436 526 ἐκεῖθεν
1455 488 1622 535 ἀνοίξειεν,
1642 489 1698 526 ἐπὶ
1722 493 1961 534 Διονυσιακοῖς
1980 492 2050 534 τοῖς
2073 491 2262 544 κοθόρνοις,
2284 492 2344 529 καὶ

1307 551 1447 596 λεοντῆν
1481 551 1540 587 καὶ
1570 550 1719 602 ῥόπαλον
1750 551 1838 602 ἔχων
1869 552 1987 604 τρόπῳ
2022 558 2082 591 τοῦ
2112 554 2342 606 Ἡρακλέους,
2364 565 2380 589 5

1309 613 1396 664 μετὰ
1416 614 1565 651 Ξανθίου
1590 613 1742 661 οἰκέτου,
1768 615 1834 666 ὄνῳ
1859 616 2115 667 ε’ποχουμένου,
2142 624 2212 660 τοῖς
2237 617 2346 666 ὤμοις

1308 676 1342 714 δὲ
1383 675 1553 728 ἀνάφορον
1597 675 1773 728 φέροντος,
1813 676 1830 713 ὃ
1865 678 2037 715 ἀλλακτὸν
2078 680 2348 732 δημωδεστέρως

1308 740 1487 785 καλεῖται,
1514 740 1559 780 εἷς
1585 738 1710 783 Θήῧας
1736 737 1757 783 ἢ
1784 738 1955 790 Τίρυνθα,
1978 739 2077 777 πόλιν
2104 745 2162 778 τοῦ
2182 740 2345 794 Ἄργους,

1309 803 1501 853 ἀφικνεῖται
1518 800 1602 853 πρὸς
1625 799 1824 852 (Ηρακλέα,
1846 800 1943 843 ὁδοὺς
1962 800 2022 844 τὰς
2046 803 2091 844 εἷς
2109 803 2192 854 ᾅδου
2209 803 2348 856 χρῄζων

1310 867 1430 913 μαθεῖν
1461 864 1495 908 ἐξ
1527 866 1630 902 αὐτοῦ
1661 864 1721 901 καὶ
1733 865 1942 941 πανδοχεῖα
1977 864 2037 902 καὶ
2069 866 2256 919 ἐκτροπὰς,
2290 867 2350 905 ἅτε
2374 885 2406 909 10

1308 943 1366 965 του
1396 927 1551 979 ΙἸρακ)
1536 943 1608 970 εους
1636 929 1682 970 εἷς
1704 927 1787 965 ἅδου
1814 928 1896 979 πρὶν
1924 927 2147 971 κατελθόντος
2178 929 2231 966 ἐπ’
2262 931 2351 967 ἀνα-

1308 995 1405 1043 γωγῆ
1433 996 1491 1029 τοῦ
1516 991 1703 1044 Κερὸέρου·
1725 992 1833 1029 εἶκαὶ
1861 992 1937 1030 δυσὶ
1963 993 2095 1042 γενεαῖς
2119 992 2352 1045 προγενέστε-

1311 1071 1366 1106 ρος
1390 1059 1431 1101 ἠν
1461 1054 1709 1130 <Ηρακλέους
1696 1071 1713 1092 ο
1744 1053 1917 1097 Διόνυσος.
1942 1055 2024 1107 παρ’
2050 1059 2088 1093 οὗ
2120 1054 2240 1105 μαθὼν
2264 1055 2354 1093 ὅσων

1310 1117 1466 1170 ἔχρῃζεν,
1501 1116 1701 1169 ἀπάρχεται
1729 1120 1790 1163 τῆς
1821 1117 1974 1169 πορείας.
2010 1116 2108 1170 παρὰ
2135 1117 2199 1164 τὴν
2227 1117 2353 1167 λίμνην

1311 1180 1346 1218 δὲ
1363 1180 1546 1234 πεφθακὼς
1577 1180 1639 1227 τὴν
1667 1181 1901 1233 Ἀχερουσίαν,
1929 1181 2031 1225 αὐτὸς
2057 1180 2119 1231 μὲν
2145 1185 2163 1219 ὃ
2189 1181 2354 1225 Διόνυσος
2376 1198 2408 1221 15

1312 1245 1406 1282 δυσὶν
1424 1245 1556 1287 ὀὸολοῖς
1575 1249 1780 1295 περαιοῦται
1799 1248 1848 1297 τῷ
1866 1244 2028 1297 Χάρωνι,
2051 1244 2204 1288 Ξανθίας
2224 1245 2265 1291 δ’,
2284 1246 2354 1283 ἀνθ’

1311 1302 1357 1344 ῶν
1378 1310 1419 1358 τῆ
1447 1307 1526 1359 περὶ
1556 1306 1773 1358 Ἀργινούσας
1801 1308 1862 1344 οὐκ
1892 1307 2118 1358 ἐναυμάχησε
2141 1307 2320 1360 ναυμαχία
2340 1337 2349 1354 ,

1313 1374 1363 1423 τῷ
1393 1371 1535 1423 Χάρωνι
1566 1370 1615 1420 μὴ
1644 1371 1851 1423 ἀναληφθεὶς
1878 1373 1964 1422 πεζῆ
1991 1370 2054 1417 τὴν
2078 1370 2204 1420 λίμνην
2237 1370 2355 1423 κύκλῳ

1311 1433 1586 1486 περιπορεύεται·
1618 1433 1678 1471 καὶ
1710 1433 1744 1470 τί
1777 1434 1829 1470 δεῖ
1860 1434 2082 1484 λεπτολογεῖν
2116 1433 2156 1471 τὸ
2185 1440 2256 1471 πᾶν
2291 1438 2353 1471 τοῦ

1313 1496 1585 1548 συγγράμματος
1615 1495 1728 1542 τέλος;
1760 1495 1922 1538 Διόνυσος
1950 1495 2113 1540 ξενίζεται
2147 1497 2352 1548 Περσεφόνῃ
2375 1507 2410 1533 2ο

1312 1560 1370 1597 καὶ
1392 1557 1598 1608 Πλούτωνι,
1619 1558 1679 1596 καὶ
1699 1558 1811 1609 κρίσιν
1831 1558 2065 1608 ποιησάμενος
2083 1561 2250 1605 ποιητῶν,
2279 1560 2357 1598 Εὐ-

1314 1621 1448 1673 ριπίδου
1469 1621 1529 1658 καὶ
1554 1619 1750 1672 Αἰσχύλου,
1767 1621 1826 1658 καὶ
1851 1620 1990 1673 ἄριστον
2010 1623 2059 1673 τῷ
2082 1621 2155 1659 ὄντι
2179 1620 2357 1673 Αἰσχύλον

1313 1686 1475 1736 νομίσας,
1509 1685 1568 1722 καὶ
1604 1685 1701 1735 παρὰ
1734 1685 1945 1736 προσδοκίαν
1976 1689 2098 1723 τοῦτον
2129 1684 2248 1723 λαὸὼν
2279 1686 2356 1723 ἀλλ’

1313 1750 1375 1786 οὐκ
1393 1748 1597 1799 Εὐριπίδην,
1616 1742 1711 1791 αὖθις
1729 1749 1762 1790 ἐς
1779 1747 1856 1790 τοὺς
1873 1750 2002 1792 ζῶντας
2019 1747 2238 1800 ἀνέρχεται]

1725 1863 1940 1876 -ῧοοοῡ-

1526 1942 1785 1985 SCHOLIA
1819 1942 1883 1984 IN
1919 1942 1956 1983 R
1968 1943 2000 1984 A
2010 1942 2138 1985 NAS.

1367 2055 1412 2094 ‘O
1433 2055 1586 2098 Ξανθίας
1609 2054 1665 2092 ἐπι
1685 2054 1762 2092 ὄνου
1788 2054 1984 2107 παράγεται
2004 2054 2286 2104 καθεζόμενος,”
2267 2070 2357 2106 εχων
2375 2070 2410 2094 25
2454 2048 2458 2051 ι

1315 2114 1372 2151 ἐπὶ
1408 2130 1474 2151 των
1504 2129 1608 2163 ωμιι)ν
1649 2112 1834 2165 ἀνάφορον,
1869 2112 1954 2150 ὅπου
1997 2116 2038 2158 ἠν
2072 2111 2117 2150 τὰ
2152 2111 2356 2164 στρώματα.

1318 2172 1465 2222 (εὐθυς
1451 2188 1485 2209 εν
1505 2175 1547 2222 τῆ
1569 2170 1709 2222 εισὸολῆ
1729 2170 1912 2208 διαὸάλλει
1942 2169 2020 2213 τούς
2046 2186 2083 2207 τε
2103 2170 2290 2222 κωμῳδούς
2314 2172 2359 2213 ὥς

1315 2230 1459 2281 γελοίοις
1489 2228 1688 2281 χρωμένους
1719 2229 1779 2266 καὶ
1809 2227 2098 2280 παρατρέποντας
2129 2226 2206 2270 τοὺς
2237 2226 2360 2270 θεατὰς

1316 2288 1384 2326 ἀπὸ
1403 2291 1464 2334 τῆς
1485 2286 1694 2340 ἀκριὸείας.)

1371 2361 1396 2385 1.
1426 2349 1493 2384 τῶν
1512 2345 1679 2383 εἰωθότων
1711 2344 1827 2383 εἈντὶ
1855 2347 1916 2381 τοῦ
1940 2345 2008 2380 τῶν
2028 2342 2204 2393 ἐθίμων,ἠ
2225 2341 2357 2395 μετοχὴ
2379 2353 2412 2378 30

1316 2407 1391 2446 ἀντὶ
1408 2411 1468 2445 τοῦ
1486 2406 1662 2457 ὀνόματος·
1679 2405 1740 2443 καὶ
1758 2405 1920 2456 “Ομηρος
1935 2405 2023 2454 [Od.
2038 2415 2081 2451 A,
2093 2417 2144 2443 213
2159 2407 2171 2448 ]

1438 2506 1489 2536 τὸν
1501 2506 1526 2536 δ’
1545 2504 1583 2535 αὗ
1599 2504 1780 2544 Τηλέμαχος
1793 2503 1982 2542 πεπνυμένος

1317 2596 1392 2633 ἀντὶ
1409 2600 1468 2632 τοῦ
1489 2594 1638 2637 πινυτός.
1667 2615 1711 2618 -
1739 2592 1907 2629 εἰωθότων
1929 2604 1937 2628 :
1956 2593 2037 2630 Τῶν
2061 2591 2217 2638 συνήθων
2241 2592 2358 2630 διαλέ-

1316 2657 1435 2703 γεσθαι
1457 2654 1501 2694 εἷς
1523 2650 1648 2697 ἡδονὴν
1672 2654 1730 2687 τοῦ
1748 2653 1782 2687 θε
1769 2649 1905 2702 εάτρου.
1926 2650 1971 2688 Θ.
1992 2651 2060 2686 τῶν
2078 2649 2247 2696 συνήθων.
2266 2656 2331 2688 ΒΓ.

1369 2709 1622 2760 αθεώμενοιῑ
1643 2710 1741 2746 Οἱθε
1729 2707 1839 2746 -αταί,
1861 2710 1907 2746 Θ.
1932 2715 1987 2744 Bt.
2379 2717 2413 2741 35

1369 2782 1398 2806 3.
1428 2767 1467 2812 νὴ
1490 2766 1542 2805 Δί’
1562 2782 1579 2803 ο
1597 2782 1629 2803 τι
1652 2765 1766 2816 βούλει
1783 2778 1853 2815 γε·
1845 2796 1853 2803 .
1871 2763 1976 2803 Ἴδιον
1995 2766 2100 2803 αυτοῦ
2123 2765 2163 2803 τὸ
2184 2767 2230 2809 εἷς
2249 2769 2360 2803 ταῦτα

1316 2825 1531 2864 ὀλισθαίνειν·
1552 2827 1597 2867 ὡς
1610 2824 1668 2861 καὶ
1683 2825 1716 2861 ἐν
1734 2823 1906 2875 δευτέραις
1922 2822 2287 2875 Θεσμοφοριαζούσαις
2303 2825 2358 2875 [fr.

1318 2890 1382 2930 307]
1401 2887 1418 2920 ὃ
1435 2883 1591 2935 θεράπων
1613 2882 1714 2934 φησὶν

1442 2987 1482 3020 ὡς
1505 2984 1554 3015 διά
1568 2996 1602 3023 γε
1615 2987 1706 3014 τοῦτο
1723 2984 1852 3020 τοῦπος,
1864 2984 1899 3014 οὐ
1915 2984 2045 3023 δύναμαι
2059 2984 2156 3025 φέρειν

1442 3032 1537 3068 σκεύη
1549 3034 1698 3069 τοσαῦτα,
1716 3032 1767 3061 καὶ
1778 3031 1829 3062 τὸν
1846 3031 1931 3070 ὦμον
1942 3030 2096 3070 θλίὸομαι.
2379 3034 2414 3058 40

1322 3122 1467 3158 ἐνταῦθα
1484 3119 1520 3156 δέ
1535 3134 1636 3171 φησιν
1656 3118 1707 3156 ὅτι
1727 3120 1764 3156 οὐ
1787 3118 1938 3169 δύναμαι
1957 3118 2141 3170 ἀνέχεσθαι
2160 3121 2219 3156 τοῦ
2239 3117 2359 3155 θλίὸο-

1325 3193 1388 3226 μαι
1407 3176 1605 3227 λεγομένου.

1375 3249 1401 3272 4.
1433 3235 1521 3272 πάνυ
1539 3234 1605 3286 γάρ
1625 3234 1694 3271 ἐστ’
1718 3234 1783 3280 ἤδη
1807 3234 1895 3285 χολή
1920 3247 1928 3272 1
1954 3233 2045 3272 Ἀντὶ
2069 3236 2129 3270 τοῦ
2147 3230 2246 3270 πολύ.
2266 3232 2305 3270 τὸ
2325 3230 2360 3269 δὲ

1323 3291 1426 3338 πολὺ,
1452 3291 1516 3329 κᾶν
1537 3286 1559 3343 ῆ
1583 3290 1710 3343 γλυκὺ,
1732 3292 1853 3343 πικρόν
1883 3293 1988 3329 ἐστιν.
2046 3289 2210 3339 (Ἄλλως.
2232 3289 2360 3327 ὡσανεὶ

1324 3350 1354 3388 ἕ)
1365 3365 1418 3400 εγε
1450 3349 1591 3398 ναυτία,
1616 3349 1671 3386 διὰ
1692 3349 1729 3386 τὸ
1754 3348 2009 3401 ἐπιδαψιλεύειν
2032 3347 2095 3394 τὴν
2116 3346 2257 3384 παιδιὰν
2277 3345 2355 3384 ταύ-
2374 3365 2408 3389 45
