2533 3808
274 199 348 232 650

276 277 360 308 Echo
376 286 382 307 :
401 277 468 314 ejus
481 278 584 316 partes
600 282 643 305 ex
655 272 1012 312 Anaromedasabula
1026 282 1091 305 sua
1107 281 1290 312 eoepressas
1317 296 1319 306 l

311 323 376 362 agit
402 322 562 362 Euripides
590 323 624 351 in
667 319 1046 359 Thesmophoriazusis,
1075 322 1288 350 1056—1097.

311 369 403 401 Echo
437 368 683 399 κακοστένακτον
711 368 747 398 in
785 366 1006 398 Andromeda
1042 366 1290 398 introduxerat

312 415 507 455 Euripides,
520 422 621 455 quem
635 415 791 445 mutatus
804 414 854 444 est
864 413 1073 444 Ptolemoeus
1087 412 1292 452 Philopator

310 465 346 492 in
361 461 510 493 Adonide
523 460 705 500 traqoedia,
729 459 859 491 Thesm.
887 461 974 490 1059.

270 514 503 555 Ecphantides
517 516 713 554 coqnomine
729 515 880 553 Capnias
896 515 986 551 erat,
1005 514 1098 553 Vesp.
1120 515 1188 544 151.

268 561 411 599 Edolus,
429 561 545 593 lochus
563 560 912 598 Lacedaemoniorum,
928 562 1003 599 Lys.
1023 562 1094 591 453.

269 607 436 639 Eidothea
452 610 613 645 Homero,
630 616 707 647 quae
723 607 801 638 aliis
824 607 986 645 Theonoe,
1009 607 1140 638 Thesm.
1157 609 1227 639 897-

269 654 429 694 Einodia‚
453 653 636 694 Euripides
653 656 689 685 in
703 654 978 694 Bellerophonte,
1007 655 1100 694 Vesp.
1121 656 1193 685 757.

268 702 414 741 Eiresia,
432 703 617 733 Eiresione.
643 701 723 733 Vide
734 705 852 732 Ires—.

269 748 441 786 EJ'uratiO,
460 748 623 787 ἐπωμοσία
640 748 691 779 cel
708 747 889 787 ὑπωμοσίαι,
907 747 1107 787 explicatur
1124 747 1177 778 Pl.
1195 749 1265 778 725.

269 795 446 835 Elapliium‚
474 797 508 826 in
548 794 906 834 Thesmophoriazusis
940 794 1160 832 meretricula,
1190 802 1288 834 quam

307 841 438 873 adducit
468 841 632 882 Euripides
648 841 729 873 lenae
755 841 859 881 specie
887 841 1020 873 indutus
1047 842 1087 873 ad
1114 841 1287 872 fallendum

308 889 471 928 scytham,
490 892 568 920 1172
581 898 652 929 sqq.

265 935 386 966 Electra
411 937 445 966 in
474 935 681 975 Choephoris
707 935 860 974 AEschyli
887 944 926 966 ex
951 934 1102 965 cincinno
1124 934 1286 973 cognoscit

305 982 409 1013 fratris
424 984 551 1013 Orestis
565 982 753 1021 adventum,
778 982 867 1013 Nub.
887 984 947 1012 534
963 990 1037 1022 sqq.

265 1029 442 1060 Electrum
459 1031 627 1061 Homerus
644 1031 750 1067 novit,
768 1037 833 1060 non
850 1030 955 1067 ὕαλον,
974 1028 1065 1059 Μιὶ).
1082 1030 1153 1059 768.

266 1082 340 1113 Elei
356 1090 398 1112 ez
411 1082 504 1113 oliva
517 1081 746 1121 καλ).ιστες,άνῳ
762 1081 950 1120 decerpunt
963 1088 1106 1111 coronas
1122 1080 1288 1110 victorum

305 1129 522 1160 athletarum
546 1130 580 1158 in
612 1128 705 1159 ludis
722 1128 927 1166 Olympicis,
946 1127 999 1157 Pl.
1024 1129 1094 1157 586.
1119 1126 1167 1158 Ab
1192 1127 1287 1157 Eleis

306 1175 464 1213 Phidias,
488 1177 605 1215 posita
644 1176 767 1206 statua
796 1176 888 1206 Joris
922 1174 1088 1213 Olympii,
1117 1173 1287 1204 occiditur

306 1221 471 1252 archonte
500 1220 717 1260 Pythodoro,
749 1223 787 1251 ut
821 1222 975 1251 materiei
1007 1223 1068 1260 ipsi
1099 1221 1287 1251 commissce

302 1269 443 1307 partem
449 1266 612 1306 furatus,
630 1270 711 1299 Pac.
726 1271 797 1299 605.
814 1268 887 1298 Elei
905 1276 969 1298 non
982 1269 1171 1307 participes
1184 1269 1286 1297 erant

305 1314 525 1346 induciarum
542 1316 575 1344 in
597 1316 852 1355 quinquaqinta
873 1323 980 1345 annos
995 1315 1107 1346 Aleteo
1121 1314 1287 1345 archonte

304 1363 502 1401 pactarum,
522 1363 603 1392 Pac.
626 1365 696 1392 466,

267 1409 370 1440 Eleon
386 1410 525 1439 Boeotioe
542 1419 551 1439 .·
572 1417 615 1439 ex
627 1415 667 1439 ea
689 1408 774 1439 urbe
788 1410 888 1440 Bacis
905 1410 1181 1448 antiquissimus,
1202 1410 1283 1439 Pac.

308 1458 397 1493 1071,
412 1458 471 1486 Av.
489 1459 560 1487 962.

263 1507 355 1539 Eleus
371 1512 521 1548 Lepreus,
540 1508 640 1547 rulqo
653 1508 688 1538 τὸ
711 1508 861 1548 Λέπρεον,
877 1509 933 1538 Aa.
960 1509 1028 1538 149,

264 1554 456 1586 Eleusinia.
476 1556 528 1586 Iis
552 1554 754 1593 canephoroe
774 1553 928 1584 umbella
949 1554 1113 1592 tequntur
1138 1552 1178 1583 ob
1202 1552 1285 1583 solis

304 1600 476 1640 ardorem,
503 1603 562 1632 Ao.
599 1603 675 1631 1508
693 1599 771 1631 coll.
801 1603 889 1630 1551.
916 1599 1105 1630 Eleusiniis
1130 1599 1285 1630 ἐτελοῦντο

296 1647 434 1687 fabuloe
460 1647 622 1686 AEschyli‚
647 1649 735 1678 Ran.
764 1649 835 1677 886.
862 1646 1042 1677 Eleusinia
1069 1646 1212 1685 rulqata
1242 1647 1286 1677 ab

304 1696 406 1734 impio
420 1694 725 1733 dithyramborum
735 1694 839 1733 poeta
852 1694 1051 1732 Arislaqora
1065 1692 1181 1732 Melia,
1193 1693 1283 1724 Nub.

304 1745 375 1773 830.
1263 1774 1267 1778 ,

264 1789 492 1827 Eleusinium,
511 1796 576 1828 quo
602 1787 838 1819 deducebatur
857 1796 986 1828 pompa
1008 1787 1284 1826 Panathenaico,

305 1837 367 1877 Eq.
387 1840 458 1867 566.

264 1884 463 1915 Eleusinius
480 1890 571 1921 paqo
584 1880 786 1920 AEschylus,
804 1883 892 1912 Ran.
915 1883 985 1911 886.

265 1931 408 1968 Eleusis,
429 1928 487 1960 ubi
501 1936 604 1968 rupes
620 1928 811 1967 Aqelastus‚
826 1929 875 1958 est
893 1929 1005 1959 Cereri
1021 1928 1054 1958 et
1070 1928 1285 1966 Proserpinae

302 1985 417 2014 sacra,
437 1977 499 2016 Eq.
525 1978 596 2011 785,
620 1982 770 2014 quarum
792 1974 835 2004 ibi
860 1976 1024 2013 mysteria
1051 1973 1283 2011 celebrantur,

304 2023 397 2055 Nub.
415 2026 487 2060 302,
504 2022 559 2053 Pl.
580 2023 650 2052 845.
671 2022 720 2052 Eo
736 2029 779 2051 ez
796 2020 877 2052 urbe
894 2021 1053 2052 vehebant
1076 2020 1227 2059 mysteria
1252 2020 1284 2050 iu

302 2070 411 2108 asinis,
436 2072 521 2101 Ran.
554 2071 623 2099 159.
657 2070 838 2108 Carpentis
863 2076 899 2098 eo
922 2067 1096 2099 vehuntur
1125 2068 1285 2098 mutieres

303 2116 351 2148 ad
376 2124 503 2155 maqna
525 2117 701 2155 mysteria,
721 2115 774 2146 Pl.
808 2117 895 2146 1014.
921 2115 1116 2146 Eleusinem
1144 2114 1285 2145 ducitur

298 2171 427 2203 pompa
452 2162 578 2193 Bacchi
604 2170 647 2193 ex
676 2163 859 2200 Ceramico,
891 2165 978 2193 Ran.
1008 2164 1080 2199 395,
1111 2164 1182 2199 399,
1212 2165 1281 2193 401,

308 2210 485 2249 Templum
500 2209 628 2241 Bacchi
641 2209 815 2247 Eleusine,
839 2209 883 2240 ib.
907 2211 978 2240 343.
998 2209 1133 2240 Eleusis
1149 2218 1171 2240 a
1190 2210 1283 2240 Cleo-

301 2265 396 2288 mene
408 2265 451 2288 ex
460 2265 540 2287 aree
547 2256 757 2287 Athenarum
773 2256 912 2287 dimisso
923 2259 1100 2296 occupata,
1111 2258 1284 2288 auxitian-

303 2306 334 2335 te
342 2305 447 2343 parte
461 2303 728 2340 Atheniensium,
742 2305 800 2343 qui
812 2305 933 2343 postea
949 2305 1056 2334 morte
1070 2305 1102 2334 et
1119 2303 1283 2334 bonorum

298 2350 532 2390 publicatione
562 2349 704 2380 multati
733 2351 834 2387 sunl,
864 2351 941 2388 Lys.
977 2352 1046 2381 274.
1078 2351 1134 2380 Ea?
1162 2350 1281 2381 Eleusi

296 2396 415 2436 pulvis
440 2397 576 2427 coortus
602 2396 676 2425 boni
706 2397 828 2426 ominis
851 2398 932 2427 ante
959 2405 1114 2436 puqnam
1136 2397 1283 2428 Salami-

303 2444 409 2480 niam,
423 2442 636 2481 parantibus
655 2443 774 2472 Cerere
799 2444 832 2473 et
852 2444 1073 2482 Proserpina,
1091 2443 1181 2474 Nub.
1208 2446 1280 2475 303.

263 2489 473 2527 Eleutherae,
490 2491 630 2520 Boeotice
647 2489 825 2528 oppidum,
844 2490 935 2521 unde
957 2491 1086 2522 Bacchi
1108 2492 1224 2522 cultus
1248 2493 1282 2522 in

302 2539 450 2568 Atticam
469 2539 569 2574 venit,
586 2537 664 2567 Δ»1011Δ
686 2540 757 2568 243.

263 2582 462 2622 Elymnium‚
486 2583 579 2613 locus
603 2583 754 2621 Euboeae;
780 2584 968 2615 secundum
1000 2586 1088 2616 alios
1115 2586 1279 2625 templum

298 2639 406 2670 prope
434 2630 620 2668 Euboeam;
648 2631 824 2670 Sophocles
854 2634 1019 2663 memorat
1048 2635 1172 2672 petras
1203 2635 1282 2674 Ely-

303 2680 427 2716 mnias,
451 2679 486 2708 et
515 2677 662 2717 νυμφικὸν
680 2678 852 2718 Ἐλύμνιον,
888 2679 941 2709 ubi
969 2681 1133 2719 Juppiter
1157 2680 1281 2719 fertur

302 2732 379 2755 cum
402 2726 536 2755 Junone
555 2733 752 2764 conpressus
770 2734 851 2763 esse,
867 2728 949 2757 Pae.
969 2730 1059 2758 1126.

262 2770 424 2810 Empedo,
439 2773 621 2811 antiquum
639 2780 755 2803 nomen
764 2772 877 2811 sontis
894 2774 1090 2814 Clepsydrce
1105 2776 1139 2806 in
1153 2777 1279 2815 Attica,

309 2819 403 2857 Vesp.
423 2820 494 2856 857,
510 2819 586 2857 Lys.
604 2820 675 2849 913.

262 2873 397 2910 Empusa
425 2870 458 2900 in
487 2879 596 2901 omnes
619 2870 742 2910 species
768 2879 803 2902 se
828 2874 940 2912 vertit,
973 2873 1052 2905 facie
1079 2878 1279 2914 coruscante,

301 2917 448 2948 cruribus
463 2917 562 2949 altero
575 2926 671 2957 aereo,
688 2919 850 2950 stercoreo
867 2920 977 2959 altero,
994 2924 1081 2953 Ran.
1101 2925 1275 2962 289-294,

302 2967 372 2996 305.
389 2967 565 3004 spectrum
589 2964 841 2997 dcemoniacum
866 2967 908 2998 ab
935 2971 1064 3001 Hecate
1088 2972 1280 3002 immissum

301 3012 454 3049 miseris;
480 3011 619 3042 meridie
646 3014 792 3052 conspici
817 3016 947 3052 putant
971 3016 1108 3056 quando
1143 3018 1279 3056 inserioe

304 3055 402 3087 aunt.
440 3057 594 3088 Eandem
635 3066 705 3089 esse
735 3061 839 3099 atque
870 3063 1023 3093 Hecaten
1051 3063 1207 3101 efficiunt
1237 3074 1279 3096 ex

302 3109 401 3132 versu
428 3105 706 3143 Tayenistarum,
720 3104 773 3144 fr.
795 3108 865 3136 426.
887 3109 1057 3140 Nonnulli
1074 3109 1196 3141 dicunt
1211 3120 1279 3142 uno

301 3147 383 3187 pede
400 3157 480 3187 esse,
498 3149 589 3180 unde
607 3159 724 3181 nomen
740 3154 840 3191 quasi
854 3154 1001 3194 ἑνίποδος,
1019 3158 1089 3187 293.
1105 3157 1171 3188 Alii
1188 3160 1278 3189 asini

302 3203 382 3226 crus
399 3195 526 3227 habere
548 3196 679 3235 dicunt,
702 3198 792 3229 unde
810 3203 965 3232 vocatam
991 3204 1193 3243 quibusdam
1212 3206 1278 3237 ὀνό-

302 3243 414 3280 κωλον,
434 3244 502 3273 291.
519 3246 670 3283 Empusa,
690 3244 837 3284 (liemon,
857 3250 961 3279 etiam
987 3250 1141 3287 ὀνοσκε).ίς
1168 3251 1275 3291 dicta,

304 3288 439 3319 saniosis
452 3289 587 3328 pustulis
600 3292 742 3330 tumens,
756 3293 847 3323 Ecel.
871 3297 945 3326 1057
957 3305 1005 3336 sq.

266 3341 460 3372 Enceladus
473 3344 580 3381 qiqas,
600 3345 785 3376 αΜῡιιίϊα
802 3349 941 3387 occisuS,
958 3352 990 3380 in
1005 3351 1077 3389 ejus
1092 3353 1193 3392 peplo
1210 3362 1274 3384 acu

299 3389 427 3427 pictus,
446 3391 507 3428 Eq.
527 3393 595 3420 566.

1308 1872 1318 2419 l

947 189 1100 226 INDEX
1129 189 1363 226 NOMINUM
1393 190 1458 228 ET
1487 192 1676 232 RERUM.

1349 276 1379 305 E
1382 276 1587 317 nchelenses,
1602 279 1768 320 Ἐγχελεῖς,
1785 291 1864 321 qens
1881 286 2030 323 Baetice,
2048 286 2234 318 secundum
2257 289 2370 320 liclia-

1388 324 1516 363 nicum,
1536 326 1610 364 Lys.
1627 330 1675 357 36.

1344 367 1523 408 Ἐγκύκλιος
1538 372 1664 403 παιδεία
1686 374 1781 414 quid,
1797 377 1858 415 Eq.
1878 380 1946 409 189.
1998 404 2024 424 ,ἃ

1344 415 1503 456 Endixis‚
1522 417 1656 458 ἔνδειξις,
1673 422 1795 452 contra
1816 430 1870 453 eos
1896 425 1955 463 qui
1973 424 2118 466 publica
2142 424 2230 456 bona
2246 427 2366 459 vende-

1387 461 1481 501 bant,
1498 464 1695 497 introa'ucta
1709 467 1753 497 ab
1770 467 2032 509 Undeciniviris,
2054 473 2144 511 Vesp.
2161 476 2250 504 1108.

1345 508 1539 548 Endymion
1565 512 1755 544 secundum
1777 517 1962 548 nonnullos
1986 517 2080 549 lunce
2103 519 2260 560 περιόδους
2277 522 2366 553 inve-

1386 557 1449 594 nit,
1469 557 1555 588 Nub.
1572 561 1631 590 398
1648 561 1682 590 in
1701 562 1794 592 nota.

1344 603 1494 641 Enoplius
1508 604 1691 645 rhythmus,
1707 607 1798 638 Nub.
1815 611 1870 638 651
1890 611 1923 639 et
1935 610 2039 641 schol.

1344 649 1514 690 Enyalius,
1549 651 1644 688 filius
1671 655 1800 684 Martis
1830 656 1862 685 et
1899 657 2030 695 Eny‘ils,
2058 658 2140 689 aliis
2164 661 2306 692 Saturni
2334 665 2366 693 et

1388 696 1499 735 Rheoe;
1516 698 1597 729 aliis
1613 699 1702 731 idem
1721 702 1780 739 qui
1800 703 1910 740 Marte,
1928 704 1967 733 ul
1984 704 2154 745 Alcmani,
2172 708 2230 746 qui
2252 709 2364 739 tamen

1385 743 1466 774 alibi
1480 743 1652 776 diversum
1672 748 1705 777 in
1724 747 1877 786 modum,
1895 751 1977 780 Pac.
1997 752 2068 781 457.

1343 791 1441 828 Enyo
1456 798 1463 820 ;
1482 791 1556 829 esus
1571 794 1602 823 et
1621 793 1855 833 Martisfilius
1869 796 2055 834 Enyalius,
2070 799 2153 828 Pac.
2169 800 2239 829 457.
2288 802 2297 809 ‘

1343 839 1437 875 Eous,
1458 837 1605 876 lyricum
1618 848 1770 880 carmen,
1782 841 1867 872 Ionis
1880 842 1962 880 Chii,
1974 845 2054 874 Pac.
2068 846 2139 875 835.
2150 848 2247 877 Eoum
2264 847 2365 886 sidus,

1385 884 1427 914 ib.
1447 888 1516 916 8:37.

1344 932 1603 970 Epaminondas
1632 933 1812 965 Thebanus
1837 937 1969 974 eqreyie
1991 936 2107 968 cultus
2126 938 2279 979 ἐγκυκλίῳ
2300 952 2366 972 παι-

1383 978 1460 1018 δείᾳ,
1480 981 1542 1020 Eq.
1568 984 1634 1012 189.

1343 1026 1623 1067 Epanadiplosis,
1641 1028 1900 1067 ἐπαναδίπλωσις,
1916 1029 2039 1069 Jiqura
2063 1031 2250 1072 rhetorica,
2277 1036 2363 1068 Nub.

1386 1075 1457 1111 260,
1476 1076 1555 1105 l’ac.
1579 1078 1603 1105 Ι.

1342 1119 1483 1157 Ephesus
1499 1121 1534 1150 in
1549 1120 1672 1160 Lydia,
1685 1120 1776 1160 cujus
1786 1121 1887 1152 aedem
1901 1130 2029 1152 auream
2041 1124 2129 1154 tenet
2143 1125 2254 1162 Diana,
2272 1128 2363 1157 Nub.

1390 1169 1461 1196 599.
1481 1167 1653 1206 Ephesum
1678 1176 1743 1199 non
1763 1168 1947 1200 vastabant
1964 1171 2092 1207 Pei-sce,
2112 1173 2194 1210 quia
2213 1174 2363 1204 Dianam

1384 1213 1564 1251 putabant
1592 1223 1662 1245 esse
1683 1217 1818 1245 Lunam
1847 1216 1890 1246 ab
1914 1217 1997 1255 ipsis
2015 1217 2162 1256 cultam,
2191 1221 2272 1250 Pac.
2293 1224 2362 1252 410.

1384 1259 1509 1298 Ephesi
1529 1262 1678 1291 Lacones
1695 1262 1894 1301 vulpeculae,
1912 1262 2005 1293 (lomi
2024 1263 2146 1302 leones,
2164 1267 2248 1296 Pac.
2275 1271 2363 1300 1189.

1383 1307 1566 1336 Artemisia
1584 1307 1744 1346 Ephesia,
1763 1310 1840 1347 qu.
1858 1311 1929 1339 675.

1342 1352 1535 1391 Ephialtes,
1553 1354 1712 1393 proditor
1733 1356 1931 1386 Groecorum
1952 1355 2198 1397 Thermopylis,
2223 1361 2287 1400 Eq.
2313 1365 2361 1392 55.

1343 1398 1542 1437 Epliialies;
1562 1399 1603 1430 (le
1619 1408 1656 1431 eo
1679 1400 1773 1431 locus
1790 1401 1992 1440 Plirynichi,
2018 1405 2109 1443 Vesp.
2131 1406 2219 1436 1348.

1341 1445 1506 1485 Epliudion
1522 1455 1617 1476 senex
1633 1449 1664 1478 ct
1684 1455 1796 1486 canus,
1814 1449 1866 1478 5011
1884 1447 2035 1480 robustus
2052 1451 2216 1489 pancratio
2232 1455 2367 1486 certarit

1382 1500 1455 1522 cnm
1473 1492 1628 1530 Asconda,
1665 1495 1754 1533 l'esp.
1786 1498 2001 1534 1190-1195,
2027 1495 2153 1534 juniore
2174 1507 2271 1538 quam
2287 1500 2363 1540 ipse,

1380 1539 1548 1580 Olympiis,
1569 1549 1707 1580 eumque
1723 1541 1835 1579 vincit,
1853 1544 2054 1574 1382—1385
2073 1554 2080 1573 :
2099 1553 2152 1575 res
2165 1548 2198 1576 et
2211 1555 2366 1585 pers-ome

1373 1585 1481 1624 Jicta²‚
1501 1589 1565 1617 nisi
1584 1587 1828 1627 intelliqendus
1852 1589 2038 1628 Ephudion
2053 1592 2241 1624 Manialius
2257 1595 2364 1634 olym-

1375 1634 1515 1672 pionica
1533 1634 1576 1664 ol.
1595 1637 1647 1672 79,
1668 1634 1774 1666 schol.
1799 1638 1885 1666 1190.

1340 1680 1475 1718 Epiale,
1495 1680 1644 1719 (liemon,
1670 1683 1763 1721 l'esp.
1789 1685 1876 1713 1038.

1340 1727 1520 1765 Epir-aste,
1546 1730 1661 1759 mater
1691 1728 1868 1768 Aqamedis
1895 1738 1938 1760 ea:
1971 1731 2145 1771 Apolline,
2175 1734 2364 1766 seeundum

1383 1772 1573 1804 Characem
1590 1782 1680 1805 uxor
1691 1775 1841 1814 Aqamed
1845 1777 1872 1805 is
1889 1778 1922 1807 et
1935 1779 2048 1817 mater
2061 1786 2105 1809 ex
2117 1787 2154 1810 eo
2172 1782 2362 1821 Cercyonis,

1381 1819 1472 1850 Nub.
1491 1822 1562 1850 508.

1340 1865 1576 1906 Epicechodos,
1608 1867 1819 1908 Ἐπικεχοδὼς
1841 1869 1916 1908 (Qui
1938 1869 2130 1910 adcacavit),
2151 1872 2278 1912 fictum
2306 1883 2362 1906 no-

1382 1921 1472 1952 men,
1490 1916 1547 1944 Αυ.
1567 1917 1617 1944 68.

1340 1959 1581 1999 Epicharmus,
1601 1960 1726 2000 olymp.
1746 1964 1798 1999 733
1816 1963 1888 2001 eJ'us
1905 1966 2043 2004 merita,
2065 1967 2364 2007 inqenium‚salm-

1382 2006 1499 2037 larum
1517 2015 1694 2045 numerus,
1713 2009 1808 2039 Prol.
1828 2011 1898 2047 Ill,
1922 2013 2051 2042 19—23.
2080 2014 2120 2043 [n
2150 2015 2286 2046 Scirone
2300 2015 2362 2054 sa-

1381 2053 1461 2084 bula
1478 2054 1590 2095 φορμὸν
1609 2055 1799 2095 loquentem
1817 2057 2016 2097 introducit,
2038 2061 2118 2090 Pac.
2140 2063 2208 2092 185.

1339 2101 1500 2139 Epicrates
1529 2100 1661 2131 barbam
1691 2111 1838 2141 maguam
1869 2104 1985 2142 alebat,
2013 2115 2120 2146 quare
2146 2108 2220 2143 ἄναξ
2246 2110 2364 2148 ὑπήνης

1381 2148 1570 2188 σακεσφόρος
1587 2148 1699 2180 (lictus
1716 2158 1737 2180 a
1759 2150 1906 2182 Platone
1913 2163 1926 2190 ;
1949 2155 2069 2184 orator
2085 2156 2118 2186 et
2141 2154 2361 2197 demaqoqus,

1380 2194 1472 2224 Eccl.
1493 2196 1543 2224 71.

1338 2239 1494 2279 Epicurus
1512 2240 1622 2279 (homo
1639 2243 1869 2282 contemptus),
1885 2245 1978 2275 Eccl.
1998 2247 2069 2276 644.

1338 2286 1528 2326 Epidaurus,
1560 2287 1643 2318 urbs
1670 2290 1846 2320 Laconicae
1876 2290 2165 2330 (Lacedoemoniis
2191 2295 2360 2336 obnoxia),

1381 2336 1467 2365 Ran.
1483 2336 1555 2365 364.

1340 2380 1495 2421 Epigenes
1511 2381 1652 2420 juvenis,
1672 2382 1765 2413 Eccl.
1784 2386 1856 2414 931.

1337 2428 1497 2467 Epigonus
1522 2428 1572 2458 vel
1599 2428 1681 2459 inter
1705 2428 1854 2461 mulieres
1880 2431 1980 2470 magis
1993 2431 2110 2464 mulier
2131 2441 2200 2465 esse
2222 2435 2360 2475 videtur,

1378 2474 1476 2504 homo
1493 2475 1727 2513 mollissimus,
1746 2476 1837 2507 Eccl.
1857 2480 1912 2508 167
1930 2486 1980 2517 sq.

1336 2521 1491 2551 Ἐπινίκια
1508 2521 1619 2560 (01111101Ἰ
1635 2529 1652 2551 a
1668 2521 1806 2561 chorago
1819 2523 1942 2554 victore
1955 2524 2122 2564 praebitae),
2130 2525 2186 2565 fr.
2203 2530 2273 2559 379.

1336 2566 1546 2606 Epiri-hema
1578 2576 1641 2598 cur
1668 2571 1787 2599 vocata
1814 2577 1898 2607 pars
1917 2571 2139 2611 parabaseoS,
2167 2574 2254 2606 Nub.
2285 2579 2360 2615 575,-

1377 2612 1460 2652 quid
1479 2615 1513 2643 in
1531 2613 1658 2652 eofiat,
1678 2616 1762 2645 Rau.
1778 2617 1849 2645 354.

1336 2660 1478 2697 Epirus,
1501 2662 1564 2699 Eq.
1585 2662 1634 2690 78.

1335 2705 1521 2742 Ἐπιστά-ι-ης
1537 2714 1544 2735 :
1562 2706 1634 2744 ejiis
1652 2714 1779 2738 mimus
1796 2708 1829 2737 in
1847 2710 2014 2747 concione,
2029 2711 2111 2741 Pac.
2129 2714 2200 2752 665,
2223 2713 2355 2746 Thesm.

1377 2753 1447 2782 373.

1335 2797 1507 2836 Epistola.
1524 2800 1575 2829 De
1591 2799 1706 2840 χαίρειν
1731 2802 1764 2830 in
1792 2802 1904 2839 capite
1939 2803 2178 2844 epistolarum,
2205 2814 2272 2846 quo
2283 2810 2360 2848 pri·

1375 2851 1453 2873 mus
1470 2852 1553 2875 usus
1569 2853 1638 2876 esse
1657 2846 1734 2876 Cleo
1741 2845 1878 2885 fertur,
1899 2847 2029 2879 librum
2042 2850 2257 2890 sinyularem
2275 2857 2356 2886 scri-

1373 2892 1442 2930 psit
1459 2893 1655 2931 Dionysius,
1673 2893 1729 2924 Pl.
1746 2896 1817 2925 322.
2193 2907 2203 2914 ⁸

1335 2937 1502 2975 Eponqmi
1528 2936 1643 2968 heroes
1655 2947 1828 2978 paporum
1855 2942 1887 2971 et
1907 2941 2061 2973 tribuum
2077 2943 2334 2977 Atheniensium
2344 2957 2355 2977 .-

1375 2991 1428 3013 eos
1442 2986 1611 3015 recensuit
1629 2986 1779 3024 Polemo,
1794 2989 1851 3017 Ao.
1872 2989 1943 3018 645.

1334 3033 1451 3069 Epops‚
1464 3034 1591 3070 Upupa,
1609 3034 1681 3063 aris
1692 3034 1826 3072 plumis
1844 3033 1964 3073 densa,
1979 3035 2084 3067 tribus
2100 3037 2215 3077 cristis,
2228 3044 2286 3070 Aa.
2299 3043 2356 3079 94,

1375 3078 1494 3108 Tereus
1511 3077 1587 3108 olim
1608 3079 1690 3110 iuter
1708 3080 1866 3119 homines,
1890 3081 1924 3112 in
1939 3090 2033 3113 avem
2047 3085 2206 3122 mutatus,
2223 3087 2255 3116 in
2275 3088 2353 3118 Avi·

1375 3123 1435 3154 bus
1449 3132 1466 3154 a
1484 3124 1672 3156 Pisllietoero
1689 3129 1719 3157 et
1742 3127 1890 3167 Euelpide
1915 3129 2072 3168 quaeritnr
2089 3133 2123 3161 ut
2142 3131 2257 3162 iudicet
2275 3132 2352 3171 ipsis

1374 3170 1485 3201 urbem
1513 3171 1580 3202 otio
1605 3174 1637 3203 et
1662 3172 1814 3205 mollibus
1843 3174 1962 3205 deliciis
1987 3176 2203 3216 commodam,
2224 3182 2259 3209 15
2276 3187 2347 3220 sqq.

1376 3217 1446 3256 Ejus
1469 3218 1545 3249 vitae
1562 3219 1717 3251 rationem
1735 3220 1888 3251 describit
1905 3222 2070 3253 Trochilus
2097 3223 2245 3263 famulus,
2270 3228 2350 3256 72-

1374 3266 1422 3294 84.
1445 3268 1512 3303 lpse
1530 3266 1636 3305 prodit
1657 3275 1694 3297 eo
1718 3266 1843 3305 habitu,
1867 3276 1931 3307 quo
1951 3269 2124 3308 sophocles
2149 3270 2181 3300 in
2198 3271 2350 3310 trQoedia

1372 3320 1444 3340 011111
1461 3312 1618 3349 induerat,
1638 3315 1670 3343 et
1688 3313 1783 3345 urbes
1807 3323 1886 3353 quas
1905 3315 1981 3346 satis
2009 3315 2118 3347 beatas
2139 3316 2263 3348 viderat
2285 3326 2353 3349 non

1375 3357 1582 3395 probantibus
1600 3359 1732 3390 advenis
1760 3360 2019 3400 AtlicniensibuS‚
2042 3362 2151 3393 avium
2177 3363 2278 3395 vitam
2303 3364 2350 3396 eis

1373 3404 1521 3435 describit
1551 3416 1556 3435 .·
1587 3415 1684 3445 quare
1710 3415 1809 3445 qumn
1835 3416 1954 3438 novum
1980 3408 2148 3440 consilium
2174 3410 2349 3443 condendae
