2485 3808
929 188 1180 229 SCHOLIA
1217 187 1274 224 lN
1309 186 1514 225 RANAS.

174 284 359 336 σχιζόμενα
377 281 521 333 ὄσπρια,
542 294 617 321 τους
636 280 797 327 κυάμους)
804 276 881 329 ,[τὰ
902 275 1113 328 ἔρεικόμενα.
1139 289 1197 310 και

174 342 236 388 τὴν
257 340 400 393 ε’ρίγμην
420 338 454 376 δὲ
472 339 622 375 ἐντευθεν
645 334 887 384 ἐτυμολογοῦσί
906 349 1004 376 τινες.
1008 333 1027 384 ]

227 413 290 438 505.
321 397 411 440 ἔτνος
430 396 520 434 ἐστὶν
542 393 654 446 ἀθάρα
675 392 763 442 μετὰ
783 393 966 465 γάλακτος.
985 401 1023 431 R.
1040 389 1199 441 [ἔτνουςζ

176 459 226 498 Ὀ
243 473 300 496 νυν
323 457 418 526 φρίὸα
436 458 496 494 οἷ’
489 457 620 492 ιδιῶται
643 470 701 492 και
719 456 748 490 οἱ
779 455 952 505 ἄγροικοι,
971 452 1009 489 τὸ
1041 453 1200 489 διαλελυ-

143 531 160 556 s
179 515 278 566 μένον
298 514 363 552 ὑπὸ
378 517 436 560 τ’ἧς
456 513 609 566 ἑψησεως
625 527 683 549 και
700 515 759 557 τῆς
777 510 928 563 τορύνης.
951 510 1075 560 τορύνη
1101 508 1154 554 δὲ,
1185 510 1202 545 6

177 573 380 626 χυτρόπους.
406 570 549 614 ’.Αλλως
573 573 708 621 πρῶτον
737 568 841 606 εἰπὼν
865 569 1051 610 καθολικῶς
1072 581 1203 617 κατερι-

178 633 281 677 κτῶν,
295 631 371 676 ἤτοι
386 627 666 680 κᾳτεσχισμένων
681 627 845 678 ὀσπρίων,
865 624 982 670 ἐπειδὴ
1005 624 1099 662 οὐδὲν
1120 623 1204 660 ἄλλο

178 691 246 726 τῶν
240 687 412 758 ὀσπρίων
428 688 590 757 σχίζομεν
604 683 719 730 ἀλλ’ἢ
739 700 813 727 τους
833 683 1002 733 κυάμους,
1019 681 1133 719 ὅταν”
1115 696 1206 723 ετνος

180 749 322 792 ποιῆσαι
343 749 360 782 θ
364 745 539 794 έλωμεν,
525 758 676 793 επηγαγε
690 758 728 779 το
743 741 865 783 ἔτνους.
881 740 997 791 ἔχαιρε
1015 739 1082 790 γὰρ
1096 736 1206 788 τούτῳ

130 815 164 840 10
183 804 272 841 πάνυ
294 806 312 840 6
334 803 519 855 Ἡρακλῆς.
548 801 570 847 ἢ
598 801 636 840 τὸ
662 800 773 843 ἔτνους
802 798 964 850 ἑρμηνεία
984 812 1042 834 του
1067 810 1204 847 κατερι·

181 863 284 898 κτῶν.
287 860 306 912 Ἦ

237 932 299 957 507.
328 917 547 960 κολλάὸουςε
571 915 673 967 Λέγει
696 931 772 957 τους
802 914 941 965 ἄρτους,
958 927 1035 953 τους
1056 909 1210 952 ἐοικότας

185 974 247 1020 τὴν
257 975 383 1013 πλάσιν
397 980 466 1017 τοῖς
484 973 669 1015 κολλάὸοις
685 976 746 1018 τῆς
762 971 914 1021 κιθάρας.
929 969 994 1007 οἱ
976 968 1012 1005 οὲ
1028 963 1210 1009 εἰδοςπλα-

184 1047 321 1075 κουντος
339 1031 573 1083 τετραγώνου,
592 1030 614 1075 ἢ
639 1029 741 1082 ἄρτου
764 1031 908 1079 μικροῦ,
925 1024 1021 1077 παρὰ
1036 1024 1075 1061 τὸ
1091 1025 1129 1061 ἐκ
1150 1039 1212 1073 με-

134 1098 166 1123 1⁵
185 1088 301 1139 γάλων
325 1087 596 1131 κολλυὸίζεσθαι.
626 1084 785 1138 [Ἄλλως.
808 1085 905 1136 ἄρτοι
929 1082 997 1120 νέοι
1023 1084 1062 1120 ἐκ
1080 1096 1208 1133 πυρων.

185 1146 244 1182 καὶ
260 1147 290 1183 οἱ
309 1145 521 1196 λάσταυροι
509 1142 575 1181 υπὸ
589 1142 786 1182 Σικυωνίων
806 1141 979 1191 λέγονται.
999 1154 1059 1176 και
1073 1142 1094 1184 ἡ
1109 1137 1212 1190 νευρὰ

186 1217 246 1240 του
261 1202 440 1254 ὄργάνουἮ
458 1225 504 1231 -
524 1200 568 1239 τὰ
590 1199 656 1253 γὰρ
681 1199 770 1238 ὀπτὰ
799 1198 891 1237 καλὰ
908 1197 951 1236 τὰ
971 1197 1005 1241 ἐξ
1036 1195 1212 1248 ἀνθράκων

135 1294 140 1299 .
186 1259 382 1309 ὀπτώμενα.
402 1267 442 1296 V.
464 1260 511 1298 Θ.
542 1274 619 1302 τους
642 1256 843 1308 λεγομένους
870 1256 1042 1297 κόλλικας.
1064 1254 1147 1307 φασὶ
1177 1252 1213 1291 δὲ

185 1316 374 1360 κολλάὸους
386 1333 445 1354 και
460 1315 503 1354 τὰ
517 1319 576 1362 τῆς
594 1318 760 1366 μουσικῆς
776 1315 953 1357 ἰδιωτικῶς
971 1312 1139 1363 λεγόμενα
1152 1327 1214 1349 κα-

134 1381 170 1407 20
189 1373 305 1413 ὅάλια.
325 1375 373 1413 Θ.

239 1445 302 1470 508.
331 1433 489 1470 ἐπαινῶ;
502 1432 556 1470 06
579 1429 747 1482 βούλομαι
762 1431 935 1468 εἰσελθεῖν.
957 1437 1039 1469 Vict.

239 1501 303 1527 511.
334 1487 480 1540 ἔφρυγεξ
496 1487 711 1538 Ἐτηγάνιζε.
745 1497 824 1528 vict.
843 1480 974 1539 (κῴνον)
994 1485 1068 1522 ἀντι
1083 1500 1140 1523 του
1155 1499 1214 1522 και

190 1549 289 1583 οἶνον.
306 1554 345 1583 R.

242 1616 306 1641 512.
319 1602 409 1640 πάνυ
420 1604 559 1646 καλῶς;
577 1600 866 1654 (Παραιτούμενοι
885 1603 915 1638 οι
931 1599 1072 1638 παλαιοι
1083 1597 1216 1649 ἔλεγον,

138 1669 172 1696 35
191 1659 346 1697 κάλλιστ’
363 1662 508 1707 ἐπαινῶ,
528 1660 606 1707 καὶ,
625 1659 784 1710 ἐπῄνουν,
800 1674 858 1696 νυν
873 1662 930 1695 οὖν
947 1655 1218 1710 παραιτούμενος

191 1717 330 1754 εἰσιέναι
357 1732 458 1769 φησιν
480 1721 498 1755 6
512 1717 733 1769 θεράπων,)
715 1716 790 1754 αντὶ
806 1719 862 1753 τοῦ
881 1715 994 1753 ἔασον

243 1775 358 1826 ληρεῖς
374 1774 462 1826 ἔχων
485 1788 494 1813 :
513 1777 626 1813 Τοῦτο
636 1774 726 1825 λέγει
742 1776 877 1826 κρατῶν
891 1773 989 1811 αὐτὸν
1004 1774 1021 1809 6
1037 1770 1214 1816 Διόνυσος,

192 1830 251 1868 καὶ
277 1831 325 1881 μὴ
349 1834 536 1884 συγχωρῶν
558 1831 659 1869 αὐτὸν
677 1832 838 1869 εἰσελθεῖν
862 1830 937 1881 ἅμα
961 1833 1004 1882 τῇ
1031 1828 1216 1882 θεραπαίνῃ

191 1890 252 1933 τ’ἧς
268 1888 500 1941 Περσεφόνης.
524 1888 682 1940 περιττὸν
704 1889 739 1926 δὲ
761 1887 800 1926 τὸ
817 1887 919 1939 ἔχων.

141 1954 176 1979 ³⁰
246 1958 308 1984 513.
338 1945 416 1998 [καὶ
439 1947 506 1998 γὰρ
532 1946 693 1999 αὐλητρὶς
723 1959 732 1985 :
755 1945 852 1992 Αὕτη
878 1948 900 1992 ἡ
917 1945 1115 1991 κατασκευὴ
1139 1943 1221 1996 πρὸς

193 2002 252 2050 τὸ,
272 2003 349 2040 ἀλλ’
367 2002 463 2041 εἴσιθ’
480 2003 540 2053 ἅμ’
559 2003 673 2055 ε’μοί.Ἦ

246 2072 310 2098 514.
340 2059 379 2097 τὸ
397 2059 524 2098 τέλειον
538 2060 612 2106 ἥδε.
634 2068 670 2098 V.

247 2131 311 2157 515.
342 2118 517 2168 εἰσάγεται
540 2116 735 2170 καταφερὴς
752 2117 923 2162 Διόνυσος.
938 2125 979 2155 V.

253 2175 351 2225 [516].
380 2174 596 2221 ἧὸυλλιῶσαι
617 2188 626 2213 :
647 2173 822 2224 CHssGScoet
844 2175 904 2212 καὶ
924 2176 1074 2226 αἰσχρῶς
1089 2174 1224 2212 τίλλου-

145 2242 180 2268 35
199 2246 257 2268 σαι
274 2231 313 2269 τὸ
332 2232 467 2269 αἰδοῖον.
484 2231 526 2281 ἢ)
545 2231 618 2268 ἀντὶ
634 2235 692 2268 τοῦ
708 2231 924 2281 ἀκμάζουσαι
942 2231 1003 2277 τὴν
1021 2231 1170 2276 ἡλικίαν.

252 2287 349 2339 [ἄρτι
378 2287 671 2340 παρατετιλμέναι
700 2301 708 2325 :
734 2288 800 2326 Ἐκ
829 2287 946 2325 τούτου
976 2287 1146 2325 δείκνυται
1174 2287 1225 2325 ὅτι

199 2344 415 2396 παρέτιλλον,
432 2345 491 2382 καὶ
507 2345 607 2382 οἱονεὶ
626 2344 773 2397 ἐξέδερον
787 2344 809 2390 ἢ
824 2344 968 2383 ἔτυπτον
981 2345 1021 2383 τὸ
1034 2351 1224 2396 γυναικεῖον

201 2404 341 2441 αἰδοῖον.
362 2402 467 2446 οὕτως
485 2402 551 2454 γὰρ
570 2403 680 2440 πάλαι
694 2402 842 2454 ἐψίλουν.
856 2403 914 2440 καὶ
935 2402 1088 2454 δορίαλος
1107 2402 1146 2440 τὸ
1165 2419 1226 2454 γυ-

200 2461 347 2498 ναικεῖον
364 2460 501 2506 αἰδοῖον,
525 2463 569 2503 ὡς
586 2459 680 2512 παρὰ
697 2463 745 2512 τῷ
773 2461 866 2512 αὐτῷ
885 2464 1012 2512 ποιητῇ
1036 2466 1086 2507 [fr.
1107 2466 1172 2507 336]
1192 2464 1226 2498 αἱ

149 2528 184 2552 ⁴0
202 2523 356 2568 γυναῖκες
385 2517 442 2555 τὸν
470 2518 627 2570 δορίαλον
643 2517 863 2571 φράγνυνται.
884 2537 900 2552 n
924 2518 1078 2557 τίλλουσι
1105 2518 1140 2556 δὲ
1167 2518 1228 2562 τὰς

203 2574 321 2627 τρίχας
344 2577 378 2612 αἱ
394 2575 585 2628 νεόνυμφοι.
600 2575 624 2621 ἣ
642 2575 855 2625 ἐσπασμέναι
871 2575 930 2618 τὰς
946 2575 1159 2620 ἓπανθούσας
1178 2580 1228 2630 τῷ

201 2630 376 2684 προσώπῳ
394 2631 532 2684 τρίχας,
564 2632 624 2669 καὶ
644 2632 704 2675 τὰς
723 2633 790 2669 τῶν
812 2632 958 2685 ὀφρύων.
982 2639 1136 2685 κρεῖττον
1161 2634 1228 2687 γάρ

203 2690 276 2726 ἐστι
293 2692 391 2726 τοῦτο
405 2692 463 2726 τοῦ
478 2688 617 2741 ξυρεῖν.Ἦ
635 2712 683 2718 -
698 2690 993 2741 παρατετιλμέναι
1012 2705 1020 2730 :
1036 2692 1147 2730 λείπει
1166 2692 1227 2735 τὰς

204 2745 335 2796 τρίχας.
365 2753 403 2783 R.
422 2748 457 2783 αἱ
473 2745 539 2798 γὰρ
573 2746 804 2800 μελλόνυμφοι
829 2748 983 2787 τίλλουσι
1006 2748 1066 2793 τὰς
1095 2749 1228 2802 τρίχας.

154 2810 190 2835 45
205 2809 243 2839 R.
262 2809 303 2838 v.
320 2802 368 2841 Θ.

260 2872 324 2898 517.
354 2859 541 2911 [τεμάχη.
557 2860 615 2900 Τὰ
635 2861 800 2912 κόμματα
815 2865 883 2901 τῶν
901 2881 910 2902 ι
900 2863 1039 2917 χθυων
1041 2864 1060 2917 Ἦ

261 2930 324 2955 518.
355 2917 551 2968 [ἀφαιρεῖντ
571 2918 661 2956 Ἀντι
673 2923 732 2958 τοῦ
745 2919 895 2969 κόπτειν,
911 2921 934 2968 ἢ
948 2923 1088 2974 διαιρεῖν
1103 2924 1141 2960 ἐκ
1160 2939 1229 2960 των

209 2972 443 3020 ὀδελίσκων,
423 2989 446 3018 η
463 2973 632 3014 κλέπτειν.

262 3029 430 3077 ἐσῇρετοε
452 3032 563 3068 Νῧν’
544 3046 619 3068 αντι
636 3047 695 3071 του
710 3034 925 3086 εἰσεφέρετο]

158 3117 195 3142 ω
262 3107 326 3133 520.
355 3092 454 3135 αὐτὸς
475 3105 484 3131 :
501 3092 590 3131 Ἀντὶ
606 3096 666 3131 τοῦ
677 3095 695 3132 6
713 3093 891 3141 δεσπότης.

263 3164 326 3189 521.
354 3151 404 3201 τῷ
422 3148 576 3202 Διονύσῳ
591 3150 686 3202 φησί.
702 3157 739 3188 R.
762 3153 780 3187 6
799 3151 949 3196 Ξανθίας
969 3152 1054 3205 πρὸς
1074 3153 1131 3191 τὸν
1150 3153 1230 3192 Διό-

212 3223 326 3247 νυσον.
347 3205 606 3256 μετεστόλισται
633 3206 699 3258 γὰρ
716 3210 733 3244 ὃ
757 3207 917 3252 Διόνυσος
943 3209 1142 3256 εὗλαὸηθεὶς
1172 3210 1231 3248 καὶ

213 3263 462 3317 περιὸέὸληται
474 3262 536 3309 τὴν
559 3267 618 3301 τοῦ
638 3263 784 3303 Ξανθίου
801 3265 937 3311 στολήν.
956 3279 996 3308 v,

266 3335 327 3361 522.
357 3320 494 3372 ἐπίσχες
515 3334 523 3359 :
545 3323 676 3373 Κρατεῖ
691 3319 747 3357 τὸν
765 3321 914 3359 Ξανθίαν
935 3325 952 3359 ὃ
976 3323 1146 3367 Διόνυσος.
1173 3324 1231 3376 [τὸ

2205 193 2272 226 291

1253 271 1288 308 δὲ
1303 271 1375 309 οὔτι
1392 287 1478 318 που,
1502 271 1524 317 ἢ
1547 271 1621 307 ἀντὶ
1642 273 1700 308 τοῦ
1721 264 1806 323 ἆρα·
1823 268 1845 315 ἢ
1867 270 1951 322 πρὸς
1973 269 2012 307 τὸ
2030 269 2103 308 οὔτι
2122 284 2187 308 που
2207 285 2280 307 στι-

1253 329 1359 366 κτέον.
1381 330 1420 367 τὸ
1438 330 1472 367 δὲ
1489 328 1607 366 λοιπὸν
1623 328 1700 366 κατ’
1713 327 1878 379 ἐρώτησιν
1893 326 1983 378 λέγε.
1996 326 2070 365 οὔτι
2078 342 2160 377 που,
2177 327 2281 377 ἤγουν

1254 387 1411 436 οὐδαμῶς
1423 386 1576 432 σπουδὴν
1595 388 1718 429 ποιεῖς·
1730 385 1833 436 ἤγουν
1854 385 1978 431 ἀληθὲς
1995 389 2095 423 τοῦτο
2109 385 2281 436 ἐνόμισας,

1254 444 1306 482 ὅτι
1324 460 1362 482 σε
1384 444 1516 488 παίζων
1536 443 1714 495 Ἡρακλέα
1745 442 1964 494 ἐσκεύασα;Ἦ
1992 437 2077 495 ἆρα,
2097 443 2201 495 φησὶ,
2228 459 2284 481 νο-

1256 501 1361 550 μίζεις
1391 502 1532 539 σεαυτὸν
1548 501 1725 552 Ἡρακλέα
1759 497 1862 547 εἶναι,
1883 500 1956 538 ἐπεὶ
1978 500 2124 546 ἐποίησα
2151 500 2283 545 παίζων
2301 510 2319 532 ⁶

1258 558 1398 609 (σχῆμά
1423 574 1461 596 σε
1486 558 1731 609 παραπλήσιον
1765 558 1857 609 ἔχειν
1876 561 1935 596 τοῦ
1967 557 2197 610 Ἡρακλέους,
2228 557 2284 596 διὰ

1256 615 1317 661 τὴν
1334 618 1474 661 λεοντῆν
1490 616 1549 653 καὶ
1566 615 1604 652 τὸ
1628 615 1777 668 ῥόπαλον
1788 617 1810 664 ;)

1310 686 1373 711 526.
1403 674 1441 710 οὐ
1460 673 1569 719 δήπου
1587 674 1623 722 μ’
1649 672 1834 724 ἀφελέσθαι
1855 674 1982 710 διανοεῖ
2008 687 2016 712 ;
2042 673 2131 711 Ἀντὶ
2153 678 2211 711 τοῦ
2230 674 2287 712 ὄν-

1258 746 1322 773 τως
1338 731 1477 781 διανοῇ,
1503 729 1594 767 ὥστε
1614 730 1798 782 ἀφελέσθαι
1816 745 1858 780 με
1873 729 1917 767 τὰ
1936 729 2039 769 ὅπλα.
2051 733 2073 775 ἡ
2088 731 2154 782 γὰρ
2168 733 2205 769 06
2225 731 2287 783 ἄρ-

1258 802 1353 833 νησις
1368 788 1616 837 συγκατάθεσιν
1632 787 1742 832 δηλοῖ.
2310 803 2341 828 ιο

1312 847 1440 882 527.οὗ
1460 844 1530 896 τάχ
1530 845 1628 882 ’ἀλλ’
1650 844 1717 890 ἤδη
1733 845 1835 882 ποῶε
1855 844 1940 882 Οὐδ’
1958 843 2063 891 ὅλως,
2091 845 2194 897 φησὶ,
2214 847 2288 883 δια·

1260 917 1422 952 νοουμαι,
1440 903 1514 940 ἀλλ’
1534 903 1600 948 ἤδη
1621 900 1709 939 αὐτὰ
1725 903 1956 953 ἀφαιροῦμαι·
1973 896 2054 950 οἶον,
2071 904 2108 940 06
2130 903 2288 948 διστάζω.

1260 981 1312 988 —-
1340 960 1414 997 ἐπεὶ
1436 953 1510 997 εἰπε
1541 958 1768 1006 σπουδάσεις,
1795 958 1944 1008 λέγειού
1973 959 2160 997 σπουδάσω
2178 959 2290 1010 λόγοις

1262 1017 1337 1054 ἀλλ’
1357 1016 1460 1070 ἔργῳ.
1475 1030 1515 1059 V.

1314 1087 1378 1114 528.
1407 1074 1469 1121 τὴν
1482 1076 1636 1120 λεοντῆν.
1654 1082 1694 1111 V.
2315 1093 2345 1117 ι5

1315 1145 1378 1172 529.
1409 1132 1606 1182 ἀνατίθημι.
1628 1140 1710 1170 R.v.

1316 1202 1380 1229 530.
1409 1189 1448 1228 τὸ
1457 1191 1695 1243 προσδοκῆσαι
1712 1189 1854 1227 σεαυτὸν
1875 1189 2052 1242 Ἡρακλέα
2072 1186 2170 1228 εἶναι.
2185 1205 2226 1234 v.

1317 1260 1382 1287 534.
1411 1251 1521 1285 ταῦτα
1549 1246 1610 1298 μὲν
1626 1247 1710 1301 πρὸς
1727 1246 1846 1299 ἀνδρός
1873 1249 1962 1285 ἔστιν
1991 1261 1999 1287 :
2021 1248 2199 1301 [Εἴσθεσις
2228 1248 2294 1299 μζ-

1264 1307 1343 1349 λους
1351 1321 1465 1378 χορου
1485 1305 1662 1358 προῳδικὴ
1677 1320 1825 1358 στροφης
1842 1305 1977 1355 λόγον’
1959 1322 1973 1343 ε
1975 1322 2107 1358 χουσα
2126 1307 2156 1357 (ε
2155 1322 2210 1358 χει
2228 1306 2296 1358 γὰρ

1265 1363 1360 1401 κα“ι’
1342 1363 1572 1422 αντίστροφον,
1585 1363 1636 1410 τὸ,
1653 1380 1709 1401 νυν
1724 1364 1782 1401 σὸν
1798 1363 1895 1415 ἔργον
1912 1364 2045 1415 ἐστίν>’
2030 1380 2069 1402 εκ
2084 1364 2205 1403 κώλων
2214 1381 2291 1418 τρο·
2314 1378 2349 1404 20

1267 1423 1400 1471 χαϊκῶν
1422 1421 1454 1468 ι’,
1471 1437 1517 1458 ων
1533 1420 1577 1459 τὰ
1592 1422 1636 1471 γ’,
1652 1422 1682 1452 ς’
1687 1450 1697 1468 ,
1717 1424 1743 1458 θ
1747 1450 1757 1468 ,
1778 1421 1922 1473 δίμετρα
1942 1422 2239 1470 καταληκτικὰ,”
2218 1439 2297 1469 ητοι

1269 1481 1487 1530 ἑφθημιμερῆ
1516 1479 1739 1531 Εὐριπίδεια,
1770 1478 1814 1516 τὰ
1843 1478 1878 1516 δὲ
1907 1478 2013 1517 λοιπα
2046 1481 2295 1528 ἀκατάληκτα·

1267 1536 1358 1582 πλὴν
1378 1540 1437 1574 τοῦ
1454 1536 1652 1574 τελευταίου
1673 1535 1902 1588 τετραμέτρου
1916 1536 2010 1580 ὄντος
2026 1540 2295 1585 καταληκτικοῧ.

1288 1594 1344 1640 ξῆς
1360 1593 1394 1632 δὲ
1415 1592 1576 1643 σύστημα
1604 1593 1696 1631 κατὰ
1716 1593 1904 1646 περικοπὴν
1930 1595 2189 1648 ἀνομοιομερὲς,
2212 1597 2296 1634 ἀνα·

1267 1652 1376 1702 λόγιος
1391 1655 1434 1703 τῇ
1454 1654 1584 1703 στροφῇ
1601 1654 1643 1702 τῇ
1661 1666 1698 1688 τε
1713 1650 1880 1697 ποσότητι
1893 1651 1952 1689 καὶ
1967 1651 2125 1699 ποιότητι
2141 1655 2208 1691 τῶν
2223 1653 2296 1692 κώ-
2317 1669 2351 1695 2⁵

1268 1712 1350 1748 λων.
1368 1710 1424 1747 ἐπὶ
1442 1711 1491 1746 τῶ
1507 1709 1580 1747 τέλ
1568 1707 1768 1761 ειὲκατέρου
1784 1708 2011 1762 παράγραφος
2022 1710 2081 1748 καὶ
2101 1710 2170 1749 ἔσω
2185 1727 2298 1750 νενευ-

1269 1771 1350 1805 κυῖα
1369 1768 1508 1812 διπλη
1489 1766 1545 1803 οιὰ
1560 1766 1622 1812 τὴν
1640 1766 1879 1805 ἀνταπόδοσιν.
1883 1766 1901 1819 Ἦ
1918 1771 2027 1805 ταῦτα
2048 1767 2142 1819 λέγει
2160 1772 2178 1807 ὁ
2199 1770 2300 1824 χορὸς

1271 1825 1326 1863 διὰ
1347 1824 1404 1862 τὸν
1424 1824 1605 1863 Διόνυσον·
1632 1823 1750 1870 ἐπειδὴ
1771 1828 1888 1871 ουτος,
1910 1824 1966 1862 ὅτε
1987 1825 2138 1878 ἐφοὸήθη
2159 1828 2215 1865 διὰ
2240 1828 2302 1872 τὰς

1270 1888 1328 1921 τοῦ
1347 1882 1505 1920 διακόνου
1534 1881 1696 1928 ἀπειλὰς,
1715 1881 1772 1919 τὸν
1794 1882 1948 1920 Ξανθίαν
1979 1883 2139 1931 ἐποίησεν
2167 1888 2213 1929 ὡς
2246 1888 2301 1924 δε-

1271 1940 1413 1988 σπότην,
1430 1939 1550 1978 εαυτὸν
1570 1938 1606 1977 δε
1627 1941 1759 1979 δυυλον.
1778 1940 1833 1977 ὅτε
1854 1941 1889 1978 δὲ
1906 1943 1924 1978 6
1940 1941 2097 1993 θεράπων
2116 1947 2175 1982 τοῦ
2196 1943 2299 1998 ᾍδου
2320 1956 2354 1981 ³0

1272 1998 1460 2050 ἀπήγγειλε
1487 2000 1536 2035 τῶ
1553 1997 1710 2050 Ξανθία,
1739 1997 1792 2035 ὅτι
1807 2000 1828 2043 ἡ
1852 1997 1936 2049 κόρη
1955 1999 2107 2047 (δεῖπνον
2132 2001 2209 2052 κα-ι)
2233 2002 2301 2055 ὄψα

1272 2057 1431 2103 ἐποίησε,
1454 2055 1622 2102 δεσπότην
1642 2055 1773 2092 πάλιν(
1759 2071 1879 2093 εαυτον
1893 2071 2004 2106 ποιει,
2020 2056 2078 2094 τὸν
2097 2057 2133 2095 δὲ
2150 2059 2302 2097 Ξανθίαν

1274 2115 1409 2152 δοῦλον.
1427 2113 1635 2164 ἀποδέχεται
1655 2112 1689 2150 δὲ
1708 2112 1766 2150 τὸν
1785 2113 1946 2152 Διόνυσον
1960 2114 2091 2167 ὁχορὸς
2108 2118 2154 2159 ὡς
2173 2115 2222 2167 μὴ
2236 2118 2302 2167 μέ-

1273 2187 1374 2210 νοντα
1394 2171 1452 2208 ἐπὶ
1470 2176 1540 2213 τοῖς
1555 2170 1682 2212 αὐτοῖς.

1325 2243 1390 2267 535.
1422 2228 1497 2266 ἀντὶ
1513 2231 1574 2265 τοῦ
1595 2229 1640 2269 εἷς
1655 2226 1770 2264 πάντα
1788 2227 2023 2279 τετριμμένος.
2040 2236 2077 2266 R.

1325 2300 1389 2324 536.
1423 2284 1702 2337 (μετακυλίνδειν
1723 2297 1732 2323 :
1753 2283 1902 2334 εὈμοιον
1921 2288 1970 2338 τῷ
1991 2287 2025 2324 ἐν
2040 2286 2216 2339 Ἀλκμήνῃ
2233 2290 2304 2329 Εὖ-

1277 2344 1408 2394 ριπίδου

2321 2256 2355 2282 35

1398 2448 1434 2479 οὐ
1446 2447 1503 2489 γάρ
1518 2447 1586 2479 ποτ’
1600 2446 1671 2477 εἴων
1685 2446 1826 2478 Σθένελον
1837 2447 1866 2483 ἐς
1875 2448 1927 2479 τὸν
1940 2448 2052 2490 εὐτυχῆ

1398 2498 1558 2536 χωροῦντα
1570 2497 1673 2535 τοῖχον
1687 2497 1739 2531 τῆς
1753 2493 1838 2530 δίκης
1851 2494 2058 2536 ἀποστερεῖν.)

1278 2581 1468 2634 [παροιμία
1486 2580 1559 2619 δέ’
1544 2596 1637 2627 εστι,
1658 2578 1741 2632 πρὸς
1759 2578 1816 2617 τὸν
1836 2583 1872 2617 εὐ
1893 2580 2091 2634 πράττοντα
2116 2588 2231 2635 τοῖχον
2252 2584 2304 2637 ῥέ·
2322 2600 2357 2624 ιι]

1277 2654 1367 2685 πειν,
1382 2638 1438 2676 ἐπι
1457 2639 1524 2675 τῶν
1542 2637 1621 2709 περὶ
1636 2636 1675 2674 τὸ
1691 2637 1890 2674 λυσιτελουν
1908 2640 2023 2682 αυτοῖς
2039 2638 2096 2677 ἀει
2112 2640 2305 2693 στρεφομέ-

1278 2712 1357 2735 νων.
1376 2695 1509 2748 εἴρηται
1528 2693 1598 2733 δὲ’
1583 2710 1622 2733 εκ
1642 2699 1838 2746 μεταφορᾶς
1857 2697 1924 2732 τῶν
1946 2695 2120 2734 ἔπιὸατῶν
2130 2701 2192 2744 τῆς
2206 2697 2306 2745 νεὼς,

1279 2753 1361 2791 ὅταν
1381 2754 1524 2805 θατερου
1545 2751 1669 2805 μέρους
1688 2752 1801 2794 αὐτοῖς
1822 2753 2141 2804 κατακλυζομένου,
2164 2757 2247 2807 πρὸς
2266 2756 2305 2794 τὸ

1280 2810 1414 2884 &39on
1407 2815 1500 2849 ουτοι
1511 2809 1764 2860 μεθισταν-αιἮ
1781 2836 1825 2841 --
1844 2809 1907 2855 τὴν
1930 2811 2127 2863 μεταφορὰν
2147 2809 2279 2850 εἶπενε
2261 2829 2306 2857 ως

1280 2868 1338 2907 ἔπι
1355 2883 1414 2905 του
1433 2867 1615 2905 ἐπιὸάτου·
1636 2866 1717 2904 ὅταν
1737 2867 1803 2919 γὰρ
1828 2870 1984 2918 ταραχθῇ
2011 2871 2032 2913 ἡ
2062 2868 2220 2907 θάλασσα
2246 2870 2305 2908 καὶ
2323 2883 2358 2908 45

1280 2923 1456 2975 κινδυνεύῃ
1488 2924 1528 2961 τὸ
1553 2924 1685 2970 πλοῖον,
1714 2926 1732 2961 6
1752 2924 1920 2970 ἐπιὸάτης
1945 2927 2126 2977 σωφρονῶν
2154 2925 2213 2964 τὸν
2243 2926 2304 2977 μὲν

1282 2984 1395 3035 ἕτερον
1413 2983 1526 3032 τοῖχον
1543 2981 1605 3033 ἐᾷ’,
1628 2982 1673 3024 εἷς
1693 2981 1729 3019 δὲ
1747 2981 1804 3020 τὸν
1827 2981 1938 3033 ἕτερον
1969 2983 2207 3031 μετακυλίνδει
2222 2987 2306 3023 ιξαυΨ

1281 3039 1351 3078 τόν.
1368 3046 1409 3076 V.

1335 3109 1399 3136 537.
1431 3094 1470 3133 τὸ
1485 3096 1599 3138 καλῶς
1616 3102 1766 3147 πρᾶττον
1785 3095 1898 3148 μέρος.
1914 3104 1951 3134 R.

1336 3167 1397 3192 538.
1428 3152 1450 3197 ἢ
1472 3152 1715 3205 γεγραμμένην
1747 3166 1756 3192 :
1779 3153 1870 3192 Ἀντὶ
1895 3157 1974 3201 τοῦ,
2002 3154 2108 3205 μηδὲν
2139 3156 2308 3195 ἄνύοντα’
2328 3175 2360 3199 ω

1284 3209 1336 3248 ὅτι
1354 3209 1512 3255 ἀκίνητον
1526 3209 1564 3246 τὸ
1580 3209 1876 3262 ἐπιγεγραμμένον
1894 3213 1937 3262 τῇ
1957 3211 2073 3251 εἰκόνι.

1337 3281 1400 3305 539.
1432 3266 1707 3318 μεταστρέφεινε
1729 3267 2046 3320 Μεταστρέφεσθαι.
2070 3283 2104 3313 0

1339 3340 1377 3361 το
1397 3323 1556 3377 ἠδύτερον
1573 3324 1631 3361 καὶ
1649 3319 1686 3361 ευ
1696 3324 1784 3375 ἔχον.
1801 3332 1840 3363 V.

2134 3395 2171 3425 ¹⁹.
