2517 3792
918 172 1122 211 SCHOLI
1135 178 1166 211 A
1204 175 1257 212 IN

1299 175 1549 215 PLUTUM.

2224 196 2296 227 ῧίιἿ

176 265 235 299 τοῦ
254 263 298 303 ὡς
318 259 481 298 δίκαιόν’
467 274 554 296 εστι.
573 264 615 295 Υ.
637 259 683 296 Θ.
711 259 757 300 ὡς
788 257 932 307 νόμιμόν
958 260 1048 296 ἐστιν
1076 261 1211 309 ὁδηγεῖν
1265 260 1323 298 ὅ
1309 277 1381 299 εστι
1410 262 1447 300 τὸ
1470 264 1715 315 σμικρότατον·
1740 265 1829 303 ἀλλὰ
1849 267 1887 304 τὸ
1911 268 1972 318 μὲν
1994 285 2035 318 με
2040 275 2132 307 ῖστον
2162 272 2221 308 διὰ
2247 274 2298 310 δι-

175 319 232 356 τὸν
253 317 388 371 τυφλόν.
405 326 442 355 Ρ.

227 389 290 414 ΰ26.
321 375 414 413 ἔνΟΟν
440 388 448 413 ζ

175 433 274 483 μένα.
288 442 328 471 P.
345 433 593 484 εὐτρεπισμέναι
607 445 615 470 ;
631 430 673 468 τὰ
689 431 772 483 πρὸς
785 430 846 477 τὴν
861 431 978 469 θυσίαν
993 436 1048 470 τοῦ
1062 433 1208 479 Ἀσκλη-

138 503 154 526 5
173 495 264 529 πιοῦ.
281 499 365 528 VR.
385 493 431 530 Θ.

224 562 287 587 627.
318 542 364 600 [st-²}
381 550 527 586 πλεῖστα
545 546 706 594 Θησείοις
727 560 735 586 :
756 546 904 599 Ἕτερον
923 547 1084 598 σύστημα
1102 550 1207 598 ἀμοι-

173 607 271 644 ὅαῖον
290 609 357 644 τῶν
378 609 583 659 ὑποκριτῶν.
601 606 666 643 εἰσὶ
684 605 718 642 δὲ
738 608 768 642 οἱ
787 608 917 657 πρῶτοι
939 606 958 642 ι’
986 606 1097 657 στίχοι
1121 609 1206 656 ἰαμ-

175 664 264 702 ὅικοὶ
278 664 452 717 τρίμετροι
464 664 710 710 ακατάληκτοι·
724 667 740 700 6
753 663 928 706 ἑνδέκατος
943 664 1207 706 ἀντισπαστικὸς

170 723 350 774 τρίμετρος
379 722 728 774 βραγυκατάληκτος,
756 721 1022 771 ἐπιμεμιγμενος
1045 722 1178 773 ἐπιτρίτ
1167 739 1207 759 ιι)

121 788 153 813 10
174 781 218 832 β’·
240 782 293 818 6
275 796 342 818 οωο
347 796 463 823 εκατος
492 779 651 830 ἷαμὸικος
676 779 868 847 τρίμετρος·
891 781 953 816 οἱὲ
940 779 1015 824 εξῆς
1035 779 1094 816 δύο
1113 781 1188 816 ἀντι
1198 803 1204 805 -

166 840 354 878 σπαστικοὶ
389 839 564 891 τρίμετροι
605 841 786 890 βραχυκατ
791 837 935 882 άληκτοι
970 840 1028 873 τοῦ
1068 836 1204 888 πρώτου

165 898 268 941 ποδὸς
306 897 610 943 πεντασυλλάὲου,
640 895 794 934 τουτέστι
825 893 1021 946 διτροχαίου
1060 896 1106 942 (αἱ
1140 893 1205 944 γὰρ

175 958 337 1007 βραχεῖαι
357 955 432 993 κατ’
454 953 562 1006 ἀρχὰς
581 952 752 990 συλλαίαὶ
774 951 848 988 ἀντὶ
865 957 945 1001 μιᾶς
959 957 1094 1002 μακρᾶς
1105 953 1204 1000 λογι-

173 1014 379 1063 ζέσθωσαν),
394 1017 452 1050 τοῦ
470 1012 505 1050 δὲ
523 1011 680 1063 δευτέρου
699 1010 871 1062 ἐπιτρίτου
890 1008 1060 1061 δευτέρου.
1079 1009 1136 1046 ἐπὶ
1156 1012 1204 1061 τῷ

122 1085 152 1108 15
171 1072 263 1110 τέλει
284 1071 523 1123 παράγραφος.
554 1070 749 1118 σημείωσαι
774 1069 920 1105 ἐνταῦθα
941 1066 992 1104 ὅτι
1012 1066 1086 1104 δέον
1102 1066 1205 1119 χορὸν

171 1129 227 1168 διὰ
261 1129 367 1180 μέσου
399 1130 523 1175 θεῖναι,
562 1127 684 1179 μέχρις
712 1125 752 1163 ἂν
781 1127 904 1163 ἐκεῖνοι
938 1126 970 1167 ἐς
994 1124 1204 1171 Ἀσκληπιοῦ

170 1187 320 1230 ἐλθόντες
343 1185 574 1238 ἀναὸλέψαιεν
601 1184 658 1221 τὸν
683 1185 851 1230 Πλοῦτον,
873 1185 890 1219 6
919 1181 954 1220 δὲ
982 1185 1203 1235 παραχρῆμα

169 1245 226 1284 τὸν
247 1244 415 1298 Καρίωνα
431 1243 580 1296 εἰσφέρει
601 1241 863 1292 εὐαγγελίζοντα
879 1241 948 1283 τοῖς
964 1240 1102 1292 γέρουσι
1126 1242 1203 1293 περὶ

168 1307 229 1350 τῆς
246 1307 306 1341 τοῦ
324 1301 482 1341 Πλούτου
513 1300 747 1352 ἀναὸλέψεως.
781 1298 923 1345 ἐποίησε
954 1298 989 1336 δὲ
1018 1302 1118 1336 τοῦτο
1141 1301 1203 1336 οὐκ

115 1371 150 1396 20
168 1361 316 1411 ἀλόγως,
336 1360 426 1397 ἀλλὰ
441 1362 483 1410 τῇ
505 1375 542 1396 τε
566 1361 627 1405 τῆς
646 1357 724 1400 νέας
751 1357 935 1409 κωμῳδίας
961 1357 1140 1411 συνηθείᾳ,
1168 1359 1201 1394 ἐν

165 1415 241 1471 {a}
259 1418 475 1471 παραὸάσεις
495 1416 711 1462 ἐπαύσαντο,
733 1418 778 1458 ὡς
799 1414 1023 1467 προείρηται,
1047 1415 1107 1452 καὶ
1126 1415 1200 1465 ἅμα

165 1477 272 1521 δειςαι
288 1475 493 1528 βουλόμενος
504 1478 548 1518 ὡς
563 1474 631 1527 ἄρα
650 1473 800 1525 τάχιστα
817 1472 907 1510 πάνυ
922 1476 939 1510 6
956 1474 1113 1516 Πλοῦτος
1130 1473 1200 1510 ἀνέ-

166 1534 321 1595 &Xe-3157]

215 1596 244 1631 ὠ
264 1594 411 1630 πλεῖστα
432 1590 595 1638 Θησείοις
613 1605 759 1640 μεμυστ·
755 1589 938 1639 ,λημένοις
957 1589 1017 1640 [Ὁ
1040 1589 1198 1642 θεράπων

109 1661 142 1686 25
163 1651 303 1704 ἔρχεται
325 1649 501 1701 ἀγγέλλων
530 1648 587 1685 τὸν
617 1628 775 1686 Πλοῦτον
806 1647 1083 1700 ἀναὸλέὺαντα]
1109 1647 1198 1697 μετὰ

158 1709 199 1747 τὸ
225 1707 437 1761 χαρίσασθαι
471 1705 534 1751 τὴν
565 1705 803 1757 δημοκρατίαν
831 1707 901 1747 τοῖς
925 1705 1114 1750 Ἀθηναίοις
1139 1705 1195 1743 τὸν

157 1767 302 1813 Θησέα,
331 1764 443 1807 Λύκος
465 1778 515 1807 τις
532 1763 796 1816 συκοφαντήσας
819 1762 978 1808 ἐποίησεν
999 1762 1195 1815 ἐξοστρακι-

157 1827 279 1871 σθῆναι
293 1823 351 1861 τὸν
370 1822 480 1875 ἥρωα·
498 1824 516 1858 6
535 1819 571 1859 δὲ
590 1820 868 1874 παραγενόμενος
888 1822 934 1864 εἷς
951 1823 1084 1873 Σκῦρον
1100 1822 1195 1872 διῆγε

154 1881 252 1936 παρὰ
268 1881 469 1931 Λυκομήδει
489 1882 538 1931 τῷ
558 1879 707 1930 δυνάστῃ
730 1882 791 1924 τῆς
807 1879 930 1925 νήσου,
950 1879 984 1922 ὃς
1001 1879 1194 1925 ζηλοτυπή-

103 1958 138 1985 ω
157 1957 218 1985 σας
233 1940 367 1992 ἀναιρεῖ
385 1938 488 1976 αὐτὸν
509 1937 610 1990 δόλῳ.
633 1938 803 1983 Ἀθηναῖοι
829 1937 864 1974 δὲ
886 1936 1116 1987 λοιμώξαντες
1135 1938 1193 1975 καὶ

154 1998 387 2041 κελευσθέντες
405 1997 585 2041 ἔκδικ’-ἧσαι
604 1998 653 2047 τῷ
670 1996 800 2042 Θησεῖ,
820 1994 878 2032 τὸν
899 1994 960 2044 μὲν
981 1995 1192 2045 Λυκομήδην

154 2058 300 2103 ἀνεῖλον,
325 2055 368 2093 τὰ
389 2054 423 2092 ’δὲ
440 2056 527 2091 ὀστᾶ
554 2052 864 2103 μεταστειλάμενοι
890 2052 950 2090 καὶ
975 2051 1015 2089 τὸ
1042 2054 1192 2099 Θησεῖον

153 2112 441 2163 οἰκοδομήσαντες
457 2109 607 2152 ἰσοθέους
621 2112 715 2162 αὐτῷ
734 2109 836 2159 τιμὰς
855 2109 1028 2159 νέμουσιν.
1051 2133 1103 2138 —-
1117 2110 1193 2149 Ἄλ-

153 2173 232 2215 λως.
255 2174 344 2214 Ταῖς
363 2169 497 2220 ὀγδόαις
513 2167 557 2205 τὰ
576 2169 713 2213 Θησεῖα
727 2163 809 2217 ἦγον
831 2168 889 2204 καὶ
916 2169 1029 2204 ἀνεῖτο
1045 2170 1066 2213 ἡ
1087 2169 1189 2219 ὀγδόη

102 2247 135 2272 35
154 2236 252 2267 πᾶσα
268 2231 317 2281 τῷ
334 2228 465 2274 Θησεῖ,
486 2228 520 2263 ἐν
540 2225 696 2271 Ἀθήναις
719 2225 754 2262 δὲ
775 2224 966 2274 δημοτελὴς
986 2224 1086 2274 ἑορτὴ
1111 2241 1189 2263 συν-

152 2286 310 2325 τείνουσα
340 2285 424 2337 πρὸς
453 2282 515 2329 τὴν
538 2287 599 2320 τοῦ
632 2283 743 2335 ἥρωος
770 2282 887 2332 τιμήν.
917 2283 1121 2335 ἐκαρύκευον
1154 2283 1189 2321 δὲ

154 2344 281 2394 ζωμόν.
336 2343 481 2387 Ἄλλως.
539 2371 546 2378 .
525 2341 751 2391 (οιανομαὶ
774 2340 833 2378 καὶ
857 2340 1001 2391 ευωχίαι
1020 2341 1074 2378 τοῗ
1075 2357 1089 2384 ς
1112 2343 1188 2388 Θη-

156 2402 256 2445 σείοις
272 2401 433 2452 ἐγίνοντο.
448 2401 548 2456 ἑορτὴ
570 2400 605 2438 δὲ
620 2401 684 2437 αὐτ
686 2416 714 2452 ῳ
731 2399 885 2436 ἐπετελ”
855 2414 940 2444 ειτο,
959 2414 1076 2444 επειοη
1089 2401 1130 2436 αὖ
1135 2416 1189 2443 τος

153 2459 326 2510 συνήγαγε
345 2458 407 2504 τὴν
426 2458 596 2504 Ἀττικὴν,
615 2456 780 2509 πρότερον
811 2455 988 2507 σποράδην
1015 2456 1076 2493 καὶ
1098 2458 1188 2495 κατα

98 2534 133 2560 40
152 2516 274 2567 κώμας
313 2517 529 2567 οἰκουμένην.
533 2513 907 2566 )[μεμυστιλημένοι,
955 2515 1186 2565 εὐωχημένοι,

150 2575 263 2625 ζωμὸν
285 2574 495 2626 ἀρυσάμενοι
516 2519 631 2626 ἄ)ρτοις
658 2572 784 2614 κοίλοις
802 2588 861 2609 και
894 2571 1068 2631 μύστρια
1063 2589 1188 2623 ιιιμου-

150 2631 275 2681 μένοις.
294 2631 368 2669 ὅθεν
381 2648 441 2669 και
459 2631 498 2669 τὸ
513 2631 622 2681 ὄνομα
638 2633 708 2673 τοῖς
725 2629 900 2700 μυστρίοις
912 2659 921 2676 ,
939 2633 1007 2667 οἷον
1022 2630 1186 2679 μυστλίον

149 2705 183 2726 τι
202 2689 251 2728 ὅν.
268 2691 303 2726 ἐν
319 2688 428 2740 ταύτῃ
446 2689 481 2727 ’δὲ
501 2692 544 2741 τῇ
563 2691 663 2740 ἑορτῇ
688 2688 814 2730 πάντες
839 2692 967 2740 προῖκα
987 2687 1104 2732 ἤσθιον
1127 2688 1184 2725 καὶ

149 2745 211 2792 τὴν
231 2746 362 2798 ἀθάραν
382 2747 442 2784 καὶ
465 2747 554 2784 ἄλλα
581 2745 686 2796 τινά]
741 2744 884 2788 Ἄλλως.
908 2747 925 2782 ὃ
951 2745 1109 2788 κοῖλος
1086 2761 1186 2796 αρτος

97 2819 132 2843 45
154 2803 302 2853 μυστίλη
325 2805 497 2851 καλεῖται,
518 2804 622 2854 ἤγουν
644 2803 766 2862 ἀθάρα·
783 2805 817 2841 ἐν
840 2801 907 2854 γὰρ
933 2808 1001 2845 τοῖς
1023 2803 1186 2849 Θησείοις

152 2859 282 2911 ἀθάραν
297 2859 427 2905 ἤσθιον.
451 2863 469 2898 6
482 2860 517 2897 δὲ
536 2864 631 2907 νοῦς,
650 2864 678 2898 ὠ
701 2862 769 2898 πολ
770 2859 815 2897 λα
832 2859 1183 2912 ταλαιπωρήσαντες,

150 2915 212 2954 καὶ
229 2917 276 2958 εἷς
285 2915 380 2954 οὐδὲν
394 2918 604 2960 ἑστιαθέντες
614 2946 623 2963 ,
635 2922 692 2954 νῦν
706 2916 742 2954 δε
755 2933 833 2954 ευτυ
836 2932 861 2968 7
861 2932 1018 2962 ησαντες
1049 2940 1094 2944 -
1107 2917 1184 2956 Ἄλ-

149 2975 228 3016 λως.
244 2973 283 3010 τὸ
299 2972 460 3019 Θησείοις
479 2975 508 3010 εἷ
529 2973 589 3023 μὲν
615 2974 671 3012 διὰ
689 2977 750 3020 τῆς
768 2989 799 3012 οι
819 2974 1000 3026 διφθόγγου
1023 2975 1182 3028 γράψεις,

149 3029 212 3076 τὴν
241 3028 359 3080 ἑορτὴν
377 3033 436 3067 τοῦ
465 3029 612 3075 Θησέως
638 3033 734 3083 ἐρεῖς·
756 3030 835 3068 εἰδὲ
856 3048 901 3077 η,
928 3032 1004 3069 ἀντὶ
1035 3037 1095 3070 τοῦ
1121 3049 1183 3083 μι-

98 3110 132 3134 50
152 3087 327 3140 σθαρνίαις
359 3087 503 3133 νοήσεις.
535 3087 574 3124 τὸ
600 3087 635 3125 δὲ
668 3088 984 3138 μεμιστυλλημένοι
1014 3091 1089 3128 ἀντὶ
1122 3095 1182 3129 τοῦ

149 3143 380 3218 τεθρριμμένοι
403 3144 463 3181 καὶ
489 3144 601 3194 ζωμον
641 3145 860 3197 ῥοφήσαντες·
891 3148 1082 3199 μιστυλλᾶν
1116 3147 1182 3199 γὰρ

149 3201 247 3255 παρα
275 3208 345 3245 τοῖς
362 3202 524 3244 Ἀττικοῖς
544 3203 701 3254 δευτέρας
721 3203 880 3253 συζυγίας
899 3207 966 3242 τῶν
999 3221 1182 3256 περισπω-

152 3260 279 3310 μένων,
302 3260 341 3297 τὸ
371 3258 426 3297 δια
456 3258 646 3309 μιστύλλης
664 3259 696 3309 (ὅ
716 3262 808 3298 ἐστιν
843 3261 948 3312 ἄρτου
975 3262 1103 3309 κοίλου,
1127 3258 1181 3301 οἶα

151 3317 312 3367 δοίδυκος)
334 3316 445 3366 ζωμὸν
466 3315 640 3367 ἀρύεσθαι.
660 3317 790 3366 γίνεται
805 3316 840 3355 δὲ
856 3318 953 3368 παρὰ
971 3318 1009 3356 τὸ
1027 3325 1179 3369 μεῖστον,

470 377 544 421 Τῆς
561 373 681 416 οἰκίας.
701 373 958 425 ηὐτρεπισμένα
983 388 991 413 ;
1015 375 1208 425 ’ῼκονομη-

1266 319 1412 370 φθόγγου
1427 320 1612 391 γράφεται,
1623 339 1667 364 ως
1682 322 1750 360 ἀπὸ
1766 327 1823 360 τοῦ
1840 325 1934 373 μεῖον
1948 326 2053 376 γενόυ.
2058 341 2140 365 ενον·
2155 327 2214 365 καὶ
2231 332 2296 381 γὰρ

1265 378 1372 414 ἐκεῖνο
1392 378 1446 415 οιὰ
1472 379 1666 430 διφθόγγου.
1695 396 1734 417 το
1755 380 1789 418 δε
1816 381 2023 430 μιστύὶλα
2006 384 2060 421 οιὰ
2080 389 2138 422 τοῦ
2161 398 2182 422 ι·
2202 386 2296 424 οὐοεν

1842 440 1928 453 xxx

1263 439 1320 472 οὖν
1345 451 1473 481 καινον,
1496 439 1524 473 εἰ
1544 453 1582 474 το
1604 453 1645 487 με
1649 454 1664 473 ν
1682 454 1820 487 μειστον
1839 455 1894 477 οια
1910 441 2090 493 οιφθό(γου
2107 443 2296 512 γράφεται,

1262 496 1362 530 τοῦτο
1379 492 1412 530 δὲ
1432 493 1486 530 διὰ
1502 498 1561 531 τοῦ
1584 511 1611 540 ι,
1628 494 1713 532 ὅπου
1738 512 1775 545 γε
1793 512 1851 533 και
1871 513 1927 534 επι
1946 502 2004 536 τοῦ
2024 500 2166 551 χερείων
2184 516 2296 554 ’χειρι-

1263 565 1340 592 στος
1352 579 1360 595 ,
1382 550 1504 602 ἀρείων
1525 552 1662 602 ἄριστος
1678 557 1777 590 τοῦτο
1795 553 1834 603 γέ
1836 569 1926 603 γονε.
1949 569 2038 599 Junt.
2060 561 2297 608 μεμιστυλλη-

1264 607 1357 657 μένοι
1399 623 1406 646 :
1453 611 1481 647 1¹]
1486 610 1639 659 υυ)χηθέν
1630 625 1706 652 τες.
1750 619 1789 648 P.
1829 613 2057 663 τεθραμιιένοι
2091 631 2149 653 και
2184 618 2295 667 ζωμὸν

1264 665 1470 718 ροφήσαντες
1484 667 1516 703 ἐν
1534 666 1692 716 τμήματι
1710 668 1813 718 ἄρτου
1830 670 2110 715 κοιλασθέντοςὲ
2087 689 2202 727 ωσπερ
2224 675 2294 712 δοί-

1263 738 1370 765 ουκος.
1388 726 1434 762 Θ.
1454 732 1516 762 Dv.

1314 799 1375 824 628.
1407 788 1450 823 ἐπ
1457 787 1664 837 ’ὄλυγίστοις
1681 789 1726 825 ἀλ
1729 787 1866 841 φίτοιςε
1887 791 1970 833 Τοῖς
1992 790 2118 834 κοίλοις
2137 793 2218 865 γὰρ
2231 795 2293 846 ἄρ·

1261 858 1329 886 τοις
1344 859 1419 887 τους
1436 844 1605 894 ζωμους
1587 845 1715 896 αρυόμε
1702 862 1768 883 5sz
1792 846 1924 898 ταχέως
1944 847 2122 900 κορέννυντ
2110 866 2159 886 .αι
2177 852 2218 887 δι’
2239 852 2293 889 ἔν-

1262 915 1354 938 οειαν
1373 901 1498 954 ἄρτων.
1519 903 1654 954 ὀγοόη
1636 902 1671 940 οὲ
1688 903 1730 940 τὰ
1751 905 1888 949 Θησεῖα
1910 907 1994 954 ἦγον
2013 921 2071 943 και
2090 912 2206 944 πᾶσαν
2234 911 2295 955 τὴν

1261 974 1328 1008 ημε
1321 959 1395 1011 ’ραν
1415 961 1660 1013 ἐπανηνύριζον
1680 963 1726 1004 εἰς
1750 961 1854 1012 τιμὴν
1879 966 1938 1000 τοῦ
1957 979 2080 1016 ηρωος.
2110 965 2295 1012 πεποίηται

1262 999 1296 1054 δέ
1312 1021 1333 1063 ἡ
1355 1018 1460 1065 λέξις,
1480 1019 1570 1069 λέγω
1600 1019 1640 1065 δὴ
1670 1023 1691 1066 ἡ
1719 1020 1889 1069 μυστίλη,
1913 1021 2011 1073 παρὰ
2039 1021 2102 1068 τὴν
2127 1023 2292 1073 μάσησιν.

1262 1074 1430 1127 ζ’Ᾱλλως.
1452 1077 1471 1123 ἢ
1493 1077 1549 1114 διὰ
1562 1077 1600 1115 τὸ
1616 1079 1745 1124 πλῆθος
1760 1080 1825 1115 τῶν
1841 1078 1933 1130 ὄψων
1950 1079 2063 1129 ὀλίγον
2085 1080 2187 1132 ἄρτον
2205 1082 2290 1128 ἀνή-

1260 1135 1388 1172 λισκον·
1406 1134 1428 1180 ἢ
1449 1137 1498 1187 τῷ
1515 1138 1619 1187 ζωμῷ
1638 1135 1863 1187 σχ-ολάζοντες
1883 1136 1941 1173 καὶ
1963 1137 2029 1174 ὑπὸ
2045 1137 2164 1176 τούτου
2178 1155 2282 1191 κορεν·

1259 1192 1429 1245 νύμενοι.]
1450 1192 1621 1244 -ὀλίγοις
1641 1193 1793 1245 ἀλφίτοις
1809 1207 1817 1232 :
1835 1192 1985 1245 Ἄρτοις,
2010 1195 2203 1248 βρώμασιν.
2224 1209 2264 1237 Ρ.

1311 1276 1372 1301 629.
1402 1265 1447 1306 ὡς
1465 1276 1474 1301 :
1495 1262 1596 1302 Λίαν.
1628 1271 1666 1301 Ρ.
1685 1262 1776 1310 λίαν,
1799 1262 1915 1306 ὅντως.
1948 1271 1986 1302 Θ.
2011 1273 2074 1304 Dv.
2093 1267 2138 1310 ὡς
2162 1279 2170 1304 :
2190 1265 2288 1307 ”Οτι.

1258 1335 1283 1356 π
1286 1320 1484 1373 επράγατε;
1505 1323 1577 1360 Ευτ
1566 1320 1745 1371 υχήσατε.
1766 1330 1805 1359 Ρ.

1309 1391 1372 1417 630.
1402 1377 1570 1428 μέτεστι;
1591 1378 1804 1418 Μετουσία’
1790 1380 1873 1419 εστί.
1895 1388 1936 1418 Ρ.

1309 1460 1372 1486 631.
1402 1447 1435 1484 τί
1454 1448 1482 1484 δ’
1503 1449 1562 1485 ἐστ
1550 1463 1608 1494 ιν,
1633 1465 1662 1485 ω
1692 1449 1741 1499 βέ
1715 1463 1868 1498 εκτιστε,
1897 1451 1964 1487 τῶν
1991 1452 2118 1487 σαυτοῦ
2146 1450 2253 1502 φίλων
2282 1464 2291 1489 ;

1255 1505 1366 1555 [Ἀντὶ
1382 1509 1439 1542 τοῦ
1457 1505 1535 1556 περὶ
1550 1504 1629 1548 τους
1643 1510 1770 1544 σαυτοῦ
1785 1507 1918 1560 φίλους·
1936 1512 2004 1545 οἷον
2021 1510 2089 1544 τῶν
2104 1509 2293 1558 ὁμομαστί-

1254 1579 1335 1614 γων.
1364 1561 1488 1614 οἱονεὶ]
1505 1565 1566 1601 οὐκ
1594 1563 1707 1601 ἄλλων
1733 1568 1849 1614 τινῶν,
1879 1566 1968 1602 ἀλλὰ
1995 1568 2063 1603 τῶν
2083 1565 2210 1616 ὁμοίων
2239 1582 2291 1604 σοι

1255 1624 1458 1672 μαστιγιῶν.
1476 1621 1520 1673 ῖῆ
1536 1621 1686 1673 τρόπων,
1705 1622 1827 1666 οὔτως·
1841 1616 1869 1660 ὦ
1887 1624 2061 1673 βέλτιστε,
2077 1623 2110 1661 τί
2123 1626 2190 1661 τῶν
2206 1640 2291 1662 σαυ-

1252 1683 1310 1717 τοῦ
1327 1680 1463 1732 τρόπων
1478 1679 1588 1729 ἐστίν,
1608 1679 1683 1716 ἀντὶ
1700 1684 1777 1727 τοῦ,
1798 1681 1831 1718 τί
1849 1681 1975 1732 ἀγαθὸν
1991 1682 2074 1731 ἡμῖν
2092 1681 2286 1732 ἀγγέλλεις;

1252 1737 1339 1780 εἰκὸς
1364 1736 1431 1788 γάρ
1456 1752 1494 1774 σε
1521 1737 1717 1781 καλλίστοις
1744 1739 1923 1791 χρώμενον
1947 1740 2084 1792 τρόποις
2107 1740 2192 1791 πρὸς
2211 1739 2289 1783 τοὺς

1250 1795 1395 1841 τρόπους
1408 1795 1467 1832 καὶ
1482 1795 1543 1838 τὰς
1557 1796 1718 1846 ἀγγελίας
1734 1797 1942 1849 ποιεῖσθαι]
1957 1820 2009 1826 -
2025 1800 2092 1835 τῶν
2113 1811 2121 1836 :
2140 1797 2284 1837 ἽΞνεκα.

1253 1861 1368 1891 Paris.

1302 1929 1364 1954 632.
1394 1915 1538 1967 ἄγγελος
1558 1930 1565 1954 :
1586 1917 1766 1963 Μηνυτής.
1790 1924 1831 1956 P.

1301 1998 1364 2023 633.
1394 1984 1569 2037 πέπραγεν
1591 1984 1824 2036 εὐτυχέστατα
1856 1998 1865 2024 :
1896 1985 2058 2036 Εὖτυχὴς
2085 1985 2213 2038 γέγονε.
2244 1996 2284 2025 Ρ.

1248 2042 1554 2093 εὐδαιμονέστατα.
1573 2051 1637 2081 Dc.

1300 2124 1362 2150 635.
1393 2111 1647 2160 ἐξωμμάτωται
1665 2124 1673 2149 2
1692 2111 1784 2163 [Ἐκ
1802 2111 1937 2154 Φινέως
1954 2112 2169 2164 Σοφοκλέους
2184 2118 2202 2152 ὁ
2219 2114 2285 2152 στί-

1246 2183 1317 2220 χος.
1340 2169 1403 2221 ὅρα
1419 2172 1492 2212 πῶς
1510 2170 1581 2212 τοῖς
1601 2169 1798 2212 σπουδαίοις
1817 2169 1984 2220 γελοιώδη
2002 2171 2193 2221 καταμίξας
2208 2173 2286 2209 λαν-

1248 2226 1358 2272 θάνει,
1385 2225 1528 2278 εἰρηκὼς
1554 2226 1809 2276 ἐξωμμάτωται
1833 2227 1892 2264 καὶ
1910 2227 2184 2280 λελάμπρυνται.
2206 2233 2228 2275 ἡ
2248 2228 2284 2267 δὲ

1245 2283 1356 2335 λέξις]
1378 2284 1452 2320 ἀντὶ
1472 2287 1530 2321 τοῦ
1555 2284 1809 2334 ἐπιτεταμένως
1832 2287 1913 2336 ὁρᾷ·
1937 2287 1958 2330 ἡ
1980 2284 2046 2337 γὰρ
2067 2286 2100 2330 ἐξ
2124 2287 2281 2325 ἐπίτασιν
2303 2304 2316 2314 0

1246 2343 1362 2388 δηλοῖ,
1383 2345 1427 2384 ὡς
1443 2341 1482 2378 τὸ
1507 2347 1615 2387 [Hom.
1635 2347 1674 2380 ΙΙ.
1693 2350 1725 2387 Ι,
1746 2347 1810 2388 486]
1834 2361 1847 2373 «
1878 2344 1917 2379 ἐκ
1941 2345 2048 2393 θυμοῦ
2067 2344 2203 2396 φιλέων.
2226 2363 2240 2377 υ
2259 2344 2282 2390 ἢ

1246 2401 1377 2449 μᾶλλον
1394 2399 1526 2443 παίζων
1545 2399 1601 2437 ἐπὶ
1618 2399 1811 2451 στερήσεως
1830 2399 1933 2450 λέγει.
1952 2424 2004 2430 --
2023 2400 2159 2445 ἔπαιξεν
2178 2403 2283 2440 εἰπὼν

1244 2457 1511 2508 ἐξωμμάτωται.
1533 2457 1572 2495 τὸ
1594 2456 1660 2510 γὰρ
1687 2457 1964 2507 ἐξωμματῶσθαι
1992 2458 2064 2496 ἔστι
2086 2460 2125 2497 τὸ
2150 2460 2283 2498 &77:065-

1245 2515 1428 2562 ὅληκέναι,
1458 2515 1480 2561 ἢ
1513 2515 1766 2565 ἐπιτεταμένως
1792 2518 1887 2567 ὁρᾶν.
1913 2519 1935 2561 ἡ
1965 2515 2031 2569 γὰρ
2060 2516 2095 2561 ἐξ
2125 2517 2282 2556 ἐπίτασιν

1244 2573 1360 2619 δηλοῖ,
1378 2589 1423 2615 ως
1443 2588 1482 2610 το
1503 2590 1517 2605 τι
1538 2574 1577 2609 ἐκ
1597 2575 1705 2622 θυμοῦ
1731 2571 1808 2624 φιλ
1793 2588 1868 2610 εων.
1890 2590 1905 2605 >³
1925 2581 1964 2610 V.
2044 2571 2187 2617 Ἄλλως.
2207 2575 2280 2613 δεον

1243 2632 1363 2677 εἰπεῖν,
1392 2630 1561 2682 ἀνέολεφε
1586 2646 1644 2667 και
1670 2629 1839 2681 καθαρους
1870 2629 1951 2681 ἔσχε
1970 2646 2047 2674 τους
2067 2632 2281 2684 ὀφθαλμοὺς,

1243 2688 1497 2739 ἐξωμμάτωται
1529 2693 1586 2726 εἰτ·
1575 2704 1604 2726 ε
1635 2689 1695 2726 καὶ
1726 2688 2007 2740 λελάμπρυνται·
2048 2689 2180 2734 παίζων
2214 2689 2280 2762 γὰρ

1242 2748 1286 2784 ἐπ
1288 2746 1650 2799 αοοτεριζουσαςλ
1636 2762 1699 2790 ςεις
1715 2746 1852 2791 ἔθηκεν·
1871 2746 2124 2796 ἐξωμμάτωται
2138 2748 2204 2800 γὰρ
2219 2749 2277 2785 καὶ

1330 2809 1410 2854 τοῦ,
1426 2804 1634 2843 ἐκκέκοπται
1650 2804 1727 2854 τοὺς
1743 2804 1970 2857 ὀφθαλμους
1952 2804 2094 2842 ούναται
2111 2808 2277 2852 νοεῖσθαι,

1240 2862 1300 2900 καὶ
1307 2822 1410 2899 ι,ἀντὶ
1417 2866 1493 2908 τοῦ,
1515 2865 1553 2900 ἐκ
1571 2864 1638 2898 τῶν
1656 2863 1842 2913 ὀφθαλμῶν
1862 2860 2017 2912 ἀφῃρέθη
2036 2861 2074 2898 τὸ
2095 2863 2275 2911 κάλυμμα.

1240 2919 1366 2968 ὁμοίως
1381 2918 1417 2956 δὲ
1437 2919 1546 2956 καὶτὸ
1565 2918 1828 2970 λελάμπρυνται
1847 2918 1907 2954 καὶ
1924 2917 1999 2954 ἀντὶ
2015 2922 2092 2964 τοῦ,
2108 2919 2278 2971 καθαροὺς

1240 2977 1322 3028 ἔσχε
1338 2992 1415 3018 τους
1431 2975 1644 3028 ὀφθαλμοὺς,
1658 2991 1718 3012 και
1738 2974 1813 3011 ἀντὶ
1826 2978 1904 3020 τοῦ,
1924 2974 2125 3024 λεύκωμα
2110 2991 2144 3012 εν
2162 2978 2276 3021 αὐτοῖς

1239 3035 1333 3085 ἔσχ-ε.
1354 3033 1472 3084 ἔχειο
1478 3032 1549 3069 τὸ
1579 3031 1842 3082 λελάμπρυνται
1860 3031 1972 3082 τρίτον
1996 3031 2181 3083 πρόσωπον
2206 3036 2274 3072 τῶν

1239 3094 1357 3129 ἑνικῶν
1389 3089 1563 3142 ὁμόφωνον
1592 3104 1642 3126 τι)
1667 3088 1772 3140 τρίτω
1799 3091 1866 3125 τῶν
1897 3090 2136 3134 πληθυντικῶν
2163 3106 2209 3133 ως
2235 3092 2275 3129 τὸ

1239 3149 1443 3201 ἐξήρανται,
1467 3163 1526 3184 και
1551 3145 1807 3196 κατήσχυνται,
1827 3145 1887 3182 καὶ
1913 3161 1977 3183 οσα
1995 3151 2153 3186 τοιαῦτα.
2180 3155 2270 3185 Junt.

1237 3206 1491 3256 ἐξωμμάτωται
1522 3218 1530 3243 :
1563 3204 1709 3253 Ὠμματ
1711 3202 1800 3249 ώθη,
1833 3203 2067 3255 ἀνεωγμένους
2098 3205 2170 3256 ἔχει
2196 3221 2274 3248 τους

1237 3262 1443 3316 ὀφθαλμούς.
1474 3269 1511 3299 Θ.
1545 3269 1608 3299 Βι.
1644 3260 1788 3309 ὄμματα
1824 3260 1961 3300 ἔλαθεν.
2007 3262 2271 3314 λελάμπρυνται

1236 3320 1339 3371 κόρας
1357 3334 1366 3358 :
1386 3318 1561 3368 ,ἱαμπρὰς
1574 3317 1633 3359 τὰς
1649 3317 1742 3360 ὄψεις
1757 3317 1850 3369 5'0-75.
1869 3325 1912 3357 P.
1932 3318 2193 3369 λελάμπρυνται
2211 3319 2270 3356 καὶ

1242 2807 1303 2843 Ξο

1456 3032 1490 3070 δῖ

2320 811 2350 833 lu)

2312 1398 2347 1423 20

2306 2003 2340 2028 3³)

2306 2591 2335 2613 ἰιι

2300 2882 2331 2903 ²17)
