2517 3792
1053 175 1316 216 RANARUM.
2157 186 2231 218 519

147 276 282 316 codex.
301 278 408 314 Hunc
427 279 624 311 accentum
649 269 678 306 si
699 267 878 319 probavit
897 264 1137 304 'simachidas
1151 293 1160 309 ,

146 334 388 374 scribendum
405 331 503 383 ὄρρον
517 332 563 372 ὡς
586 327 702 381 ὅρμον.
726 330 899 364 13130...-
914 327 960 369 34
981 325 1161 374 ἐτοιμολο-

146 400 257 445 γεῖται
274 396 336 439 V.‚
353 405 428 428 non
447 394 494 428 G.
508 414 551 421 —
566 389 612 424 35
628 387 685 424 τὸν
706 385 804 437 ὄρρον
838 385 1011 422 additum
1041 397 1087 421 ex
1113 386 1159 418 G.

200 453 286 489 228.
305 450 486 488 Scholion
505 448 703 486 metricum
723 459 798 483 om.
822 445 936 482 etiam
956 446 1001 483 Θ.
1020 446 1068 480 M.
1090 445 1164 479 Re-

147 513 229 562 gius
251 511 289 546 in
310 508 511 546 duodecim
541 507 637 545 κῶλα
658 505 850 555 dispescit.
861 529 902 535 -
921 516 934 540 ι
961 506 1062 540 τοῦτο
1085 513 1161 537 om

147 573 192 607 R.
207 593 248 600 —
268 569 288 605 3
308 581 364 617 sq.
389 565 411 612 ἢ
441 567 508 616 οὐχ
535 564 625 602 ούτω
649 563 701 601 ὅτι
722 565 768 602 R.
793 561 814 608 ἢ
840 561 893 599 ὅτι
927 561 1003 612 οὒγὶ
1025 560 1105 610 (0132
1095 558 1164 607 M.)

147 631 202 664 M.
223 626 305 663 Ald.
316 651 357 656 —
378 632 398 670 4
420 624 571 676 ἡσυχίαν
603 623 680 674 ἄγει
709 627 748 659 R.
774 621 865 659 κατὰ
893 619 1042 670 ἡσυχίαν
1070 619 1168 667 ἀλγεῖ

148 689 199 723 Μ.
223 684 307 722 Ald.
329 682 582 734 καταχλευάζει
598 686 656 729 V.‚
676 681 742 731 qui
763 679 883 722 αὐτοὺς
900 688 938 716 et
957 677 1015 716 καὶ
1040 690 1114 714 om.
1128 702 1167 709 -

149 745 171 781 6
195 740 546 796 περιεργαζόμεθαν

203 803 292 848 230,
313 802 335 837 8
356 798 475 846 ἐπειδὴ
507 813 584 837 om.
603 804 647 839 Ὦ,
640 828 663 846 ,
684 798 749 848 qui
774 811 796 846 9
818 798 910 834 δοκεῖ
929 798 947 832 ὁ
965 797 1056 833 Πᾶν.
1076 795 1168 843 αἰγι-

149 860 254 898 ὅόταν
275 859 364 897 libii
380 868 519 910 praeter
542 861 587 895 V.
605 881 646 889 -
666 871 708 893 io
730 852 967 907 κερατοὸαλής
984 853 1117 890 codex.
1130 877 1171 884 -

154 933 168 956 1
182 933 194 955 1
218 918 275 956 ἐπι
295 917 339 956 τὰ
358 916 489 970 κέρατα
507 916 644 955 Suidas
663 929 692 952 s,
713 912 928 965 Κεροὲάτης.
948 916 1038 950 Post
1057 913 1169 963 ἀκρω-

149 976 253 1030 τήρια
286 977 410 1027 pergit
438 980 481 1013 V.
492 1005 502 1022 ,
536 974 661 1016 ἄλ)ως.
692 972 744 1010 ὅτι
778 973 808 1010 οἱ
839 971 1066 1023 ἀρχαῖοι-ὡς
1092 969 1170 1021 περὶ

149 1034 286 1087 λύρας
275 1048 337 1085 Rex
351 1034 497 1072 scholio
517 1046 556 1069 v.
578 1032 682 1081 231).
704 1030 827 1072 ἄλλως.
843 1028 1066 1081 κεροέάτας
1052 1026 1170 1073 επειδη

151 1092 262 1144 χηλὰς
294 1092 387 1144 ἔχειν
421 1092 514 1130 δοκεῖ
543 1089 685 1142 τράγου.
722 1087 773 1126 διὸ
806 1103 865 1125 και
896 1086 1088 1137 αἷγοὸάταν
1114 1086 1172 1123 καὶ

151 1150 400 1204 τραγοὸάμονα
430 1148 581 1200 λέγουσι.
604 1148 756 1198 Δίδυμος
779 1155 853 1184 etc.
878 1149 992 1196 Reg.,
1010 1145 1032 1191 ἢ
1051 1146 1085 1182 ἐν
1103 1150 1172 1186 τοῖς

151 1208 292 1262 κέρασιν
312 1208 390 1255 ἤτοι
405 1213 477 1252 τοῖς
497 1206 614 1261 ἄκροις
634 1222 702 1243 των
724 1207 813 1259 ὅρων
837 1204 977 1255 βαίνων.
992 1229 1033 1235 -
1051 1205 1096 1241 13
1114 1219 1174 1241 κε-

153 1267 289 1320 ράτινον
310 1270 356 1305 R.
375 1275 413 1304 et
430 1266 578 1304 Sujdas.
594 1265 685 1317 ηπερ
703 1268 750 1302 V.
779 1265 880 1306 GKR.
899 1264 1087 1316 ἱστορεῖται
1107 1261 1174 1315 γὰρ

151 1325 299 1364 Suidas.
315 1351 356 1357 —
375 1331 418 1370 ι4
442 1323 533 1376 ἔχειν
556 1324 641 1362 Ald.

207 1384 297 1432 231,
321 1384 439 1421 18-22
460 1381 547 1421 “Ort
567 1376 731 1428 οἷ-ἧσαν
763 1390 850 1432 post
878 1380 1048 1431 καλάμων
1078 1381 1102 1419 l.
1126 1384 1174 1419 23

154 1443 265 1493 ponit
287 1445 354 1490 R„
378 1442 535 1493 praefixo
560 1441 683 1483 ἄλλως.
769 1455 814 1490 19
835 1439 996 1489 καλάμου
1021 1439 1096 1477 ἀντὶ
1116 1442 1176 1476 τοῦ

153 1499 315 1554 κερατίου
334 1504 395 1547 V.‚
414 1500 483 1550 qui
501 1513 578 1538 om.
604 1501 768 1552 ἐχρῶντο.
784 1500 855 1536 Hic
872 1498 978 1536 addit
998 1498 1082 1535 Ald.
1104 1499 1177 1536 Σο-

154 1557 452 1611 φοκλῆς-λύρας,
486 1572 566 1609 quae
588 1571 666 1597 om.
704 1561 750 1595 R.
774 1566 812 1595 et
841 1557 999 1602 Suidas,
1019 1557 1119 1594 infra
1138 1557 1177 1594 in

156 1618 232 1655 alio
250 1618 396 1655 scholio
415 1617 574 1655 exhibet
590 1622 635 1655 V.
655 1615 677 1663 ἢ
696 1630 771 1654 om.
792 1620 837 1654 V.
853 1626 890 1653 et
910 1616 1061 1654 Suidas.
1087 1616 1178 1666 ᾕδει-

155 1691 220 1713 σαν
237 1679 279 1713 V.
293 1674 420 1722 ἔδησαν
439 1680 584 1713 6.--20
596 1674 848 1728 ἀναφαίροντας
860 1679 926 1720 V.‚
942 1676 1010 1725 qui
1031 1689 1051 1711 2
1063 1689 1076 1711 1
1100 1688 1176 1712 om.

155 1737 213 1778 ὥς.
231 1735 277 1776 ὡς
296 1733 354 1771 καὶ
374 1736 434 1770 νῦν
455 1733 607 1771 Suidas.
635 1735 674 1770 ἐκ
695 1747 769 1770 om.
790 1737 860 1779 V.‚
881 1737 947 1783 qui
970 1746 1017 1769 22
1035 1732 1074 1770 τὸ
1094 1734 1179 1770 παλ.

156 1791 235 1844 γὰρ.
253 1797 406 1844 νευρῖναι
423 1791 470 1829 Θ.
488 1789 622 1835 Ἄλλως
649 1805 725 1829 om.
750 1796 794 1829 R.
817 1791 903 1828 Ald.
932 1790 1051 1837 ἐπειδὴ
1084 1795 1137 1828 Μ.
1159 1790 1180 1836 ἢ

157 1850 235 1890 ἐπεὶ
254 1850 342 1889 Ald.
361 1849 421 1887 καὶ
438 1848 506 1902 γὰρ
524 1851 731 1902 ἐπισυριγγῆ
753 1849 788 1888 δὲ
817 1852 835 1888 ὁ
865 1852 943 1888 Πᾶν
963 1854 1010 1887 V.
1033 1848 1089 1887 ἐπὶ
1116 1849 1181 1887 σύ-

159 1903 346 1962 ριγγιήδεν
367 1910 386 1945 ὁ
406 1909 484 1947 Πᾶν
504 1912 551 1947 G.
567 1934 610 1942 --
625 1910 671 1945 23
695 1902 825 1955 ἥτις-ἠν
847 1912 893 1945 V.
910 1909 1001 1946 ἐστὶν
1024 1923 1098 1946 om.
1122 1912 1177 1946 M.

158 1971 251 2006 Post
280 1965 450 2017 καλαμων
479 1968 606 2018 pelgit
631 1969 677 2006 Θ.
697 1967 822 2010 ἄλλως.
856 1967 891 2012 ἐξ
913 1962 951 2004 οἷ
978 1972 999 2015 4,
1022 1966 1184 2021 σύριγξ-

158 2030 308 2078 νευρῖναί
339 2027 442 2070 ἦσαν.
481 2028 535 2062 Μ.
560 2034 711 2073 autem,
738 2025 759 2072 ἢ
782 2024 815 2069 ἐξ
836 2029 874 2063 οὗ
893 2025 1030 2078 σύριγξ
1053 2028 1083 2064 οἱ
1116 2025 1183 2097 γὰρ

159 2086 301 2137 ἀρχαῖοι
316 2081 501 2135 καλάμῳ’
486 2098 641 2136 εχρωντο
659 2084 734 2121 ἀντι
752 2083 908 2135 κέρατος.
923 2111 962 2116 —-
979 2092 1024 2129 24
1046 2088 1067 2132 ἡ
1086 2083 1184 2136 χώδη

160 2142 294 2179 codex.
313 2140 463 2178 Deinde
489 2141 737 2179 scribendum
761 2142 913 2181 videtur
940 2143 962 2188 ἢ
992 2142 1079 2181 διότι
1104 2144 1185 2181 ἀπὸ.

161 2204 283 2237 Dum.
303 2224 341 2230 —
355 2199 403 2236 25
421 2198 525 2250 κέρας
543 2201 679 2239 codex.
695 2226 738 2233 —
759 2214 805 2246 27
829 2201 1077 2252 Αἷχμαλωτίσι
1095 2202 1182 2240 Ald.

163 2255 405 2309 αἰχμαλώτοις
422 2260 468 2294 V.
490 2272 551 2294 σου
572 2258 658 2297 Ald.
687 2267 726 2295 ct
749 2259 886 2295 Pollux
908 2266 943 2304 4,
975 2260 1036 2296 62.
1064 2275 1118 2297 σοι
1142 2264 1185 2297 V.

162 2316 329 2354 Restitui
344 2315 419 2363 σοι’),
433 2315 474 2352 id
496 2324 552 2352 est
571 2331 626 2354 σοι
652 2319 694 2354 ὁε
715 2317 932 2366 cujusmodi
960 2326 1017 2354 est
1048 2320 1115 2367 μού
1141 2332 1189 2356 ex

164 2389 225 2425 μοι
255 2376 274 2411 ὃ
304 2382 563 2421 contractum,
596 2375 644 2412 de
669 2388 746 2425 quo
770 2375 849 2412 dixi
878 2376 917 2412 in
940 2377 1188 2414 annotatione

164 2433 213 2471 ad
229 2437 344 2484 Vesp.
363 2446 453 2483 902.
467 2436 588 2471 Dmn.
600 2458 641 2466 —
656 2436 704 2471 28
719 2434 869 2487 ὡσπερεὶ
882 2435 1030 2472 Pollux.
1046 2436 1091 2478 ὡς
1110 2436 1188 2489 περὶ

164 2497 213 2532 V.
228 2491 348 2544 ὥσπερ
368 2492 457 2530 Ald.
478 2517 516 2523 —
532 2493 654 2530 30-32
683 2507 758 2530 om.
778 2494 892 2530 etiam
913 2494 959 2532 Θ.
980 2495 1030 2532 Μ.

220 2551 309 2597 236,
330 2551 375 2596 37
392 2549 650 2602 λείπει-χερσί
668 2564 743 2588 om.
761 2555 819 2599 V.‚
838 2552 903 2601 qui
922 2553 969 2600 39
990 2551 1130 2598 ἐνόησεν
1146 2557 1188 2591 V.

221 2615 309 2653 241.
330 2609 511 2646 Scholion
530 2610 732 2647 metricum
749 2623 826 2647 om.
846 2611 960 2647 etiam
980 2611 1026 2649 Θ.
1047 2615 1100 2648 M.
1120 2616 1190 2650 Re-

166 2669 253 2719 gius
274 2667 460 2705 tredecim
480 2669 578 2706 κῶλα
599 2670 701 2706 facit.
717 2695 756 2701 -
775 2684 787 2705 1
812 2668 916 2715 οὔσης
943 2670 1115 2708 additum
1145 2685 1191 2709 ex

169 2727 316 2763 scholio
335 2726 490 2773 Aldino,
507 2727 611 2777 quod
631 2728 714 2765 vide
733 2728 780 2766 ad
797 2742 829 2765 v.
850 2734 939 2772 244

224 2785 298 2827 243
324 2786 372 2821 R.
387 2784 501 2822 habet
529 2786 705 2835 glossas'
690 2801 948 2839 εσκιρτησαμεν
973 2796 1009 2824 et
1026 2781 1114 2831 εἶδος
1130 2791 1192 2840 βο-

171 2838 288 2885 τάνης.

190 2902 317 2956 244,
338 2898 385 2934 8-
394 2911 439 2934 12
468 2899 522 2936 sic
546 2900 586 2937 in
616 2902 696 2938 Ald.
689 2930 711 2949 .‚
729 2901 872 2955 φλέως
862 2904 1044 2954 Λοχμωδες
1068 2920 1193 2957 φυτον,

172 2958 212 2993 οὗ
239 2954 446 3005 μνημονεύει
475 2956 709 3010 Θεόφραστος.
739 2960 912 3012 πρόοηλον
942 2977 995 2999 οτι
1026 2962 1196 3013 ποτάμιός

173 3015 247 3052 ἐστι
263 3013 440 3064 βοτάνη,ε
422 3028 468 3055 ως
489 3014 670 3066 βούτομον.
686 3017 738 3056 διὸ
754 3018 813 3056 καὶ
830 3019 888 3056 τὸν
909 3019 1071 3073 κύπειρον
1087 3037 1196 3074 προσ-

174 3069 342 3118 έθηκεν,
325 3086 371 3113 ως
391 3070 451 3107 καὶ
469 3071 675 3149 Θεόκριτος·

279 3135 362 3166 ἐνθεν
377 3135 557 3175 βούτομον
545 3137 577 3172 οξ
578 3137 596 3168 ‘a
605 3160 614 3176 ,
629 3139 724 3178 βαθὺν
737 3140 763 3170 δ’
777 3140 924 3180 ἐτάμοντο
941 3153 1085 3184 κυπειρον

179 3186 356 3238 μέμνηται
372 3188 476 3224 αὐτοῦ
496 3188 554 3225 καὶ
570 3190 604 3226 ἐν
622 3190 842 3245 Ἀμφιαράῳ·

279 3250 399 3283 πόθεν“
384 3263 420 3282 αν
421 3251 557 3293 ’ὶάὸοιμι
574 3253 678 3294 βύσμα
693 3258 737 3295 τῷ
752 3261 886 3297 πρωκτῷ
902 3259 1011 3298 φλέων;

177 3319 239 3342 του
257 3302 327 3341 δὲ
310 3303 410 3350 ηλίου
427 3304 627 3355 λάμποντος
641 3307 700 3343 καὶ
721 3310 952 3358 θαυμαστῆς
939 3311 1043 3357 οὔσης
1066 3312 1199 3364 αἰθρίας

177 3360 219 3399 τὸ
233 3377 303 3399 των
308 3361 560 3414 βατράχο)ν·’
530 3379 559 3413 ,
546 3379 616 3406 ενος
631 3364 700 3401 ἄνω
714 3365 773 3402 καὶ
790 3365 886 3403 κάτω
902 3382 946 3404 π’.
951 3367 986 3410 ὸς
1003 3367 1061 3411 τὰς
1075 3369 1199 3418 λίμνας

1220 268 1340 314 γϋὶρεῖ-
1366 262 1427 301 καὶ
1448 277 1531 315 προς
1560 261 1623 308 τὴν
1648 277 1710 311 f'fil
1733 261 1800 299 ἔσθ
1819 261 1874 298 ὅτε
1899 263 1978 314 ἐκφὲ.
1973 261 2078 313 Ιρεταῑ
2099 262 2156 301 ἐπὶ
2177 280 2237 301 κυ-

1218 322 1338 373 πείρου
1355 322 1413 359 καὶ
1440 323 1484 374 φ)
1489 320 1533 358 έω
1555 320 1702 358 καὶτῶν
1729 320 1892 358 τοιούτων
1917 323 2070 370 βοτανῶν
2090 323 2237 375 {gansj-

1222 396 1336 430 μενον.
1365 384 1505 418 Totum
1536 381 1661 417 locum
1694 393 1769 416 om.
1805 382 1848 415 Ὦ.
1880 383 2012 430 Neque
2040 383 2077 418 in
2111 364 2156 420 Θ.
2187 387 2237 419 Μ.

1220 441 1340 476 ullum
1369 449 1426 476 est
1461 440 1661 489 vestigium
1695 453 1825 476 vorsus
1852 453 1897 476 ex
1931 441 2135 478 Theocrito
2168 441 2239 478 ad-

1221 499 1353 548 scripti
1376 508 1412 536 et
1430 508 1714 548 postremorum
1745 498 1950 536 verborum
1971 503 2032 536 τοῧ
2047 499 2082 537 δὲ
2100 500 2241 545 ἡλίου-

1222 556 1470 609 ἐραλλόμενον.
1501 582 1541 587 -
1569 558 1591 593 8
1632 556 1739 595 Φλέω
1772 561 1818 594 R.
1867 557 2114 610 Θεόφραστος,
2159 559 2242 596 vid(-

1223 615 1499 653 Schneiderum
1528 616 1602 651 vol.
1656 628 1726 664 p.
1766 616 1851 662 537.
1865 630 1944 664 -9
1969 617 2138 666 ποτάμιος
2169 632 2241 655 om

1222 711 1267 744 R.
1287 723 1295 744 ε
1319 708 1436 745 habet
1461 709 1595 746 Suidas
1614 722 1643 744 s.
1670 708 1788 746 ψλέω.
1817 679 1989 758 ποταμίέι
1994 714 2046 746 Μ.
2064 735 2103 741 -
2124 714 2164 747 13
2186 727 2245 747 κυ-

1224 766 1340 818 πειρὸν
1360 767 1421 804 hic
1443 776 1480 804 et
1499 768 1599 804 infra
1616 771 1660 804 V.
1678 768 1887 804 Annotatio
1906 768 2036 818 inepta
2054 783 2244 818 granima-

1226 824 1290 861 tici
1307 823 1419 876 φλέως
1445 834 1482 862 et
1500 824 1642 878 φελλεύς
1664 825 1946 863 confundentis.
1967 827 2111 863 Deinde
2133 841 2245 864 mon—

1227 891 1301 919 tem
1324 882 1466 921 Φελλέα
1489 884 1600 929 dicit,
1630 884 1677 921 de
1698 897 1774 934 quo
1803 898 1837 920 v.
1860 884 1993 934 Steph.
2016 887 2105 934 Byz.
2128 889 2244 923 Dim».

1225 969 1266 975 —
1288 945 1331 980 16
1350 944 1428 997 περὶ
1443 949 1487 982 G.

1283 1010 1357 1052 246
1377 1009 1415 1046 iu
1435 1011 1632 1060 principio
1654 1010 1789 1047 scholii
1816 1024 1848 1046 v.
1876 1016 1951 1054 240
1971 1012 2079 1060 ponit
2102 1015 2144 1047 V.
2159 1040 2166 1054 ‚
2184 1015 2248 1062 qni

1231 1080 1278 1103 20
1308 1067 1406 1114 ἥλιον
1436 1067 1489 1114 δὲ,
1521 1082 1568 1106 22
1598 1068 1655 1106 ἐπὶ
1682 1070 1766 1106 τῶν.
1796 1069 1976 1120 χειμάρων
2008 1073 2054 1106 G.
2081 1074 2249 1120 ποταμῶν

1228 1127 1296 1163 τῶν
1328 1126 1580 1180 πληρουμένων
1608 1129 1646 1165 ἐκ
1673 1130 1742 1165 τῶν
1764 1130 1871 1165 ὑετῶν
1903 1127 1996 1170 ὅπως
2024 1128 2072 1177 μὴ
2097 1130 2252 1181 παρασύ-

1230 1199 1359 1236 ρωνται
1379 1190 1425 1223 V.
1442 1190 1539 1224 Tun]
1556 1188 1684 1237 pergit
1699 1186 1826 1230 ἄλλως.
1843 1185 1896 1224 ὅτι
1914 1195 1984 1223 etc.

1286 1255 1376 1297 247,
1404 1257 1448 1294 24
1465 1250 1634 1303 ’Ένυδρον
1651 1250 1687 1288 δὲ
1714 1251 1748 1288 ἓν
1768 1253 1860 1303 βυθῷ
1877 1250 2033 1302 χορείαν,
2053 1249 2104 1289 ὅτι
2129 1255 2192 1290 οὐκ
2211 1252 2251 1289 ἂν

1231 1306 1370 1346 δύναιτο
1386 1308 1595 1362 φθέγξασθαι
1611 1308 1702 1347 κατὰ
1721 1309 1836 1360 βυθὸν,
1855 1309 1931 1346 ἀλλ’
1945 1309 2017 1347 ἅνω
2031 1312 2254 1364 κεκράγασιν.

1231 1367 1358 1410 ἄλλως.
1379 1369 1442 1413 τὴν
1464 1371 1520 1414 V.‚
1541 1369 1607 1418 qui
1626 1367 1698 1406 ἄνω
1712 1367 1892 1420 κέκραγεν.
1913 1371 2037 1407 Ceteri
2055 1370 2253 1424 ἀνέκραγεν.

1232 1450 1272 1456 -
1287 1426 1335 1462 26
1353 1424 1489 1477 εἴρηται
1509 1426 1592 1463 Ald.

1289 1491 1364 1533 249
1384 1488 1429 1522 R.
1447 1484 1564 1522 habet
1584 1484 1806 1536 πομφόλυγες
1829 1487 1863 1522 αἱ
1881 1487 2151 1538 φλυκταινώδεις
2167 1489 2256 1526 δῖναι

1234 1541 1303 1579 ἀπὸ
1320 1545 1381 1579 τοῦ
1401 1542 1607 1593 παφλάζειν.
1632 1542 1768 1579 Verbis
1785 1542 1806 1589 ἢ
1827 1541 1880 1579 ὅτι
1901 1544 1981 1594 (sic)
2006 1547 2074 1583 τῶν
2098 1545 2131 1589 ἐξ
2158 1548 2257 1584 ὑετοῦ

1234 1616 1353 1638 -τινα
1383 1602 1503 1638 32-35
1534 1601 1732 1651 praemittit
1754 1605 1848 1651 Reg.
1869 1603 2098 1656 πομφόλυγας
2123 1606 2260 1657 παφλά-

1235 1674 1354 1708 σματα
1382 1660 1412 1696 οἱ
1439 1659 1583 1697 παλαιοὶ
1607 1659 1713 1711 φασὶ,
1735 1659 1797 1703 τὰς
1825 1662 1864 1698 ἐκ
1893 1665 1954 1698 τοῦ
1984 1665 2088 1712 βυθοῦ
2108 1666 2176 1701 τῶν
2199 1667 2260 1714 βα-

1234 1717 1376 1768 τράχων
1396 1716 1579 1767 ἀνιεμένας
1607 1718 1740 1770 φωνάς·
1766 1719 1942 1772 παφλάζει
1962 1719 2027 1772 γὰρ
2055 1722 2113 1758 καὶ
2136 1721 2261 1774 ἀναφέ-

1238 1791 1334 1826 ρεται
1353 1775 1430 1813 τότε
1447 1776 1485 1814 τὸ
1505 1775 1596 1829 ὕδωρ
1612 1782 1686 1820 ταῖς
1700 1776 1831 1815 τούτων
1850 1783 1991 1829 φωναῖς,
2009 1781 2055 1821 ὥς
2073 1780 2139 1817 ὑπὸ
2157 1781 2262 1833 πυρὸς

1236 1835 1275 1873 τὸ
1296 1834 1386 1888 ὕδωρ
1403 1834 1442 1873 τὸ
1458 1837 1492 1874 ἐν
1514 1839 1563 1889 τῷ
1580 1835 1705 1883 λέὸητι
1718 1852 1725 1859 ·
1744 1836 1766 1883 ἢ
1787 1836 1839 1875 ὅτι
1855 1847 1928 1876 ete.

1294 1896 1384 1933 251.
1405 1896 1559 1934 Scholia
1578 1896 1736 1933 metrica
1757 1896 1818 1933 hic
1837 1905 1874 1933 et
1894 1910 1930 1935 v.
1953 1897 2025 1943 257
2044 1911 2117 1935 oni.
2139 1900 2185 1935 Θ.
2207 1901 2261 1934 Μ.

1239 1979 1279 1985 -
1295 1956 1343 1999 46
1360 1954 1400 1992 τὸ
1417 1955 1529 2006 λέγειν
1550 1955 1634 2008 φησὶ
1661 1958 1710 1992 Μ.
1738 1955 1777 1993 τὸ
1805 1955 1841 1993 δὲ
1867 1954 1943 2001 ἑξῆς
1971 1955 2012 1993 τὸ
2034 1955 2147 2006 λέγειν
2175 1956 2261 1994 Ald.

1239 2013 1451 2064 τὸ-ἔμαθον
1473 2028 1549 2052 om.
1569 2016 1632 2062 Θ.,
1648 2014 1714 2064 qui
1734 2015 1852 2052 schol.
1873 2017 1946 2053 252
1965 2014 2092 2061 habet,
2111 2029 2188 2053 non
2209 2020 2262 2053 M.

1296 2081 1385 2127 257,
1404 2081 1424 2116 3
1444 2094 1525 2130 sqq.
1551 2083 1708 2130 Spectat
1729 2080 1810 2117 haec
1827 2081 2026 2118 annotatio
2043 2081 2091 2117 ad
2121 2095 2154 2118 v.
2174 2082 2263 2118 268.

1241 2139 1372 2177 Verba
1405 2139 1428 2175 l.
1459 2139 1484 2175 6
1513 2152 1569 2188 sq.
1599 2138 1885 2176 διαλελοίπασι-
1902 2138 1949 2176 ad
1972 2153 2006 2175 v.
2029 2140 2102 2175 268
2125 2141 2264 2177 iterum

1243 2199 1354 2248 ponit
1367 2201 1425 2243 V.‚
1443 2197 1704 2234 διαλελοίπασιν
1724 2197 1783 2234 καὶ
1804 2197 1904 2249 χορὸς
1931 2197 2080 2248 ἐγεγόνει
2105 2196 2266 2248 λέγοντος

1241 2259 1344 2294 τοῦτο
1383 2258 1443 2293 τοῦ
1468 2254 1648 2293 Διονύσου.
1679 2256 2006 2306 Parachoregema
2037 2257 2076 2293 in
2106 2257 2265 2295 chorum

1244 2316 1384 2353 mutari
1402 2315 1495 2352 dicit
1519 2315 1735 2352 scholiasta.
1753 2318 1918 2352 Dmn.—
1937 2317 1958 2351 6
1976 2314 2096 2365 γέγονε
2112 2321 2166 2354 Μ.
2185 2342 2226 2348 -
2244 2332 2262 2363 7

1245 2373 1408 2415 Διόνυσος
1429 2371 1540 2423 λέγων
1563 2372 1649 2410 libri
1677 2382 1816 2424 praeter
1837 2377 1881 2411 R.

1300 2434 1389 2478 260,
1411 2447 1434 2482 9
1452 2432 1596 2469 ούναται
1620 2436 1666 2470 R.
1695 2431 1773 2470 ὅσον
1802 2432 1945 2478 δύνηται
1975 2438 2020 2471 G.
2054 2434 2195 2486 ἐξισχύῃ
2224 2440 2266 2471 G.

1246 2491 1397 2542 ἐξισχύει
1414 2494 1460 2528 V.
1477 2489 1653 2542 εξισγύσει
1670 2494 1714 2528 R.

1301 2552 1389 2587 263.
1410 2550 1563 2587 Scholia
1580 2551 1741 2588 menica
1758 2550 1820 2588 hic
1848 2560 1884 2588 et
1906 2566 1941 2589 v.
1965 2554 2038 2601 269
2056 2566 2129 2589 om.
2149 2554 2194 2591 Θ.
2215 2557 2264 2591 Μ.

1301 2608 1388 2655 268,
1415 2623 1460 2658 19
1477 2610 1639 2646 σιωπῶσι
1653 2608 1772 2646 λοιπὸν
1791 2610 1821 2646 οἱ
1838 2610 1922 2647 Ald.

1302 2668 1396 2716 269,
1424 2673 1471 2708 24
1500 2671 1595 2718 Reg.
1626 2667 1696 2717 μξ’,
1725 2668 1830 2718 quod
1856 2671 1998 2707 recenti
2018 2684 2132 2707 manu
2152 2671 2189 2707 in
2212 2686 2259 2719 μη

1248 2734 1448 2763 mutatum.
1464 2749 1504 2756 -—
1521 2739 1569 2775 29
1596 2729 1686 2763 παῦε
1702 2730 1755 2763 Μ.
1775 2727 1982 2779 παραὸαλοῧ
2010 2727 2045 2764 δὲ
2066 2728 2178 2764 ideni.
2198 2743 2269 2764 πα-

1250 2783 1443 2836 ραέἱαλοῧσι
1460 2787 1504 2822 V.
1524 2785 1572 2822 Θ.
1590 2784 1862 2837 παραὸάλλουσι
1882 2790 1928 2823 R.
1950 2786 2120 2836 πλοιαρίῳ
2138 2790 2185 2823 G.

1304 2856 1394 2911 270,
1416 2843 1462 2878 35
1481 2840 1535 2878 ὅτι
1555 2855 1632 2880 om.
1652 2846 1719 2889 Μ.,
1737 2843 1803 2893 qui
1835 2844 1883 2880 36
1901 2845 2088 2894 ἀρσενικῶς
2107 2858 2192 2895 φησι
2211 2844 2268 2880 καὶ

1248 2901 1326 2952 οὐχὶ
1346 2899 1386 2937 τὸ
1399 2900 1538 2938 ναῖὶον.
1557 2915 1617 2937 και
1635 2899 1734 2953 παρὰ
1757 2906 1829 2943 τοῖς
1857 2899 2159 2951 μεταγενεστέροις
2186 2904 2268 2950 ἡμῖν

1249 2976 1270 3005 η
1292 2960 1416 3001 ναυλος
1433 2973 1494 3003 της
1512 2958 1607 3000 νεώς.
1625 2962 1672 2995 V.
1697 2959 1784 2996 Ald.
1803 2958 1880 2994 ἀλλ’
1899 2973 1991 3009 ουγι.
2003 2959 2102 3004 -37
2127 2974 2199 2996 εστι
2224 2962 2267 2997 R.

1250 3020 1296 3057 Θ.
1312 3017 1364 3055 ὅτι
1384 3017 1470 3055 Ald.
1484 3016 1647 3053 «Addidi
1664 3017 1824 3053 alterum
1841 3019 1862 3061 4
1878 3017 2012 3061 ναῧλος,
2026 3017 2129 3066 quod
2146 3018 2272 3055 Suidae

1252 3088 1407 3127 quoque
1450 3074 1728 3111 restituendum
1770 3087 1799 3110 s.
1843 3074 1992 3115 Ναῦλος.
2034 3078 2100 3112 Est
2140 3088 2272 3113 versus

1252 3143 1376 3185 poetae
1402 3133 1537 3183 ignoti.
1557 3150 1573 3166 »
1600 3136 1719 3170 Dlxn.
1741 3156 1781 3162 -
1797 3133 1845 3181 39
1860 3132 1915 3169 διὰ
1931 3131 1991 3170 δύο
2013 3133 2055 3170 R.
2087 3135 2212 3172 Ceteri
2237 3150 2272 3171 εν

1252 3198 1323 3236 τοῖς
1346 3191 1418 3229 δύο.
1435 3219 1475 3224 --
1492 3198 1540 3235 40
1570 3189 1709 3239 λέγεται
1735 3191 1793 3227 καὶ
1823 3189 1912 3228 οὕτω
1938 3192 2084 3229 ναῧλλον
2106 3196 2203 3230 R.—
2222 3198 2268 3236 41

1253 3251 1357 3306 ιᾍδου
1372 3249 1439 3302 γὰρ
1464 3254 1503 3286 V.

1308 3311 1397 3352 280,
1429 3314 1447 3351 4
1474 3307 1550 3344 ἀλλ’
1567 3321 1642 3345 0111.
1667 3311 1713 3346 R.

1309 3369 1398 3411 282,
1420 3380 1439 3411 7
1463 3365 1547 3416 πρὸς
1560 3366 1602 3402 τὰ
1620 3368 1704 3405 Ald.
1723 3367 1900 3406 Scholion
1926 3381 1998 3404 om.
2021 3372 2066 3405 R.
