2485 3808
898 176 1162 215 SCHOLIA
1198 177 1255 216 IN
1294 178 1454 217 AVES.

121 284 251 320 μαχος,
268 265 365 322 ἧκεν,
386 265 498 305 ἐώκει.
519 265 647 319 ὄρτυγα
669 265 703 304 δὲ
724 265 834 317 λέγει,
854 266 906 304 ὅτι
925 267 1154 320 ὀρτυγοκόπος

119 321 176 375 ῆν,
203 327 282 378 περὶ
301 320 340 362 οἷ
362 324 576 376 προείρηται.
603 324 742 376 φέρεται
763 324 798 362 δὲ
819 325 853 361 ἐν
874 328 942 368 τοῖς
962 325 1152 372 πλείστοις,

118 384 186 421 ὑπὸ
207 383 465 435 στυφοκόμπου.
487 381 547 420 καὶ
573 382 678 435 σαφὲς
697 382 793 420 οὐδέν
813 385 904 420 ἐστιν
926 384 1048 435 εὑρεῖν.
1069 386 1154 421 Διο-

118 442 229 485 νύσιος
254 441 289 478 δὲ
309 444 326 478 ὁ
348 440 514 493 Ζώπυρος
539 439 681 493 γράφει,
707 443 764 478 ὑπ’
789 442 1069 493 ὀρτυγοκόμπου,
1095 441 1153 478 καὶ

82 513 97 538 5
118 499 288 550 ἐξηγεῖτο,
303 498 356 537 ὅτι
373 498 524 550 ἔγκειται
542 498 581 536 τὸ
599 515 635 549 μ.
654 499 743 537 θέλει
763 499 830 552 γὰρ
849 502 956 537 εἰπεῖν
976 502 1044 537 τῶν
1060 501 1155 551 ὀρτυ-

115 557 316 608 γοκόμπων,
332 557 407 595 ε’πεὶ
423 556 484 594 καὶ
501 556 600 599 αὐτὸς
616 559 684 594 τῶν
701 557 993 610 ὀρτυγοκόμπων.)

170 628 249 654 1299.
269 613 526 668 [στυρόκομπος
543 617 560 652 ὁ
575 612 729 666 μάχιμος
748 615 860 667 ὄρτυξ.
881 616 978 668 παρὰ
1008 614 1047 652 τὸ
1075 629 1154 652 στε·

117 675 200 726 ρεῶς
224 672 375 711 κόπτειν.
406 673 528 723 (ὄνομα
548 672 663 725 ὀρνέου
690 673 833 724 ἔπλασε)
857 673 953 726 παρὰ
980 673 1019 710 τὸ
1044 672 1154 710 κολά-

115 747 213 769 πτειν
227 730 291 778 τὴν
307 729 474 784 κεφαλὴν,
495 730 513 768 ὃ
533 730 716 780 συμὸαίνει
733 732 802 774 τοῖς
826 731 988 783 ὄρτυξιν.]

64 802 98 827 10
171 803 249 829 1301.
279 790 364 827 ὅπου
381 789 527 840 χελιδὼν
549 803 558 828 2
578 791 638 832 Εἰς
656 788 701 826 τὰ
714 789 911 840 Σιμωνίδου
930 789 1019 839 μέλη
1041 787 1151 825 αἷνίτ-

113 863 210 886 τεται
227 866 241 880 n
263 846 392 886 κυανέα
411 845 593 898 χελιδώνα·

169 919 247 945 1302.
260 905 299 957 [ἢ
310 905 469 958 πηνέλοψ
482 918 492 944 2
504 904 550 944 ‘O
559 904 716 957 πηνέλοψ
727 905 832 956 νήττῃ
844 905 906 955 μέν
922 906 1012 942 ἐστιν
1023 903 1151 953 ὅμοιον,

113 970 318 1017 περιστερᾶς
338 963 376 1001 δὲ
392 962 543 1013 μέγεθος.
556 961 731 1012 μέμνηται
753 961 789 999 δὲ
803 963 909 999 αὐτοῦ
935 960 1152 1012 Στησίχορος

113 1023 177 1060 καὶ
198 1021 347 1065 Ἴὸυιος.
403 1019 547 1063 Ἄλλως.
564 1019 609 1057 τὰ
626 1018 687 1070 μὲν
700 1019 791 1057 ἄλλα
806 1021 840 1057 ἐν
854 1019 1150 1072 συμπληρώματι.

63 1094 97 1119 1⁶
113 1083 134 1118 ὃ
148 1078 185 1118 δὲ
199 1079 355 1132 πηνέλοψ
375 1077 499 1129 μείζων
520 1076 582 1126 μὲν
601 1076 624 1122 ἢ
637 1076 729 1114 κατὰ
742 1079 882 1124 νῆτταν,
897 1076 1012 1127 ὅμοιος
1032 1076 1096 1128 δέ]

168 1151 247 1176 1303.
275 1135 298 1182 ἢ
317 1136 483 1188 πτέρυγες
503 1134 526 1181 ἢ
551 1135 704 1187 (πτεροῦ)
736 1150 769 1172 τι
797 1135 856 1172 καὶ
876 1134 962 1173 ὅπου
992 1135 1094 1187 μέρος
1117 1151 1150 1172 τι

111 1199 238 1249 πτεροῦ
256 1194 279 1241 ἢ
315 1193 433 1246 μόριον
464 1192 581 1246 ὀρνέου
615 1196 770 1246 ὑπῆρχεν
804 1195 838 1232 ἐν
858 1193 1047 1244 ποιήματι,
1068 1189 1150 1246 ᾖδον

111 1252 208 1292 αὐτό.

164 1325 244 1351 1309.
275 1304 349 1362 (τὰς
369 1309 530 1363 ἀρρίχους
556 1323 565 1349 :
587 1308 639 1348 Τὸ
665 1325 692 1362 χ
710 1309 767 1347 διὰ
785 1309 825 1347 τὸ
854 1311 1011 1357 θηλυκῶς
1042 1311 1149 1347 εἰπεῖν

59 1385 93 1410 20
110 1369 170 1414 τὰς
191 1368 372 1423 ἀρρίχους,
396 1371 418 1415 ἡ
441 1368 584 1422 ἀρρίχη.
611 1368 814 1419 ἐξηγοῦνται
833 1368 869 1406 δέ
891 1384 979 1412 τινες
998 1368 1148 1420 κόφινον.

109 1429 257 1479 ἡγητέον
274 1423 331 1466 οὖν
349 1429 387 1466 ἐκ
417 1426 478 1477 μὲν
498 1431 557 1465 τοῦ
579 1428 681 1465 αὐτοῦ
712 1426 827 1477 γένους
856 1421 962 1474 εἶναι,
989 1427 1149 1480 διάφορον

109 1487 147 1525 δέ
171 1503 216 1525 τι.
238 1486 377 1538 λέγουσι
407 1485 442 1524 δὲ
463 1485 522 1523 καὶ
538 1489 596 1522 νῦν
613 1485 780 1537 σωράκων
800 1501 833 1523 τι
853 1479 938 1529 εἶδος
961 1485 1149 1538 ἀρρίχους.)

166 1559 245 1585 1310.
275 1548 385 1583 ταῦτα
406 1543 491 1596 πρὸς
515 1543 573 1581 τὸν
594 1546 720 1589 Μανῆν
736 1543 841 1593 λέγει.
864 1545 910 1586 εἷς
926 1543 964 1581 τὸ
988 1547 1150 1596 χορηγεῖν

110 1607 180 1647 τοῖς
207 1602 426 1656 βουλομένοις
451 1604 689 1655 ὀρνιθωθῆναι.
710 1608 749 1638 Β.
779 1602 957 1655 [ἐμπίπλη
987 1605 1120 1655 πτερῶν
1141 1616 1149 1641 t

57 1682 92 1706 25
113 1662 209 1715 Πρὸς
227 1662 266 1700 τὸ
288 1663 450 1712 χορηγεῖν
479 1662 550 1703 τοῖς
583 1659 801 1711 βουλομένοις
833 1662 1057 1712 ὀρνιθωθῆναι
1082 1663 1150 1698 τῶν

109 1719 299 1772 ἀνθρώπων
319 1718 454 1772 εἴρηται
472 1722 595 1756 ταῦτα.
678 1717 820 1761 Ἄλλως.
845 1717 1039 1770 ἐμπίπλη]
1062 1719 1152 1768 (Ἀτ-

108 1777 214 1816 τικόν.
235 1773 277 1824 ῆν
296 1777 364 1830 γὰρ
382 1776 421 1814 τὸ
437 1776 548 1814 κοινὸν
569 1775 638 1813 ἀπὸ
654 1779 714 1814 τοῦ
732 1776 888 1826 πίπλημι
912 1775 1061 1815 πίπλαθι
1073 1807 1082 1824 ,
1106 1780 1152 1821 ὡς

107 1835 232 1874 ἴσταθι.
250 1834 366 1885 ὅμοιον
383 1833 420 1871 δέ
436 1834 581 1872 ἐστικαὶ
603 1833 642 1871 τὸ

358 1926 495 1966 Κύκλωψ
510 1929 548 1963 τῆ
559 1925 610 1957 πίε
624 1925 718 1965 οἶνον,
732 1943 764 1949 -

56 2017 91 2044 30
107 2001 204 2055 παρὰ
217 2003 267 2055 τῷ
284 2003 412 2053 ποιητῇ
431 2007 506 2048 [Οᾶ.
527 2010 561 2052 1,
579 2006 659 2048 347].
690 2001 838 2039 Ἀττικοὶ
855 2002 922 2054 γὰρ
944 2003 982 2040 οὗ
1002 2002 1150 2055 τρέπου-

108 2076 161 2099 σιν
196 2060 254 2098 ἐπὶ
289 2063 358 2098 τῶν
394 2062 440 2103 εἷς
473 2076 513 2110 μι
542 2060 582 2097 τὸ
617 2076 643 2110 μ
671 2061 718 2103 εἷς
751 2060 790 2098 τὸ
827 2064 844 2098 θ
879 2063 913 2099 ἐν
943 2063 1014 2104 τοῖς
1041 2077 1151 2114 προσ-

106 2119 300 2165 τακτικοῗς,
325 2118 386 2156 καὶ
411 2118 637 2156 συστέλλουσι
664 2117 727 2164 τὴν
754 2118 1028 2169 παραλήγουσαν
1061 2123 1106 2163 ὡς
1127 2123 1148 2166 ἡ

106 2175 225 2223 κοινὴ,
244 2175 369 2226 ἵστημι
390 2175 528 2222 ῗσταθι,
556 2176 616 2213 καὶ
638 2175 825 2226 πίμπλημι
844 2176 1039 2226 πίμπλαθι,
1060 2179 1150 2216 ἀλλὰ

107 2234 240 2272 τελείαν
260 2233 437 2280 ἀποὸολὴν
456 2237 518 2280 τῆς
542 2249 581 2283 μι
609 2233 808 2284 ποιούμενοι
826 2234 967 2284 πίμπλη
989 2235 1047 2272 καὶ
1069 2235 1148 2284 ἵστη

55 2307 89 2333 35
110 2293 280 2343 λέγουσιν,
300 2291 418 2344 ὥσπερ
437 2292 497 2330 καὶ
518 2291 660 2330 ἀπὸτοῦ
676 2295 762 2343 τῆμι
776 2293 814 2330 τὸ
830 2294 904 2343 τῆ.)
926 2316 978 2321 ——
993 2294 1147 2345 γέμισον.

108 2350 181 2388 ἔστι
200 2349 236 2387 δὲ
256 2350 431 2394 Ἀττικῶς.
447 2364 484 2393 R.

161 2421 242 2447 1313.
272 2407 379 2461 [ταχὺ
403 2408 432 2446 δ’
454 2407 496 2446 ἂν
521 2407 721 2461 πολυάνορα
750 2423 758 2447 2

105 2466 261 2517 περίοδος
289 2465 397 2504 ἔοικεν
421 2465 551 2504 ἐκθέσει
571 2467 713 2513 διπλῆς,
734 2466 857 2504 κώλων
883 2463 969 2504 οὖσα
998 2472 1148 2506 ἀναπαι-

106 2526 233 2562 στικῶν
254 2524 315 2563 καὶ
339 2524 513 2576 ἶαμὸικῶν
530 2525 583 2570 ιζ’.
600 2519 647 2562 ὧν
673 2525 712 2562 τὸ
737 2528 872 2578 πρῶτον
896 2527 1147 2565 ἀναπαιστικὸν

38 2594 90 2630 ,40
107 2581 264 2635 δίμετρον
294 2583 549 2630 ἀκατάληκτον.
578 2583 618 2621 τὸ
649 2583 679 2635 β’
709 2583 872 2633 ἷαμὲικὸν
899 2583 1057 2637 δίμετρον
1080 2602 1148 2624 κα-

105 2639 325 2688 ταληκτικὸν,
350 2640 428 2687 ἤτοι
451 2640 698 2694 ἑφθημιμερὲς,
723 2641 742 2679 ὃ
760 2644 920 2681 καλεῖται
949 2643 1148 2697 Ἀνακρεόν-

106 2712 207 2736 τειον.
237 2697 278 2736 τὸ
311 2698 344 2749 γ’
365 2697 495 2750 ὅμοιον.
520 2699 560 2737 τὸ
585 2700 614 2737 δ’
635 2699 752 2750 ὅμοιον
772 2703 822 2752 τῷ
845 2701 891 2740 α’.
917 2701 956 2739 τὸ
984 2702 1009 2739 ε’
1031 2702 1147 2752 ὅμοιον

105 2756 156 2806 τῷ
168 2754 215 2805 β’.
232 2754 273 2792 τὸ
284 2754 314 2797 ς’
332 2756 392 2793 καὶ
406 2756 445 2794 τὸ
458 2757 488 2802 ζ’
503 2757 739 2796 ἀναπαιστικὰ
753 2762 1006 2811 πενθημιμερῆ.
1034 2760 1078 2798 τὰ
1100 2762 1147 2808 η’,

107 2812 147 2858 θ’,
168 2812 213 2861 ιγ’
231 2811 334 2863 ὅμοια
360 2815 410 2866 τῷ
430 2814 477 2862 α’,
494 2814 538 2853 τὰ
557 2816 586 2853 δ’
607 2815 698 2853 ἄλλα
718 2819 768 2868 τῷ
787 2816 831 2867 β’.
851 2818 908 2856 ἐπὶ
931 2821 982 2871 τῷ
1006 2819 1097 2857 τέλει
1111 2823 1147 2858 αἱ

54 2880 89 2908 45
109 2868 262 2916 συνήθεις
281 2870 432 2923 διπλαῖ]

163 2940 244 2966 1316.
277 2929 363 2977 ἐμᾶς
386 2929 542 2974 πο’λεως;
569 2932 692 2970 Λείπει
714 2933 923 2986 ἀνθρώπους.
957 2934 1056 2973 ἕνεκα
1084 2939 1146 2983 τῆς

106 2984 239 3029 πόλεως
261 2988 323 3032 τῆς
348 2987 455 3037 ἐμῆς,
484 2989 586 3040 φησὶ,
615 2990 822 3043 κατέχουσιν
851 2994 882 3030 οἱ
917 2992 1041 3046 ἔρωτες
1070 2994 1146 3038 τοὺς

108 3043 326 3097 ἀνθρώπους,
359 3044 435 3083 ἀντὶ
463 3049 542 3094 τοῦ,
568 3049 691 3100 ἐρῶσιν
717 3052 749 3088 οἱ
775 3050 949 3104 ἄνθρωποι
974 3054 1036 3099 τῆς
1059 3055 1146 3103 ἐμῆς

106 3102 250 3146 πόλεως.

56 3174 91 3198 50
161 3173 242 3200 1317.
273 3162 407 3211 (θᾶττον
434 3161 547 3214 φέρειν
578 3163 699 3207 τΤοὺς
716 3166 872 3218 κοφίνους
899 3170 968 3206 τῶν
993 3172 1143 3221 πτερῶν.

107 3217 212 3264 δῆλον
231 3217 267 3256 δὲ
286 3217 338 3257 ὅτι
356 3222 466 3257 ταῦτα
487 3218 572 3271 πρὸς
587 3219 645 3257 τὸν
665 3223 816 3273 Μανῆν.)

161 3289 239 3314 1333.
259 3276 308 3320 ὣς
332 3278 507 3328 βλακικῶς
528 3291 536 3316 t
557 3277 648 3316 Ἀντὶ
668 3283 726 3317 τοῦ
747 3281 910 3332 βραδέ(·)ς.
934 3284 1142 3321 Πεισθέται-

112 3347 166 3384 ρος
183 3334 268 3386 πρὸς
286 3334 344 3373 τὸν
367 3337 502 3381 Μανῆν.
1140 3345 1143 3347 ’

789 2407 834 2446 ‘H
859 2408 1029 2458 ἀμοιὸαία
1060 2410 1147 2457 αὕτη

2168 196 2240 230 239

1265 281 1342 307 1326.
1373 269 1414 306 σὺ
1436 269 1464 307 δ’
1488 265 1583 312 αὖτις
1601 270 1727 324 ἐξόρμα
1757 285 1766 310 :
1789 272 2012 327 Ἀποστρέφει
2031 276 2088 314 τὸν
2109 278 2208 328 λόγον
2225 283 2243 318 ὁ

1208 326 1308 378 χορὸς
1326 327 1412 379 πρὸς
1426 327 1483 365 τὸν
1503 328 1745 380 Πεισθέταιρον
1766 330 1915 368 εἰσιόντα
1936 333 2066 378 ἐπεῖξαι
2081 335 2137 373 τὸν
2154 338 2244 375 οἰκέ-

1208 399 1283 430 την.
1304 384 1342 422 τὸ
1362 384 1396 422 δὲ
1414 385 1489 431 ἑξῆς
1509 385 1601 438 ὅρμα
1620 387 1720 424 αὐτὸν
1740 388 1816 427 ὡδί.

1265 454 1342 480 1329.
1373 444 1498 489 Μανῆς
1526 443 1593 496 γάρ
1622 447 1694 482 ἐστι
1715 446 1824 489 δειλός
1853 459 1862 485 2
1890 447 2143 501 Ἀποφαντικῶς
2170 452 2245 490 ἀντὶ

1208 503 1267 537 τοῦ
1286 500 1444 543 δείλαιος.
1473 502 1557 553 πρὸς
1578 502 1681 540 ἄλλον
1703 502 1738 540 δὲ
1757 504 1848 554 λέγει
1868 504 2006 544 τύπτων
2026 508 2082 546 τὸν
2104 511 2243 556 Μανῆν.
2265 521 2281 545 ⁶

1208 557 1371 608 {etam-:mc
1389 558 1425 595 δὲ
1444 563 1570 611 χοροῦ,
1599 560 1751 612 ἐπῳδικὴ
1773 561 1835 611 μὲν
1857 563 1914 600 διὰ
1933 564 1972 602 τὸ
1991 565 2081 614 μετὰ
2107 567 2169 613 τὴν
2190 569 2243 605 δι-

1207 616 1299 661 πλῆν
1317 615 1489 663 τίθεσθαι,
1505 617 1682 669 προῳδικὴ
1703 618 1739 655 δὲ
1758 618 1817 655 διὰ
1835 619 1875 657 τὸ
1893 622 2114 673 προτίθεσθαι
2128 624 2247 677 ἑτέρας

1207 671 1387 724 περιόδου,
1402 672 1525 711 κώλων
1539 676 1803 714 ἀναπαιστικῶν
1818 678 1860 716 ε’.
1877 672 1926 715 ῶν
1940 678 1985 716 τὰ
2004 681 2050 727 α’,
2071 682 2101 732 β’
2119 687 2245 730 πενθη-

1208 733 1351 782 μιμερῆ.
1372 729 1414 768 τὰ
1436 730 1480 781 γ’,
1502 733 1529 769 δ’
1549 731 1694 785 δι’μετρα
1716 734 1957 781 ἀκατάληκτα.
1979 737 2018 774 τὸ
2037 738 2061 774 ε’
2083 740 2244 788 ἷαμὸικὸν

1207 788 1449 840 ἑφθημιμερές.
1470 790 1504 826 ἐν
1526 790 1656 827 ἐκθέσει
1677 790 1713 828 δὲ
1731 791 1899 844 τρίμετρα
1920 793 1992 833 δύο.
2013 794 2069 832 ε’πὶ
2089 799 2137 847 τῷ
2156 797 2245 835 τέλει
2268 815 2296 839 1c

1207 844 1380 897 κοριι)νίς.]

1261 916 1338 941 1331.
1353 902 1465 947 διάθες
1477 903 1558 942 τάδε
1570 905 1690 959 κόσμῳ
1702 920 1710 945 :
1722 906 1812 946 Ἀντὶ
1825 911 1884 945 τοῦ
1897 908 2067 961 διάκρινον
2080 909 2123 947 τὰ
2137 911 2245 962 πτερὰ

1205 960 1296 998 κατὰ
1317 961 1411 1006 τάξιν
1432 961 1569 1015 ἑκάστῳ
1595 964 1692 1017 ἀνδρὶ
1713 966 1998 1018 προσοικειώσας.
2028 969 2190 1016 (μουσικὰ
2211 970 2246 1008 δὲ

1206 1017 1309 1069 λέγει)
1330 1019 1463 1057 κύκνων
1483 1020 1543 1076 κα).
1563 1021 1731 1069 ἀηδόνων,
1752 1022 1804 1060 ὅτι
1829 1023 1984 1073 μάλιστα
2005 1024 2141 1078 εὔφωνά
2161 1029 2246 1065 ἐστι.

1207 1075 1357 1126 μαντικὰ
1383 1076 1418 1114 δὲ
1444 1078 1603 1130 κοράκων
1621 1079 1680 1116 καὶ
1702 1082 1810 1118 ἀετῶν
1831 1081 1890 1118 καὶ
1909 1084 1976 1119 τῶν
1995 1083 2136 1130 λοιπῶν,
2157 1083 2246 1128 ὅσοις
2268 1101 2298 1126 15

1205 1134 1406 1178 οἷωνίζεται.
1434 1136 1614 1186 (θαλάττια
1635 1137 1684 1188 δὲ)
1707 1139 1823 1191 λάρων
1850 1139 1909 1176 καὶ
1929 1142 2069 1178 αἷθυιῶν
2094 1142 2154 1179 καὶ
2179 1145 2247 1180 τῶν

1205 1192 1347 1242 ὁμοίων.

1260 1264 1339 1289 1333.
1368 1251 1461 1295 ὅπως
1479 1252 1662 1305 πτερώσῃς
1682 1254 1826 1292 ἕκαστον
1845 1255 2030 1307 ἁρμοδίως.
2050 1264 2089 1294 R.
2110 1265 2150 1294 V.

1260 1322 1340 1348 1335.
1369 1308 1462 1348 οὗτοι
1483 1310 1536 1360 μὰ
1556 1310 1617 1355 τὰς
1636 1314 1831 1364 κερχνῇδας
1852 1326 1860 1351 :
1883 1315 1916 1351 Τ
1918 1312 2034 1351 ύπτων
2054 1314 2111 1352 τὸν
2129 1316 2246 1354 δοῦλον

1205 1365 1262 1404 τὸν
1281 1369 1406 1414 Μανῆν
1424 1371 1536 1405 ταῦτα
1555 1368 1649 1419 λέγει
1669 1372 1686 1406 ὃ
1703 1369 1961 1423 Πεισθέταιρος.
1980 1394 2024 1398 -
2039 1372 2218 1423 σχήσομαι
2236 1387 2244 1412 :
2266 1388 2301 1413 2⁰

1207 1424 1397 1475 Ἀνέξομαι.
1422 1434 1456 1463 R.
1483 1434 1563 1465 sict.

1261 1495 1338 1521 1337.
1377 1485 1540 1534 γενοίμαν
1569 1484 1665 1527 ἀετὸς
1694 1499 1702 1524 :
1735 1485 1915 1538 [Εἴσθεσις
1940 1487 2057 1539 ἑτέρας
2084 1488 2245 1540 περιόδου

1206 1540 1326 1578 κώλων
1346 1541 1406 1579 καὶ
1431 1542 1559 1593 στίχων
1577 1542 1639 1587 λζ’.
1661 1537 1708 1580 ὧν
1727 1543 1771 1581 τὰ
1798 1545 1831 1581 α’
1853 1544 1912 1582 δύο
1937 1547 2175 1584 ἀναπαιστικὰ
2195 1547 2249 1584 δί-

1207 1613 1316 1649 μετρα
1341 1598 1586 1645 ἀκατάληκτα.
1610 1600 1649 1638 τὸ
1672 1601 1787 1654 τρίτον
1816 1602 1979 1652 ἷαμὸικὸν
2003 1605 2247 1657 ἑφθημιμερές.

1205 1656 1244 1694 τὸ
1260 1659 1291 1702 ς’
1314 1659 1424 1694 κῶλον
1449 1657 1660 1711 μονόμετρον
1685 1661 2033 1711 βραχυκατάληκτον.
2055 1665 2086 1700 οἱ
2103 1662 2131 1699 δ’
2152 1663 2249 1701 ἄλλοι
2269 1682 2301 1706 25

1205 1712 1392 1767 τρίμετροι.
1417 1715 1475 1752 ἐπὶ
1493 1717 1567 1759 ταῖς
1587 1717 1773 1754 ἀποθέσεσι
1794 1718 1853 1755 καὶ
1875 1721 1925 1771 τῷ
1950 1719 2041 1756 τέλει
2060 1719 2248 1773 παράγρα-

1206 1772 1296 1825 ςρος]
1317 1774 1351 1810 ἐν
1378 1773 1448 1816 τοῖς
1468 1774 1760 1827 Καλλιστράτου,
1787 1780 1898 1813 ταῦτα
1924 1776 1958 1820 ἐξ
1985 1778 2163 1827 Οἰνομάου
2190 1783 2248 1817 τοῦ

1207 1829 1434 1883 Σοφοκλέους.
1457 1830 1616 1883 πρόσεισι
1636 1832 1853 1884 πατραλοίας
1874 1833 2032 1879 ἀκηκοὼς
2051 1833 2094 1872 τὰ
2110 1838 2144 1874 ἐν
2161 1836 2250 1888 ὅρνι-

1206 1904 1259 1926 σιν
1279 1888 1431 1938 νόμιμα,
1454 1889 1507 1927 ὅτι
1532 1889 1604 1933 ἐξὸν
1629 1890 1686 1927 τὸν
1707 1890 1844 1944 πατέρα
1868 1891 2018 1930 τύπτειν.
2039 1918 2084 1923 -
2103 1892 2196 1945 λέγει
2215 1894 2250 1933 δὲ

1206 1949 1318 1983 ταῦτα
1341 1946 1396 1998 ὑφ’
1416 1948 1541 1993 ἡδονῆς
1560 1950 1577 1985 ὃ
1596 1948 1836 2002 παμπόνηρος.
1856 1956 1893 1986 Β.
2267 1971 2300 1997 3⁴1

1260 2017 1337 2043 1338.
1363 2004 1550 2056 ἀτρυγέτου
1580 2019 1588 2044 :
1612 2005 1786 2059 Ἁκάρπου
1808 2007 1866 2046 ἐπὶ
1889 2007 2048 2047 ἀὸύσσου
2068 2009 2126 2047 καὶ
2146 2010 2250 2056 ἠπεί-

1207 2077 1276 2114 ρου.
1305 2068 1388 2100 Vict.

1261 2133 1340 2158 1339.
1369 2120 1494 2170 λίμνας
1514 2133 1523 2159 2
1552 2121 1624 2159 Καὶ
1644 2116 1740 2165 οἶτος
1764 2121 1890 2172 λίμναν
1909 2122 1971 2169 τὴν
1993 2124 2170 2163 θάλασσαν
2200 2126 2248 2163 εἴ-

1208 2194 1324 2231 ρηκεν.

1261 2250 1341 2276 1340.
1372 2238 1409 2274 οὐ
1427 2237 1663 2289 ψευδαγγελὴς
1681 2251 1690 2276 :
1706 2240 1759 2277 Οὐ
1781 2239 1889 2291 ψευδῆ
1907 2240 2176 2290 ἀπηγγελκέναι.
2196 2266 2248 2271 —
2267 2260 2302 2285 35

1206 2295 1324 2341 ἐπειδὴ
1345 2296 1378 2332 ἓν
1405 2301 1475 2338 τοῖς
1497 2295 1674 2348 προτέροις
1695 2296 1760 2349 ἔφη
1787 2300 1805 2334 ὃ
1829 2297 1971 2349 ἅγγελος
1992 2299 2138 2344 πολλοὺς
2158 2300 2248 2347 ἥξειν

1205 2352 1415 2405 ἀνθρώπους.
1439 2360 1479 2391 V.

1261 2424 1339 2449 1342.
1370 2410 1464 2448 αἰδοῖ
1491 2424 1499 2448 :
1521 2412 1574 2450 Οὔ
1594 2410 1696 2461 μόνον
1722 2412 1779 2449 ἐπὶ
1805 2414 2042 2464 σχετλιασμοῧ
2065 2415 2105 2453 τὸ
2132 2416 2247 2467 αἰδοῖ,

1205 2468 1295 2507 ἀλλὰ
1310 2468 1370 2506 καὶ
1389 2468 1445 2505 ἐπὶ
1461 2469 1603 2514 ἡδονῆς,
1620 2471 1665 2512 ὡς
1681 2470 1741 2507 καὶ
1762 2473 1834 2509 ν’ὗν.

1259 2528 1332 2577 (οὐκ
1355 2526 1447 2564 ἔστιν
1473 2526 1568 2564 οὐδὲν
1594 2531 1655 2565 τοῦ
1680 2527 1845 2567 πέτεσθαι
1871 2544 1880 2569 :
1904 2529 2007 2568 Μετὰ
2027 2535 2148 2569 τοῦτον
2176 2532 2249 2576 ἑνὸς
2266 2552 2299 2576 40

1204 2585 1325 2636 στίχου
1363 2584 1504 2637 φέρουσί
1538 2601 1626 2629 τινες
1661 2586 1874 2637 διάλειμμα,
1908 2589 1969 2626 καὶ
2002 2589 2247 2643 Ἀριστοφάνης

1202 2643 1379 2696 πλήρωμα
1396 2642 1502 2686 οὕτως
1882 2642 1893 2657 ⁸

1326 2734 1385 2776 ἐρῶ
1401 2735 1426 2766 δ’
1441 2735 1502 2775 ἐγώ
1516 2746 1544 2766 τι
1560 2739 1621 2766 τῶν
1638 2736 1668 2767 ἐν
1685 2736 1800 2777 ὄρνισιν
1812 2738 1949 2779 νομῶν.)

1258 2835 1338 2860 1346.
1367 2822 1491 2861 πολλοὶ
1515 2822 1581 2875 γὰρ
1602 2823 1742 2876 ὀρνίθων
1765 2838 1773 2863 :
1796 2827 1912 2868 Γῦπες
1932 2823 1998 2877 γὰρ
2017 2825 2076 2863 καὶ
2098 2826 2242 2878 κόρακες

1201 2879 1281 2931 περὶ
1300 2879 1441 2932 νεκροὺς
1459 2880 1639 2931 νέμονται,
1654 2883 1684 2919 οἱ
1701 2881 1736 2919 δὲ
1752 2882 1853 2935 λάροι
1867 2883 1928 2928 τὴν
1943 2882 2129 2920 θάλατταν.
2143 2883 2243 2926 ποίας
2258 2899 2294 2924 45

1201 2932 1258 2975 οὖν
1276 2941 1384 2988 νομῆς
1402 2941 1469 2976 τῶν
1486 2938 1644 2985 πλησίων
1666 2941 1860 2990 ε’πιθυμεῖς;

1257 3009 1336 3035 1348.
1367 2999 1413 3039 ὡς
1438 2997 1652 3048 πατραλοίας
1676 3000 1794 3035 τοῦτον
1819 2996 2028 3050 ἀποδέχεται
2047 2997 2105 3037 τὸν
2123 2998 2240 3050 νόμον.

1200 3058 1346 3092 τοιοῦτοι
1364 3054 1399 3092 δὲ
1419 3056 1449 3092 οἷ
1470 3054 1704 3107 ἀλεκτρυόνες.
1727 3063 1765 3094 V.

1257 3125 1336 3151 1349.
1366 3111 1424 3149 τὸν
1445 3111 1537 3164 ὄρνιν
1557 3113 1697 3151 ἐκεῖνον.
1719 3122 1759 3150 V.

1256 3183 1335 3209 1350.
1366 3170 1443 3208 ἀντὶ
1463 3174 1523 3209 τοῦ
1542 3170 1701 3217 πλήττει.
1721 3179 1759 3209 R.
1776 3178 1814 3207 V.
2258 3199 2292 3222 50

1256 3241 1336 3267 1352.
1366 3227 1409 3266 τὰ
1429 3228 1598 3282 χρήματα
1622 3230 1740 3268 αὐτοῦ.
1762 3240 1801 3269 V.

1255 3299 1334 3324 1:354.
1364 3287 1398 3324 ἓν
1412 3293 1488 3330 ταῖς
1499 3290 1567 3325 τῶν
1580 3288 1762 3338 πελαργῶν
1776 3287 1939 3340 κύρῧεσιν
1955 3301 1963 3326 :
1980 3287 2130 3339 Κύρὲεις
2145 3291 2236 3340 χαλ-

1200 3347 1262 3381 καῖ
1277 3344 1410 3388 σανίδες
1427 3345 1506 3383 ἔνθα
1520 3345 1597 3388 τοὺς
1610 3346 1733 3395 νόμους
1749 3346 1932 3398 γράφουσι.
1957 3346 2047 3384 κατὰ
2065 3346 2101 3384 δὲ
2118 3347 2236 3391 ένίους,
