<?xml version="1.0" encoding="UTF-8"?>
<!DOCTYPE html PUBLIC "-//W3C//DTD XHTML 1.0 Transitional//EN"
    "http://www.w3.org/TR/xhtml1/DTD/xhtml1-transitional.dtd">
<html xmlns="http://www.w3.org/1999/xhtml" xml:lang="en" lang="en">
 <head>
  <title>
</title>
<meta http-equiv="Content-Type" content="text/html;charset=utf-8" />
  <meta name='ocr-system' content='tesseract 3.04.00' />
  <meta name='ocr-capabilities' content='ocr_page ocr_carea ocr_par ocr_line ocrx_word'/>
</head>
<body>
  <div class='ocr_page' id='page_1' title='image "./scholiagraecaina00dbuoft_0084.png"; bbox 0 0 2533 3808; ppageno 0'>
   <div class='ocr_carea' id='block_1_1' title="bbox 144 248 1526 311">
    <p class='ocr_par' dir='ltr' id='par_1_1' title="bbox 144 248 1526 311">
     <span class='ocr_line' id='line_1_1' title="bbox 144 248 1526 311; baseline -0.004 -12"><span class='ocrx_word' id='word_1_1' title='bbox 144 279 191 311; x_wconf 74' lang='lat'>42</span> <span class='ocrx_word' id='word_1_2' title='bbox 876 248 1124 296; x_wconf 76' lang='lat' dir='ltr'>SCHOLIA</span> <span class='ocrx_word' id='word_1_3' title='bbox 1163 255 1224 293; x_wconf 87' lang='lat' dir='ltr'>IN</span> <span class='ocrx_word' id='word_1_4' title='bbox 1262 256 1526 302; x_wconf 77' lang='lat' dir='ltr'><strong>EQUITES</strong></span> 
     </span>
    </p>
   </div>
   <div class='ocr_carea' id='block_1_2' title="bbox 91 345 1187 1806">
    <p class='ocr_par' dir='ltr' id='par_1_2' title="bbox 91 345 1175 471">
     <span class='ocr_line' id='line_1_2' title="bbox 91 345 1175 418; baseline -0.018 -16"><span class='ocrx_word' id='word_1_5' title='bbox 91 362 95 375; x_wconf 82' lang='grc'><em>’</em></span> <span class='ocrx_word' id='word_1_6' title='bbox 141 362 218 405; x_wconf 90' lang='grc' dir='ltr'>τους</span> <span class='ocrx_word' id='word_1_7' title='bbox 245 359 389 418; x_wconf 85' lang='grc' dir='ltr'>μηδέπω</span> <span class='ocrx_word' id='word_1_8' title='bbox 416 352 582 406; x_wconf 90' lang='grc' dir='ltr'>λογισμον</span> <span class='ocrx_word' id='word_1_9' title='bbox 610 348 887 403; x_wconf 71' lang='grc' dir='ltr'>παρεχομένους,</span> <span class='ocrx_word' id='word_1_10' title='bbox 917 346 1004 398; x_wconf 84' lang='grc' dir='ltr'>μηδὲ</span> <span class='ocrx_word' id='word_1_11' title='bbox 1034 345 1175 388; x_wconf 76' lang='grc' dir='ltr'>εὐθύνας</span> 
     </span>
     <span class='ocr_line' id='line_1_3' title="bbox 142 410 669 471; baseline -0.027 -12"><span class='ocrx_word' id='word_1_12' title='bbox 142 424 203 467; x_wconf 72' lang='grc' dir='ltr'>τῆς</span> <span class='ocrx_word' id='word_1_13' title='bbox 223 422 290 471; x_wconf 77' lang='grc' dir='ltr'>ἀρχ</span> <span class='ocrx_word' id='word_1_14' title='bbox 291 421 330 463; x_wconf 77' lang='grc' dir='ltr'>-Νης</span> <span class='ocrx_word' id='word_1_15' title='bbox 349 421 388 462; x_wconf 69' lang='grc' dir='ltr'>ἧς</span> <span class='ocrx_word' id='word_1_16' title='bbox 407 410 669 456; x_wconf 81' lang='grc' dir='ltr'>ἐπιστεύθησαν.</span> 
     </span>
    </p>

    <p class='ocr_par' dir='ltr' id='par_1_3' title="bbox 143 461 1177 585">
     <span class='ocr_line' id='line_1_4' title="bbox 196 461 1177 526; baseline -0.014 -14"><span class='ocrx_word' id='word_1_17' title='bbox 196 490 258 515; x_wconf 83' lang='lat'>261.</span> <span class='ocrx_word' id='word_1_18' title='bbox 284 473 535 526; x_wconf 73' lang='grc' dir='ltr'>[ἀπράγμοναζ</span> <span class='ocrx_word' id='word_1_19' title='bbox 562 468 727 511; x_wconf 85' lang='grc' dir='ltr'>Επιεικη</span> <span class='ocrx_word' id='word_1_20' title='bbox 754 481 814 502; x_wconf 91' lang='grc' dir='ltr'>και</span> <span class='ocrx_word' id='word_1_21' title='bbox 840 462 977 516; x_wconf 86' lang='grc' dir='ltr'>μέτριον</span> <span class='ocrx_word' id='word_1_22' title='bbox 996 478 1074 505; x_wconf 90' lang='grc' dir='ltr'>τους</span> <span class='ocrx_word' id='word_1_23' title='bbox 1095 461 1177 515; x_wconf 89' lang='grc' dir='ltr'>τρό-</span> 
     </span>
     <span class='ocr_line' id='line_1_5' title="bbox 143 526 597 599; baseline -0.026 -25"><span class='ocrx_word' id='word_1_24' title='bbox 143 552 235 578; x_wconf 88' lang='grc' dir='ltr'>πους.</span> <span class='ocrx_word' id='word_1_25' title='bbox 251 536 287 571; x_wconf 79' lang='grc' dir='ltr'>οὐ</span> <span class='ocrx_word' id='word_1_26' title='bbox 305 528 578 599; x_wconf 86' lang='grc' dir='ltr'>φιλοπράγμονα.</span> <span class='ocrx_word' id='word_1_27' title='bbox 582 526 597 577; x_wconf 85' lang='grc'>]</span> 
     </span>
    </p>

    <p class='ocr_par' dir='ltr' id='par_1_4' title="bbox 107 579 1180 873">
     <span class='ocr_line' id='line_1_6' title="bbox 107 579 1179 652; baseline -0.015 -21"><span class='ocrx_word' id='word_1_28' title='bbox 107 608 125 632; x_wconf 99' lang='lat'>5</span> <span class='ocrx_word' id='word_1_29' title='bbox 197 606 259 630; x_wconf 75' lang='lat'>262.</span> <span class='ocrx_word' id='word_1_30' title='bbox 290 592 328 627; x_wconf 87' lang='lat'><em>3&gt;‹.</em></span> <span class='ocrx_word' id='word_1_31' title='bbox 347 585 600 640; x_wconf 78' lang='grc' dir='ltr'>Χερρονήσου·</span> <span class='ocrx_word' id='word_1_32' title='bbox 591 615 599 623; x_wconf 94' lang='grc'>.</span> <span class='ocrx_word' id='word_1_33' title='bbox 621 583 838 652; x_wconf 82' lang='grc' dir='ltr'>Χερρόνησος</span> <span class='ocrx_word' id='word_1_34' title='bbox 861 583 922 627; x_wconf 85' lang='grc' dir='ltr'>τ’ῆς</span> <span class='ocrx_word' id='word_1_35' title='bbox 942 579 1087 632; x_wconf 86' lang='grc' dir='ltr'>Θράκης</span> <span class='ocrx_word' id='word_1_36' title='bbox 1111 595 1179 631; x_wconf 74' lang='grc' dir='ltr'>χω-</span> 
     </span>
     <span class='ocr_line' id='line_1_7' title="bbox 145 637 1179 705; baseline -0.015 -16"><span class='ocrx_word' id='word_1_37' title='bbox 145 651 213 705; x_wconf 90' lang='grc' dir='ltr'>ρίον</span> <span class='ocrx_word' id='word_1_38' title='bbox 232 648 292 687; x_wconf 81' lang='grc' dir='ltr'>καὶ</span> <span class='ocrx_word' id='word_1_39' title='bbox 311 647 426 692; x_wconf 84' lang='grc' dir='ltr'>πόλις,</span> <span class='ocrx_word' id='word_1_40' title='bbox 446 642 615 689; x_wconf 81' lang='grc' dir='ltr'>υποτελὴς</span> <span class='ocrx_word' id='word_1_41' title='bbox 636 645 704 680; x_wconf 84' lang='grc' dir='ltr'>τῶν</span> <span class='ocrx_word' id='word_1_42' title='bbox 722 639 938 686; x_wconf 84' lang='grc' dir='ltr'>Ἀθηναίων,</span> <span class='ocrx_word' id='word_1_43' title='bbox 965 637 1104 690; x_wconf 85' lang='grc' dir='ltr'>εὔφορος</span> <span class='ocrx_word' id='word_1_44' title='bbox 1133 639 1179 680; x_wconf 85' lang='grc' dir='ltr'>εἰς</span> 
     </span>
     <span class='ocr_line' id='line_1_8' title="bbox 143 697 1176 760; baseline -0.014 -13"><span class='ocrx_word' id='word_1_45' title='bbox 143 712 251 760; x_wconf 88' lang='grc' dir='ltr'>πυροῦ</span> <span class='ocrx_word' id='word_1_46' title='bbox 281 704 462 757; x_wconf 79' lang='grc' dir='ltr'>γεωργίαν“</span> <span class='ocrx_word' id='word_1_47' title='bbox 494 702 568 740; x_wconf 84' lang='grc' dir='ltr'>όθεν</span> <span class='ocrx_word' id='word_1_48' title='bbox 593 717 653 739; x_wconf 90' lang='grc' dir='ltr'>και</span> <span class='ocrx_word' id='word_1_49' title='bbox 679 698 910 750; x_wconf 81' lang='grc' dir='ltr'>ἐσιταγώγουν</span> <span class='ocrx_word' id='word_1_50' title='bbox 935 713 966 735; x_wconf 90' lang='grc' dir='ltr'>οι</span> <span class='ocrx_word' id='word_1_51' title='bbox 994 697 1176 742; x_wconf 78' lang='grc' dir='ltr'>Αθηναῖοι.</span> 
     </span>
     <span class='ocr_line' id='line_1_9' title="bbox 143 757 1180 816; baseline -0.014 -11"><span class='ocrx_word' id='word_1_52' title='bbox 143 771 189 810; x_wconf 82' lang='grc' dir='ltr'>ὡς</span> <span class='ocrx_word' id='word_1_53' title='bbox 209 762 486 816; x_wconf 85' lang='grc' dir='ltr'>ἷδιοπραγμόνων</span> <span class='ocrx_word' id='word_1_54' title='bbox 507 762 542 798; x_wconf 81' lang='grc' dir='ltr'>δὲ</span> <span class='ocrx_word' id='word_1_55' title='bbox 563 759 622 798; x_wconf 82' lang='grc' dir='ltr'>καὶ</span> <span class='ocrx_word' id='word_1_56' title='bbox 650 759 793 796; x_wconf 79' lang='grc' dir='ltr'>ἰδιωτῶν</span> <span class='ocrx_word' id='word_1_57' title='bbox 821 757 928 794; x_wconf 78' lang='grc' dir='ltr'>ὄντων</span> <span class='ocrx_word' id='word_1_58' title='bbox 953 757 1021 793; x_wconf 83' lang='grc' dir='ltr'>τῶν</span> <span class='ocrx_word' id='word_1_59' title='bbox 1048 757 1180 807; x_wconf 89' lang='grc' dir='ltr'>Χερρο-</span> 
     </span>
     <span class='ocr_line' id='line_1_10' title="bbox 143 813 1179 873; baseline -0.014 -10"><span class='ocrx_word' id='word_1_60' title='bbox 143 826 320 873; x_wconf 83' lang='grc' dir='ltr'>νησιωτιΝ)ν</span> <span class='ocrx_word' id='word_1_61' title='bbox 340 838 400 859; x_wconf 87' lang='grc' dir='ltr'>και</span> <span class='ocrx_word' id='word_1_62' title='bbox 421 819 630 858; x_wconf 87' lang='grc' dir='ltr'>διασείεσθαι</span> <span class='ocrx_word' id='word_1_63' title='bbox 647 815 845 867; x_wconf 84' lang='grc' dir='ltr'>δυναμένων</span> <span class='ocrx_word' id='word_1_64' title='bbox 865 813 1008 867; x_wconf 81' lang='grc' dir='ltr'>ῥαδίως,</span> <span class='ocrx_word' id='word_1_65' title='bbox 1027 813 1179 864; x_wconf 90' lang='grc' dir='ltr'>μάλιστα</span> 
     </span>
    </p>

    <p class='ocr_par' dir='ltr' id='par_1_5' title="bbox 93 871 1182 1165">
     <span class='ocr_line' id='line_1_11' title="bbox 93 871 1178 931; baseline -0.014 -8"><span class='ocrx_word' id='word_1_66' title='bbox 93 895 124 919; x_wconf 89' lang='grc'>10</span> <span class='ocrx_word' id='word_1_67' title='bbox 147 883 181 922; x_wconf 80' lang='grc' dir='ltr'>δὲ</span> <span class='ocrx_word' id='word_1_68' title='bbox 196 888 254 921; x_wconf 87' lang='grc' dir='ltr'>τοῦ</span> <span class='ocrx_word' id='word_1_69' title='bbox 271 880 425 923; x_wconf 87' lang='grc' dir='ltr'>Κλέωνος</span> <span class='ocrx_word' id='word_1_70' title='bbox 439 877 686 931; x_wconf 85' lang='grc' dir='ltr'>ἐπηρεάζοντος</span> <span class='ocrx_word' id='word_1_71' title='bbox 701 874 823 918; x_wconf 81' lang='grc' dir='ltr'>αὐτους</span> <span class='ocrx_word' id='word_1_72' title='bbox 834 904 844 924; x_wconf 78' lang='lat'>,</span> <span class='ocrx_word' id='word_1_73' title='bbox 860 872 990 911; x_wconf 88' lang='grc' dir='ltr'>τούτων</span> <span class='ocrx_word' id='word_1_74' title='bbox 1010 871 1178 923; x_wconf 73' lang='grc' dir='ltr'>ἐμνήσθη.</span> 
     </span>
     <span class='ocr_line' id='line_1_12' title="bbox 145 935 1180 990; baseline -0.014 -9"><span class='ocrx_word' id='word_1_75' title='bbox 145 943 219 981; x_wconf 88' lang='grc' dir='ltr'>όθεν</span> <span class='ocrx_word' id='word_1_76' title='bbox 242 944 287 984; x_wconf 79' lang='grc' dir='ltr'>ὡς</span> <span class='ocrx_word' id='word_1_77' title='bbox 315 939 372 978; x_wconf 79' lang='grc' dir='ltr'>ἐπὶ</span> <span class='ocrx_word' id='word_1_78' title='bbox 399 937 569 990; x_wconf 80' lang='grc' dir='ltr'>ἀγροίκων</span> <span class='ocrx_word' id='word_1_79' title='bbox 594 935 653 973; x_wconf 80' lang='grc' dir='ltr'>καὶ</span> <span class='ocrx_word' id='word_1_80' title='bbox 678 937 727 972; x_wconf 85' lang='grc' dir='ltr'>τῶ</span> <span class='ocrx_word' id='word_1_81' title='bbox 752 948 960 983; x_wconf 90' lang='grc' dir='ltr'>καταγαγων</span> <span class='ocrx_word' id='word_1_82' title='bbox 987 948 1001 968; x_wconf 89' lang='grc' dir='ltr'>ε</span> <span class='ocrx_word' id='word_1_83' title='bbox 1005 946 1180 983; x_wconf 67' lang='grc' dir='ltr'>χρησατο,</span> 
     </span>
     <span class='ocr_line' id='line_1_13' title="bbox 145 989 1181 1051; baseline -0.014 -12"><span class='ocrx_word' id='word_1_84' title='bbox 145 1001 386 1051; x_wconf 78' lang='grc' dir='ltr'>σημαντικίΝ)ς,</span> <span class='ocrx_word' id='word_1_85' title='bbox 408 996 525 1047; x_wconf 82' lang='grc' dir='ltr'>ὥσπερ</span> <span class='ocrx_word' id='word_1_86' title='bbox 550 995 608 1032; x_wconf 86' lang='grc' dir='ltr'>ἀπ’</span> <span class='ocrx_word' id='word_1_87' title='bbox 635 996 739 1045; x_wconf 86' lang='grc' dir='ltr'>ἀγροῦ</span> <span class='ocrx_word' id='word_1_88' title='bbox 760 1007 848 1034; x_wconf 91' lang='grc' dir='ltr'>τινος</span> <span class='ocrx_word' id='word_1_89' title='bbox 870 1006 910 1041; x_wconf 89' lang='grc' dir='ltr'>μ</span> <span class='ocrx_word' id='word_1_90' title='bbox 899 989 1181 1039; x_wconf 67' lang='grc' dir='ltr'>ετακαλουμένιΝ</span> 
     </span>
     <span class='ocr_line' id='line_1_14' title="bbox 144 1048 1182 1098; baseline -0.014 -1"><span class='ocrx_word' id='word_1_91' title='bbox 144 1075 203 1097; x_wconf 88' lang='grc' dir='ltr'>και</span> <span class='ocrx_word' id='word_1_92' title='bbox 217 1057 403 1096; x_wconf 81' lang='grc' dir='ltr'>κατιόντων</span> <span class='ocrx_word' id='word_1_93' title='bbox 417 1057 462 1098; x_wconf 86' lang='grc' dir='ltr'>εἷς</span> <span class='ocrx_word' id='word_1_94' title='bbox 475 1054 584 1091; x_wconf 88' lang='grc' dir='ltr'>πόλιν.</span> <span class='ocrx_word' id='word_1_95' title='bbox 640 1050 785 1093; x_wconf 80' lang='grc' dir='ltr'>Ἄλλως.</span> <span class='ocrx_word' id='word_1_96' title='bbox 798 1052 843 1092; x_wconf 85' lang='grc' dir='ltr'>ὡς</span> <span class='ocrx_word' id='word_1_97' title='bbox 856 1048 1112 1098; x_wconf 82' lang='grc' dir='ltr'>καταγαγόντος</span> <span class='ocrx_word' id='word_1_98' title='bbox 1126 1048 1182 1084; x_wconf 80' lang='grc' dir='ltr'>αὐ-</span> 
     </span>
     <span class='ocr_line' id='line_1_15' title="bbox 143 1104 1182 1165; baseline -0.011 -12"><span class='ocrx_word' id='word_1_99' title='bbox 143 1132 221 1159; x_wconf 89' lang='grc' dir='ltr'>τους</span> <span class='ocrx_word' id='word_1_100' title='bbox 245 1113 449 1165; x_wconf 65' lang='grc' dir='ltr'>συμμάχους</span> <span class='ocrx_word' id='word_1_101' title='bbox 476 1113 522 1155; x_wconf 86' lang='grc' dir='ltr'>εἷς</span> <span class='ocrx_word' id='word_1_102' title='bbox 548 1109 699 1156; x_wconf 74' lang='grc' dir='ltr'>Ἀθήνας</span> <span class='ocrx_word' id='word_1_103' title='bbox 725 1108 784 1146; x_wconf 83' lang='grc' dir='ltr'>καὶ</span> <span class='ocrx_word' id='word_1_104' title='bbox 808 1110 1101 1159; x_wconf 86' lang='grc' dir='ltr'>συκοφαντοῦντος</span> <span class='ocrx_word' id='word_1_105' title='bbox 1123 1104 1182 1143; x_wconf 86' lang='grc' dir='ltr'>και</span> 
     </span>
    </p>

    <p class='ocr_par' dir='ltr' id='par_1_6' title="bbox 94 1171 426 1226">
     <span class='ocr_line' id='line_1_16' title="bbox 94 1171 426 1226; baseline -0.013 -14"><span class='ocrx_word' id='word_1_106' title='bbox 94 1183 126 1207; x_wconf 79' lang='lat'>15</span> <span class='ocrx_word' id='word_1_107' title='bbox 147 1171 426 1226; x_wconf 81' lang='grc' dir='ltr'>ἀργυριζομένου.</span> 
     </span>
    </p>

    <p class='ocr_par' dir='ltr' id='par_1_7' title="bbox 197 1225 726 1279">
     <span class='ocr_line' id='line_1_17' title="bbox 197 1225 726 1279; baseline -0.012 -10"><span class='ocrx_word' id='word_1_108' title='bbox 197 1230 366 1276; x_wconf 83' lang='grc' dir='ltr'>κατάξας,</span> <span class='ocrx_word' id='word_1_109' title='bbox 388 1225 726 1279; x_wconf 87' lang='grc' dir='ltr'>μετακαλεσάμενος.</span> 
     </span>
    </p>

    <p class='ocr_par' dir='ltr' id='par_1_8' title="bbox 144 1276 1185 1399">
     <span class='ocr_line' id='line_1_18' title="bbox 199 1276 1182 1340; baseline -0.011 -13"><span class='ocrx_word' id='word_1_110' title='bbox 199 1288 417 1340; x_wconf 72' lang='grc' dir='ltr'>ἀγκυρίσαςε</span> <span class='ocrx_word' id='word_1_111' title='bbox 435 1284 711 1330; x_wconf 84' lang='grc' dir='ltr'>Υποσκελίσας,</span> <span class='ocrx_word' id='word_1_112' title='bbox 728 1287 795 1320; x_wconf 72' lang='grc' dir='ltr'>οἷον</span> <span class='ocrx_word' id='word_1_113' title='bbox 814 1276 856 1333; x_wconf 82' lang='grc' dir='ltr'>τη</span> <span class='ocrx_word' id='word_1_114' title='bbox 877 1280 1010 1331; x_wconf 80' lang='grc' dir='ltr'>ἀγκύλη</span> <span class='ocrx_word' id='word_1_115' title='bbox 1027 1278 1182 1317; x_wconf 62' lang='grc' dir='ltr'>καταὲα-</span> 
     </span>
     <span class='ocr_line' id='line_1_19' title="bbox 144 1336 1185 1399; baseline -0.013 -13"><span class='ocrx_word' id='word_1_116' title='bbox 144 1348 225 1394; x_wconf 83' lang='grc' dir='ltr'>λὼν,</span> <span class='ocrx_word' id='word_1_117' title='bbox 241 1347 369 1399; x_wconf 77' lang='grc' dir='ltr'>[ὅπερ</span> <span class='ocrx_word' id='word_1_118' title='bbox 355 1361 445 1384; x_wconf 90' lang='grc' dir='ltr'>εστιν</span> <span class='ocrx_word' id='word_1_119' title='bbox 463 1342 621 1381; x_wconf 84' lang='grc' dir='ltr'>ἀκοντίου</span> <span class='ocrx_word' id='word_1_120' title='bbox 637 1336 739 1387; x_wconf 81' lang='grc' dir='ltr'>εἶδος,</span> <span class='ocrx_word' id='word_1_121' title='bbox 756 1339 778 1386; x_wconf 81' lang='grc' dir='ltr'>ἢ</span> <span class='ocrx_word' id='word_1_122' title='bbox 796 1337 1094 1387; x_wconf 83' lang='grc' dir='ltr'>καταπαλαίσας].</span> <span class='ocrx_word' id='word_1_123' title='bbox 1114 1353 1185 1374; x_wconf 87' lang='grc' dir='ltr'>πα-</span> 
     </span>
    </p>

    <p class='ocr_par' dir='ltr' id='par_1_9' title="bbox 91 1394 1185 1573">
     <span class='ocr_line' id='line_1_20' title="bbox 91 1394 1185 1457; baseline -0.011 -12"><span class='ocrx_word' id='word_1_124' title='bbox 91 1450 95 1454; x_wconf 49' lang='grc'>,</span> <span class='ocrx_word' id='word_1_125' title='bbox 143 1404 328 1457; x_wconf 78' lang='grc' dir='ltr'>λαιστρικὰ</span> <span class='ocrx_word' id='word_1_126' title='bbox 355 1403 422 1456; x_wconf 87' lang='grc' dir='ltr'>γάρ</span> <span class='ocrx_word' id='word_1_127' title='bbox 453 1404 518 1440; x_wconf 84' lang='grc' dir='ltr'>εἰσι</span> <span class='ocrx_word' id='word_1_128' title='bbox 542 1404 672 1445; x_wconf 88' lang='grc' dir='ltr'>ταῦτα,</span> <span class='ocrx_word' id='word_1_129' title='bbox 702 1414 760 1436; x_wconf 92' lang='grc' dir='ltr'>και</span> <span class='ocrx_word' id='word_1_130' title='bbox 786 1414 826 1435; x_wconf 88' lang='grc' dir='ltr'>το</span> <span class='ocrx_word' id='word_1_131' title='bbox 855 1394 1029 1433; x_wconf 64' lang='grc' dir='ltr'>διαὸαλών</span> <span class='ocrx_word' id='word_1_132' title='bbox 1059 1396 1117 1432; x_wconf 87' lang='grc' dir='ltr'>καὶ</span> <span class='ocrx_word' id='word_1_133' title='bbox 1146 1411 1185 1433; x_wconf 90' lang='grc' dir='ltr'>το</span> 
     </span>
     <span class='ocr_line' id='line_1_21' title="bbox 91 1451 1185 1516; baseline -0.011 -12"><span class='ocrx_word' id='word_1_134' title='bbox 91 1481 125 1506; x_wconf 83' lang='lat'>20</span> <span class='ocrx_word' id='word_1_135' title='bbox 144 1463 342 1516; x_wconf 82' lang='grc' dir='ltr'>ἀγκυρίσας.</span> <span class='ocrx_word' id='word_1_136' title='bbox 352 1459 634 1512; x_wconf 80' lang='grc' dir='ltr'>[καὶάγκύρισμα</span> <span class='ocrx_word' id='word_1_137' title='bbox 643 1451 1185 1505; x_wconf 81' lang='grc' dir='ltr'>εἰδοςπαλαίσματος,καισκεῦος</span> 
     </span>
     <span class='ocr_line' id='line_1_22' title="bbox 145 1519 505 1573; baseline -0.011 -15"><span class='ocrx_word' id='word_1_138' title='bbox 145 1521 343 1573; x_wconf 82' lang='grc' dir='ltr'>ἀγρευτικὸν</span> <span class='ocrx_word' id='word_1_139' title='bbox 363 1519 488 1557; x_wconf 79' lang='grc' dir='ltr'>σύκων.</span> <span class='ocrx_word' id='word_1_140' title='bbox 493 1523 505 1564; x_wconf 87' lang='grc'>]</span> 
     </span>
    </p>

    <p class='ocr_par' dir='ltr' id='par_1_10' title="bbox 143 1569 1185 1745">
     <span class='ocr_line' id='line_1_23' title="bbox 197 1569 1184 1624; baseline -0.013 -7"><span class='ocrx_word' id='word_1_141' title='bbox 197 1593 262 1618; x_wconf 81' lang='lat'>263.</span> <span class='ocrx_word' id='word_1_142' title='bbox 295 1577 551 1622; x_wconf 67' lang='grc' dir='ltr'>ἐνεκολάὸησας</span> <span class='ocrx_word' id='word_1_143' title='bbox 570 1589 578 1614; x_wconf 88' lang='lat'><strong>:</strong></span> <span class='ocrx_word' id='word_1_144' title='bbox 600 1573 769 1619; x_wconf 76' lang='grc' dir='ltr'>Ἀκολος,</span> <span class='ocrx_word' id='word_1_145' title='bbox 791 1570 930 1624; x_wconf 76' lang='grc' dir='ltr'>ψωμὸς,</span> <span class='ocrx_word' id='word_1_146' title='bbox 951 1569 1027 1607; x_wconf 75' lang='grc' dir='ltr'>ὅθεν</span> <span class='ocrx_word' id='word_1_147' title='bbox 1051 1584 1090 1605; x_wconf 90' lang='grc' dir='ltr'>το</span> <span class='ocrx_word' id='word_1_148' title='bbox 1110 1569 1184 1605; x_wconf 82' lang='grc' dir='ltr'>ἐνε-</span> 
     </span>
     <span class='ocr_line' id='line_1_24' title="bbox 144 1628 1185 1685; baseline -0.013 -9"><span class='ocrx_word' id='word_1_149' title='bbox 144 1638 343 1685; x_wconf 62' lang='grc' dir='ltr'>κολάῧησας</span> <span class='ocrx_word' id='word_1_150' title='bbox 366 1636 440 1674; x_wconf 84' lang='grc' dir='ltr'>ἀντὶ</span> <span class='ocrx_word' id='word_1_151' title='bbox 462 1638 522 1673; x_wconf 86' lang='grc' dir='ltr'>τοῦ</span> <span class='ocrx_word' id='word_1_152' title='bbox 544 1631 815 1673; x_wconf 83' lang='grc' dir='ltr'>καταπέπωκας.</span> <span class='ocrx_word' id='word_1_153' title='bbox 839 1645 877 1667; x_wconf 91' lang='grc' dir='ltr'>το</span> <span class='ocrx_word' id='word_1_154' title='bbox 898 1628 933 1666; x_wconf 84' lang='lat'>33</span> <span class='ocrx_word' id='word_1_155' title='bbox 960 1628 1051 1674; x_wconf 76' lang='grc' dir='ltr'>ὅλον,</span> <span class='ocrx_word' id='word_1_156' title='bbox 1076 1642 1185 1664; x_wconf 87' lang='grc' dir='ltr'>κατα-</span> 
     </span>
     <span class='ocr_line' id='line_1_25' title="bbox 143 1685 1184 1745; baseline -0.012 -12"><span class='ocrx_word' id='word_1_157' title='bbox 143 1697 318 1739; x_wconf 88' lang='grc' dir='ltr'>παλαίσας</span> <span class='ocrx_word' id='word_1_158' title='bbox 333 1695 432 1733; x_wconf 80' lang='grc' dir='ltr'>αὐτον</span> <span class='ocrx_word' id='word_1_159' title='bbox 447 1690 674 1745; x_wconf 79' lang='grc' dir='ltr'>ἐκπεριελθι)ν</span> <span class='ocrx_word' id='word_1_160' title='bbox 687 1706 747 1728; x_wconf 89' lang='grc' dir='ltr'>και</span> <span class='ocrx_word' id='word_1_161' title='bbox 763 1688 939 1731; x_wconf 79' lang='grc' dir='ltr'>διασείσας</span> <span class='ocrx_word' id='word_1_162' title='bbox 954 1685 1184 1739; x_wconf 87' lang='grc' dir='ltr'>ἀργυρίζεται.</span> 
     </span>
    </p>

    <p class='ocr_par' dir='ltr' id='par_1_11' title="bbox 92 1744 1187 1806">
     <span class='ocr_line' id='line_1_26' title="bbox 92 1744 1187 1806; baseline -0.014 -12"><span class='ocrx_word' id='word_1_163' title='bbox 92 1770 126 1795; x_wconf 82' lang='lat'>25</span> <span class='ocrx_word' id='word_1_164' title='bbox 147 1754 209 1800; x_wconf 82' lang='grc' dir='ltr'>τὴν</span> <span class='ocrx_word' id='word_1_165' title='bbox 228 1754 304 1806; x_wconf 81' lang='grc' dir='ltr'>βίαν</span> <span class='ocrx_word' id='word_1_166' title='bbox 327 1753 361 1790; x_wconf 89' lang='lat'>33</span> <span class='ocrx_word' id='word_1_167' title='bbox 379 1757 401 1803; x_wconf 80' lang='grc' dir='ltr'>ᾗ</span> <span class='ocrx_word' id='word_1_168' title='bbox 428 1751 597 1804; x_wconf 81' lang='grc' dir='ltr'>ἐκέχρητο</span> <span class='ocrx_word' id='word_1_169' title='bbox 621 1747 712 1786; x_wconf 80' lang='grc' dir='ltr'>κατὰ</span> <span class='ocrx_word' id='word_1_170' title='bbox 739 1749 807 1785; x_wconf 81' lang='grc' dir='ltr'>τῶν</span> <span class='ocrx_word' id='word_1_171' title='bbox 829 1744 1020 1798; x_wconf 81' lang='grc' dir='ltr'>ἀνθρώπων</span> <span class='ocrx_word' id='word_1_172' title='bbox 1045 1744 1101 1782; x_wconf 83' lang='grc' dir='ltr'>διὰ</span> <span class='ocrx_word' id='word_1_173' title='bbox 1127 1746 1187 1790; x_wconf 81' lang='grc' dir='ltr'>τηΝς</span> 
     </span>
    </p>
   </div>
   <div class='ocr_carea' id='block_1_3' title="bbox 146 1810 1187 1916">
    <p class='ocr_par' dir='ltr' id='par_1_12' title="bbox 146 1810 1187 1916">
     <span class='ocr_line' id='line_1_27' title="bbox 146 1810 447 1858; baseline -0.014 -8"><span class='ocrx_word' id='word_1_174' title='bbox 146 1812 261 1858; x_wconf 86' lang='grc' dir='ltr'>πάλης</span> <span class='ocrx_word' id='word_1_175' title='bbox 282 1810 447 1856; x_wconf 77' lang='grc' dir='ltr'>ἐδήλωσε.</span> 
     </span>
     <span class='ocr_line' id='line_1_28' title="bbox 197 1859 1187 1916; baseline -0.011 -9"><span class='ocrx_word' id='word_1_176' title='bbox 197 1882 261 1907; x_wconf 78' lang='lat'>264.</span> <span class='ocrx_word' id='word_1_177' title='bbox 279 1868 339 1906; x_wconf 83' lang='grc' dir='ltr'>καὶ</span> <span class='ocrx_word' id='word_1_178' title='bbox 366 1871 504 1909; x_wconf 84' lang='grc' dir='ltr'>σκοπεῖς</span> <span class='ocrx_word' id='word_1_179' title='bbox 529 1881 568 1916; x_wconf 89' lang='grc' dir='ltr'>γε</span> <span class='ocrx_word' id='word_1_180' title='bbox 593 1866 660 1901; x_wconf 82' lang='grc' dir='ltr'>τῶν</span> <span class='ocrx_word' id='word_1_181' title='bbox 685 1864 836 1900; x_wconf 82' lang='grc' dir='ltr'>πολιτῶν</span> <span class='ocrx_word' id='word_1_182' title='bbox 867 1874 876 1900; x_wconf 78' lang='lat'>2</span> <span class='ocrx_word' id='word_1_183' title='bbox 904 1860 1097 1913; x_wconf 83' lang='grc' dir='ltr'>Διακρίνεις</span> <span class='ocrx_word' id='word_1_184' title='bbox 1127 1859 1187 1897; x_wconf 83' lang='grc' dir='ltr'>καὶ</span> 
     </span>
    </p>
   </div>
   <div class='ocr_carea' id='block_1_4' title="bbox 94 1919 1193 3309">
    <p class='ocr_par' dir='ltr' id='par_1_13' title="bbox 146 1919 1188 2036">
     <span class='ocr_line' id='line_1_29' title="bbox 146 1919 1186 1973; baseline -0.011 -8"><span class='ocrx_word' id='word_1_185' title='bbox 146 1929 335 1973; x_wconf 83' lang='grc' dir='ltr'>ἀναζητεῖς.</span> <span class='ocrx_word' id='word_1_186' title='bbox 356 1929 374 1964; x_wconf 84' lang='grc' dir='ltr'>ὁ</span> <span class='ocrx_word' id='word_1_187' title='bbox 394 1924 429 1963; x_wconf 82' lang='grc' dir='ltr'>δὲ</span> <span class='ocrx_word' id='word_1_188' title='bbox 448 1928 524 1967; x_wconf 87' lang='grc' dir='ltr'>νοῦς</span> <span class='ocrx_word' id='word_1_189' title='bbox 548 1939 641 1960; x_wconf 90' lang='grc' dir='ltr'>αυτω</span> <span class='ocrx_word' id='word_1_190' title='bbox 660 1938 728 1964; x_wconf 90' lang='grc' dir='ltr'>πας</span> <span class='ocrx_word' id='word_1_191' title='bbox 748 1924 848 1958; x_wconf 90' lang='grc' dir='ltr'>τοῦτο</span> <span class='ocrx_word' id='word_1_192' title='bbox 871 1919 982 1970; x_wconf 87' lang='grc' dir='ltr'>λέγειν</span> <span class='ocrx_word' id='word_1_193' title='bbox 1007 1919 1090 1970; x_wconf 86' lang='grc' dir='ltr'>βούλ</span> <span class='ocrx_word' id='word_1_194' title='bbox 1084 1934 1186 1964; x_wconf 88' lang='grc' dir='ltr'>ιεται,</span> 
     </span>
     <span class='ocr_line' id='line_1_30' title="bbox 146 1976 1188 2036; baseline -0.01 -13"><span class='ocrx_word' id='word_1_195' title='bbox 146 1985 198 2023; x_wconf 80' lang='grc' dir='ltr'>ὅτι</span> <span class='ocrx_word' id='word_1_196' title='bbox 221 1986 258 2022; x_wconf 80' lang='grc' dir='ltr'>οὗ</span> <span class='ocrx_word' id='word_1_197' title='bbox 275 1988 324 2022; x_wconf 78' lang='grc' dir='ltr'>τῶ</span> <span class='ocrx_word' id='word_1_198' title='bbox 343 1982 584 2036; x_wconf 83' lang='grc' dir='ltr'>προειρημένῳ</span> <span class='ocrx_word' id='word_1_199' title='bbox 609 1980 791 2032; x_wconf 80' lang='grc' dir='ltr'>ἐπηρεάζει</span> <span class='ocrx_word' id='word_1_200' title='bbox 813 1977 953 2030; x_wconf 85' lang='grc' dir='ltr'>τρόπω,</span> <span class='ocrx_word' id='word_1_201' title='bbox 985 1978 1062 2014; x_wconf 79' lang='grc' dir='ltr'>ἀλλ’</span> <span class='ocrx_word' id='word_1_202' title='bbox 1087 1976 1118 2014; x_wconf 88' lang='grc' dir='ltr'>εἴ</span> <span class='ocrx_word' id='word_1_203' title='bbox 1138 1992 1188 2019; x_wconf 90' lang='grc' dir='ltr'>τις</span> 
     </span>
    </p>

    <p class='ocr_par' dir='ltr' id='par_1_14' title="bbox 94 2034 1189 2257">
     <span class='ocr_line' id='line_1_31' title="bbox 94 2034 1188 2090; baseline -0.01 -8"><span class='ocrx_word' id='word_1_204' title='bbox 94 2056 129 2081; x_wconf 80' lang='lat'>30</span> <span class='ocrx_word' id='word_1_205' title='bbox 147 2043 208 2081; x_wconf 80' lang='grc' dir='ltr'>καὶ</span> <span class='ocrx_word' id='word_1_206' title='bbox 233 2041 367 2081; x_wconf 87' lang='grc' dir='ltr'>τοιοῦτό</span> <span class='ocrx_word' id='word_1_207' title='bbox 392 2057 425 2079; x_wconf 91' lang='grc' dir='ltr'>τι</span> <span class='ocrx_word' id='word_1_208' title='bbox 451 2046 563 2090; x_wconf 81' lang='grc' dir='ltr'>ποιεῖ,</span> <span class='ocrx_word' id='word_1_209' title='bbox 588 2041 750 2085; x_wconf 84' lang='grc' dir='ltr'>ἀναζητεῖ</span> <span class='ocrx_word' id='word_1_210' title='bbox 775 2053 834 2074; x_wconf 89' lang='grc' dir='ltr'>και</span> <span class='ocrx_word' id='word_1_211' title='bbox 857 2036 1022 2088; x_wconf 90' lang='grc' dir='ltr'>διακρίνει</span> <span class='ocrx_word' id='word_1_212' title='bbox 1044 2034 1093 2078; x_wconf 90' lang='grc' dir='ltr'>τίς</span> <span class='ocrx_word' id='word_1_213' title='bbox 1117 2037 1188 2072; x_wconf 79' lang='grc' dir='ltr'>ἐστι</span> 
     </span>
     <span class='ocr_line' id='line_1_32' title="bbox 146 2093 1189 2150; baseline -0.009 -11"><span class='ocrx_word' id='word_1_214' title='bbox 146 2105 213 2139; x_wconf 79' lang='grc' dir='ltr'>τῶν</span> <span class='ocrx_word' id='word_1_215' title='bbox 233 2103 383 2139; x_wconf 82' lang='grc' dir='ltr'>πολιτῶν</span> <span class='ocrx_word' id='word_1_216' title='bbox 402 2101 575 2150; x_wconf 76' lang='grc' dir='ltr'>ἀμνοκῶν,</span> <span class='ocrx_word' id='word_1_217' title='bbox 593 2101 661 2135; x_wconf 77' lang='grc' dir='ltr'>οἷον</span> <span class='ocrx_word' id='word_1_218' title='bbox 677 2094 927 2148; x_wconf 65' lang='grc' dir='ltr'>προὲατώδης,</span> <span class='ocrx_word' id='word_1_219' title='bbox 945 2093 1102 2131; x_wconf 85' lang='grc' dir='ltr'>τουτέστι</span> <span class='ocrx_word' id='word_1_220' title='bbox 1120 2110 1189 2143; x_wconf 77' lang='grc' dir='ltr'>μω·</span> 
     </span>
     <span class='ocr_line' id='line_1_33' title="bbox 149 2152 1188 2212; baseline -0.01 -14"><span class='ocrx_word' id='word_1_221' title='bbox 149 2160 203 2212; x_wconf 76' lang='grc' dir='ltr'>ρος</span> <span class='ocrx_word' id='word_1_222' title='bbox 218 2159 278 2197; x_wconf 76' lang='grc' dir='ltr'>καὶ</span> <span class='ocrx_word' id='word_1_223' title='bbox 296 2159 430 2205; x_wconf 76' lang='grc' dir='ltr'>εὐήθης.</span> <span class='ocrx_word' id='word_1_224' title='bbox 448 2156 492 2196; x_wconf 84' lang='grc' dir='ltr'>τὰ</span> <span class='ocrx_word' id='word_1_225' title='bbox 508 2155 575 2209; x_wconf 88' lang='grc' dir='ltr'>γὰρ</span> <span class='ocrx_word' id='word_1_226' title='bbox 592 2154 754 2208; x_wconf 69' lang='grc' dir='ltr'>πρόὸατα</span> <span class='ocrx_word' id='word_1_227' title='bbox 774 2153 831 2191; x_wconf 77' lang='grc' dir='ltr'>ἐπὶ</span> <span class='ocrx_word' id='word_1_228' title='bbox 848 2152 985 2205; x_wconf 76' lang='grc' dir='ltr'>εὐηθείᾳ</span> <span class='ocrx_word' id='word_1_229' title='bbox 1002 2153 1188 2190; x_wconf 64' lang='grc' dir='ltr'>διαὸάλλε-</span> 
     </span>
     <span class='ocr_line' id='line_1_34' title="bbox 146 2234 217 2257; baseline 0.014 -1"><span class='ocrx_word' id='word_1_230' title='bbox 146 2234 217 2257; x_wconf 90' lang='grc' dir='ltr'>ται.</span> 
     </span>
    </p>

    <p class='ocr_par' dir='ltr' id='par_1_15' title="bbox 198 2269 1186 2326">
     <span class='ocr_line' id='line_1_35' title="bbox 198 2269 1186 2326; baseline -0.007 -13"><span class='ocrx_word' id='word_1_231' title='bbox 198 2290 262 2315; x_wconf 86' lang='lat'>265.</span> <span class='ocrx_word' id='word_1_232' title='bbox 292 2275 352 2313; x_wconf 76' lang='grc' dir='ltr'>καὶ</span> <span class='ocrx_word' id='word_1_233' title='bbox 371 2274 507 2326; x_wconf 80' lang='grc' dir='ltr'>τρέμων</span> <span class='ocrx_word' id='word_1_234' title='bbox 524 2272 569 2311; x_wconf 79' lang='grc' dir='ltr'>τὰ</span> <span class='ocrx_word' id='word_1_235' title='bbox 587 2271 783 2324; x_wconf 86' lang='grc' dir='ltr'>πράγματα</span> <span class='ocrx_word' id='word_1_236' title='bbox 805 2285 814 2310; x_wconf 85' lang='lat'>:</span> <span class='ocrx_word' id='word_1_237' title='bbox 834 2269 1103 2319; x_wconf 64' lang='grc' dir='ltr'>Εὖλαὸούμενος</span> <span class='ocrx_word' id='word_1_238' title='bbox 1119 2285 1186 2307; x_wconf 73' lang='grc' dir='ltr'>κα·-</span> 
     </span>
    </p>

    <p class='ocr_par' dir='ltr' id='par_1_16' title="bbox 95 2327 1190 2619">
     <span class='ocr_line' id='line_1_36' title="bbox 95 2327 1188 2385; baseline -0.008 -12"><span class='ocrx_word' id='word_1_239' title='bbox 95 2348 131 2373; x_wconf 79' lang='lat'>35</span> <span class='ocrx_word' id='word_1_240' title='bbox 151 2338 322 2381; x_wconf 71' lang='grc' dir='ltr'>ταστῆναι</span> <span class='ocrx_word' id='word_1_241' title='bbox 347 2335 394 2377; x_wconf 83' lang='grc' dir='ltr'>εἷς</span> <span class='ocrx_word' id='word_1_242' title='bbox 418 2332 624 2385; x_wconf 88' lang='grc' dir='ltr'>πράγματα.</span> <span class='ocrx_word' id='word_1_243' title='bbox 656 2329 778 2368; x_wconf 82' lang='grc' dir='ltr'>πολλοὶ</span> <span class='ocrx_word' id='word_1_244' title='bbox 804 2329 870 2381; x_wconf 78' lang='grc' dir='ltr'>γὰρ</span> <span class='ocrx_word' id='word_1_245' title='bbox 899 2330 936 2366; x_wconf 80' lang='grc' dir='ltr'>οὐ</span> <span class='ocrx_word' id='word_1_246' title='bbox 963 2328 1019 2365; x_wconf 85' lang='grc' dir='ltr'>διὰ</span> <span class='ocrx_word' id='word_1_247' title='bbox 1046 2327 1188 2375; x_wconf 80' lang='grc' dir='ltr'>δειλίαν,</span> 
     </span>
     <span class='ocr_line' id='line_1_37' title="bbox 151 2389 1190 2444; baseline -0.009 -12"><span class='ocrx_word' id='word_1_248' title='bbox 151 2394 226 2432; x_wconf 81' lang='grc' dir='ltr'>ἀλλ’</span> <span class='ocrx_word' id='word_1_249' title='bbox 243 2397 321 2439; x_wconf 80' lang='grc' dir='ltr'>ἠθος</span> <span class='ocrx_word' id='word_1_250' title='bbox 337 2408 397 2431; x_wconf 91' lang='grc' dir='ltr'>και</span> <span class='ocrx_word' id='word_1_251' title='bbox 413 2391 549 2444; x_wconf 88' lang='grc' dir='ltr'>τρόπων</span> <span class='ocrx_word' id='word_1_252' title='bbox 568 2389 755 2427; x_wconf 82' lang='grc' dir='ltr'>ἐπιείκειαν</span> <span class='ocrx_word' id='word_1_253' title='bbox 779 2391 955 2440; x_wconf 85' lang='grc' dir='ltr'>αιροῦνται</span> <span class='ocrx_word' id='word_1_254' title='bbox 974 2390 1190 2436; x_wconf 87' lang='grc' dir='ltr'>ζημιωθηναι</span> 
     </span>
     <span class='ocr_line' id='line_1_38' title="bbox 154 2444 1190 2502; baseline -0.009 -13"><span class='ocrx_word' id='word_1_255' title='bbox 154 2450 323 2502; x_wconf 80' lang='grc' dir='ltr'>μᾶλλον</span> <span class='ocrx_word' id='word_1_256' title='bbox 304 2468 326 2496; x_wconf 91' lang='grc' dir='ltr'>η</span> <span class='ocrx_word' id='word_1_257' title='bbox 344 2453 504 2502; x_wconf 76' lang='grc' dir='ltr'>χωρῆσαι</span> <span class='ocrx_word' id='word_1_258' title='bbox 527 2447 583 2486; x_wconf 87' lang='grc' dir='ltr'>δια</span> <span class='ocrx_word' id='word_1_259' title='bbox 606 2447 714 2493; x_wconf 88' lang='grc' dir='ltr'>δίκης.</span> <span class='ocrx_word' id='word_1_260' title='bbox 738 2446 797 2484; x_wconf 82' lang='grc' dir='ltr'>καὶ</span> <span class='ocrx_word' id='word_1_261' title='bbox 814 2461 893 2488; x_wconf 89' lang='grc' dir='ltr'>τους</span> <span class='ocrx_word' id='word_1_262' title='bbox 914 2444 1087 2487; x_wconf 81' lang='grc' dir='ltr'>τοιούτους</span> <span class='ocrx_word' id='word_1_263' title='bbox 1110 2446 1190 2481; x_wconf 81' lang='grc' dir='ltr'>ἐπι-</span> 
     </span>
     <span class='ocr_line' id='line_1_39' title="bbox 152 2501 1189 2560; baseline -0.007 -13"><span class='ocrx_word' id='word_1_264' title='bbox 152 2508 351 2560; x_wconf 86' lang='grc' dir='ltr'>λεγόμενος,</span> <span class='ocrx_word' id='word_1_265' title='bbox 368 2507 521 2559; x_wconf 58' lang='grc' dir='ltr'>φησὶν,(</span> <span class='ocrx_word' id='word_1_266' title='bbox 509 2523 526 2544; x_wconf 93' lang='grc' dir='ltr'>ο</span> <span class='ocrx_word' id='word_1_267' title='bbox 547 2506 666 2544; x_wconf 86' lang='grc' dir='ltr'>Κλέων</span> <span class='ocrx_word' id='word_1_268' title='bbox 690 2503 916 2549; x_wconf 80' lang='grc' dir='ltr'>καταστήσας</span> <span class='ocrx_word' id='word_1_269' title='bbox 939 2504 984 2545; x_wconf 85' lang='grc' dir='ltr'>εἷς</span> <span class='ocrx_word' id='word_1_270' title='bbox 1004 2501 1109 2554; x_wconf 70' lang='grc' dir='ltr'>φόὸον</span> <span class='ocrx_word' id='word_1_271' title='bbox 1130 2506 1189 2540; x_wconf 88' lang='grc' dir='ltr'>τοῦ</span> 
     </span>
     <span class='ocr_line' id='line_1_40' title="bbox 154 2561 872 2619; baseline -0.009 -15"><span class='ocrx_word' id='word_1_272' title='bbox 154 2565 312 2619; x_wconf 85' lang='grc' dir='ltr'>παρέξειν</span> <span class='ocrx_word' id='word_1_273' title='bbox 327 2564 519 2617; x_wconf 89' lang='grc' dir='ltr'>πράγματα</span> <span class='ocrx_word' id='word_1_274' title='bbox 537 2562 720 2615; x_wconf 80' lang='grc' dir='ltr'>ἐπηρεάζει</span> <span class='ocrx_word' id='word_1_275' title='bbox 736 2561 872 2615; x_wconf 74' lang='grc' dir='ltr'>ῥαδίως.</span> 
     </span>
    </p>

    <p class='ocr_par' dir='ltr' id='par_1_17' title="bbox 99 2617 1189 2905">
     <span class='ocr_line' id='line_1_41' title="bbox 99 2617 1188 2669; baseline -0.009 -6"><span class='ocrx_word' id='word_1_276' title='bbox 99 2642 134 2669; x_wconf 66' lang='lat'>40</span> <span class='ocrx_word' id='word_1_277' title='bbox 207 2638 271 2663; x_wconf 85' lang='lat'>269.</span> <span class='ocrx_word' id='word_1_278' title='bbox 301 2625 346 2665; x_wconf 84' lang='grc' dir='ltr'>ὡς</span> <span class='ocrx_word' id='word_1_279' title='bbox 366 2622 393 2659; x_wconf 94' lang='lat'>3</span> <span class='ocrx_word' id='word_1_280' title='bbox 417 2620 580 2666; x_wconf 71' lang='grc' dir='ltr'>ἀλαζὼνε</span> <span class='ocrx_word' id='word_1_281' title='bbox 605 2620 769 2666; x_wconf 74' lang='grc' dir='ltr'>Ἀλαζών,</span> <span class='ocrx_word' id='word_1_282' title='bbox 789 2621 806 2655; x_wconf 84' lang='grc' dir='ltr'>ὁ</span> <span class='ocrx_word' id='word_1_283' title='bbox 823 2617 961 2668; x_wconf 85' lang='grc' dir='ltr'>μείζονα</span> <span class='ocrx_word' id='word_1_284' title='bbox 981 2619 1042 2662; x_wconf 85' lang='grc' dir='ltr'>της</span> <span class='ocrx_word' id='word_1_285' title='bbox 1068 2619 1188 2654; x_wconf 79' lang='grc' dir='ltr'>ἑαυτοῦ</span> 
     </span>
     <span class='ocr_line' id='line_1_42' title="bbox 148 2674 1190 2732; baseline -0.008 -12"><span class='ocrx_word' id='word_1_286' title='bbox 148 2683 244 2727; x_wconf 82' lang='grc' dir='ltr'>ἀξίας</span> <span class='ocrx_word' id='word_1_287' title='bbox 253 2680 440 2731; x_wconf 86' lang='grc' dir='ltr'>κομπάζων</span> <span class='ocrx_word' id='word_1_288' title='bbox 457 2695 516 2717; x_wconf 89' lang='grc' dir='ltr'>και</span> <span class='ocrx_word' id='word_1_289' title='bbox 530 2682 670 2732; x_wconf 80' lang='grc' dir='ltr'>φρονῶν.</span> <span class='ocrx_word' id='word_1_290' title='bbox 684 2677 870 2728; x_wconf 86' lang='grc' dir='ltr'>μάσθλης</span> <span class='ocrx_word' id='word_1_291' title='bbox 853 2675 888 2713; x_wconf 90' lang='lat'>03</span> <span class='ocrx_word' id='word_1_292' title='bbox 902 2674 1026 2727; x_wconf 85' lang='grc' dir='ltr'>κυρίως</span> <span class='ocrx_word' id='word_1_293' title='bbox 1041 2691 1079 2712; x_wconf 88' lang='grc' dir='ltr'>ιυ</span> <span class='ocrx_word' id='word_1_294' title='bbox 1083 2691 1138 2725; x_wconf 90' lang='grc' dir='ltr'>ας</span> <span class='ocrx_word' id='word_1_295' title='bbox 1134 2691 1190 2712; x_wconf 72' lang='grc' dir='ltr'>με-</span> 
     </span>
     <span class='ocr_line' id='line_1_43' title="bbox 149 2733 1189 2810; baseline -0.009 -32"><span class='ocrx_word' id='word_1_296' title='bbox 149 2739 368 2791; x_wconf 87' lang='grc' dir='ltr'>μαλαγμένος</span> <span class='ocrx_word' id='word_1_297' title='bbox 383 2738 442 2776; x_wconf 79' lang='grc' dir='ltr'>καὶ</span> <span class='ocrx_word' id='word_1_298' title='bbox 460 2737 593 2780; x_wconf 81' lang='grc' dir='ltr'>ἁπαλὸς</span> <span class='ocrx_word' id='word_1_299' title='bbox 603 2753 662 2774; x_wconf 88' lang='grc' dir='ltr'>και</span> <span class='ocrx_word' id='word_1_300' title='bbox 677 2734 853 2810; x_wconf 85' lang='grc' dir='ltr'>τρυφερός.</span> <span class='ocrx_word' id='word_1_301' title='bbox 870 2735 984 2776; x_wconf 80' lang='grc' dir='ltr'>καλῶς</span> <span class='ocrx_word' id='word_1_302' title='bbox 995 2737 1051 2770; x_wconf 83' lang='grc' dir='ltr'>οὐν</span> <span class='ocrx_word' id='word_1_303' title='bbox 1063 2733 1119 2770; x_wconf 79' lang='grc' dir='ltr'>ἐπι</span> <span class='ocrx_word' id='word_1_304' title='bbox 1130 2737 1189 2770; x_wconf 90' lang='grc' dir='ltr'>τοῦ</span> 
     </span>
     <span class='ocr_line' id='line_1_44' title="bbox 148 2790 1189 2848; baseline -0.008 -11"><span class='ocrx_word' id='word_1_305' title='bbox 148 2798 306 2841; x_wconf 89' lang='grc' dir='ltr'>Κλέωνος</span> <span class='ocrx_word' id='word_1_306' title='bbox 319 2799 368 2835; x_wconf 81' lang='grc' dir='ltr'>τιΝ)</span> <span class='ocrx_word' id='word_1_307' title='bbox 383 2796 526 2847; x_wconf 79' lang='grc' dir='ltr'>ὀνόματι</span> <span class='ocrx_word' id='word_1_308' title='bbox 539 2795 728 2848; x_wconf 80' lang='grc' dir='ltr'>κέχρηται,</span> <span class='ocrx_word' id='word_1_309' title='bbox 746 2797 832 2843; x_wconf 75' lang='grc' dir='ltr'>ὁμοῦ</span> <span class='ocrx_word' id='word_1_310' title='bbox 850 2808 909 2829; x_wconf 85' lang='grc' dir='ltr'>και</span> <span class='ocrx_word' id='word_1_311' title='bbox 928 2791 967 2829; x_wconf 84' lang='grc' dir='ltr'>τὸ</span> <span class='ocrx_word' id='word_1_312' title='bbox 983 2795 1044 2828; x_wconf 87' lang='grc' dir='ltr'>τοῦ</span> <span class='ocrx_word' id='word_1_313' title='bbox 1063 2790 1189 2843; x_wconf 85' lang='grc' dir='ltr'>τρόπου</span> 
     </span>
     <span class='ocr_line' id='line_1_45' title="bbox 149 2848 1189 2927; baseline -0.008 -34"><span class='ocrx_word' id='word_1_314' title='bbox 149 2855 295 2893; x_wconf 84' lang='grc' dir='ltr'>ύπουλον</span> <span class='ocrx_word' id='word_1_315' title='bbox 319 2854 378 2892; x_wconf 82' lang='grc' dir='ltr'>καὶ</span> <span class='ocrx_word' id='word_1_316' title='bbox 400 2869 440 2891; x_wconf 91' lang='grc' dir='ltr'>το</span> <span class='ocrx_word' id='word_1_317' title='bbox 449 2852 617 2927; x_wconf 79' lang='grc' dir='ltr'>λαγαρὸν</span> <span class='ocrx_word' id='word_1_318' title='bbox 632 2854 735 2890; x_wconf 81' lang='grc' dir='ltr'>αὐτοῦ</span> <span class='ocrx_word' id='word_1_319' title='bbox 765 2850 914 2897; x_wconf 85' lang='grc' dir='ltr'>δεικνυς,</span> <span class='ocrx_word' id='word_1_320' title='bbox 934 2849 993 2886; x_wconf 81' lang='grc' dir='ltr'>καὶ</span> <span class='ocrx_word' id='word_1_321' title='bbox 1020 2848 1189 2886; x_wconf 73' lang='grc' dir='ltr'>σκώπτων</span> 
     </span>
    </p>

    <p class='ocr_par' dir='ltr' id='par_1_18' title="bbox 96 2907 1191 3020">
     <span class='ocr_line' id='line_1_46' title="bbox 96 2907 1191 2965; baseline -0.007 -14"><span class='ocrx_word' id='word_1_322' title='bbox 96 2928 131 2957; x_wconf 62' lang='lat'>45</span> <span class='ocrx_word' id='word_1_323' title='bbox 151 2915 196 2956; x_wconf 80' lang='grc' dir='ltr'>ὡς</span> <span class='ocrx_word' id='word_1_324' title='bbox 216 2912 354 2965; x_wconf 85' lang='grc' dir='ltr'>βυρσέα.</span> <span class='ocrx_word' id='word_1_325' title='bbox 371 2912 427 2965; x_wconf 78' lang='grc' dir='ltr'>ἀφ’</span> <span class='ocrx_word' id='word_1_326' title='bbox 444 2916 491 2949; x_wconf 83' lang='grc' dir='ltr'>ὡν</span> <span class='ocrx_word' id='word_1_327' title='bbox 506 2914 536 2948; x_wconf 84' lang='grc' dir='ltr'>οἱ</span> <span class='ocrx_word' id='word_1_328' title='bbox 553 2910 693 2961; x_wconf 87' lang='grc' dir='ltr'>ιμάντες</span> <span class='ocrx_word' id='word_1_329' title='bbox 709 2909 884 2961; x_wconf 88' lang='grc' dir='ltr'>γίγνονται</span> <span class='ocrx_word' id='word_1_330' title='bbox 900 2907 1191 2959; x_wconf 85' lang='grc' dir='ltr'>κατεργασθέντες</span> 
     </span>
     <span class='ocr_line' id='line_1_47' title="bbox 149 2965 1165 3020; baseline -0.005 -11"><span class='ocrx_word' id='word_1_331' title='bbox 149 2975 308 3010; x_wconf 84' lang='grc' dir='ltr'>τοιοῦτοι.</span> <span class='ocrx_word' id='word_1_332' title='bbox 330 2970 503 3020; x_wconf 82' lang='grc' dir='ltr'>[μάσθλης</span> <span class='ocrx_word' id='word_1_333' title='bbox 522 2965 578 3007; x_wconf 65' lang='grc' dir='ltr'>οὖν</span> <span class='ocrx_word' id='word_1_334' title='bbox 600 2972 617 3007; x_wconf 82' lang='grc' dir='ltr'>ὃ</span> <span class='ocrx_word' id='word_1_335' title='bbox 640 2968 908 3019; x_wconf 87' lang='grc' dir='ltr'>μεμαλαγμένος</span> <span class='ocrx_word' id='word_1_336' title='bbox 928 2969 962 3004; x_wconf 78' lang='grc' dir='ltr'>ἐν</span> <span class='ocrx_word' id='word_1_337' title='bbox 987 2965 1165 3019; x_wconf 83' lang='grc' dir='ltr'>πονηρίᾳ.]</span> 
     </span>
    </p>

    <p class='ocr_par' dir='ltr' id='par_1_19' title="bbox 150 3022 1190 3196">
     <span class='ocr_line' id='line_1_48' title="bbox 206 3022 587 3078; baseline -0.003 -12"><span class='ocrx_word' id='word_1_338' title='bbox 206 3023 291 3070; x_wconf 62' lang='grc' dir='ltr'>εἶδες</span> <span class='ocrx_word' id='word_1_339' title='bbox 312 3022 351 3065; x_wconf 70' lang='grc' dir='ltr'>οἷ’</span> <span class='ocrx_word' id='word_1_340' title='bbox 373 3028 560 3078; x_wconf 72' lang='grc' dir='ltr'>ὑπέρχεται</span> <span class='ocrx_word' id='word_1_341' title='bbox 579 3040 587 3066; x_wconf 87' lang='lat'>:</span> 
     </span>
     <span class='ocr_line' id='line_1_49' title="bbox 150 3081 1190 3138; baseline -0.003 -15"><span class='ocrx_word' id='word_1_342' title='bbox 150 3086 281 3138; x_wconf 79' lang='grc' dir='ltr'>τρέχων</span> <span class='ocrx_word' id='word_1_343' title='bbox 310 3084 369 3122; x_wconf 81' lang='grc' dir='ltr'>καὶ</span> <span class='ocrx_word' id='word_1_344' title='bbox 396 3084 576 3122; x_wconf 80' lang='grc' dir='ltr'>κολακεύει</span> <span class='ocrx_word' id='word_1_345' title='bbox 602 3084 662 3122; x_wconf 79' lang='grc' dir='ltr'>καὶ</span> <span class='ocrx_word' id='word_1_346' title='bbox 687 3082 924 3135; x_wconf 68' lang='grc' dir='ltr'>καταπραύνει</span> <span class='ocrx_word' id='word_1_347' title='bbox 953 3081 1098 3133; x_wconf 85' lang='grc' dir='ltr'>ἀπάγων</span> <span class='ocrx_word' id='word_1_348' title='bbox 1126 3082 1190 3128; x_wconf 85' lang='grc' dir='ltr'>τὴν</span> 
     </span>
     <span class='ocr_line' id='line_1_50' title="bbox 151 3141 739 3196; baseline -0.003 -15"><span class='ocrx_word' id='word_1_349' title='bbox 151 3142 255 3196; x_wconf 80' lang='grc' dir='ltr'>ὀργὴν</span> <span class='ocrx_word' id='word_1_350' title='bbox 279 3141 421 3179; x_wconf 84' lang='grc' dir='ltr'>ἅπασαν</span> <span class='ocrx_word' id='word_1_351' title='bbox 441 3141 502 3187; x_wconf 85' lang='grc' dir='ltr'>τὴν</span> <span class='ocrx_word' id='word_1_352' title='bbox 520 3141 604 3193; x_wconf 76' lang='grc' dir='ltr'>πρὸς</span> <span class='ocrx_word' id='word_1_353' title='bbox 623 3141 739 3180; x_wconf 84' lang='grc' dir='ltr'>αὐτόν.</span> 
     </span>
    </p>

    <p class='ocr_par' dir='ltr' id='par_1_20' title="bbox 98 3196 1193 3309">
     <span class='ocr_line' id='line_1_51' title="bbox 98 3196 1190 3251; baseline -0.011 -13"><span class='ocrx_word' id='word_1_354' title='bbox 98 3218 133 3246; x_wconf 75' lang='lat'>50</span> <span class='ocrx_word' id='word_1_355' title='bbox 204 3214 266 3239; x_wconf 87' lang='lat'>270.</span> <span class='ocrx_word' id='word_1_356' title='bbox 297 3199 446 3251; x_wconf 78' lang='grc' dir='ltr'>ὡσπερεὶ</span> <span class='ocrx_word' id='word_1_357' title='bbox 467 3198 627 3251; x_wconf 87' lang='grc' dir='ltr'>γέροντας</span> <span class='ocrx_word' id='word_1_358' title='bbox 650 3212 658 3237; x_wconf 92' lang='lat'><strong>:</strong></span> <span class='ocrx_word' id='word_1_359' title='bbox 681 3199 839 3250; x_wconf 68' lang='grc' dir='ltr'>Ἵὶσπερ,</span> <span class='ocrx_word' id='word_1_360' title='bbox 858 3197 961 3250; x_wconf 78' lang='grc' dir='ltr'>φησὶ,</span> <span class='ocrx_word' id='word_1_361' title='bbox 979 3196 1058 3240; x_wconf 72' lang='grc' dir='ltr'>τοὺς</span> <span class='ocrx_word' id='word_1_362' title='bbox 1077 3196 1190 3249; x_wconf 66' lang='grc' dir='ltr'>γέρον-</span> 
     </span>
     <span class='ocr_line' id='line_1_52' title="bbox 150 3255 1193 3309; baseline -0.004 -13"><span class='ocrx_word' id='word_1_363' title='bbox 150 3275 212 3302; x_wconf 91' lang='grc' dir='ltr'>τας</span> <span class='ocrx_word' id='word_1_364' title='bbox 226 3255 390 3300; x_wconf 79' lang='grc' dir='ltr'>δικαστὰς</span> <span class='ocrx_word' id='word_1_365' title='bbox 404 3259 703 3309; x_wconf 77' lang='grc' dir='ltr'>ἐκπανουργῆσαι,</span> <span class='ocrx_word' id='word_1_366' title='bbox 723 3256 812 3293; x_wconf 73' lang='grc' dir='ltr'>οὕτω</span> <span class='ocrx_word' id='word_1_367' title='bbox 832 3256 892 3293; x_wconf 77' lang='grc' dir='ltr'>καὶ</span> <span class='ocrx_word' id='word_1_368' title='bbox 915 3259 1008 3305; x_wconf 74' lang='grc' dir='ltr'>ἡμᾶς</span> <span class='ocrx_word' id='word_1_369' title='bbox 1023 3258 1193 3307; x_wconf 71' lang='grc' dir='ltr'>ἐπιχειρεῖ</span> 
     </span>
    </p>
   </div>
   <div class='ocr_carea' id='block_1_5' title="bbox 608 3025 1186 3076">
    <p class='ocr_par' dir='ltr' id='par_1_21' title="bbox 608 3025 1186 3076">
     <span class='ocr_line' id='line_1_53' title="bbox 608 3025 1186 3076; baseline -0.007 -11"><span class='ocrx_word' id='word_1_370' title='bbox 608 3027 673 3070; x_wconf 63' lang='grc' dir='ltr'>ζΩς</span> <span class='ocrx_word' id='word_1_371' title='bbox 693 3025 862 3076; x_wconf 77' lang='grc' dir='ltr'>ὑπάγεται</span> <span class='ocrx_word' id='word_1_372' title='bbox 881 3025 939 3062; x_wconf 77' lang='grc' dir='ltr'>τὸν</span> <span class='ocrx_word' id='word_1_373' title='bbox 962 3025 1071 3073; x_wconf 73' lang='grc' dir='ltr'>δῆμον</span> <span class='ocrx_word' id='word_1_374' title='bbox 1101 3027 1186 3062; x_wconf 77' lang='grc' dir='ltr'>ὑπο-</span> 
     </span>
    </p>
   </div>
   <div class='ocr_carea' id='block_1_6' title="bbox 97 3313 1188 3482">
    <p class='ocr_par' dir='ltr' id='par_1_22' title="bbox 97 3313 1188 3482">
     <span class='ocr_line' id='line_1_54' title="bbox 97 3313 1071 3366; baseline -0.002 -13"><span class='ocrx_word' id='word_1_375' title='bbox 97 3336 104 3347; x_wconf 68' lang='lat' dir='ltr'><em>r</em></span> <span class='ocrx_word' id='word_1_376' title='bbox 152 3318 302 3355; x_wconf 82' lang='grc' dir='ltr'>ἀπατᾶν.</span> <span class='ocrx_word' id='word_1_377' title='bbox 321 3315 456 3354; x_wconf 66' lang='grc' dir='ltr'>κόὸαλα</span> <span class='ocrx_word' id='word_1_378' title='bbox 475 3313 542 3366; x_wconf 80' lang='grc' dir='ltr'>γὰρ</span> <span class='ocrx_word' id='word_1_379' title='bbox 561 3316 705 3351; x_wconf 86' lang='grc' dir='ltr'>καλοῦσι</span> <span class='ocrx_word' id='word_1_380' title='bbox 721 3313 765 3351; x_wconf 84' lang='grc' dir='ltr'>τὰ</span> <span class='ocrx_word' id='word_1_381' title='bbox 780 3313 1071 3365; x_wconf 73' lang='grc' dir='ltr'>πανουργήματα.</span> 
     </span>
     <span class='ocr_line' id='line_1_55' title="bbox 203 3371 1188 3424; baseline -0.003 -12"><span class='ocrx_word' id='word_1_382' title='bbox 203 3372 504 3412; x_wconf 69' lang='grc' dir='ltr'>ε’κκοὸαλικεύεται</span> <span class='ocrx_word' id='word_1_383' title='bbox 522 3386 531 3411; x_wconf 90' lang='grc'>;</span> <span class='ocrx_word' id='word_1_384' title='bbox 551 3372 683 3424; x_wconf 74' lang='grc' dir='ltr'>Ἀπατᾷ</span> <span class='ocrx_word' id='word_1_385' title='bbox 693 3401 702 3417; x_wconf 92' lang='grc'>,</span> <span class='ocrx_word' id='word_1_386' title='bbox 713 3371 1000 3423; x_wconf 85' lang='grc' dir='ltr'>παραλογίζεται,</span> <span class='ocrx_word' id='word_1_387' title='bbox 1014 3371 1188 3422; x_wconf 83' lang='grc' dir='ltr'>λῃστεύει.</span> 
     </span>
     <span class='ocr_line' id='line_1_56' title="bbox 151 3427 1187 3482; baseline -0.004 -13"><span class='ocrx_word' id='word_1_388' title='bbox 151 3431 293 3470; x_wconf 68' lang='grc' dir='ltr'>κόὸαλοι</span> <span class='ocrx_word' id='word_1_389' title='bbox 319 3429 385 3482; x_wconf 76' lang='grc' dir='ltr'>γὰρ</span> <span class='ocrx_word' id='word_1_390' title='bbox 414 3431 444 3468; x_wconf 83' lang='grc' dir='ltr'>οἷ</span> <span class='ocrx_word' id='word_1_391' title='bbox 474 3427 564 3480; x_wconf 78' lang='grc' dir='ltr'>μετὰ</span> <span class='ocrx_word' id='word_1_392' title='bbox 586 3428 685 3473; x_wconf 83' lang='grc' dir='ltr'>ξύλου</span> <span class='ocrx_word' id='word_1_393' title='bbox 714 3428 854 3480; x_wconf 81' lang='grc' dir='ltr'>λῃσταί.</span> <span class='ocrx_word' id='word_1_394' title='bbox 879 3429 955 3472; x_wconf 80' lang='grc' dir='ltr'>τοὺς</span> <span class='ocrx_word' id='word_1_395' title='bbox 979 3428 1102 3471; x_wconf 75' lang='grc' dir='ltr'>αὐτοὺς</span> <span class='ocrx_word' id='word_1_396' title='bbox 1127 3428 1187 3466; x_wconf 80' lang='grc' dir='ltr'>καὶ</span> 
     </span>
    </p>
   </div>
   <div class='ocr_carea' id='block_1_7' title="bbox 1236 346 2272 456">
    <p class='ocr_par' dir='ltr' id='par_1_23' title="bbox 1236 346 2272 456">
     <span class='ocr_line' id='line_1_57' title="bbox 1236 346 2272 404; baseline 0.007 -21"><span class='ocrx_word' id='word_1_397' title='bbox 1236 346 1487 398; x_wconf 85' lang='grc' dir='ltr'>κορυνηφόρους</span> <span class='ocrx_word' id='word_1_398' title='bbox 1505 348 1681 386; x_wconf 89' lang='grc' dir='ltr'>καλοῦσιν.</span> <span class='ocrx_word' id='word_1_399' title='bbox 1703 347 1845 400; x_wconf 87' lang='grc' dir='ltr'>[κορύνη</span> <span class='ocrx_word' id='word_1_400' title='bbox 1871 348 2054 403; x_wconf 84' lang='grc' dir='ltr'>ῥόπαλόν</span> <span class='ocrx_word' id='word_1_401' title='bbox 2039 366 2144 391; x_wconf 85' lang='grc' dir='ltr'>εστιν.</span> <span class='ocrx_word' id='word_1_402' title='bbox 2174 353 2272 404; x_wconf 57' lang='lat' dir='ltr'><strong><em>Vict]</em></strong></span> 
     </span>
     <span class='ocr_line' id='line_1_58' title="bbox 1236 403 2027 456; baseline 0.008 -16"><span class='ocrx_word' id='word_1_403' title='bbox 1236 405 1267 441; x_wconf 84' lang='grc' dir='ltr'>οἱ</span> <span class='ocrx_word' id='word_1_404' title='bbox 1284 403 1340 451; x_wconf 86' lang='lat'>33,</span> <span class='ocrx_word' id='word_1_405' title='bbox 1358 404 1507 442; x_wconf 70' lang='grc' dir='ltr'>κόὸαλον</span> <span class='ocrx_word' id='word_1_406' title='bbox 1526 404 1588 451; x_wconf 87' lang='grc' dir='ltr'>τὴν</span> <span class='ocrx_word' id='word_1_407' title='bbox 1610 405 1698 456; x_wconf 85' lang='grc' dir='ltr'>μετὰ</span> <span class='ocrx_word' id='word_1_408' title='bbox 1718 406 1853 454; x_wconf 85' lang='grc' dir='ltr'>ἀπάτης</span> <span class='ocrx_word' id='word_1_409' title='bbox 1872 408 2027 448; x_wconf 82' lang='grc' dir='ltr'>παιδιάν.</span> 
     </span>
    </p>
   </div>
   <div class='ocr_carea' id='block_1_8' title="bbox 1289 462 2271 520">
    <p class='ocr_par' dir='ltr' id='par_1_24' title="bbox 1289 462 2271 520">
     <span class='ocr_line' id='line_1_59' title="bbox 1289 462 2271 520; baseline 0.007 -22"><span class='ocrx_word' id='word_1_410' title='bbox 1289 475 1352 501; x_wconf 82' lang='lat'>271.</span> <span class='ocrx_word' id='word_1_411' title='bbox 1384 463 1461 499; x_wconf 83' lang='grc' dir='ltr'>ἀλλ’</span> <span class='ocrx_word' id='word_1_412' title='bbox 1482 462 1540 500; x_wconf 85' lang='grc' dir='ltr'>ἐὰν</span> <span class='ocrx_word' id='word_1_413' title='bbox 1560 463 1669 515; x_wconf 80' lang='grc' dir='ltr'>ταύτῃ</span> <span class='ocrx_word' id='word_1_414' title='bbox 1686 479 1725 514; x_wconf 90' lang='grc' dir='ltr'>γε</span> <span class='ocrx_word' id='word_1_415' title='bbox 1741 472 1818 502; x_wconf 81' lang='grc' dir='ltr'>νικᾶ</span> <span class='ocrx_word' id='word_1_416' title='bbox 1844 478 1852 504; x_wconf 87' lang='lat'>:</span> <span class='ocrx_word' id='word_1_417' title='bbox 1874 469 1931 518; x_wconf 79' lang='grc' dir='ltr'>Τῇ</span> <span class='ocrx_word' id='word_1_418' title='bbox 1950 467 2144 520; x_wconf 78' lang='grc' dir='ltr'>πανουργία</span> <span class='ocrx_word' id='word_1_419' title='bbox 2163 467 2271 519; x_wconf 88' lang='grc' dir='ltr'>λέγει.</span> 
     </span>
    </p>
   </div>
   <div class='ocr_carea' id='block_1_9' title="bbox 1237 519 2346 2956">
    <p class='ocr_par' dir='ltr' id='par_1_25' title="bbox 1237 519 2312 690">
     <span class='ocr_line' id='line_1_60' title="bbox 1237 519 2275 579; baseline 0.007 -22"><span class='ocrx_word' id='word_1_420' title='bbox 1237 519 1291 558; x_wconf 77' lang='grc' dir='ltr'>ὅτε</span> <span class='ocrx_word' id='word_1_421' title='bbox 1313 522 1347 558; x_wconf 78' lang='grc' dir='ltr'>ἓν</span> <span class='ocrx_word' id='word_1_422' title='bbox 1365 524 1408 572; x_wconf 77' lang='grc' dir='ltr'>τῇ</span> <span class='ocrx_word' id='word_1_423' title='bbox 1426 521 1617 573; x_wconf 85' lang='grc' dir='ltr'>πανουργία</span> <span class='ocrx_word' id='word_1_424' title='bbox 1639 537 1789 569; x_wconf 82' lang='grc' dir='ltr'>νικησει,</span> <span class='ocrx_word' id='word_1_425' title='bbox 1815 525 1901 576; x_wconf 79' lang='grc' dir='ltr'>αὐτη</span> <span class='ocrx_word' id='word_1_426' title='bbox 1922 541 1964 575; x_wconf 86' lang='grc' dir='ltr'>τῃ</span> <span class='ocrx_word' id='word_1_427' title='bbox 1984 526 2178 579; x_wconf 86' lang='grc' dir='ltr'>πανουργία</span> <span class='ocrx_word' id='word_1_428' title='bbox 2198 542 2275 564; x_wconf 90' lang='grc' dir='ltr'>πει-</span> 
     </span>
     <span class='ocr_line' id='line_1_61' title="bbox 1238 578 2312 647; baseline 0.007 -32"><span class='ocrx_word' id='word_1_429' title='bbox 1238 578 1415 647; x_wconf 77' lang='grc' dir='ltr'>σθησεται.</span> <span class='ocrx_word' id='word_1_430' title='bbox 1459 578 1544 617; x_wconf 86' lang='grc' dir='ltr'>Ἄλλ</span> <span class='ocrx_word' id='word_1_431' title='bbox 1538 595 1602 622; x_wconf 90' lang='grc' dir='ltr'>ιως.</span> <span class='ocrx_word' id='word_1_432' title='bbox 1614 578 1804 632; x_wconf 78' lang='grc' dir='ltr'>τὰςχεῒρας</span> <span class='ocrx_word' id='word_1_433' title='bbox 1816 581 1996 621; x_wconf 88' lang='grc' dir='ltr'>δείκνυσιν.</span> <span class='ocrx_word' id='word_1_434' title='bbox 2009 587 2030 629; x_wconf 84' lang='grc' dir='ltr'>ἡ</span> <span class='ocrx_word' id='word_1_435' title='bbox 2043 584 2078 621; x_wconf 90' lang='lat'>33</span> <span class='ocrx_word' id='word_1_436' title='bbox 2092 583 2275 638; x_wconf 79' lang='grc' dir='ltr'>μεταφορὰ</span> <span class='ocrx_word' id='word_1_437' title='bbox 2296 602 2312 627; x_wconf 83' lang='grc'>5</span> 
     </span>
     <span class='ocr_line' id='line_1_62' title="bbox 1239 637 2196 694; baseline 0.006 -20"><span class='ocrx_word' id='word_1_438' title='bbox 1239 637 1307 675; x_wconf 81' lang='grc' dir='ltr'>ἀπὸ</span> <span class='ocrx_word' id='word_1_439' title='bbox 1321 653 1388 675; x_wconf 83' lang='grc' dir='ltr'>των</span> <span class='ocrx_word' id='word_1_440' title='bbox 1401 639 1632 677; x_wconf 86' lang='grc' dir='ltr'>παλαιόντων.</span> <span class='ocrx_word' id='word_1_441' title='bbox 1652 638 1720 685; x_wconf 84' lang='grc' dir='ltr'>διὸ,</span> <span class='ocrx_word' id='word_1_442' title='bbox 1742 639 1843 690; x_wconf 82' lang='grc' dir='ltr'>φασὶ,</span> <span class='ocrx_word' id='word_1_443' title='bbox 1861 655 1921 677; x_wconf 88' lang='grc' dir='ltr'>και</span> <span class='ocrx_word' id='word_1_444' title='bbox 1937 641 1974 678; x_wconf 82' lang='grc' dir='ltr'>τὸ</span> <span class='ocrx_word' id='word_1_445' title='bbox 1991 642 2196 694; x_wconf 66' lang='grc' dir='ltr'>κυρηὸάσει.</span> 
     </span>
    </p>

    <p class='ocr_par' dir='ltr' id='par_1_26' title="bbox 1238 695 2336 1272">
     <span class='ocr_line' id='line_1_63' title="bbox 1291 695 2278 769; baseline 0.006 -36"><span class='ocrx_word' id='word_1_446' title='bbox 1291 710 1355 735; x_wconf 90' lang='lat'>272.</span> <span class='ocrx_word' id='word_1_447' title='bbox 1386 695 1605 748; x_wconf 65' lang='grc' dir='ltr'>κυρηόάσειξ</span> <span class='ocrx_word' id='word_1_448' title='bbox 1620 696 1839 769; x_wconf 57' lang='grc' dir='ltr'>Κυρηὲασία</span> <span class='ocrx_word' id='word_1_449' title='bbox 1858 697 1998 748; x_wconf 87' lang='grc' dir='ltr'>λέγεται</span> <span class='ocrx_word' id='word_1_450' title='bbox 2017 702 2039 744; x_wconf 81' lang='grc' dir='ltr'><strong>ἦ</strong></span> <span class='ocrx_word' id='word_1_451' title='bbox 2059 699 2115 736; x_wconf 88' lang='grc' dir='ltr'>δια</span> <span class='ocrx_word' id='word_1_452' title='bbox 2136 703 2204 738; x_wconf 85' lang='grc' dir='ltr'>τῶν</span> <span class='ocrx_word' id='word_1_453' title='bbox 2222 717 2278 738; x_wconf 83' lang='grc' dir='ltr'>κε·</span> 
     </span>
     <span class='ocr_line' id='line_1_64' title="bbox 1241 754 2293 808; baseline 0.005 -17"><span class='ocrx_word' id='word_1_454' title='bbox 1241 754 1351 806; x_wconf 87' lang='grc' dir='ltr'>ράτων</span> <span class='ocrx_word' id='word_1_455' title='bbox 1371 754 1488 806; x_wconf 74' lang='grc' dir='ltr'>μάχη,</span> <span class='ocrx_word' id='word_1_456' title='bbox 1505 754 1596 807; x_wconf 78' lang='grc' dir='ltr'>ἥπερ</span> <span class='ocrx_word' id='word_1_457' title='bbox 1615 757 1649 792; x_wconf 80' lang='grc' dir='ltr'>ἓν</span> <span class='ocrx_word' id='word_1_458' title='bbox 1666 756 1735 798; x_wconf 79' lang='grc' dir='ltr'>τοῖς</span> <span class='ocrx_word' id='word_1_459' title='bbox 1753 754 1891 806; x_wconf 87' lang='grc' dir='ltr'>ἀλόγοις</span> <span class='ocrx_word' id='word_1_460' title='bbox 1904 755 2000 808; x_wconf 83' lang='grc' dir='ltr'>ζώοις</span> <span class='ocrx_word' id='word_1_461' title='bbox 2017 756 2162 806; x_wconf 88' lang='grc' dir='ltr'>γίνεται.</span> <span class='ocrx_word' id='word_1_462' title='bbox 2179 762 2293 796; x_wconf 89' lang='grc' dir='ltr'>τοῦτο</span> 
     </span>
     <span class='ocr_line' id='line_1_65' title="bbox 1239 812 2279 887; baseline 0.004 -38"><span class='ocrx_word' id='word_1_463' title='bbox 1239 816 1296 849; x_wconf 79' lang='grc' dir='ltr'>οὐν</span> <span class='ocrx_word' id='word_1_464' title='bbox 1318 813 1432 859; x_wconf 88' lang='grc' dir='ltr'>δηλοῖ,</span> <span class='ocrx_word' id='word_1_465' title='bbox 1456 812 1508 850; x_wconf 81' lang='grc' dir='ltr'>ότι</span> <span class='ocrx_word' id='word_1_466' title='bbox 1533 829 1554 858; x_wconf 95' lang='grc' dir='ltr'>η</span> <span class='ocrx_word' id='word_1_467' title='bbox 1587 812 1739 864; x_wconf 80' lang='grc' dir='ltr'>μάχεται</span> <span class='ocrx_word' id='word_1_468' title='bbox 1764 812 1786 858; x_wconf 81' lang='grc' dir='ltr'>ἢ</span> <span class='ocrx_word' id='word_1_469' title='bbox 1810 812 1947 859; x_wconf 84' lang='grc' dir='ltr'>πλήξει</span> <span class='ocrx_word' id='word_1_470' title='bbox 1975 814 2186 887; x_wconf 51' lang='grc' dir='ltr'>κυρηῗάσεις</span> <span class='ocrx_word' id='word_1_471' title='bbox 2212 815 2279 868; x_wconf 86' lang='grc' dir='ltr'>γαρ</span> 
     </span>
     <span class='ocr_line' id='line_1_66' title="bbox 1238 870 2334 924; baseline 0.003 -16"><span class='ocrx_word' id='word_1_472' title='bbox 1238 870 1397 922; x_wconf 88' lang='grc' dir='ltr'>λέγονται</span> <span class='ocrx_word' id='word_1_473' title='bbox 1417 873 1452 908; x_wconf 85' lang='grc' dir='ltr'>αἱ</span> <span class='ocrx_word' id='word_1_474' title='bbox 1469 870 1609 916; x_wconf 81' lang='grc' dir='ltr'>πληξεις</span> <span class='ocrx_word' id='word_1_475' title='bbox 1625 874 1693 908; x_wconf 78' lang='grc' dir='ltr'>τῶν</span> <span class='ocrx_word' id='word_1_476' title='bbox 1710 870 1862 924; x_wconf 86' lang='grc' dir='ltr'>τράγων.</span> <span class='ocrx_word' id='word_1_477' title='bbox 1886 871 1945 909; x_wconf 81' lang='grc' dir='ltr'>καὶ</span> <span class='ocrx_word' id='word_1_478' title='bbox 1967 871 2035 924; x_wconf 80' lang='grc' dir='ltr'>γὰρ</span> <span class='ocrx_word' id='word_1_479' title='bbox 2061 874 2184 911; x_wconf 81' lang='grc' dir='ltr'>ἐκεῖνοι</span> <span class='ocrx_word' id='word_1_480' title='bbox 2203 875 2279 917; x_wconf 81' lang='grc' dir='ltr'>ταῖς</span> <span class='ocrx_word' id='word_1_481' title='bbox 2301 892 2334 917; x_wconf 83' lang='lat'>10</span> 
     </span>
     <span class='ocr_line' id='line_1_67' title="bbox 1240 927 2281 999; baseline 0.002 -33"><span class='ocrx_word' id='word_1_482' title='bbox 1240 930 1406 981; x_wconf 76' lang='grc' dir='ltr'>κεφαλαῖς</span> <span class='ocrx_word' id='word_1_483' title='bbox 1418 929 1661 980; x_wconf 75' lang='grc' dir='ltr'>διαμάχονται.</span> <span class='ocrx_word' id='word_1_484' title='bbox 1717 927 1862 972; x_wconf 87' lang='grc' dir='ltr'>Ἄλλως.</span> <span class='ocrx_word' id='word_1_485' title='bbox 1880 929 1964 999; x_wconf 78' lang='grc' dir='ltr'>πρὸς</span> <span class='ocrx_word' id='word_1_486' title='bbox 1977 929 2017 968; x_wconf 84' lang='grc' dir='ltr'>τὸ</span> <span class='ocrx_word' id='word_1_487' title='bbox 2033 929 2152 974; x_wconf 82' lang='grc' dir='ltr'>σκέλος</span> <span class='ocrx_word' id='word_1_488' title='bbox 2168 931 2261 983; x_wconf 83' lang='grc' dir='ltr'>μάχε</span> <span class='ocrx_word' id='word_1_489' title='bbox 2272 955 2281 960; x_wconf 93' lang='grc'><strong>-</strong></span> 
     </span>
     <span class='ocr_line' id='line_1_68' title="bbox 1239 983 2274 1038; baseline -0.005 -11"><span class='ocrx_word' id='word_1_490' title='bbox 1239 1006 1313 1036; x_wconf 88' lang='grc' dir='ltr'>ται,</span> <span class='ocrx_word' id='word_1_491' title='bbox 1332 987 1354 1034; x_wconf 82' lang='grc' dir='ltr'>ἢ</span> <span class='ocrx_word' id='word_1_492' title='bbox 1372 989 1599 1025; x_wconf 78' lang='grc' dir='ltr'>διαπεσεῖται.</span> <span class='ocrx_word' id='word_1_493' title='bbox 1623 986 1920 1038; x_wconf 67' lang='grc' dir='ltr'>[γαστρίζομαιΜ</span> <span class='ocrx_word' id='word_1_494' title='bbox 1889 1001 1923 1022; x_wconf 88' lang='grc' dir='ltr'>οε</span> <span class='ocrx_word' id='word_1_495' title='bbox 1943 983 2084 1031; x_wconf 62' lang='grc' dir='ltr'>εἶπεν,ξ</span> <span class='ocrx_word' id='word_1_496' title='bbox 2066 1000 2114 1026; x_wconf 92' lang='grc' dir='ltr'>ως</span> <span class='ocrx_word' id='word_1_497' title='bbox 2132 985 2274 1034; x_wconf 84' lang='grc' dir='ltr'>πληγεὶς</span> 
     </span>
     <span class='ocr_line' id='line_1_69' title="bbox 1239 1043 2274 1114; baseline -0.007 -28"><span class='ocrx_word' id='word_1_498' title='bbox 1239 1051 1287 1087; x_wconf 72' lang='grc' dir='ltr'>τιΝι)</span> <span class='ocrx_word' id='word_1_499' title='bbox 1317 1047 1443 1086; x_wconf 88' lang='grc' dir='ltr'>σκέλει.</span> <span class='ocrx_word' id='word_1_500' title='bbox 1471 1048 1516 1088; x_wconf 84' lang='grc' dir='ltr'>εἷς</span> <span class='ocrx_word' id='word_1_501' title='bbox 1542 1045 1603 1091; x_wconf 81' lang='grc' dir='ltr'>τὴν</span> <span class='ocrx_word' id='word_1_502' title='bbox 1631 1044 1784 1096; x_wconf 85' lang='grc' dir='ltr'>γαστέρα</span> <span class='ocrx_word' id='word_1_503' title='bbox 1809 1044 2000 1094; x_wconf 79' lang='grc' dir='ltr'>τύπτου-αι.</span> <span class='ocrx_word' id='word_1_504' title='bbox 2025 1043 2274 1114; x_wconf 78' lang='grc' dir='ltr'>παρεπιγραφῆ</span> 
     </span>
     <span class='ocr_line' id='line_1_70' title="bbox 1239 1088 2274 1156; baseline -0.006 -13"><span class='ocrx_word' id='word_1_505' title='bbox 1239 1088 1287 1145; x_wconf 85' lang='grc' dir='ltr'>δέ.</span> <span class='ocrx_word' id='word_1_506' title='bbox 1303 1104 1494 1156; x_wconf 85' lang='grc' dir='ltr'>συγκέκυφε</span> <span class='ocrx_word' id='word_1_507' title='bbox 1513 1102 1578 1154; x_wconf 89' lang='grc' dir='ltr'>γαρ</span> <span class='ocrx_word' id='word_1_508' title='bbox 1598 1099 1656 1140; x_wconf 82' lang='grc' dir='ltr'>καὶ</span> <span class='ocrx_word' id='word_1_509' title='bbox 1681 1102 1746 1139; x_wconf 81' lang='grc' dir='ltr'>υπὸ</span> <span class='ocrx_word' id='word_1_510' title='bbox 1767 1105 1834 1140; x_wconf 73' lang='grc' dir='ltr'>τῧν</span> <span class='ocrx_word' id='word_1_511' title='bbox 1864 1101 2056 1139; x_wconf 82' lang='grc' dir='ltr'>διωκόντων</span> <span class='ocrx_word' id='word_1_512' title='bbox 2084 1100 2274 1138; x_wconf 84' lang='grc' dir='ltr'>τύπτεται.</span> 
     </span>
     <span class='ocr_line' id='line_1_71' title="bbox 1239 1145 2336 1215; baseline -0.007 -12"><span class='ocrx_word' id='word_1_513' title='bbox 1239 1162 1487 1215; x_wconf 87' lang='grc' dir='ltr'>καταστρέφεις</span> <span class='ocrx_word' id='word_1_514' title='bbox 1523 1160 1579 1207; x_wconf 88' lang='lat'>33,</span> <span class='ocrx_word' id='word_1_515' title='bbox 1607 1161 1749 1203; x_wconf 78' lang='grc' dir='ltr'>δουλοῖς.</span> <span class='ocrx_word' id='word_1_516' title='bbox 1792 1160 1964 1213; x_wconf 77' lang='grc' dir='ltr'>τρέψομαι</span> <span class='ocrx_word' id='word_1_517' title='bbox 1998 1159 2053 1206; x_wconf 90' lang='lat'>33,</span> <span class='ocrx_word' id='word_1_518' title='bbox 2086 1162 2132 1203; x_wconf 87' lang='grc' dir='ltr'>εἷς</span> <span class='ocrx_word' id='word_1_519' title='bbox 2165 1145 2274 1211; x_wconf 77' lang='grc' dir='ltr'>φυγὴν</span> <span class='ocrx_word' id='word_1_520' title='bbox 2305 1179 2336 1204; x_wconf 83' lang='lat'>15</span> 
     </span>
     <span class='ocr_line' id='line_1_72' title="bbox 1242 1219 2178 1272; baseline 0.004 -16"><span class='ocrx_word' id='word_1_521' title='bbox 1242 1220 1376 1271; x_wconf 69' lang='grc' dir='ltr'>τρέψω,</span> <span class='ocrx_word' id='word_1_522' title='bbox 1394 1220 1511 1257; x_wconf 78' lang='grc' dir='ltr'>πλεῖόν</span> <span class='ocrx_word' id='word_1_523' title='bbox 1530 1236 1588 1258; x_wconf 82' lang='grc' dir='ltr'>σου</span> <span class='ocrx_word' id='word_1_524' title='bbox 1606 1223 1694 1272; x_wconf 80' lang='grc' dir='ltr'>βοῶν</span> <span class='ocrx_word' id='word_1_525' title='bbox 1710 1219 1842 1266; x_wconf 76' lang='grc' dir='ltr'>νικήσω</span> <span class='ocrx_word' id='word_1_526' title='bbox 1854 1250 1863 1267; x_wconf 94' lang='grc'>,</span> <span class='ocrx_word' id='word_1_527' title='bbox 1878 1221 2178 1272; x_wconf 66' lang='grc' dir='ltr'>ὓπερὸαλοῦμαι.]</span> 
     </span>
    </p>

    <p class='ocr_par' dir='ltr' id='par_1_27' title="bbox 1243 1272 2284 1447">
     <span class='ocr_line' id='line_1_73' title="bbox 1296 1272 2284 1330; baseline 0 -15"><span class='ocrx_word' id='word_1_528' title='bbox 1296 1291 1359 1316; x_wconf 82' lang='lat'>276.</span> <span class='ocrx_word' id='word_1_529' title='bbox 1389 1278 1551 1324; x_wconf 75' lang='grc' dir='ltr'>τήνελλος</span> <span class='ocrx_word' id='word_1_530' title='bbox 1569 1272 1600 1315; x_wconf 64' lang='grc' dir='ltr'>εἷ’</span> <span class='ocrx_word' id='word_1_531' title='bbox 1616 1292 1624 1317; x_wconf 89' lang='lat'>:</span> <span class='ocrx_word' id='word_1_532' title='bbox 1642 1278 1817 1325; x_wconf 80' lang='grc' dir='ltr'>Τήνελλος</span> <span class='ocrx_word' id='word_1_533' title='bbox 1833 1278 1982 1330; x_wconf 81' lang='grc' dir='ltr'>ἁρμονία</span> <span class='ocrx_word' id='word_1_534' title='bbox 2001 1278 2119 1330; x_wconf 84' lang='grc' dir='ltr'>λύρας.</span> <span class='ocrx_word' id='word_1_535' title='bbox 2138 1278 2197 1316; x_wconf 81' lang='grc' dir='ltr'>ἐὰν</span> <span class='ocrx_word' id='word_1_536' title='bbox 2212 1279 2284 1316; x_wconf 89' lang='grc' dir='ltr'>τοί-</span> 
     </span>
     <span class='ocr_line' id='line_1_74' title="bbox 1243 1331 2280 1389; baseline 0.001 -17"><span class='ocrx_word' id='word_1_537' title='bbox 1243 1352 1301 1373; x_wconf 87' lang='grc' dir='ltr'>νυν</span> <span class='ocrx_word' id='word_1_538' title='bbox 1318 1337 1587 1389; x_wconf 81' lang='grc' dir='ltr'>ὗπερακοντίσῃς</span> <span class='ocrx_word' id='word_1_539' title='bbox 1605 1336 1720 1383; x_wconf 80' lang='grc' dir='ltr'>αὐτὸν,</span> <span class='ocrx_word' id='word_1_540' title='bbox 1742 1336 2001 1387; x_wconf 80' lang='grc' dir='ltr'>μουσικώτατος</span> <span class='ocrx_word' id='word_1_541' title='bbox 2027 1331 2067 1374; x_wconf 66' lang='grc' dir='ltr'>εἷ.</span> <span class='ocrx_word' id='word_1_542' title='bbox 2136 1334 2280 1379; x_wconf 79' lang='grc' dir='ltr'>Ἄλλως.</span> 
     </span>
     <span class='ocr_line' id='line_1_75' title="bbox 1243 1394 2095 1447; baseline 0.005 -16"><span class='ocrx_word' id='word_1_543' title='bbox 1243 1394 1438 1447; x_wconf 75' lang='grc' dir='ltr'>νικηφόρος.</span> <span class='ocrx_word' id='word_1_544' title='bbox 1457 1394 1621 1440; x_wconf 80' lang='grc' dir='ltr'>τήνελλος</span> <span class='ocrx_word' id='word_1_545' title='bbox 1638 1394 1674 1432; x_wconf 88' lang='lat'>33</span> <span class='ocrx_word' id='word_1_546' title='bbox 1690 1395 1902 1446; x_wconf 89' lang='grc' dir='ltr'>κρουμάτιον</span> <span class='ocrx_word' id='word_1_547' title='bbox 1917 1395 2095 1435; x_wconf 76' lang='grc' dir='ltr'>ἐπινίκιον,</span> 
     </span>
    </p>

    <p class='ocr_par' dir='ltr' id='par_1_28' title="bbox 1243 1452 2342 1911">
     <span class='ocr_line' id='line_1_76' title="bbox 1297 1452 2342 1506; baseline 0 -16"><span class='ocrx_word' id='word_1_548' title='bbox 1297 1466 1359 1491; x_wconf 86' lang='lat'>277.</span> <span class='ocrx_word' id='word_1_549' title='bbox 1389 1452 1431 1498; x_wconf 75' lang='grc' dir='ltr'>ἢν</span> <span class='ocrx_word' id='word_1_550' title='bbox 1443 1453 1472 1490; x_wconf 82' lang='grc' dir='ltr'>δ’</span> <span class='ocrx_word' id='word_1_551' title='bbox 1487 1452 1643 1505; x_wconf 79' lang='grc' dir='ltr'>ἀναιδείᾳ</span> <span class='ocrx_word' id='word_1_552' title='bbox 1660 1466 1669 1491; x_wconf 90' lang='lat'>:</span> <span class='ocrx_word' id='word_1_553' title='bbox 1687 1452 1766 1492; x_wconf 77' lang='grc' dir='ltr'>Κᾶν</span> <span class='ocrx_word' id='word_1_554' title='bbox 1780 1455 1948 1504; x_wconf 75' lang='grc' dir='ltr'>ἠττηθῇς,</span> <span class='ocrx_word' id='word_1_555' title='bbox 1966 1454 2082 1506; x_wconf 83' lang='grc' dir='ltr'>φησὶν,</span> <span class='ocrx_word' id='word_1_556' title='bbox 2099 1453 2158 1491; x_wconf 79' lang='grc' dir='ltr'>ὑπ’</span> <span class='ocrx_word' id='word_1_557' title='bbox 2176 1454 2282 1491; x_wconf 81' lang='grc' dir='ltr'>αὐτοῦ</span> <span class='ocrx_word' id='word_1_558' title='bbox 2306 1477 2342 1502; x_wconf 82' lang='lat'>20</span> 
     </span>
     <span class='ocr_line' id='line_1_77' title="bbox 1243 1507 2288 1565; baseline 0.001 -17"><span class='ocrx_word' id='word_1_559' title='bbox 1243 1513 1287 1562; x_wconf 77' lang='grc' dir='ltr'>τῇ</span> <span class='ocrx_word' id='word_1_560' title='bbox 1310 1514 1392 1562; x_wconf 76' lang='grc' dir='ltr'>βοῇ,</span> <span class='ocrx_word' id='word_1_561' title='bbox 1412 1511 1577 1563; x_wconf 87' lang='grc' dir='ltr'>περιγένῃ</span> <span class='ocrx_word' id='word_1_562' title='bbox 1599 1510 1635 1548; x_wconf 89' lang='lat'>33</span> <span class='ocrx_word' id='word_1_563' title='bbox 1652 1513 1687 1548; x_wconf 81' lang='grc' dir='ltr'>ἐν</span> <span class='ocrx_word' id='word_1_564' title='bbox 1702 1511 1879 1564; x_wconf 82' lang='grc' dir='ltr'>ἀναιδείᾳ,</span> <span class='ocrx_word' id='word_1_565' title='bbox 1896 1511 1992 1549; x_wconf 83' lang='grc' dir='ltr'>οὐδὲν</span> <span class='ocrx_word' id='word_1_566' title='bbox 2012 1507 2117 1558; x_wconf 70' lang='grc' dir='ltr'>ἧττον</span> <span class='ocrx_word' id='word_1_567' title='bbox 2133 1511 2288 1565; x_wconf 81' lang='grc' dir='ltr'>ἡμετέρα</span> 
     </span>
     <span class='ocr_line' id='line_1_78' title="bbox 1245 1566 2290 1622; baseline 0.002 -16"><span class='ocrx_word' id='word_1_568' title='bbox 1245 1572 1266 1615; x_wconf 80' lang='grc' dir='ltr'>ἡ</span> <span class='ocrx_word' id='word_1_569' title='bbox 1300 1569 1391 1616; x_wconf 90' lang='grc' dir='ltr'>νίκη.</span> <span class='ocrx_word' id='word_1_570' title='bbox 1422 1573 1606 1622; x_wconf 88' lang='grc' dir='ltr'>πυραμοῦς</span> <span class='ocrx_word' id='word_1_571' title='bbox 1640 1568 1693 1616; x_wconf 81' lang='grc' dir='ltr'>δὲ,</span> <span class='ocrx_word' id='word_1_572' title='bbox 1723 1566 1809 1613; x_wconf 69' lang='grc' dir='ltr'>εἶδος</span> <span class='ocrx_word' id='word_1_573' title='bbox 1839 1571 2054 1613; x_wconf 89' lang='grc' dir='ltr'>πλακοῦντος</span> <span class='ocrx_word' id='word_1_574' title='bbox 2085 1571 2123 1608; x_wconf 81' lang='grc' dir='ltr'>ἐκ</span> <span class='ocrx_word' id='word_1_575' title='bbox 2154 1569 2290 1620; x_wconf 87' lang='grc' dir='ltr'>μέλιτος</span> 
     </span>
     <span class='ocr_line' id='line_1_79' title="bbox 1247 1627 2284 1681; baseline 0 -16"><span class='ocrx_word' id='word_1_576' title='bbox 1247 1630 1347 1680; x_wconf 83' lang='grc' dir='ltr'>ἑφθοῦ</span> <span class='ocrx_word' id='word_1_577' title='bbox 1359 1627 1418 1665; x_wconf 83' lang='grc' dir='ltr'>καὶ</span> <span class='ocrx_word' id='word_1_578' title='bbox 1433 1630 1552 1680; x_wconf 82' lang='grc' dir='ltr'>πυρῶν</span> <span class='ocrx_word' id='word_1_579' title='bbox 1566 1627 1830 1681; x_wconf 78' lang='grc' dir='ltr'>πεφρυγμένων,</span> <span class='ocrx_word' id='word_1_580' title='bbox 1842 1630 1887 1671; x_wconf 81' lang='grc' dir='ltr'>ὡς</span> <span class='ocrx_word' id='word_1_581' title='bbox 1900 1628 1961 1666; x_wconf 79' lang='grc' dir='ltr'>καὶ</span> <span class='ocrx_word' id='word_1_582' title='bbox 1977 1632 2157 1679; x_wconf 74' lang='grc' dir='ltr'>σησαμοῦς</span> <span class='ocrx_word' id='word_1_583' title='bbox 2170 1628 2209 1666; x_wconf 84' lang='grc' dir='ltr'>τὸ</span> <span class='ocrx_word' id='word_1_584' title='bbox 2227 1628 2284 1665; x_wconf 84' lang='grc' dir='ltr'>διὰ</span> 
     </span>
     <span class='ocr_line' id='line_1_80' title="bbox 1247 1681 2288 1739; baseline 0.002 -17"><span class='ocrx_word' id='word_1_585' title='bbox 1247 1685 1430 1736; x_wconf 87' lang='grc' dir='ltr'>σησάμων.</span> <span class='ocrx_word' id='word_1_586' title='bbox 1451 1689 1561 1723; x_wconf 89' lang='grc' dir='ltr'>ταῦτα</span> <span class='ocrx_word' id='word_1_587' title='bbox 1580 1685 1615 1723; x_wconf 89' lang='lat'>33</span> <span class='ocrx_word' id='word_1_588' title='bbox 1632 1686 1787 1724; x_wconf 81' lang='grc' dir='ltr'>ἐτίθεσαν</span> <span class='ocrx_word' id='word_1_589' title='bbox 1805 1681 1893 1724; x_wconf 72' lang='grc' dir='ltr'>ἀθλα</span> <span class='ocrx_word' id='word_1_590' title='bbox 1913 1687 1982 1729; x_wconf 82' lang='grc' dir='ltr'>τοῖς</span> <span class='ocrx_word' id='word_1_591' title='bbox 2000 1687 2288 1739; x_wconf 86' lang='grc' dir='ltr'>διαγρυπνηταῒς.</span> 
     </span>
     <span class='ocr_line' id='line_1_81' title="bbox 1247 1743 2342 1797; baseline 0 -16"><span class='ocrx_word' id='word_1_592' title='bbox 1247 1743 1389 1781; x_wconf 81' lang='grc' dir='ltr'>εἰώθασι</span> <span class='ocrx_word' id='word_1_593' title='bbox 1405 1743 1473 1796; x_wconf 83' lang='grc' dir='ltr'>γὰρ</span> <span class='ocrx_word' id='word_1_594' title='bbox 1491 1746 1524 1781; x_wconf 79' lang='grc' dir='ltr'>ἐν</span> <span class='ocrx_word' id='word_1_595' title='bbox 1541 1747 1611 1787; x_wconf 78' lang='grc' dir='ltr'>τοῖς</span> <span class='ocrx_word' id='word_1_596' title='bbox 1632 1744 1836 1794; x_wconf 88' lang='grc' dir='ltr'>συμποσίοις</span> <span class='ocrx_word' id='word_1_597' title='bbox 1854 1745 2070 1795; x_wconf 79' lang='grc' dir='ltr'>ἁμιλλᾶσθαι</span> <span class='ocrx_word' id='word_1_598' title='bbox 2084 1744 2165 1797; x_wconf 77' lang='grc' dir='ltr'>περὶ</span> <span class='ocrx_word' id='word_1_599' title='bbox 2180 1746 2289 1797; x_wconf 86' lang='grc' dir='ltr'>ἀγρυ-</span> <span class='ocrx_word' id='word_1_600' title='bbox 2308 1767 2342 1792; x_wconf 80' lang='lat'>25</span> 
     </span>
     <span class='ocr_line' id='line_1_82' title="bbox 1246 1801 2290 1855; baseline 0.001 -16"><span class='ocrx_word' id='word_1_601' title='bbox 1246 1801 1365 1848; x_wconf 86' lang='grc' dir='ltr'>πνίας,</span> <span class='ocrx_word' id='word_1_602' title='bbox 1395 1801 1454 1839; x_wconf 84' lang='grc' dir='ltr'>καὶ</span> <span class='ocrx_word' id='word_1_603' title='bbox 1481 1804 1497 1839; x_wconf 83' lang='grc' dir='ltr'><strong><em>ὃ</em></strong></span> <span class='ocrx_word' id='word_1_604' title='bbox 1525 1803 1785 1855; x_wconf 78' lang='grc' dir='ltr'>διαγρυπνήσας</span> <span class='ocrx_word' id='word_1_605' title='bbox 1813 1803 1918 1855; x_wconf 82' lang='grc' dir='ltr'>μέχρι</span> <span class='ocrx_word' id='word_1_606' title='bbox 1945 1805 2008 1849; x_wconf 75' lang='grc' dir='ltr'>τῆς</span> <span class='ocrx_word' id='word_1_607' title='bbox 2033 1802 2079 1840; x_wconf 78' lang='grc' dir='ltr'>ἔω</span> <span class='ocrx_word' id='word_1_608' title='bbox 2113 1802 2290 1853; x_wconf 68' lang='grc' dir='ltr'>ἐλάμὸανε</span> 
     </span>
     <span class='ocr_line' id='line_1_83' title="bbox 1246 1858 1564 1911; baseline 0.003 -15"><span class='ocrx_word' id='word_1_609' title='bbox 1246 1858 1304 1896; x_wconf 80' lang='grc' dir='ltr'>τὸν</span> <span class='ocrx_word' id='word_1_610' title='bbox 1324 1864 1564 1911; x_wconf 87' lang='grc' dir='ltr'>πυραμοῦντα.</span> 
     </span>
    </p>

    <p class='ocr_par' dir='ltr' id='par_1_29' title="bbox 1247 1917 2346 2494">
     <span class='ocr_line' id='line_1_84' title="bbox 1300 1917 2291 1971; baseline 0 -16"><span class='ocrx_word' id='word_1_611' title='bbox 1300 1931 1362 1956; x_wconf 86' lang='lat'>278.</span> <span class='ocrx_word' id='word_1_612' title='bbox 1393 1917 1460 1969; x_wconf 79' lang='grc' dir='ltr'>ἐγὼ</span> <span class='ocrx_word' id='word_1_613' title='bbox 1474 1918 1663 1969; x_wconf 71' lang='grc' dir='ltr'>’νδείκνυμι</span> <span class='ocrx_word' id='word_1_614' title='bbox 1685 1932 1693 1957; x_wconf 74' lang='lat'><em>3</em></span> <span class='ocrx_word' id='word_1_615' title='bbox 1715 1918 1939 1968; x_wconf 81' lang='grc' dir='ltr'>Ἔνδείκνυμι</span> <span class='ocrx_word' id='word_1_616' title='bbox 1955 1918 2016 1956; x_wconf 73' lang='grc' dir='ltr'>καὶ</span> <span class='ocrx_word' id='word_1_617' title='bbox 2033 1917 2157 1971; x_wconf 85' lang='grc' dir='ltr'>φαίνω.</span> <span class='ocrx_word' id='word_1_618' title='bbox 2180 1918 2291 1956; x_wconf 81' lang='grc' dir='ltr'>ἐνδει-</span> 
     </span>
     <span class='ocr_line' id='line_1_85' title="bbox 1247 1975 2289 2029; baseline 0.001 -16"><span class='ocrx_word' id='word_1_619' title='bbox 1247 1976 1367 2014; x_wconf 88' lang='grc' dir='ltr'>κνύναι</span> <span class='ocrx_word' id='word_1_620' title='bbox 1387 1975 1422 2013; x_wconf 88' lang='lat'>33</span> <span class='ocrx_word' id='word_1_621' title='bbox 1445 1976 1562 2027; x_wconf 83' lang='grc' dir='ltr'>ἔλεγον</span> <span class='ocrx_word' id='word_1_622' title='bbox 1585 1977 1624 2014; x_wconf 82' lang='grc' dir='ltr'>τὸ</span> <span class='ocrx_word' id='word_1_623' title='bbox 1650 1976 1901 2027; x_wconf 89' lang='grc' dir='ltr'>καταγγέλλειν</span> <span class='ocrx_word' id='word_1_624' title='bbox 1927 1975 2005 2014; x_wconf 85' lang='grc' dir='ltr'>τινὰ</span> <span class='ocrx_word' id='word_1_625' title='bbox 2027 1980 2289 2029; x_wconf 89' lang='grc' dir='ltr'>κακουργοῦντα</span> 
     </span>
     <span class='ocr_line' id='line_1_86' title="bbox 1247 2034 2345 2086; baseline 0.001 -15"><span class='ocrx_word' id='word_1_626' title='bbox 1247 2034 1326 2086; x_wconf 82' lang='grc' dir='ltr'>περὶ</span> <span class='ocrx_word' id='word_1_627' title='bbox 1345 2034 1389 2072; x_wconf 87' lang='grc' dir='ltr'>τὰ</span> <span class='ocrx_word' id='word_1_628' title='bbox 1408 2034 1519 2073; x_wconf 86' lang='grc' dir='ltr'>κοινά.</span> <span class='ocrx_word' id='word_1_629' title='bbox 2309 2055 2345 2080; x_wconf 86' lang='lat'>30</span> 
     </span>
     <span class='ocr_line' id='line_1_87' title="bbox 1672 2091 2290 2145; baseline -0.002 -14"><span class='ocrx_word' id='word_1_630' title='bbox 1672 2092 1730 2132; x_wconf 86' lang='grc' dir='ltr'>Τὰ</span> <span class='ocrx_word' id='word_1_631' title='bbox 1757 2096 1825 2131; x_wconf 77' lang='grc' dir='ltr'>τῶν</span> <span class='ocrx_word' id='word_1_632' title='bbox 1848 2095 1931 2131; x_wconf 78' lang='grc' dir='ltr'>νεῶν</span> <span class='ocrx_word' id='word_1_633' title='bbox 1957 2092 2123 2145; x_wconf 75' lang='grc' dir='ltr'>χρειώδη.</span> <span class='ocrx_word' id='word_1_634' title='bbox 2149 2091 2290 2144; x_wconf 76' lang='grc' dir='ltr'>λέγεται</span> 
     </span>
     <span class='ocr_line' id='line_1_88' title="bbox 1876 2149 2291 2200; baseline -0.002 -11"><span class='ocrx_word' id='word_1_635' title='bbox 1876 2149 2020 2194; x_wconf 82' lang='grc' dir='ltr'>Ἄλλως.</span> <span class='ocrx_word' id='word_1_636' title='bbox 2048 2151 2092 2188; x_wconf 84' lang='grc' dir='ltr'>τὰ</span> <span class='ocrx_word' id='word_1_637' title='bbox 2117 2149 2291 2200; x_wconf 89' lang='grc' dir='ltr'>λεγόμενα</span> 
     </span>
     <span class='ocr_line' id='line_1_89' title="bbox 1250 2208 2292 2260; baseline -0.001 -13"><span class='ocrx_word' id='word_1_638' title='bbox 1250 2208 1475 2260; x_wconf 79' lang='grc' dir='ltr'>ὑποζώματα.</span> <span class='ocrx_word' id='word_1_639' title='bbox 1504 2210 1570 2247; x_wconf 80' lang='grc' dir='ltr'>εἶσὶ</span> <span class='ocrx_word' id='word_1_640' title='bbox 1599 2209 1634 2247; x_wconf 89' lang='lat'>33</span> <span class='ocrx_word' id='word_1_641' title='bbox 1660 2209 1745 2253; x_wconf 85' lang='grc' dir='ltr'>ξύλα</span> <span class='ocrx_word' id='word_1_642' title='bbox 1773 2212 1842 2247; x_wconf 79' lang='grc' dir='ltr'>τῶν</span> <span class='ocrx_word' id='word_1_643' title='bbox 1867 2211 1966 2247; x_wconf 84' lang='grc' dir='ltr'>νεῶν.</span> <span class='ocrx_word' id='word_1_644' title='bbox 1992 2208 2069 2246; x_wconf 80' lang='grc' dir='ltr'>ἀντὶ</span> <span class='ocrx_word' id='word_1_645' title='bbox 2096 2212 2156 2246; x_wconf 91' lang='grc' dir='ltr'>τοῦ</span> <span class='ocrx_word' id='word_1_646' title='bbox 2183 2210 2292 2246; x_wconf 78' lang='grc' dir='ltr'>εἰπεῖν</span> 
     </span>
     <span class='ocr_line' id='line_1_90' title="bbox 1250 2261 2293 2320; baseline 0 -16"><span class='ocrx_word' id='word_1_647' title='bbox 1250 2267 1482 2317; x_wconf 79' lang='grc' dir='ltr'>ὑποζωματα,</span> <span class='ocrx_word' id='word_1_648' title='bbox 1505 2261 1581 2304; x_wconf 69' lang='grc' dir='ltr'>εἶπε</span> <span class='ocrx_word' id='word_1_649' title='bbox 1567 2283 1600 2303; x_wconf 91' lang='grc' dir='ltr'>-ν</span> <span class='ocrx_word' id='word_1_650' title='bbox 1624 2284 1670 2310; x_wconf 91' lang='grc' dir='ltr'>ως</span> <span class='ocrx_word' id='word_1_651' title='bbox 1696 2267 1781 2320; x_wconf 80' lang='grc' dir='ltr'>πρὸς</span> <span class='ocrx_word' id='word_1_652' title='bbox 1808 2266 1971 2319; x_wconf 82' lang='grc' dir='ltr'>μάγειρον</span> <span class='ocrx_word' id='word_1_653' title='bbox 1999 2266 2132 2312; x_wconf 87' lang='grc' dir='ltr'>παίζων</span> <span class='ocrx_word' id='word_1_654' title='bbox 2158 2267 2293 2317; x_wconf 86' lang='grc' dir='ltr'>ζωμεύ-</span> 
     </span>
     <span class='ocr_line' id='line_1_91' title="bbox 1250 2323 2346 2395; baseline -0.001 -31.999"><span class='ocrx_word' id='word_1_655' title='bbox 1250 2341 1345 2375; x_wconf 87' lang='grc' dir='ltr'>ματα</span> <span class='ocrx_word' id='word_1_656' title='bbox 1358 2356 1367 2372; x_wconf 92' lang='grc'>,</span> <span class='ocrx_word' id='word_1_657' title='bbox 1385 2328 1430 2369; x_wconf 83' lang='grc' dir='ltr'>ὡς</span> <span class='ocrx_word' id='word_1_658' title='bbox 1451 2324 1627 2395; x_wconf 80' lang='grc' dir='ltr'>ἀρτύσεων</span> <span class='ocrx_word' id='word_1_659' title='bbox 1648 2324 1812 2377; x_wconf 84' lang='grc' dir='ltr'>ἔμπειρον</span> <span class='ocrx_word' id='word_1_660' title='bbox 1838 2341 1898 2362; x_wconf 91' lang='grc' dir='ltr'>και</span> <span class='ocrx_word' id='word_1_661' title='bbox 1918 2323 2169 2375; x_wconf 70' lang='grc' dir='ltr'>ζωμευμάτων.</span> <span class='ocrx_word' id='word_1_662' title='bbox 2187 2323 2292 2362; x_wconf 88' lang='grc' dir='ltr'>ἀπεί-</span> <span class='ocrx_word' id='word_1_663' title='bbox 2311 2344 2346 2370; x_wconf 76' lang='lat'>35</span> 
     </span>
     <span class='ocr_line' id='line_1_92' title="bbox 1251 2382 2292 2435; baseline -0.001 -14"><span class='ocrx_word' id='word_1_664' title='bbox 1251 2399 1334 2435; x_wconf 88' lang='grc' dir='ltr'>ρητο</span> <span class='ocrx_word' id='word_1_665' title='bbox 1358 2383 1393 2421; x_wconf 79' lang='grc' dir='ltr'>δὲ</span> <span class='ocrx_word' id='word_1_666' title='bbox 1418 2384 1488 2421; x_wconf 86' lang='grc' dir='ltr'>ἀπὸ</span> <span class='ocrx_word' id='word_1_667' title='bbox 1506 2384 1656 2429; x_wconf 72' lang='grc' dir='ltr'>Αθηνῧν</span> <span class='ocrx_word' id='word_1_668' title='bbox 1683 2382 1816 2435; x_wconf 83' lang='grc' dir='ltr'>ἐξάγειν</span> <span class='ocrx_word' id='word_1_669' title='bbox 1841 2383 1925 2428; x_wconf 84' lang='grc' dir='ltr'>ξύλα</span> <span class='ocrx_word' id='word_1_670' title='bbox 1950 2399 2011 2421; x_wconf 90' lang='grc' dir='ltr'>και</span> <span class='ocrx_word' id='word_1_671' title='bbox 2033 2382 2176 2421; x_wconf 87' lang='grc' dir='ltr'>πίσσαν.</span> <span class='ocrx_word' id='word_1_672' title='bbox 2199 2386 2292 2434; x_wconf 81' lang='grc' dir='ltr'>εἶχον</span> 
     </span>
     <span class='ocr_line' id='line_1_93' title="bbox 1250 2441 1871 2494; baseline 0 -15"><span class='ocrx_word' id='word_1_673' title='bbox 1250 2441 1285 2479; x_wconf 87' lang='lat'>33</span> <span class='ocrx_word' id='word_1_674' title='bbox 1303 2457 1361 2479; x_wconf 90' lang='grc' dir='ltr'>και</span> <span class='ocrx_word' id='word_1_675' title='bbox 1375 2444 1405 2479; x_wconf 81' lang='grc' dir='ltr'>οἱ</span> <span class='ocrx_word' id='word_1_676' title='bbox 1423 2441 1693 2491; x_wconf 76' lang='grc' dir='ltr'>Λακεδαιμόνιοι</span> <span class='ocrx_word' id='word_1_677' title='bbox 1709 2457 1871 2494; x_wconf 87' lang='grc' dir='ltr'>τριηρεις.</span> 
     </span>
    </p>

    <p class='ocr_par' dir='ltr' id='par_1_30' title="bbox 1249 2497 2346 2956">
     <span class='ocr_line' id='line_1_94' title="bbox 1302 2497 2294 2552; baseline -0.001 -15"><span class='ocrx_word' id='word_1_678' title='bbox 1302 2514 1366 2539; x_wconf 79' lang='lat'><em>231.</em></span> <span class='ocrx_word' id='word_1_679' title='bbox 1398 2502 1491 2537; x_wconf 83' lang='grc' dir='ltr'>ἐκθεῖ</span> <span class='ocrx_word' id='word_1_680' title='bbox 1509 2500 1599 2552; x_wconf 79' lang='grc' dir='ltr'>πλέᾳ</span> <span class='ocrx_word' id='word_1_681' title='bbox 1619 2513 1627 2538; x_wconf 89' lang='lat'><strong>:</strong></span> <span class='ocrx_word' id='word_1_682' title='bbox 1653 2499 1827 2546; x_wconf 79' lang='grc' dir='ltr'>’Έξεισιν,</span> <span class='ocrx_word' id='word_1_683' title='bbox 1849 2499 2075 2552; x_wconf 81' lang='grc' dir='ltr'>ἐκπορεύεται</span> <span class='ocrx_word' id='word_1_684' title='bbox 2097 2501 2208 2551; x_wconf 80' lang='grc' dir='ltr'>μεστῇ</span> <span class='ocrx_word' id='word_1_685' title='bbox 2233 2497 2294 2536; x_wconf 80' lang='grc' dir='ltr'>καὶ</span> 
     </span>
     <span class='ocr_line' id='line_1_95' title="bbox 1249 2555 2294 2609; baseline 0 -15"><span class='ocrx_word' id='word_1_686' title='bbox 1249 2557 1422 2609; x_wconf 86' lang='grc' dir='ltr'>γεμούσῃ,</span> <span class='ocrx_word' id='word_1_687' title='bbox 1449 2557 1625 2595; x_wconf 87' lang='grc' dir='ltr'>τουτέστιν</span> <span class='ocrx_word' id='word_1_688' title='bbox 1648 2557 1768 2600; x_wconf 81' lang='grc' dir='ltr'>ἔξεισιν</span> <span class='ocrx_word' id='word_1_689' title='bbox 1786 2559 1825 2595; x_wconf 78' lang='grc' dir='ltr'>ἐκ</span> <span class='ocrx_word' id='word_1_690' title='bbox 1841 2561 1904 2603; x_wconf 74' lang='grc' dir='ltr'>τῆς</span> <span class='ocrx_word' id='word_1_691' title='bbox 1919 2556 2095 2600; x_wconf 88' lang='grc' dir='ltr'>πολιτείας</span> <span class='ocrx_word' id='word_1_692' title='bbox 2113 2555 2294 2607; x_wconf 85' lang='grc' dir='ltr'>γενόμενος</span> 
     </span>
     <span class='ocr_line' id='line_1_96' title="bbox 1249 2613 2346 2667; baseline -0.003 -15"><span class='ocrx_word' id='word_1_693' title='bbox 1249 2614 1422 2657; x_wconf 86' lang='grc' dir='ltr'>πλούσιος.</span> <span class='ocrx_word' id='word_1_694' title='bbox 1446 2614 1645 2664; x_wconf 79' lang='grc' dir='ltr'>εἶσδραμών</span> <span class='ocrx_word' id='word_1_695' title='bbox 1667 2614 1702 2651; x_wconf 89' lang='lat'>33</span> <span class='ocrx_word' id='word_1_696' title='bbox 1722 2615 1798 2651; x_wconf 82' lang='grc' dir='ltr'>ἀντὶ</span> <span class='ocrx_word' id='word_1_697' title='bbox 1816 2618 1878 2651; x_wconf 91' lang='grc' dir='ltr'>τοῦ</span> <span class='ocrx_word' id='word_1_698' title='bbox 1899 2613 2100 2667; x_wconf 83' lang='grc' dir='ltr'>προσελθὼν</span> <span class='ocrx_word' id='word_1_699' title='bbox 2121 2617 2165 2666; x_wconf 80' lang='grc' dir='ltr'>τῇ</span> <span class='ocrx_word' id='word_1_700' title='bbox 2188 2615 2292 2652; x_wconf 82' lang='grc' dir='ltr'>πολι-</span> <span class='ocrx_word' id='word_1_701' title='bbox 2309 2632 2346 2660; x_wconf 80' lang='lat'>40</span> 
     </span>
     <span class='ocr_line' id='line_1_97' title="bbox 1249 2671 2291 2725; baseline 0 -15"><span class='ocrx_word' id='word_1_702' title='bbox 1249 2673 1338 2725; x_wconf 79' lang='grc' dir='ltr'>τείᾳ.</span> <span class='ocrx_word' id='word_1_703' title='bbox 1368 2675 1562 2725; x_wconf 74' lang='grc' dir='ltr'>ε’μφαντικῆ</span> <span class='ocrx_word' id='word_1_704' title='bbox 1593 2673 1627 2710; x_wconf 86' lang='lat'>33</span> <span class='ocrx_word' id='word_1_705' title='bbox 1654 2672 1742 2716; x_wconf 82' lang='grc' dir='ltr'>λέξει</span> <span class='ocrx_word' id='word_1_706' title='bbox 1771 2673 1959 2725; x_wconf 77' lang='grc' dir='ltr'>κέχρηται,</span> <span class='ocrx_word' id='word_1_707' title='bbox 1982 2671 2039 2710; x_wconf 75' lang='grc' dir='ltr'>ἵνα</span> <span class='ocrx_word' id='word_1_708' title='bbox 2065 2671 2157 2723; x_wconf 83' lang='grc' dir='ltr'>δείξῃ</span> <span class='ocrx_word' id='word_1_709' title='bbox 2182 2671 2291 2710; x_wconf 81' lang='grc' dir='ltr'>αὐτὸν</span> 
     </span>
     <span class='ocr_line' id='line_1_98' title="bbox 1250 2728 2288 2783; baseline 0 -14"><span class='ocrx_word' id='word_1_710' title='bbox 1250 2730 1525 2781; x_wconf 79' lang='grc' dir='ltr'>ἐμπεπηδηκότα</span> <span class='ocrx_word' id='word_1_711' title='bbox 1555 2730 1674 2781; x_wconf 84' lang='grc' dir='ltr'>βιαίως</span> <span class='ocrx_word' id='word_1_712' title='bbox 1698 2731 1757 2768; x_wconf 78' lang='grc' dir='ltr'>καὶ</span> <span class='ocrx_word' id='word_1_713' title='bbox 1783 2728 2021 2781; x_wconf 78' lang='grc' dir='ltr'>ἀναισχύντως</span> <span class='ocrx_word' id='word_1_714' title='bbox 2046 2732 2090 2781; x_wconf 75' lang='grc' dir='ltr'>τῇ</span> <span class='ocrx_word' id='word_1_715' title='bbox 2114 2729 2288 2783; x_wconf 77' lang='grc' dir='ltr'>πολιτείᾳ.</span> 
     </span>
     <span class='ocr_line' id='line_1_99' title="bbox 1249 2783 2292 2841; baseline 0 -15"><span class='ocrx_word' id='word_1_716' title='bbox 1249 2792 1452 2841; x_wconf 81' lang='grc' dir='ltr'>πρυτανεῖον</span> <span class='ocrx_word' id='word_1_717' title='bbox 1478 2788 1513 2826; x_wconf 87' lang='lat'>33</span> <span class='ocrx_word' id='word_1_718' title='bbox 1533 2788 1634 2831; x_wconf 88' lang='grc' dir='ltr'>τόπος</span> <span class='ocrx_word' id='word_1_719' title='bbox 1661 2788 1840 2835; x_wconf 76' lang='grc' dir='ltr'>Ἀθήνησιν</span> <span class='ocrx_word' id='word_1_720' title='bbox 1863 2783 1902 2825; x_wconf 68' lang='grc' dir='ltr'>οῦ</span> <span class='ocrx_word' id='word_1_721' title='bbox 1924 2786 1984 2831; x_wconf 81' lang='grc' dir='ltr'>τὰς</span> <span class='ocrx_word' id='word_1_722' title='bbox 2001 2786 2170 2838; x_wconf 86' lang='grc' dir='ltr'>δημοσίας</span> <span class='ocrx_word' id='word_1_723' title='bbox 2190 2787 2292 2835; x_wconf 82' lang='grc' dir='ltr'>σιτή-</span> 
     </span>
     <span class='ocr_line' id='line_1_100' title="bbox 1251 2845 2289 2899; baseline -0.002 -14"><span class='ocrx_word' id='word_1_724' title='bbox 1251 2864 1319 2891; x_wconf 84' lang='grc' dir='ltr'>σεις</span> <span class='ocrx_word' id='word_1_725' title='bbox 1337 2850 1521 2885; x_wconf 78' lang='grc' dir='ltr'>ἐποιοῦντο.</span> <span class='ocrx_word' id='word_1_726' title='bbox 1540 2846 1623 2896; x_wconf 88' lang='grc' dir='ltr'>τιμὴ</span> <span class='ocrx_word' id='word_1_727' title='bbox 1644 2847 1679 2884; x_wconf 78' lang='grc' dir='ltr'>δὲ</span> <span class='ocrx_word' id='word_1_728' title='bbox 1696 2848 1758 2884; x_wconf 86' lang='grc' dir='ltr'>οὐκ</span> <span class='ocrx_word' id='word_1_729' title='bbox 1782 2845 1949 2898; x_wconf 80' lang='grc' dir='ltr'>ἐλαχίστη</span> <span class='ocrx_word' id='word_1_730' title='bbox 1969 2852 2039 2889; x_wconf 90' lang='grc' dir='ltr'>τοῖς</span> <span class='ocrx_word' id='word_1_731' title='bbox 2057 2845 2209 2899; x_wconf 75' lang='grc' dir='ltr'>δημοσίᾳ</span> <span class='ocrx_word' id='word_1_732' title='bbox 2232 2861 2289 2884; x_wconf 86' lang='grc' dir='ltr'>σι-</span> 
     </span>
     <span class='ocr_line' id='line_1_101' title="bbox 1249 2899 2346 2956; baseline -0.003 -12"><span class='ocrx_word' id='word_1_733' title='bbox 1249 2906 1426 2956; x_wconf 89' lang='grc' dir='ltr'>τουμένοις</span> <span class='ocrx_word' id='word_1_734' title='bbox 1438 2900 1492 2952; x_wconf 60' lang='grc' dir='ltr'>ἦν.</span> <span class='ocrx_word' id='word_1_735' title='bbox 1509 2906 1633 2955; x_wconf 84' lang='grc' dir='ltr'>[ταῦτα</span> <span class='ocrx_word' id='word_1_736' title='bbox 1649 2905 1676 2941; x_wconf 86' lang='grc' dir='ltr'>δ’</span> <span class='ocrx_word' id='word_1_737' title='bbox 1692 2899 1785 2941; x_wconf 67' lang='grc' dir='ltr'>εἶπεν</span> <span class='ocrx_word' id='word_1_738' title='bbox 1797 2903 1849 2941; x_wconf 81' lang='grc' dir='ltr'>ὅτι</span> <span class='ocrx_word' id='word_1_739' title='bbox 1861 2902 1966 2950; x_wconf 85' lang='grc' dir='ltr'>πένης</span> <span class='ocrx_word' id='word_1_740' title='bbox 1979 2901 2026 2940; x_wconf 78' lang='grc' dir='ltr'>ὢν</span> <span class='ocrx_word' id='word_1_741' title='bbox 2042 2905 2081 2941; x_wconf 81' lang='grc' dir='ltr'>ἐκ</span> <span class='ocrx_word' id='word_1_742' title='bbox 2092 2905 2160 2940; x_wconf 84' lang='grc' dir='ltr'>τῶν</span> <span class='ocrx_word' id='word_1_743' title='bbox 2170 2905 2293 2942; x_wconf 79' lang='grc' dir='ltr'>κοινῶν</span> <span class='ocrx_word' id='word_1_744' title='bbox 2310 2928 2346 2953; x_wconf 75' lang='lat'>45</span> 
     </span>
    </p>
   </div>
   <div class='ocr_carea' id='block_1_10' title="bbox 1248 2092 1820 2203">
    <p class='ocr_par' dir='ltr' id='par_1_31' title="bbox 1248 2092 1820 2203">
     <span class='ocr_line' id='line_1_102' title="bbox 1302 2092 1645 2143; baseline 0.003 -12"><span class='ocrx_word' id='word_1_745' title='bbox 1302 2107 1365 2131; x_wconf 81' lang='lat'>279.</span> <span class='ocrx_word' id='word_1_746' title='bbox 1396 2092 1610 2143; x_wconf 85' lang='grc' dir='ltr'>ζωμεύματα</span> <span class='ocrx_word' id='word_1_747' title='bbox 1636 2107 1645 2132; x_wconf 74' lang='lat'>2</span> 
     </span>
     <span class='ocr_line' id='line_1_103' title="bbox 1248 2150 1820 2203; baseline 0.003 -16"><span class='ocrx_word' id='word_1_748' title='bbox 1248 2150 1284 2189; x_wconf 86' lang='lat'>33</span> <span class='ocrx_word' id='word_1_749' title='bbox 1310 2150 1394 2194; x_wconf 84' lang='grc' dir='ltr'>ξύλα</span> <span class='ocrx_word' id='word_1_750' title='bbox 1420 2151 1479 2188; x_wconf 79' lang='grc' dir='ltr'>καὶ</span> <span class='ocrx_word' id='word_1_751' title='bbox 1501 2151 1604 2203; x_wconf 74' lang='grc' dir='ltr'>κηρὸς</span> <span class='ocrx_word' id='word_1_752' title='bbox 1621 2151 1679 2189; x_wconf 81' lang='grc' dir='ltr'>καὶ</span> <span class='ocrx_word' id='word_1_753' title='bbox 1696 2150 1820 2190; x_wconf 90' lang='grc' dir='ltr'>πίσσα.</span> 
     </span>
    </p>
   </div>
   <div class='ocr_carea' id='block_1_11' title="bbox 1248 2960 2346 3477">
    <p class='ocr_par' dir='ltr' id='par_1_32' title="bbox 1248 2960 2293 3071">
     <span class='ocr_line' id='line_1_104' title="bbox 1248 2960 2293 3014; baseline -0.003 -13"><span class='ocrx_word' id='word_1_754' title='bbox 1248 2962 1493 3013; x_wconf 83' lang='grc' dir='ltr'>πεπλούτηκε,</span> <span class='ocrx_word' id='word_1_755' title='bbox 1519 2962 1578 3000; x_wconf 83' lang='grc' dir='ltr'>καὶ</span> <span class='ocrx_word' id='word_1_756' title='bbox 1603 2961 1656 2999; x_wconf 80' lang='grc' dir='ltr'>ὅτι</span> <span class='ocrx_word' id='word_1_757' title='bbox 1683 2961 1828 3005; x_wconf 81' lang='grc' dir='ltr'>ἀναξίως</span> <span class='ocrx_word' id='word_1_758' title='bbox 1856 2960 1929 3012; x_wconf 57' lang='grc' dir='ltr'>ἔχει</span> <span class='ocrx_word' id='word_1_759' title='bbox 1954 2964 2014 3007; x_wconf 74' lang='grc' dir='ltr'>τῆς</span> <span class='ocrx_word' id='word_1_760' title='bbox 2035 2963 2069 2999; x_wconf 82' lang='grc' dir='ltr'>ἐν</span> <span class='ocrx_word' id='word_1_761' title='bbox 2098 2960 2293 3014; x_wconf 82' lang='grc' dir='ltr'>πρυτανείῳ</span> 
     </span>
     <span class='ocr_line' id='line_1_105' title="bbox 1250 3022 1447 3071; baseline -0.01 -11"><span class='ocrx_word' id='word_1_762' title='bbox 1250 3037 1428 3067; x_wconf 87' lang='grc' dir='ltr'>σιτησεως.</span> <span class='ocrx_word' id='word_1_763' title='bbox 1433 3022 1447 3071; x_wconf 87' lang='lat'><em>]</em></span> 
     </span>
    </p>

    <p class='ocr_par' dir='ltr' id='par_1_33' title="bbox 1248 3075 2346 3477">
     <span class='ocr_line' id='line_1_106' title="bbox 1302 3075 2293 3137; baseline -0.004 -20"><span class='ocrx_word' id='word_1_764' title='bbox 1302 3093 1364 3117; x_wconf 70' lang='lat'>282.</span> <span class='ocrx_word' id='word_1_765' title='bbox 1400 3079 1440 3125; x_wconf 80' lang='grc' dir='ltr'>νὴ</span> <span class='ocrx_word' id='word_1_766' title='bbox 1459 3078 1526 3117; x_wconf 91' lang='grc' dir='ltr'>Δία</span> <span class='ocrx_word' id='word_1_767' title='bbox 1555 3076 1733 3129; x_wconf 70' lang='grc' dir='ltr'>ἐξαγαγών</span> <span class='ocrx_word' id='word_1_768' title='bbox 1756 3093 1795 3128; x_wconf 87' lang='grc' dir='ltr'>γε</span> <span class='ocrx_word' id='word_1_769' title='bbox 1820 3076 2024 3137; x_wconf 86' lang='grc' dir='ltr'>τάπόρρητα</span> <span class='ocrx_word' id='word_1_770' title='bbox 2058 3090 2067 3116; x_wconf 75' lang='lat'>2</span> <span class='ocrx_word' id='word_1_771' title='bbox 2100 3075 2246 3122; x_wconf 78' lang='grc' dir='ltr'>Ἐπειδὴ</span> <span class='ocrx_word' id='word_1_772' title='bbox 2274 3079 2293 3114; x_wconf 85' lang='grc' dir='ltr'>ὁ</span> 
     </span>
     <span class='ocr_line' id='line_1_107' title="bbox 1251 3133 2291 3194; baseline -0.005 -18"><span class='ocrx_word' id='word_1_773' title='bbox 1251 3137 1373 3176; x_wconf 85' lang='grc' dir='ltr'>Κλέων</span> <span class='ocrx_word' id='word_1_774' title='bbox 1395 3142 1489 3175; x_wconf 79' lang='grc' dir='ltr'>εἶπεν</span> <span class='ocrx_word' id='word_1_775' title='bbox 1510 3135 1714 3188; x_wconf 85' lang='grc' dir='ltr'>ἀπόρρητα,</span> <span class='ocrx_word' id='word_1_776' title='bbox 1735 3135 1794 3172; x_wconf 78' lang='grc' dir='ltr'>καὶ</span> <span class='ocrx_word' id='word_1_777' title='bbox 1814 3135 1914 3178; x_wconf 81' lang='grc' dir='ltr'>αὐτὸς</span> <span class='ocrx_word' id='word_1_778' title='bbox 1932 3138 2007 3173; x_wconf 85' lang='grc' dir='ltr'>εἰπε</span> <span class='ocrx_word' id='word_1_779' title='bbox 2027 3134 2161 3194; x_wconf 89' lang='grc' dir='ltr'>κρέας</span> <span class='ocrx_word' id='word_1_780' title='bbox 2150 3147 2210 3172; x_wconf 87' lang='grc' dir='ltr'>και</span> <span class='ocrx_word' id='word_1_781' title='bbox 2229 3133 2291 3186; x_wconf 81' lang='grc' dir='ltr'>ἅρ-</span> 
     </span>
     <span class='ocr_line' id='line_1_108' title="bbox 1248 3192 2346 3246; baseline -0.005 -12"><span class='ocrx_word' id='word_1_782' title='bbox 1248 3211 1320 3234; x_wconf 90' lang='grc' dir='ltr'>τον.</span> <span class='ocrx_word' id='word_1_783' title='bbox 1338 3195 1431 3246; x_wconf 86' lang='grc' dir='ltr'>λέγει</span> <span class='ocrx_word' id='word_1_784' title='bbox 1451 3199 1521 3241; x_wconf 80' lang='grc' dir='ltr'>οὖν,</span> <span class='ocrx_word' id='word_1_785' title='bbox 1542 3193 1594 3231; x_wconf 77' lang='grc' dir='ltr'>ὅτι</span> <span class='ocrx_word' id='word_1_786' title='bbox 1615 3193 1698 3230; x_wconf 62' lang='grc' dir='ltr'>ἀναξ</span> <span class='ocrx_word' id='word_1_787' title='bbox 1684 3193 1759 3237; x_wconf 91' lang='grc' dir='ltr'>ίως</span> <span class='ocrx_word' id='word_1_788' title='bbox 1781 3193 1900 3245; x_wconf 70' lang='grc' dir='ltr'>ἔτυχεν</span> <span class='ocrx_word' id='word_1_789' title='bbox 1923 3195 1940 3230; x_wconf 82' lang='grc' dir='ltr'><strong><em>ὃ</em></strong></span> <span class='ocrx_word' id='word_1_790' title='bbox 1960 3192 2099 3242; x_wconf 89' lang='grc' dir='ltr'>Κλέων,</span> <span class='ocrx_word' id='word_1_791' title='bbox 2121 3195 2160 3230; x_wconf 79' lang='grc' dir='ltr'>οὗ</span> <span class='ocrx_word' id='word_1_792' title='bbox 2180 3193 2291 3244; x_wconf 77' lang='grc' dir='ltr'>Περι·</span> <span class='ocrx_word' id='word_1_793' title='bbox 2309 3216 2346 3241; x_wconf 87' lang='lat'>50</span> 
     </span>
     <span class='ocr_line' id='line_1_109' title="bbox 1249 3249 2292 3303; baseline -0.004 -12"><span class='ocrx_word' id='word_1_794' title='bbox 1249 3256 1334 3300; x_wconf 76' lang='grc' dir='ltr'>κλῆς</span> <span class='ocrx_word' id='word_1_795' title='bbox 1351 3269 1412 3291; x_wconf 87' lang='grc' dir='ltr'>ουκ</span> <span class='ocrx_word' id='word_1_796' title='bbox 1432 3252 1531 3303; x_wconf 82' lang='grc' dir='ltr'>ἔτυχε</span> <span class='ocrx_word' id='word_1_797' title='bbox 1553 3254 1620 3289; x_wconf 82' lang='grc' dir='ltr'>τῶν</span> <span class='ocrx_word' id='word_1_798' title='bbox 1641 3252 1828 3298; x_wconf 82' lang='grc' dir='ltr'>Ἀθηναίων</span> <span class='ocrx_word' id='word_1_799' title='bbox 1853 3251 1901 3301; x_wconf 86' lang='grc' dir='ltr'>μὴ</span> <span class='ocrx_word' id='word_1_800' title='bbox 1925 3250 2191 3303; x_wconf 72' lang='grc' dir='ltr'>παρασχόντων,</span> <span class='ocrx_word' id='word_1_801' title='bbox 2214 3249 2292 3296; x_wconf 86' lang='grc' dir='ltr'>ἤτοι</span> 
     </span>
     <span class='ocr_line' id='line_1_110' title="bbox 1250 3306 2290 3362; baseline -0.005 -13"><span class='ocrx_word' id='word_1_802' title='bbox 1250 3312 1316 3349; x_wconf 81' lang='grc' dir='ltr'>ὑπο</span> <span class='ocrx_word' id='word_1_803' title='bbox 1331 3309 1636 3362; x_wconf 82' lang='grc' dir='ltr'>μεγαλοφροσύνης</span> <span class='ocrx_word' id='word_1_804' title='bbox 1668 3313 1728 3346; x_wconf 86' lang='grc' dir='ltr'>τοῦ</span> <span class='ocrx_word' id='word_1_805' title='bbox 1759 3310 1878 3362; x_wconf 82' lang='grc' dir='ltr'>ἀνδρὸς</span> <span class='ocrx_word' id='word_1_806' title='bbox 1906 3307 2236 3361; x_wconf 86' lang='grc' dir='ltr'>παραιτησαμένου,</span> <span class='ocrx_word' id='word_1_807' title='bbox 2267 3306 2290 3354; x_wconf 85' lang='grc' dir='ltr'>ἢ</span> 
     </span>
     <span class='ocr_line' id='line_1_111' title="bbox 1249 3363 2292 3427; baseline -0.005 -21"><span class='ocrx_word' id='word_1_808' title='bbox 1249 3369 1301 3407; x_wconf 87' lang='grc' dir='ltr'>ὁτι</span> <span class='ocrx_word' id='word_1_809' title='bbox 1320 3368 1590 3420; x_wconf 80' lang='grc' dir='ltr'>ἐξοστρακισθεις</span> <span class='ocrx_word' id='word_1_810' title='bbox 1615 3369 1677 3405; x_wconf 78' lang='grc' dir='ltr'>οὐκ</span> <span class='ocrx_word' id='word_1_811' title='bbox 1697 3384 1798 3427; x_wconf 76' lang='grc' dir='ltr'>ετυχε</span> <span class='ocrx_word' id='word_1_812' title='bbox 1823 3384 1884 3413; x_wconf 90' lang='grc' dir='ltr'>της</span> <span class='ocrx_word' id='word_1_813' title='bbox 1912 3384 1947 3405; x_wconf 92' lang='grc' dir='ltr'>εν</span> <span class='ocrx_word' id='word_1_814' title='bbox 1971 3364 2167 3418; x_wconf 82' lang='grc' dir='ltr'>πρυτανείῳ</span> <span class='ocrx_word' id='word_1_815' title='bbox 2192 3363 2292 3411; x_wconf 70' lang='grc' dir='ltr'>σιτ-ή-</span> 
     </span>
     <span class='ocr_line' id='line_1_112' title="bbox 1251 3421 2292 3477; baseline -0.003 -12"><span class='ocrx_word' id='word_1_816' title='bbox 1251 3443 1356 3473; x_wconf 85' lang='grc' dir='ltr'>σεως,</span> <span class='ocrx_word' id='word_1_817' title='bbox 1376 3444 1398 3472; x_wconf 93' lang='grc' dir='ltr'>η</span> <span class='ocrx_word' id='word_1_818' title='bbox 1416 3426 1468 3465; x_wconf 89' lang='grc' dir='ltr'>οτι</span> <span class='ocrx_word' id='word_1_819' title='bbox 1491 3426 1547 3464; x_wconf 84' lang='grc' dir='ltr'>διὰ</span> <span class='ocrx_word' id='word_1_820' title='bbox 1566 3429 1667 3463; x_wconf 84' lang='grc' dir='ltr'>τοῦτο</span> <span class='ocrx_word' id='word_1_821' title='bbox 1689 3429 1762 3462; x_wconf 87' lang='grc' dir='ltr'>εἰπε</span> <span class='ocrx_word' id='word_1_822' title='bbox 1782 3426 1885 3477; x_wconf 86' lang='grc' dir='ltr'>κρέας</span> <span class='ocrx_word' id='word_1_823' title='bbox 1912 3424 1971 3462; x_wconf 81' lang='grc' dir='ltr'>καὶ</span> <span class='ocrx_word' id='word_1_824' title='bbox 1996 3424 2110 3476; x_wconf 83' lang='grc' dir='ltr'>ἄρτον,</span> <span class='ocrx_word' id='word_1_825' title='bbox 2131 3421 2206 3461; x_wconf 70' lang='grc' dir='ltr'>ἐπεὶ</span> <span class='ocrx_word' id='word_1_826' title='bbox 2227 3423 2292 3462; x_wconf 79' lang='grc' dir='ltr'>οὔκ</span> 
     </span>
    </p>
   </div>
  </div>
 </body>
</html>
