<?xml version="1.0" encoding="UTF-8"?>
<!DOCTYPE html PUBLIC "-//W3C//DTD XHTML 1.0 Transitional//EN"
    "http://www.w3.org/TR/xhtml1/DTD/xhtml1-transitional.dtd">
<html xmlns="http://www.w3.org/1999/xhtml" xml:lang="en" lang="en">
 <head>
  <title>
</title>
<meta http-equiv="Content-Type" content="text/html;charset=utf-8" />
  <meta name='ocr-system' content='tesseract 3.04.00' />
  <meta name='ocr-capabilities' content='ocr_page ocr_carea ocr_par ocr_line ocrx_word'/>
</head>
<body>
  <div class='ocr_page' id='page_1' title='image "./scholiagraecaina00dbuoft_0641.png"; bbox 0 0 2517 3792; ppageno 0'>
   <div class='ocr_carea' id='block_1_1' title="bbox 1076 211 1242 250">
    <p class='ocr_par' dir='ltr' id='par_1_1' title="bbox 1076 211 1242 250">
     <span class='ocr_line' id='line_1_1' title="bbox 1076 211 1242 250; baseline -0.006 0"><span class='ocrx_word' id='word_1_1' title='bbox 1076 211 1242 250; x_wconf 84' lang='lat' dir='ltr'>PLUTI.</span> 
     </span>
    </p>
   </div>
   <div class='ocr_carea' id='block_1_2' title="bbox 105 304 1130 1991">
    <p class='ocr_par' dir='ltr' id='par_1_2' title="bbox 105 304 1130 1991">
     <span class='ocr_line' id='line_1_2' title="bbox 109 304 1124 354; baseline -0.009 -10"><span class='ocrx_word' id='word_1_2' title='bbox 109 307 203 344; x_wconf 90' lang='lat' dir='ltr'>nihil</span> <span class='ocrx_word' id='word_1_3' title='bbox 239 316 469 354; x_wconf 73' lang='lat' dir='ltr'><strong>magnopere</strong></span> <span class='ocrx_word' id='word_1_4' title='bbox 495 310 663 340; x_wconf 81' lang='lat' dir='ltr'>accessit.</span> <span class='ocrx_word' id='word_1_5' title='bbox 703 304 919 337; x_wconf 58' lang='lat' dir='ltr'>(Tavcnoum</span> <span class='ocrx_word' id='word_1_6' title='bbox 954 314 1042 337; x_wconf 77' lang='lat' dir='ltr'>vcro</span> <span class='ocrx_word' id='word_1_7' title='bbox 1078 313 1124 336; x_wconf 86' lang='lat' dir='ltr'>ne</span> 
     </span>
     <span class='ocr_line' id='line_1_3' title="bbox 109 361 1125 415; baseline -0.007 -13"><span class='ocrx_word' id='word_1_8' title='bbox 109 365 193 415; x_wconf 90' lang='lat' dir='ltr'>quis</span> <span class='ocrx_word' id='word_1_9' title='bbox 212 364 429 414; x_wconf 84' lang='lat' dir='ltr'>Apollinem</span> <span class='ocrx_word' id='word_1_10' title='bbox 449 362 510 399; x_wconf 75' lang='lat' dir='ltr'>hit:</span> <span class='ocrx_word' id='word_1_11' title='bbox 529 361 779 411; x_wconf 88' lang='lat' dir='ltr'>Delphicum,</span> <span class='ocrx_word' id='word_1_12' title='bbox 797 369 861 397; x_wconf 84' lang='lat' dir='ltr'>aut</span> <span class='ocrx_word' id='word_1_13' title='bbox 881 363 1064 411; x_wconf 61' lang='grc' dir='ltr'>προφῆτιν,</span> <span class='ocrx_word' id='word_1_14' title='bbox 1085 369 1125 396; x_wconf 80' lang='lat' dir='ltr'>ut</span> 
     </span>
     <span class='ocr_line' id='line_1_4' title="bbox 110 419 1124 473; baseline -0.005 -13"><span class='ocrx_word' id='word_1_15' title='bbox 110 423 332 473; x_wconf 84' lang='lat' dir='ltr'>simpliciter</span> <span class='ocrx_word' id='word_1_16' title='bbox 349 422 574 471; x_wconf 86' lang='lat' dir='ltr'>plerumque</span> <span class='ocrx_word' id='word_1_17' title='bbox 599 420 785 456; x_wconf 86' lang='lat' dir='ltr'>nominari</span> <span class='ocrx_word' id='word_1_18' title='bbox 809 420 926 464; x_wconf 83' lang='lat' dir='ltr'>solet,</span> <span class='ocrx_word' id='word_1_19' title='bbox 952 419 1124 468; x_wconf 78' lang='lat' dir='ltr'>Pythiam</span> 
     </span>
     <span class='ocr_line' id='line_1_5' title="bbox 108 478 1125 530; baseline -0.004 -13"><span class='ocrx_word' id='word_1_20' title='bbox 108 481 291 530; x_wconf 88' lang='lat' dir='ltr'>accipiat:</span> <span class='ocrx_word' id='word_1_21' title='bbox 316 492 402 516; x_wconf 85' lang='lat' dir='ltr'>nam</span> <span class='ocrx_word' id='word_1_22' title='bbox 419 479 558 516; x_wconf 81' lang='lat' dir='ltr'>diserte</span> <span class='ocrx_word' id='word_1_23' title='bbox 576 478 786 524; x_wconf 81' lang='lat' dir='ltr'>chobius,</span> <span class='ocrx_word' id='word_1_24' title='bbox 809 479 916 515; x_wconf 75' lang='grc' dir='ltr'>ἐλθεῖν</span> <span class='ocrx_word' id='word_1_25' title='bbox 936 480 982 520; x_wconf 86' lang='grc' dir='ltr'>εἷς</span> <span class='ocrx_word' id='word_1_26' title='bbox 1007 479 1125 529; x_wconf 82' lang='grc' dir='ltr'>Βραγ-</span> 
     </span>
     <span class='ocr_line' id='line_1_6' title="bbox 108 535 1125 588; baseline -0.002 -14"><span class='ocrx_word' id='word_1_27' title='bbox 108 538 219 588; x_wconf 79' lang='grc' dir='ltr'>χίδας,</span> <span class='ocrx_word' id='word_1_28' title='bbox 234 537 291 574; x_wconf 78' lang='grc' dir='ltr'>καὶ</span> <span class='ocrx_word' id='word_1_29' title='bbox 311 537 368 574; x_wconf 85' lang='grc' dir='ltr'>τὸν</span> <span class='ocrx_word' id='word_1_30' title='bbox 389 537 459 574; x_wconf 82' lang='grc' dir='ltr'>ἐκεῖ</span> <span class='ocrx_word' id='word_1_31' title='bbox 471 536 543 574; x_wconf 85' lang='grc' dir='ltr'>θεὸν</span> <span class='ocrx_word' id='word_1_32' title='bbox 559 538 593 588; x_wconf 76' lang='grc' dir='ltr'>ἐρ</span> <span class='ocrx_word' id='word_1_33' title='bbox 614 539 743 582; x_wconf 45' lang='lat' dir='ltr'>what,</span> <span class='ocrx_word' id='word_1_34' title='bbox 768 537 795 572; x_wconf 86' lang='grc' dir='ltr'>εἰ</span> <span class='ocrx_word' id='word_1_35' title='bbox 811 535 1002 581; x_wconf 78' lang='grc' dir='ltr'>Μιλησίους</span> <span class='ocrx_word' id='word_1_36' title='bbox 1017 535 1125 586; x_wconf 75' lang='grc' dir='ltr'>πρόσ-</span> 
     </span>
     <span class='ocr_line' id='line_1_7' title="bbox 108 594 1124 645; baseline -0.003 -13"><span class='ocrx_word' id='word_1_37' title='bbox 108 598 220 632; x_wconf 84' lang='grc' dir='ltr'>θοιντο</span> <span class='ocrx_word' id='word_1_38' title='bbox 243 594 462 645; x_wconf 81' lang='grc' dir='ltr'>συμμάχους.</span> <span class='ocrx_word' id='word_1_39' title='bbox 506 598 588 632; x_wconf 86' lang='lat' dir='ltr'>Hoc</span> <span class='ocrx_word' id='word_1_40' title='bbox 621 595 817 631; x_wconf 86' lang='lat' dir='ltr'>oraculum</span> <span class='ocrx_word' id='word_1_41' title='bbox 846 595 986 631; x_wconf 89' lang='lat' dir='ltr'>scilicet</span> <span class='ocrx_word' id='word_1_42' title='bbox 1013 595 1124 630; x_wconf 88' lang='lat' dir='ltr'>situm</span> 
     </span>
     <span class='ocr_line' id='line_1_8' title="bbox 110 651 1127 703; baseline -0.005 -12"><span class='ocrx_word' id='word_1_43' title='bbox 110 661 192 691; x_wconf 87' lang='lat' dir='ltr'>erat</span> <span class='ocrx_word' id='word_1_44' title='bbox 215 653 253 690; x_wconf 89' lang='lat' dir='ltr'>iu</span> <span class='ocrx_word' id='word_1_45' title='bbox 277 654 494 703; x_wconf 87' lang='lat' dir='ltr'>propinquo</span> <span class='ocrx_word' id='word_1_46' title='bbox 522 669 529 689; x_wconf 93' lang='lat'>:</span> <span class='ocrx_word' id='word_1_47' title='bbox 554 666 622 690; x_wconf 88' lang='lat' dir='ltr'>nec</span> <span class='ocrx_word' id='word_1_48' title='bbox 650 653 851 689; x_wconf 74' lang='lat' dir='ltr'>discrimen</span> <span class='ocrx_word' id='word_1_49' title='bbox 875 665 894 688; x_wconf 84' lang='lat' dir='ltr'>a</span> <span class='ocrx_word' id='word_1_50' title='bbox 915 651 1127 688; x_wconf 70' lang='lat' dir='ltr'>victoribus</span> 
     </span>
     <span class='ocr_line' id='line_1_9' title="bbox 108 709 1126 761; baseline -0.005 -12"><span class='ocrx_word' id='word_1_51' title='bbox 108 712 233 749; x_wconf 86' lang='lat' dir='ltr'>Persis</span> <span class='ocrx_word' id='word_1_52' title='bbox 253 712 452 748; x_wconf 82' lang='lat' dir='ltr'>imminens</span> <span class='ocrx_word' id='word_1_53' title='bbox 471 712 572 761; x_wconf 78' lang='lat' dir='ltr'>longi</span> <span class='ocrx_word' id='word_1_54' title='bbox 605 714 783 761; x_wconf 83' lang='lat' dir='ltr'>temporis</span> <span class='ocrx_word' id='word_1_55' title='bbox 799 739 808 755; x_wconf 93' lang='lat'>‚</span> <span class='ocrx_word' id='word_1_56' title='bbox 834 709 937 759; x_wconf 90' lang='lat' dir='ltr'>quod</span> <span class='ocrx_word' id='word_1_57' title='bbox 967 709 1126 758; x_wconf 80' lang='lat' dir='ltr'><strong>Delphis</strong></span> 
     </span>
     <span class='ocr_line' id='line_1_10' title="bbox 107 766 1126 820; baseline -0.005 -13"><span class='ocrx_word' id='word_1_58' title='bbox 107 769 292 807; x_wconf 86' lang='lat' dir='ltr'>adeundis</span> <span class='ocrx_word' id='word_1_59' title='bbox 312 770 612 820; x_wconf 77' lang='lat' dir='ltr'>impendendum</span> <span class='ocrx_word' id='word_1_60' title='bbox 632 770 771 814; x_wconf 81' lang='lat' dir='ltr'>suisset,</span> <span class='ocrx_word' id='word_1_61' title='bbox 791 781 933 804; x_wconf 86' lang='lat' dir='ltr'>moram</span> <span class='ocrx_word' id='word_1_62' title='bbox 956 766 1126 817; x_wconf 85' lang='lat' dir='ltr'>patieba-</span> 
     </span>
     <span class='ocr_line' id='line_1_11' title="bbox 109 825 1126 877; baseline -0.004 -13"><span class='ocrx_word' id='word_1_63' title='bbox 109 835 182 866; x_wconf 87' lang='lat' dir='ltr'>tur.</span> <span class='ocrx_word' id='word_1_64' title='bbox 216 829 300 866; x_wconf 91' lang='lat' dir='ltr'>Non</span> <span class='ocrx_word' id='word_1_65' title='bbox 324 829 446 864; x_wconf 89' lang='lat' dir='ltr'>minus</span> <span class='ocrx_word' id='word_1_66' title='bbox 471 836 621 871; x_wconf 88' lang='lat' dir='ltr'>autem,</span> <span class='ocrx_word' id='word_1_67' title='bbox 646 840 757 877; x_wconf 84' lang='lat' dir='ltr'>quam</span> <span class='ocrx_word' id='word_1_68' title='bbox 789 827 950 876; x_wconf 80' lang='lat' dir='ltr'>Delphis</span> <span class='ocrx_word' id='word_1_69' title='bbox 966 854 974 870; x_wconf 95' lang='lat'>,</span> <span class='ocrx_word' id='word_1_70' title='bbox 996 825 1126 861; x_wconf 88' lang='lat' dir='ltr'>itidem</span> 
     </span>
     <span class='ocr_line' id='line_1_12' title="bbox 107 882 1127 938; baseline -0.004 -16"><span class='ocrx_word' id='word_1_71' title='bbox 107 895 190 923; x_wconf 88' lang='lat' dir='ltr'>erat</span> <span class='ocrx_word' id='word_1_72' title='bbox 210 887 246 922; x_wconf 92' lang='lat' dir='ltr'>in</span> <span class='ocrx_word' id='word_1_73' title='bbox 271 886 494 923; x_wconf 73' lang='lat' dir='ltr'>Branchidis</span> <span class='ocrx_word' id='word_1_74' title='bbox 511 888 690 938; x_wconf 63' lang='grc' dir='ltr'>προφῆτις,</span> <span class='ocrx_word' id='word_1_75' title='bbox 711 886 788 922; x_wconf 79' lang='lat' dir='ltr'>sive</span> <span class='ocrx_word' id='word_1_76' title='bbox 803 883 888 934; x_wconf 58' lang='grc' dir='ltr'>γυνθ·ι</span> <span class='ocrx_word' id='word_1_77' title='bbox 905 882 1127 935; x_wconf 78' lang='grc' dir='ltr'>χρησμῳδὸς,</span> 
     </span>
     <span class='ocr_line' id='line_1_13' title="bbox 106 942 1129 994; baseline -0.005 -13"><span class='ocrx_word' id='word_1_78' title='bbox 106 957 192 994; x_wconf 88' lang='lat' dir='ltr'>quae</span> <span class='ocrx_word' id='word_1_79' title='bbox 215 952 400 994; x_wconf 92' lang='lat' dir='ltr'>concepto</span> <span class='ocrx_word' id='word_1_80' title='bbox 415 945 569 981; x_wconf 87' lang='lat' dir='ltr'>numine</span> <span class='ocrx_word' id='word_1_81' title='bbox 591 944 716 980; x_wconf 83' lang='lat' dir='ltr'>futura</span> <span class='ocrx_word' id='word_1_82' title='bbox 732 942 965 991; x_wconf 75' lang='lat' dir='ltr'>praediceret.</span> <span class='ocrx_word' id='word_1_83' title='bbox 985 945 1018 977; x_wconf 81' lang='lat' dir='ltr'>A</span> <span class='ocrx_word' id='word_1_84' title='bbox 1035 944 1129 978; x_wconf 89' lang='lat' dir='ltr'>Por-</span> 
     </span>
     <span class='ocr_line' id='line_1_14' title="bbox 106 998 1129 1051; baseline -0.003 -13"><span class='ocrx_word' id='word_1_85' title='bbox 106 1002 246 1051; x_wconf 82' lang='lat' dir='ltr'>phyrio</span> <span class='ocrx_word' id='word_1_86' title='bbox 267 1010 527 1039; x_wconf 88' lang='lat' dir='ltr'>memorantur</span> <span class='ocrx_word' id='word_1_87' title='bbox 550 1005 619 1050; x_wconf 90' lang='lat' dir='ltr'>Ep.</span> <span class='ocrx_word' id='word_1_88' title='bbox 645 1001 690 1037; x_wconf 88' lang='lat' dir='ltr'>ad</span> <span class='ocrx_word' id='word_1_89' title='bbox 712 999 832 1037; x_wconf 87' lang='lat' dir='ltr'>Aneb.</span> <span class='ocrx_word' id='word_1_90' title='bbox 854 1001 888 1036; x_wconf 83' lang='grc' dir='ltr'>αἱ</span> <span class='ocrx_word' id='word_1_91' title='bbox 908 1000 942 1035; x_wconf 80' lang='grc' dir='ltr'>ἐν</span> <span class='ocrx_word' id='word_1_92' title='bbox 968 998 1129 1050; x_wconf 51' lang='grc' dir='ltr'>Βραγχί-</span> 
     </span>
     <span class='ocr_line' id='line_1_15' title="bbox 107 1058 1128 1112; baseline -0.002 -17"><span class='ocrx_word' id='word_1_93' title='bbox 107 1059 182 1102; x_wconf 86' lang='grc' dir='ltr'>δαις</span> <span class='ocrx_word' id='word_1_94' title='bbox 199 1058 425 1112; x_wconf 74' lang='grc' dir='ltr'>προφήτιδες·</span> <span class='ocrx_word' id='word_1_95' title='bbox 456 1059 522 1097; x_wconf 86' lang='lat' dir='ltr'>sed</span> <span class='ocrx_word' id='word_1_96' title='bbox 543 1059 702 1096; x_wconf 78' lang='lat' dir='ltr'>eximius</span> <span class='ocrx_word' id='word_1_97' title='bbox 728 1058 915 1107; x_wconf 85' lang='lat' dir='ltr'>imprimis</span> <span class='ocrx_word' id='word_1_98' title='bbox 945 1065 1001 1094; x_wconf 90' lang='lat' dir='ltr'>est</span> <span class='ocrx_word' id='word_1_99' title='bbox 1025 1060 1128 1094; x_wconf 87' lang='lat' dir='ltr'>Iam-</span> 
     </span>
     <span class='ocr_line' id='line_1_16' title="bbox 108 1115 1128 1166; baseline -0.003 -12"><span class='ocrx_word' id='word_1_100' title='bbox 108 1117 228 1154; x_wconf 87' lang='lat' dir='ltr'>blicbi</span> <span class='ocrx_word' id='word_1_101' title='bbox 258 1117 362 1154; x_wconf 90' lang='lat' dir='ltr'>locus</span> <span class='ocrx_word' id='word_1_102' title='bbox 385 1121 442 1154; x_wconf 89' lang='lat' dir='ltr'>De</span> <span class='ocrx_word' id='word_1_103' title='bbox 463 1125 614 1166; x_wconf 83' lang='lat' dir='ltr'>myster.</span> <span class='ocrx_word' id='word_1_104' title='bbox 642 1129 678 1166; x_wconf 94' lang='lat' dir='ltr'>p.</span> <span class='ocrx_word' id='word_1_105' title='bbox 704 1122 749 1162; x_wconf 78' lang='lat'>74</span> <span class='ocrx_word' id='word_1_106' title='bbox 769 1145 779 1165; x_wconf 93' lang='lat'>,</span> <span class='ocrx_word' id='word_1_107' title='bbox 814 1115 879 1152; x_wconf 91' lang='lat' dir='ltr'>ubi</span> <span class='ocrx_word' id='word_1_108' title='bbox 909 1128 982 1151; x_wconf 90' lang='lat' dir='ltr'>non</span> <span class='ocrx_word' id='word_1_109' title='bbox 1006 1115 1128 1151; x_wconf 81' lang='lat' dir='ltr'>solum</span> 
     </span>
     <span class='ocr_line' id='line_1_17' title="bbox 105 1173 1128 1228; baseline -0.003 -16"><span class='ocrx_word' id='word_1_110' title='bbox 105 1175 168 1221; x_wconf 80' lang='grc' dir='ltr'>τὴν</span> <span class='ocrx_word' id='word_1_111' title='bbox 200 1178 234 1214; x_wconf 81' lang='grc' dir='ltr'>ἐν</span> <span class='ocrx_word' id='word_1_112' title='bbox 268 1174 482 1228; x_wconf 80' lang='grc' dir='ltr'>Βραγχίδαις</span> <span class='ocrx_word' id='word_1_113' title='bbox 509 1180 658 1226; x_wconf 85' lang='grc' dir='ltr'>γυναῖκα</span> <span class='ocrx_word' id='word_1_114' title='bbox 691 1173 902 1226; x_wconf 80' lang='grc' dir='ltr'>χρησμῳδὸν</span> <span class='ocrx_word' id='word_1_115' title='bbox 934 1174 1128 1217; x_wconf 82' lang='lat' dir='ltr'>invenies,</span> 
     </span>
     <span class='ocr_line' id='line_1_18' title="bbox 107 1232 1129 1284; baseline -0.003 -13"><span class='ocrx_word' id='word_1_116' title='bbox 107 1247 239 1272; x_wconf 90' lang='lat' dir='ltr'>verum</span> <span class='ocrx_word' id='word_1_117' title='bbox 259 1235 417 1284; x_wconf 89' lang='lat' dir='ltr'>insuper</span> <span class='ocrx_word' id='word_1_118' title='bbox 450 1234 667 1284; x_wconf 83' lang='lat' dir='ltr'>expositum</span> <span class='ocrx_word' id='word_1_119' title='bbox 684 1263 692 1278; x_wconf 92' lang='lat'>‚</span> <span class='ocrx_word' id='word_1_120' title='bbox 726 1246 838 1282; x_wconf 85' lang='lat' dir='ltr'>quam</span> <span class='ocrx_word' id='word_1_121' title='bbox 859 1232 976 1268; x_wconf 76' lang='lat' dir='ltr'>variis</span> <span class='ocrx_word' id='word_1_122' title='bbox 1006 1232 1129 1268; x_wconf 87' lang='lat' dir='ltr'>modis</span> 
     </span>
     <span class='ocr_line' id='line_1_19' title="bbox 106 1291 1129 1343; baseline -0.004 -13"><span class='ocrx_word' id='word_1_123' title='bbox 106 1306 236 1331; x_wconf 90' lang='lat' dir='ltr'>auram</span> <span class='ocrx_word' id='word_1_124' title='bbox 256 1292 375 1330; x_wconf 86' lang='lat' dir='ltr'>divini</span> <span class='ocrx_word' id='word_1_125' title='bbox 393 1293 547 1343; x_wconf 87' lang='lat' dir='ltr'>spiritus</span> <span class='ocrx_word' id='word_1_126' title='bbox 569 1291 731 1329; x_wconf 90' lang='lat' dir='ltr'>lucidam</span> <span class='ocrx_word' id='word_1_127' title='bbox 747 1291 958 1328; x_wconf 78' lang='lat' dir='ltr'>hauriret.»</span> <span class='ocrx_word' id='word_1_128' title='bbox 982 1293 1129 1330; x_wconf 71' lang='lat' dir='ltr'>Hmisr.</span> 
     </span>
     <span class='ocr_line' id='line_1_20' title="bbox 105 1349 1130 1400; baseline -0.004 -12"><span class='ocrx_word' id='word_1_129' title='bbox 105 1354 251 1389; x_wconf 85' lang='lat' dir='ltr'>Neutra</span> <span class='ocrx_word' id='word_1_130' title='bbox 268 1351 451 1387; x_wconf 85' lang='lat' dir='ltr'>satisfacit</span> <span class='ocrx_word' id='word_1_131' title='bbox 471 1349 694 1400; x_wconf 84' lang='lat' dir='ltr'>conjectura</span> <span class='ocrx_word' id='word_1_132' title='bbox 716 1349 994 1386; x_wconf 85' lang='lat' dir='ltr'>Hemsterhusii</span> <span class='ocrx_word' id='word_1_133' title='bbox 1014 1349 1130 1385; x_wconf 88' lang='lat' dir='ltr'>mani-</span> 
     </span>
     <span class='ocr_line' id='line_1_21' title="bbox 108 1409 1127 1460; baseline -0.003 -13"><span class='ocrx_word' id='word_1_134' title='bbox 108 1411 322 1460; x_wconf 84' lang='lat' dir='ltr'>festumque</span> <span class='ocrx_word' id='word_1_135' title='bbox 337 1418 392 1446; x_wconf 87' lang='lat' dir='ltr'>est</span> <span class='ocrx_word' id='word_1_136' title='bbox 405 1409 560 1446; x_wconf 86' lang='lat' dir='ltr'>alteram</span> <span class='ocrx_word' id='word_1_137' title='bbox 577 1410 746 1459; x_wconf 89' lang='lat' dir='ltr'>pejorem</span> <span class='ocrx_word' id='word_1_138' title='bbox 759 1422 839 1446; x_wconf 90' lang='lat' dir='ltr'>esse</span> <span class='ocrx_word' id='word_1_139' title='bbox 854 1409 994 1458; x_wconf 89' lang='lat' dir='ltr'>priore.</span> <span class='ocrx_word' id='word_1_140' title='bbox 1010 1411 1127 1445; x_wconf 76' lang='lat' dir='ltr'>Dim).</span> 
     </span>
     <span class='ocr_line' id='line_1_22' title="bbox 107 1466 1130 1518; baseline 0 -15"><span class='ocrx_word' id='word_1_141' title='bbox 107 1495 158 1502; x_wconf 86' lang='grc'>-.</span> <span class='ocrx_word' id='word_1_142' title='bbox 183 1468 227 1504; x_wconf 88' lang='lat'>15</span> <span class='ocrx_word' id='word_1_143' title='bbox 252 1466 511 1518; x_wconf 81' lang='grc' dir='ltr'>βουλευομένων</span> <span class='ocrx_word' id='word_1_144' title='bbox 532 1472 644 1504; x_wconf 89' lang='lat' dir='ltr'>V.—</span> <span class='ocrx_word' id='word_1_145' title='bbox 663 1468 706 1504; x_wconf 92' lang='lat'>16</span> <span class='ocrx_word' id='word_1_146' title='bbox 739 1468 851 1516; x_wconf 89' lang='lat' dir='ltr'>posui</span> <span class='ocrx_word' id='word_1_147' title='bbox 871 1480 1018 1503; x_wconf 83' lang='lat' dir='ltr'>comma</span> <span class='ocrx_word' id='word_1_148' title='bbox 1044 1475 1130 1516; x_wconf 92' lang='lat' dir='ltr'>post</span> 
     </span>
     <span class='ocr_line' id='line_1_23' title="bbox 105 1523 1130 1576; baseline -0.001 -14"><span class='ocrx_word' id='word_1_149' title='bbox 105 1523 281 1576; x_wconf 87' lang='grc' dir='ltr'>γειτόνων.</span> <span class='ocrx_word' id='word_1_150' title='bbox 315 1528 411 1562; x_wconf 89' lang='lat' dir='ltr'>Nam</span> <span class='ocrx_word' id='word_1_151' title='bbox 438 1525 543 1575; x_wconf 87' lang='lat' dir='ltr'>quod</span> <span class='ocrx_word' id='word_1_152' title='bbox 565 1529 712 1564; x_wconf 81' lang='lat' dir='ltr'>Hemst.</span> <span class='ocrx_word' id='word_1_153' title='bbox 739 1525 820 1561; x_wconf 86' lang='lat' dir='ltr'>haec</span> <span class='ocrx_word' id='word_1_154' title='bbox 850 1525 964 1561; x_wconf 82' lang='lat' dir='ltr'>verba</span> <span class='ocrx_word' id='word_1_155' title='bbox 994 1525 1045 1561; x_wconf 90' lang='lat' dir='ltr'>sic</span> <span class='ocrx_word' id='word_1_156' title='bbox 1068 1525 1130 1561; x_wconf 92' lang='lat' dir='ltr'>in-</span> 
     </span>
     <span class='ocr_line' id='line_1_24' title="bbox 109 1582 1129 1633; baseline 0 -14"><span class='ocrx_word' id='word_1_157' title='bbox 109 1583 254 1620; x_wconf 84' lang='lat' dir='ltr'>tellexit</span> <span class='ocrx_word' id='word_1_158' title='bbox 273 1584 381 1633; x_wconf 90' lang='lat' dir='ltr'>quasi</span> <span class='ocrx_word' id='word_1_159' title='bbox 403 1584 586 1633; x_wconf 89' lang='lat' dir='ltr'>scriptum</span> <span class='ocrx_word' id='word_1_160' title='bbox 612 1592 709 1620; x_wconf 89' lang='lat' dir='ltr'>esset</span> <span class='ocrx_word' id='word_1_161' title='bbox 742 1583 837 1626; x_wconf 83' lang='grc' dir='ltr'>τίνας</span> <span class='ocrx_word' id='word_1_162' title='bbox 864 1582 1129 1632; x_wconf 80' lang='grc' dir='ltr'>ἀλκιμωτάτους</span> 
     </span>
     <span class='ocr_line' id='line_1_25' title="bbox 107 1641 1130 1695; baseline -0.001 -16"><span class='ocrx_word' id='word_1_163' title='bbox 107 1641 208 1685; x_wconf 83' lang='grc' dir='ltr'>ὄντας</span> <span class='ocrx_word' id='word_1_164' title='bbox 225 1644 294 1680; x_wconf 84' lang='grc' dir='ltr'>τῶν</span> <span class='ocrx_word' id='word_1_165' title='bbox 312 1644 346 1680; x_wconf 82' lang='grc' dir='ltr'>ἐν</span> <span class='ocrx_word' id='word_1_166' title='bbox 370 1641 515 1695; x_wconf 78' lang='grc' dir='ltr'>πολέμῳ</span> <span class='ocrx_word' id='word_1_167' title='bbox 533 1641 697 1693; x_wconf 84' lang='grc' dir='ltr'>γειτόνων</span> <span class='ocrx_word' id='word_1_168' title='bbox 715 1641 782 1694; x_wconf 77' lang='grc' dir='ltr'>χρὴ</span> <span class='ocrx_word' id='word_1_169' title='bbox 797 1645 970 1679; x_wconf 83' lang='grc' dir='ltr'>ποιεῖσθαι</span> <span class='ocrx_word' id='word_1_170' title='bbox 991 1641 1130 1692; x_wconf 77' lang='grc' dir='ltr'>συμμά-</span> 
     </span>
     <span class='ocr_line' id='line_1_26' title="bbox 107 1705 1127 1755; baseline 0 -14"><span class='ocrx_word' id='word_1_171' title='bbox 107 1719 213 1755; x_wconf 79' lang='grc' dir='ltr'>χους,</span> <span class='ocrx_word' id='word_1_172' title='bbox 245 1705 284 1742; x_wconf 88' lang='lat' dir='ltr'>id</span> <span class='ocrx_word' id='word_1_173' title='bbox 318 1706 398 1742; x_wconf 83' lang='lat' dir='ltr'>fieri</span> <span class='ocrx_word' id='word_1_174' title='bbox 428 1706 561 1755; x_wconf 90' lang='lat' dir='ltr'>nequit</span> <span class='ocrx_word' id='word_1_175' title='bbox 581 1706 654 1742; x_wconf 91' lang='lat' dir='ltr'>nisi</span> <span class='ocrx_word' id='word_1_176' title='bbox 686 1706 779 1747; x_wconf 81' lang='grc' dir='ltr'>τίνας</span> <span class='ocrx_word' id='word_1_177' title='bbox 803 1705 911 1742; x_wconf 89' lang='lat' dir='ltr'>illum</span> <span class='ocrx_word' id='word_1_178' title='bbox 935 1705 1060 1755; x_wconf 84' lang='lat' dir='ltr'>ipsum</span> <span class='ocrx_word' id='word_1_179' title='bbox 1091 1706 1127 1741; x_wconf 88' lang='lat' dir='ltr'>in</span> 
     </span>
     <span class='ocr_line' id='line_1_27' title="bbox 110 1756 1126 1815; baseline 0 -16"><span class='ocrx_word' id='word_1_180' title='bbox 110 1763 233 1800; x_wconf 86' lang='lat' dir='ltr'>locum</span> <span class='ocrx_word' id='word_1_181' title='bbox 259 1764 503 1813; x_wconf 67' lang='lat' dir='ltr'>transposito</span> <span class='ocrx_word' id='word_1_182' title='bbox 528 1767 647 1802; x_wconf 74' lang='lat' dir='ltr'>Dum.</span> <span class='ocrx_word' id='word_1_183' title='bbox 670 1786 719 1792; x_wconf 91' lang='lat'>—</span> <span class='ocrx_word' id='word_1_184' title='bbox 748 1777 790 1808; x_wconf 87' lang='lat'>17</span> <span class='ocrx_word' id='word_1_185' title='bbox 814 1764 1031 1815; x_wconf 78' lang='grc' dir='ltr'>παρακαλεῖν</span> <span class='ocrx_word' id='word_1_186' title='bbox 1050 1756 1126 1808; x_wconf 70' lang='grc' dir='ltr'>ὧδε,</span> 
     </span>
     <span class='ocr_line' id='line_1_28' title="bbox 110 1819 1127 1874; baseline 0 -17"><span class='ocrx_word' id='word_1_187' title='bbox 110 1834 158 1858; x_wconf 84' lang='grc' dir='ltr'>2ο</span> <span class='ocrx_word' id='word_1_188' title='bbox 173 1819 237 1866; x_wconf 85' lang='grc' dir='ltr'>τὴν</span> <span class='ocrx_word' id='word_1_189' title='bbox 256 1819 343 1872; x_wconf 80' lang='grc' dir='ltr'>γὰρ,</span> <span class='ocrx_word' id='word_1_190' title='bbox 369 1836 413 1858; x_wconf 73' lang='grc'>21</span> <span class='ocrx_word' id='word_1_191' title='bbox 433 1821 544 1874; x_wconf 74' lang='grc' dir='ltr'>ἀρχὴν</span> <span class='ocrx_word' id='word_1_192' title='bbox 568 1821 699 1873; x_wconf 70' lang='grc' dir='ltr'>ὅμηρον</span> <span class='ocrx_word' id='word_1_193' title='bbox 718 1837 790 1872; x_wconf 80' lang='grc' dir='ltr'>γεγ.</span> <span class='ocrx_word' id='word_1_194' title='bbox 814 1825 859 1857; x_wconf 83' lang='lat' dir='ltr'>V.</span> <span class='ocrx_word' id='word_1_195' title='bbox 877 1851 886 1867; x_wconf 94' lang='lat'>‚</span> <span class='ocrx_word' id='word_1_196' title='bbox 908 1835 954 1858; x_wconf 83' lang='lat' dir='ltr'>ex</span> <span class='ocrx_word' id='word_1_197' title='bbox 980 1835 1057 1871; x_wconf 89' lang='lat' dir='ltr'>quo</span> <span class='ocrx_word' id='word_1_198' title='bbox 1082 1828 1127 1865; x_wconf 73' lang='lat'>24</span> 
     </span>
     <span class='ocr_line' id='line_1_29' title="bbox 107 1877 1130 1930; baseline 0.001 -15"><span class='ocrx_word' id='word_1_199' title='bbox 107 1877 565 1930; x_wconf 66' lang='grc' dir='ltr'>πότεροι-ἐκλαμὲιίνουσι</span> <span class='ocrx_word' id='word_1_200' title='bbox 583 1881 724 1920; x_wconf 82' lang='lat' dir='ltr'>addita.</span> <span class='ocrx_word' id='word_1_201' title='bbox 749 1903 790 1908; x_wconf 91' lang='lat'><em>-</em></span> <span class='ocrx_word' id='word_1_202' title='bbox 813 1881 859 1917; x_wconf 85' lang='lat'>25</span> <span class='ocrx_word' id='word_1_203' title='bbox 877 1879 1130 1930; x_wconf 77' lang='grc' dir='ltr'>ἀποκρίνασθαι</span> 
     </span>
     <span class='ocr_line' id='line_1_30' title="bbox 108 1937 1128 1991; baseline -0.002 -13"><span class='ocrx_word' id='word_1_204' title='bbox 108 1938 156 1978; x_wconf 84' lang='grc' dir='ltr'>Θ.</span> <span class='ocrx_word' id='word_1_205' title='bbox 177 1938 422 1991; x_wconf 81' lang='grc' dir='ltr'>ἀποκρίνεσθαι</span> <span class='ocrx_word' id='word_1_206' title='bbox 446 1944 490 1978; x_wconf 92' lang='lat' dir='ltr'>V.</span> <span class='ocrx_word' id='word_1_207' title='bbox 512 1942 591 1979; x_wconf 87' lang='lat' dir='ltr'>Ald.</span> <span class='ocrx_word' id='word_1_208' title='bbox 612 1964 658 1970; x_wconf 93' lang='lat'>—-</span> <span class='ocrx_word' id='word_1_209' title='bbox 693 1955 739 1988; x_wconf 84' lang='grc'>27</span> <span class='ocrx_word' id='word_1_210' title='bbox 762 1937 917 1982; x_wconf 72' lang='grc' dir='ltr'>δοθέντος</span> <span class='ocrx_word' id='word_1_211' title='bbox 940 1939 985 1976; x_wconf 89' lang='grc' dir='ltr'>Θ.</span> <span class='ocrx_word' id='word_1_212' title='bbox 1008 1965 1059 1971; x_wconf 92' lang='grc'>-</span> <span class='ocrx_word' id='word_1_213' title='bbox 1081 1939 1128 1974; x_wconf 84' lang='lat'>28</span> 
     </span>
    </p>
   </div>
   <div class='ocr_carea' id='block_1_3' title="bbox 110 1995 1161 2054">
    <p class='ocr_par' dir='ltr' id='par_1_3' title="bbox 110 1995 1161 2054">
     <span class='ocr_line' id='line_1_31' title="bbox 110 1995 1161 2054; baseline 0.002 -21"><span class='ocrx_word' id='word_1_214' title='bbox 110 1995 170 2034; x_wconf 83' lang='grc' dir='ltr'>τὸν</span> <span class='ocrx_word' id='word_1_215' title='bbox 190 1997 373 2050; x_wconf 73' lang='grc' dir='ltr'>προφήτην</span> <span class='ocrx_word' id='word_1_216' title='bbox 391 2002 436 2035; x_wconf 89' lang='lat' dir='ltr'>V.</span> <span class='ocrx_word' id='word_1_217' title='bbox 453 2027 503 2032; x_wconf 90' lang='lat'><em>-</em></span> <span class='ocrx_word' id='word_1_218' title='bbox 530 2001 573 2037; x_wconf 84' lang='lat'>31</span> <span class='ocrx_word' id='word_1_219' title='bbox 594 1999 720 2042; x_wconf 80' lang='grc' dir='ltr'>πάντες</span> <span class='ocrx_word' id='word_1_220' title='bbox 739 2001 785 2038; x_wconf 92' lang='grc' dir='ltr'>Θ.</span> <span class='ocrx_word' id='word_1_221' title='bbox 804 1999 891 2036; x_wconf 90' lang='lat' dir='ltr'>Ald.</span> <span class='ocrx_word' id='word_1_222' title='bbox 913 2002 971 2035; x_wconf 82' lang='grc' dir='ltr'>τοῦ</span> <span class='ocrx_word' id='word_1_223' title='bbox 989 1995 1023 2035; x_wconf 72' lang='grc' dir='ltr'>δὲ</span> <span class='ocrx_word' id='word_1_224' title='bbox 1041 2011 1129 2050; x_wconf 73' lang='grc' dir='ltr'>χρη·</span> <span class='ocrx_word' id='word_1_225' title='bbox 1157 2046 1161 2054; x_wconf 89' lang='lat'>.</span> 
     </span>
    </p>
   </div>
   <div class='ocr_carea' id='block_1_4' title="bbox 108 2052 1137 3449">
    <p class='ocr_par' dir='ltr' id='par_1_4' title="bbox 108 2052 1137 3449">
     <span class='ocr_line' id='line_1_32' title="bbox 109 2052 1129 2109; baseline 0.003 -17"><span class='ocrx_word' id='word_1_226' title='bbox 109 2058 198 2105; x_wconf 77' lang='grc' dir='ltr'>σμοῧ</span> <span class='ocrx_word' id='word_1_227' title='bbox 219 2054 274 2092; x_wconf 80' lang='grc' dir='ltr'>διὰ</span> <span class='ocrx_word' id='word_1_228' title='bbox 290 2052 353 2102; x_wconf 74' lang='grc' dir='ltr'>τῆν</span> <span class='ocrx_word' id='word_1_229' title='bbox 374 2058 429 2094; x_wconf 76' lang='grc' dir='ltr'>ἀλ.</span> <span class='ocrx_word' id='word_1_230' title='bbox 449 2057 546 2100; x_wconf 83' lang='grc' dir='ltr'>ὄντος</span> <span class='ocrx_word' id='word_1_231' title='bbox 564 2058 701 2096; x_wconf 82' lang='grc' dir='ltr'>ἅπαντα</span> <span class='ocrx_word' id='word_1_232' title='bbox 718 2059 764 2100; x_wconf 82' lang='grc' dir='ltr'>εἷς</span> <span class='ocrx_word' id='word_1_233' title='bbox 780 2057 842 2104; x_wconf 71' lang='grc' dir='ltr'>τὴν</span> <span class='ocrx_word' id='word_1_234' title='bbox 859 2073 1005 2109; x_wconf 82' lang='grc' dir='ltr'>παροιμ.</span> <span class='ocrx_word' id='word_1_235' title='bbox 1023 2062 1129 2095; x_wconf 86' lang='lat' dir='ltr'>V.-</span> 
     </span>
     <span class='ocr_line' id='line_1_33' title="bbox 110 2113 1131 2163; baseline 0.001 -12"><span class='ocrx_word' id='word_1_236' title='bbox 110 2115 157 2151; x_wconf 86' lang='lat'>33</span> <span class='ocrx_word' id='word_1_237' title='bbox 174 2113 380 2163; x_wconf 81' lang='grc' dir='ltr'>Ἀνακρέων.</span> <span class='ocrx_word' id='word_1_238' title='bbox 405 2116 597 2153; x_wconf 86' lang='lat' dir='ltr'>Zenobius</span> <span class='ocrx_word' id='word_1_239' title='bbox 611 2118 724 2154; x_wconf 85' lang='lat' dir='ltr'>etiam</span> <span class='ocrx_word' id='word_1_240' title='bbox 740 2117 918 2153; x_wconf 87' lang='lat' dir='ltr'>admonet</span> <span class='ocrx_word' id='word_1_241' title='bbox 938 2118 974 2152; x_wconf 90' lang='lat' dir='ltr'>in</span> <span class='ocrx_word' id='word_1_242' title='bbox 992 2116 1131 2152; x_wconf 86' lang='lat' dir='ltr'>carmi—</span> 
     </span>
     <span class='ocr_line' id='line_1_34' title="bbox 108 2171 1130 2225; baseline 0.001 -17"><span class='ocrx_word' id='word_1_243' title='bbox 108 2171 221 2209; x_wconf 90' lang='lat' dir='ltr'>nibus</span> <span class='ocrx_word' id='word_1_244' title='bbox 261 2174 534 2211; x_wconf 75' lang='lat' dir='ltr'>Anacreonteis</span> <span class='ocrx_word' id='word_1_245' title='bbox 571 2183 722 2211; x_wconf 83' lang='lat' dir='ltr'>exstare</span> <span class='ocrx_word' id='word_1_246' title='bbox 763 2175 837 2211; x_wconf 93' lang='lat' dir='ltr'>hoc</span> <span class='ocrx_word' id='word_1_247' title='bbox 870 2173 1130 2225; x_wconf 87' lang='lat' dir='ltr'>proverbium,</span> 
     </span>
     <span class='ocr_line' id='line_1_35' title="bbox 109 2235 1130 2285; baseline 0 -15"><span class='ocrx_word' id='word_1_248' title='bbox 109 2245 232 2282; x_wconf 90' lang='lat' dir='ltr'>eoque</span> <span class='ocrx_word' id='word_1_249' title='bbox 260 2242 485 2283; x_wconf 83' lang='lat' dir='ltr'>argumento</span> <span class='ocrx_word' id='word_1_250' title='bbox 514 2235 658 2279; x_wconf 90' lang='lat' dir='ltr'>utitur,</span> <span class='ocrx_word' id='word_1_251' title='bbox 687 2235 790 2285; x_wconf 83' lang='lat' dir='ltr'>quod</span> <span class='ocrx_word' id='word_1_252' title='bbox 820 2235 918 2272; x_wconf 88' lang='lat' dir='ltr'>bene</span> <span class='ocrx_word' id='word_1_253' title='bbox 951 2235 1130 2272; x_wconf 85' lang='lat' dir='ltr'>Schottus</span> 
     </span>
     <span class='ocr_line' id='line_1_36' title="bbox 109 2290 1130 2342; baseline 0.001 -16"><span class='ocrx_word' id='word_1_254' title='bbox 109 2290 402 2336; x_wconf 84' lang='lat' dir='ltr'>animadvertit,</span> <span class='ocrx_word' id='word_1_255' title='bbox 421 2291 468 2328; x_wconf 93' lang='lat' dir='ltr'>ad</span> <span class='ocrx_word' id='word_1_256' title='bbox 490 2292 641 2328; x_wconf 89' lang='lat' dir='ltr'>illorum</span> <span class='ocrx_word' id='word_1_257' title='bbox 658 2320 668 2337; x_wconf 89' lang='lat'>‚</span> <span class='ocrx_word' id='word_1_258' title='bbox 686 2301 799 2342; x_wconf 88' lang='lat' dir='ltr'>atque</span> <span class='ocrx_word' id='word_1_259' title='bbox 817 2293 913 2329; x_wconf 84' lang='lat' dir='ltr'>adeo</span> <span class='ocrx_word' id='word_1_260' title='bbox 936 2293 1130 2338; x_wconf 85' lang='lat' dir='ltr'>Demonis,</span> 
     </span>
     <span class='ocr_line' id='line_1_37' title="bbox 109 2349 1131 2402; baseline 0.001 -16"><span class='ocrx_word' id='word_1_261' title='bbox 109 2349 334 2399; x_wconf 90' lang='lat' dir='ltr'>opinionem</span> <span class='ocrx_word' id='word_1_262' title='bbox 353 2349 598 2387; x_wconf 80' lang='lat' dir='ltr'>refellendam</span> <span class='ocrx_word' id='word_1_263' title='bbox 614 2380 623 2396; x_wconf 94' lang='lat'>‚</span> <span class='ocrx_word' id='word_1_264' title='bbox 648 2351 713 2400; x_wconf 90' lang='lat' dir='ltr'>qui</span> <span class='ocrx_word' id='word_1_265' title='bbox 732 2351 917 2401; x_wconf 82' lang='lat' dir='ltr'>originem</span> <span class='ocrx_word' id='word_1_266' title='bbox 939 2352 1131 2402; x_wconf 88' lang='lat' dir='ltr'>paroemiae</span> 
     </span>
     <span class='ocr_line' id='line_1_38' title="bbox 109 2408 1130 2459; baseline 0.002 -15"><span class='ocrx_word' id='word_1_267' title='bbox 109 2408 216 2446; x_wconf 87' lang='lat' dir='ltr'>Darii</span> <span class='ocrx_word' id='word_1_268' title='bbox 231 2409 430 2458; x_wconf 86' lang='lat' dir='ltr'>Hystaspis</span> <span class='ocrx_word' id='word_1_269' title='bbox 443 2409 507 2446; x_wconf 89' lang='lat' dir='ltr'>filii</span> <span class='ocrx_word' id='word_1_270' title='bbox 528 2409 763 2459; x_wconf 85' lang='lat' dir='ltr'>temporibus</span> <span class='ocrx_word' id='word_1_271' title='bbox 783 2410 985 2447; x_wconf 89' lang='lat' dir='ltr'>includunt</span> <span class='ocrx_word' id='word_1_272' title='bbox 1000 2425 1007 2446; x_wconf 74' lang='grc' dir='ltr'>ι</span> <span class='ocrx_word' id='word_1_273' title='bbox 1025 2415 1130 2447; x_wconf 78' lang='lat' dir='ltr'>Ana-</span> 
     </span>
     <span class='ocr_line' id='line_1_39' title="bbox 112 2467 1130 2519; baseline 0.001 -16"><span class='ocrx_word' id='word_1_274' title='bbox 112 2480 227 2504; x_wconf 86' lang='lat' dir='ltr'>creon</span> <span class='ocrx_word' id='word_1_275' title='bbox 245 2468 347 2504; x_wconf 92' lang='lat' dir='ltr'>enim</span> <span class='ocrx_word' id='word_1_276' title='bbox 361 2469 526 2504; x_wconf 86' lang='lat' dir='ltr'>maxime</span> <span class='ocrx_word' id='word_1_277' title='bbox 546 2467 616 2504; x_wconf 92' lang='lat' dir='ltr'>sub</span> <span class='ocrx_word' id='word_1_278' title='bbox 635 2471 734 2517; x_wconf 88' lang='lat' dir='ltr'>Cyro</span> <span class='ocrx_word' id='word_1_279' title='bbox 755 2469 896 2514; x_wconf 90' lang='lat' dir='ltr'>floruit,</span> <span class='ocrx_word' id='word_1_280' title='bbox 920 2478 1130 2519; x_wconf 86' lang='lat' dir='ltr'>postquem</span> 
     </span>
     <span class='ocr_line' id='line_1_40' title="bbox 110 2525 1130 2576; baseline 0.001 -14"><span class='ocrx_word' id='word_1_281' title='bbox 110 2525 409 2563; x_wconf 89' lang='lat' dir='ltr'>Dariusdemum</span> <span class='ocrx_word' id='word_1_282' title='bbox 424 2526 557 2563; x_wconf 89' lang='lat' dir='ltr'>tertius</span> <span class='ocrx_word' id='word_1_283' title='bbox 577 2539 694 2576; x_wconf 81' lang='lat' dir='ltr'>regno</span> <span class='ocrx_word' id='word_1_284' title='bbox 715 2527 868 2563; x_wconf 90' lang='lat' dir='ltr'>Persico</span> <span class='ocrx_word' id='word_1_285' title='bbox 886 2527 956 2563; x_wconf 88' lang='lat' dir='ltr'>suit</span> <span class='ocrx_word' id='word_1_286' title='bbox 976 2527 1130 2576; x_wconf 91' lang='lat' dir='ltr'>potitus.</span> 
     </span>
     <span class='ocr_line' id='line_1_41' title="bbox 110 2585 1130 2635; baseline 0.001 -14"><span class='ocrx_word' id='word_1_287' title='bbox 110 2585 226 2622; x_wconf 83' lang='lat' dir='ltr'>Ratio</span> <span class='ocrx_word' id='word_1_288' title='bbox 253 2585 414 2622; x_wconf 85' lang='lat' dir='ltr'>ficulnea</span> <span class='ocrx_word' id='word_1_289' title='bbox 432 2614 441 2631; x_wconf 90' lang='lat'>,</span> <span class='ocrx_word' id='word_1_290' title='bbox 473 2585 690 2635; x_wconf 88' lang='lat' dir='ltr'>nulliusque</span> <span class='ocrx_word' id='word_1_291' title='bbox 711 2585 892 2635; x_wconf 83' lang='lat' dir='ltr'>ponderis</span> <span class='ocrx_word' id='word_1_292' title='bbox 907 2615 918 2632; x_wconf 90' lang='lat'>,</span> <span class='ocrx_word' id='word_1_293' title='bbox 948 2586 977 2622; x_wconf 90' lang='lat' dir='ltr'>si</span> <span class='ocrx_word' id='word_1_294' title='bbox 998 2599 1130 2622; x_wconf 76' lang='lat' dir='ltr'>verum</span> 
     </span>
     <span class='ocr_line' id='line_1_42' title="bbox 112 2644 1131 2694; baseline 0 -14"><span class='ocrx_word' id='word_1_295' title='bbox 112 2651 192 2689; x_wconf 88' lang='lat' dir='ltr'>est,</span> <span class='ocrx_word' id='word_1_296' title='bbox 216 2644 319 2693; x_wconf 90' lang='lat' dir='ltr'>quod</span> <span class='ocrx_word' id='word_1_297' title='bbox 337 2645 540 2681; x_wconf 91' lang='lat' dir='ltr'>Barnesius</span> <span class='ocrx_word' id='word_1_298' title='bbox 560 2644 712 2689; x_wconf 86' lang='lat' dir='ltr'>statuit,</span> <span class='ocrx_word' id='word_1_299' title='bbox 734 2648 1014 2681; x_wconf 86' lang='lat' dir='ltr'>Anacreontem</span> <span class='ocrx_word' id='word_1_300' title='bbox 1037 2658 1131 2694; x_wconf 88' lang='lat' dir='ltr'>pro-</span> 
     </span>
     <span class='ocr_line' id='line_1_43' title="bbox 113 2701 1131 2751; baseline 0 -13"><span class='ocrx_word' id='word_1_301' title='bbox 113 2701 265 2738; x_wconf 87' lang='lat' dir='ltr'>duxisse</span> <span class='ocrx_word' id='word_1_302' title='bbox 281 2702 396 2738; x_wconf 78' lang='lat' dir='ltr'>vitam</span> <span class='ocrx_word' id='word_1_303' title='bbox 416 2701 464 2738; x_wconf 89' lang='lat' dir='ltr'>ad</span> <span class='ocrx_word' id='word_1_304' title='bbox 482 2702 652 2738; x_wconf 87' lang='lat' dir='ltr'>ultimam</span> <span class='ocrx_word' id='word_1_305' title='bbox 671 2702 892 2751; x_wconf 85' lang='lat' dir='ltr'>olympiada</span> <span class='ocrx_word' id='word_1_306' title='bbox 912 2703 959 2748; x_wconf 79' lang='lat'>76</span> <span class='ocrx_word' id='word_1_307' title='bbox 972 2731 982 2748; x_wconf 89' lang='lat'>,</span> <span class='ocrx_word' id='word_1_308' title='bbox 1015 2715 1131 2751; x_wconf 89' lang='lat' dir='ltr'>quum</span> 
     </span>
     <span class='ocr_line' id='line_1_44' title="bbox 113 2758 1133 2810; baseline 0.001 -14"><span class='ocrx_word' id='word_1_309' title='bbox 113 2762 261 2797; x_wconf 80' lang='lat' dir='ltr'>Xerxes</span> <span class='ocrx_word' id='word_1_310' title='bbox 278 2758 358 2808; x_wconf 83' lang='lat' dir='ltr'>jam</span> <span class='ocrx_word' id='word_1_311' title='bbox 378 2760 531 2796; x_wconf 88' lang='lat' dir='ltr'>tertium</span> <span class='ocrx_word' id='word_1_312' title='bbox 558 2768 596 2796; x_wconf 89' lang='lat' dir='ltr'>et</span> <span class='ocrx_word' id='word_1_313' title='bbox 616 2759 803 2797; x_wconf 88' lang='lat' dir='ltr'>decimum</span> <span class='ocrx_word' id='word_1_314' title='bbox 830 2769 957 2809; x_wconf 81' lang='lat' dir='ltr'>ageret</span> <span class='ocrx_word' id='word_1_315' title='bbox 983 2761 1133 2810; x_wconf 86' lang='lat' dir='ltr'>imperii</span> 
     </span>
     <span class='ocr_line' id='line_1_45' title="bbox 114 2818 1132 2867; baseline 0.001 -13"><span class='ocrx_word' id='word_1_316' title='bbox 114 2830 277 2854; x_wconf 88' lang='lat' dir='ltr'>annum:</span> <span class='ocrx_word' id='word_1_317' title='bbox 299 2830 394 2866; x_wconf 89' lang='lat' dir='ltr'>quos</span> <span class='ocrx_word' id='word_1_318' title='bbox 408 2818 574 2854; x_wconf 87' lang='lat' dir='ltr'>calculos</span> <span class='ocrx_word' id='word_1_319' title='bbox 588 2818 739 2867; x_wconf 81' lang='lat' dir='ltr'>exigere</span> <span class='ocrx_word' id='word_1_320' title='bbox 755 2831 829 2854; x_wconf 89' lang='lat' dir='ltr'>non</span> <span class='ocrx_word' id='word_1_321' title='bbox 848 2826 901 2854; x_wconf 87' lang='lat' dir='ltr'>est</span> <span class='ocrx_word' id='word_1_322' title='bbox 919 2818 1031 2867; x_wconf 88' lang='lat' dir='ltr'>hujus</span> <span class='ocrx_word' id='word_1_323' title='bbox 1048 2818 1132 2855; x_wconf 89' lang='lat' dir='ltr'>loci.</span> 
     </span>
     <span class='ocr_line' id='line_1_46' title="bbox 114 2875 1133 2925; baseline 0.001 -13"><span class='ocrx_word' id='word_1_324' title='bbox 114 2879 266 2912; x_wconf 90' lang='lat' dir='ltr'>Interea</span> <span class='ocrx_word' id='word_1_325' title='bbox 293 2888 370 2911; x_wconf 90' lang='lat' dir='ltr'>non</span> <span class='ocrx_word' id='word_1_326' title='bbox 400 2875 534 2912; x_wconf 89' lang='lat' dir='ltr'>dubito</span> <span class='ocrx_word' id='word_1_327' title='bbox 566 2876 657 2925; x_wconf 86' lang='lat' dir='ltr'>quin</span> <span class='ocrx_word' id='word_1_328' title='bbox 690 2876 1026 2925; x_wconf 73' lang='lat' dir='ltr'>grammaticorum</span> <span class='ocrx_word' id='word_1_329' title='bbox 1058 2877 1133 2923; x_wconf 87' lang='lat' dir='ltr'>alii,</span> 
     </span>
     <span class='ocr_line' id='line_1_47' title="bbox 117 2933 1134 2980; baseline 0.001 -10"><span class='ocrx_word' id='word_1_330' title='bbox 117 2941 156 2970; x_wconf 82' lang='lat' dir='ltr'>ut</span> <span class='ocrx_word' id='word_1_331' title='bbox 189 2941 331 2969; x_wconf 87' lang='lat' dir='ltr'>motam</span> <span class='ocrx_word' id='word_1_332' title='bbox 366 2933 629 2970; x_wconf 83' lang='lat' dir='ltr'>difficultatem</span> <span class='ocrx_word' id='word_1_333' title='bbox 661 2934 848 2970; x_wconf 80' lang='lat' dir='ltr'>evitarent</span> <span class='ocrx_word' id='word_1_334' title='bbox 866 2964 875 2980; x_wconf 89' lang='lat'>,</span> <span class='ocrx_word' id='word_1_335' title='bbox 910 2934 1134 2971; x_wconf 84' lang='lat' dir='ltr'>tradiderint</span> 
     </span>
     <span class='ocr_line' id='line_1_48' title="bbox 116 2990 1132 3041; baseline 0.001 -12"><span class='ocrx_word' id='word_1_336' title='bbox 116 3000 256 3029; x_wconf 89' lang='lat' dir='ltr'>sortem</span> <span class='ocrx_word' id='word_1_337' title='bbox 277 2990 419 3027; x_wconf 88' lang='lat' dir='ltr'>oraculi</span> <span class='ocrx_word' id='word_1_338' title='bbox 443 2991 556 3027; x_wconf 85' lang='lat' dir='ltr'>fuisse</span> <span class='ocrx_word' id='word_1_339' title='bbox 577 2991 764 3028; x_wconf 87' lang='lat' dir='ltr'>redditam</span> <span class='ocrx_word' id='word_1_340' title='bbox 780 2993 968 3041; x_wconf 79' lang='lat' dir='ltr'>Polycrati</span> <span class='ocrx_word' id='word_1_341' title='bbox 983 2994 1132 3031; x_wconf 81' lang='lat' dir='ltr'>Sa‘mio-</span> 
     </span>
     <span class='ocr_line' id='line_1_49' title="bbox 115 3051 1132 3099; baseline -0.001 -11"><span class='ocrx_word' id='word_1_342' title='bbox 115 3064 200 3088; x_wconf 88' lang='lat' dir='ltr'>rum</span> <span class='ocrx_word' id='word_1_343' title='bbox 227 3058 410 3099; x_wconf 83' lang='lat' dir='ltr'>tyranno,</span> <span class='ocrx_word' id='word_1_344' title='bbox 442 3061 527 3084; x_wconf 90' lang='lat' dir='ltr'>cum</span> <span class='ocrx_word' id='word_1_345' title='bbox 547 3062 623 3098; x_wconf 91' lang='lat' dir='ltr'>quo</span> <span class='ocrx_word' id='word_1_346' title='bbox 652 3051 940 3087; x_wconf 84' lang='lat' dir='ltr'>familiarissime</span> <span class='ocrx_word' id='word_1_347' title='bbox 967 3051 1062 3087; x_wconf 78' lang='lat' dir='ltr'>vixit</span> <span class='ocrx_word' id='word_1_348' title='bbox 1094 3052 1132 3087; x_wconf 90' lang='lat' dir='ltr'>in</span> 
     </span>
     <span class='ocr_line' id='line_1_50' title="bbox 117 3106 1134 3154; baseline -0.001 -8"><span class='ocrx_word' id='word_1_349' title='bbox 117 3108 322 3146; x_wconf 87' lang='lat' dir='ltr'>amicitiam</span> <span class='ocrx_word' id='word_1_350' title='bbox 355 3106 528 3143; x_wconf 90' lang='lat' dir='ltr'>intimam</span> <span class='ocrx_word' id='word_1_351' title='bbox 563 3107 749 3144; x_wconf 84' lang='lat' dir='ltr'>admissus</span> <span class='ocrx_word' id='word_1_352' title='bbox 785 3114 994 3145; x_wconf 87' lang='lat' dir='ltr'>Anacreon.</span> <span class='ocrx_word' id='word_1_353' title='bbox 1039 3111 1134 3154; x_wconf 85' lang='lat' dir='ltr'>Quae</span> 
     </span>
     <span class='ocr_line' id='line_1_51' title="bbox 117 3164 1135 3220; baseline -0.001 -16"><span class='ocrx_word' id='word_1_354' title='bbox 117 3179 235 3220; x_wconf 88' lang='lat' dir='ltr'>porro</span> <span class='ocrx_word' id='word_1_355' title='bbox 259 3166 306 3202; x_wconf 93' lang='lat' dir='ltr'>de</span> <span class='ocrx_word' id='word_1_356' title='bbox 325 3166 398 3202; x_wconf 85' lang='lat' dir='ltr'>hoc</span> <span class='ocrx_word' id='word_1_357' title='bbox 430 3164 636 3214; x_wconf 87' lang='lat' dir='ltr'>proverbio</span> <span class='ocrx_word' id='word_1_358' title='bbox 665 3174 795 3202; x_wconf 92' lang='lat' dir='ltr'>noster</span> <span class='ocrx_word' id='word_1_359' title='bbox 825 3166 1043 3203; x_wconf 88' lang='lat' dir='ltr'>scholiastes</span> <span class='ocrx_word' id='word_1_360' title='bbox 1068 3180 1135 3203; x_wconf 89' lang='lat' dir='ltr'>ex—</span> 
     </span>
     <span class='ocr_line' id='line_1_52' title="bbox 118 3222 1134 3278; baseline -0.004 -15"><span class='ocrx_word' id='word_1_361' title='bbox 118 3226 262 3278; x_wconf 86' lang='lat' dir='ltr'>posuit,</span> <span class='ocrx_word' id='word_1_362' title='bbox 285 3236 417 3261; x_wconf 87' lang='lat' dir='ltr'>eorum</span> <span class='ocrx_word' id='word_1_363' title='bbox 441 3222 536 3258; x_wconf 87' lang='lat' dir='ltr'>nihil</span> <span class='ocrx_word' id='word_1_364' title='bbox 554 3222 601 3259; x_wconf 82' lang='lat' dir='ltr'>ab</span> <span class='ocrx_word' id='word_1_365' title='bbox 612 3223 816 3260; x_wconf 84' lang='lat' dir='ltr'>Aristotele</span> <span class='ocrx_word' id='word_1_366' title='bbox 832 3222 944 3258; x_wconf 82' lang='lat' dir='ltr'>fuisse</span> <span class='ocrx_word' id='word_1_367' title='bbox 963 3236 1134 3259; x_wconf 83' lang='lat' dir='ltr'>comme-</span> 
     </span>
     <span class='ocr_line' id='line_1_53' title="bbox 119 3280 1135 3329; baseline -0.004 -8"><span class='ocrx_word' id='word_1_368' title='bbox 119 3292 309 3322; x_wconf 88' lang='lat' dir='ltr'>moratum</span> <span class='ocrx_word' id='word_1_369' title='bbox 331 3282 369 3318; x_wconf 90' lang='lat' dir='ltr'>in</span> <span class='ocrx_word' id='word_1_370' title='bbox 397 3280 630 3318; x_wconf 85' lang='lat' dir='ltr'>Milesiorum</span> <span class='ocrx_word' id='word_1_371' title='bbox 658 3293 736 3329; x_wconf 89' lang='lat' dir='ltr'>rep.</span> <span class='ocrx_word' id='word_1_372' title='bbox 766 3280 942 3329; x_wconf 80' lang='lat' dir='ltr'>colligere</span> <span class='ocrx_word' id='word_1_373' title='bbox 972 3280 1061 3316; x_wconf 86' lang='lat' dir='ltr'>licet</span> <span class='ocrx_word' id='word_1_374' title='bbox 1088 3294 1135 3317; x_wconf 80' lang='lat' dir='ltr'>ex</span> 
     </span>
     <span class='ocr_line' id='line_1_54' title="bbox 120 3337 1137 3389; baseline -0.006 -9"><span class='ocrx_word' id='word_1_375' title='bbox 120 3342 304 3380; x_wconf 77' lang='lat' dir='ltr'>Athenaeo</span> <span class='ocrx_word' id='word_1_376' title='bbox 329 3353 387 3386; x_wconf 77' lang='lat'>12,</span> <span class='ocrx_word' id='word_1_377' title='bbox 409 3352 446 3389; x_wconf 88' lang='lat' dir='ltr'>p.</span> <span class='ocrx_word' id='word_1_378' title='bbox 468 3339 554 3380; x_wconf 81' lang='lat'>523,</span> <span class='ocrx_word' id='word_1_379' title='bbox 573 3340 626 3387; x_wconf 82' lang='lat' dir='ltr'>F3</span> <span class='ocrx_word' id='word_1_380' title='bbox 649 3338 686 3374; x_wconf 94' lang='lat' dir='ltr'>id</span> <span class='ocrx_word' id='word_1_381' title='bbox 711 3338 809 3374; x_wconf 90' lang='lat' dir='ltr'>enim</span> <span class='ocrx_word' id='word_1_382' title='bbox 827 3338 947 3373; x_wconf 89' lang='lat' dir='ltr'>solum</span> <span class='ocrx_word' id='word_1_383' title='bbox 969 3337 1137 3386; x_wconf 84' lang='lat' dir='ltr'>philoso-</span> 
     </span>
     <span class='ocr_line' id='line_1_55' title="bbox 121 3394 1133 3449; baseline -0.007 -12"><span class='ocrx_word' id='word_1_384' title='bbox 121 3399 220 3449; x_wconf 87' lang='lat' dir='ltr'>phus</span> <span class='ocrx_word' id='word_1_385' title='bbox 237 3398 457 3448; x_wconf 84' lang='lat' dir='ltr'>scripserat,</span> <span class='ocrx_word' id='word_1_386' title='bbox 483 3396 651 3433; x_wconf 87' lang='lat' dir='ltr'>Milesios</span> <span class='ocrx_word' id='word_1_387' title='bbox 675 3396 712 3431; x_wconf 90' lang='lat' dir='ltr'>in</span> <span class='ocrx_word' id='word_1_388' title='bbox 737 3394 923 3445; x_wconf 81' lang='lat' dir='ltr'>perditam</span> <span class='ocrx_word' id='word_1_389' title='bbox 947 3394 1133 3431; x_wconf 80' lang='lat' dir='ltr'>luxuriam</span> 
     </span>
    </p>
   </div>
   <div class='ocr_carea' id='block_1_5' title="bbox 2126 218 2199 250">
    <p class='ocr_par' dir='ltr' id='par_1_5' title="bbox 2126 218 2199 250">
     <span class='ocr_line' id='line_1_56' title="bbox 2126 218 2199 250; baseline -0.014 0"><span class='ocrx_word' id='word_1_390' title='bbox 2126 218 2199 250; x_wconf 82' lang='lat'>599</span> 
     </span>
    </p>
   </div>
   <div class='ocr_carea' id='block_1_6' title="bbox 1185 296 2214 3440">
    <p class='ocr_par' dir='ltr' id='par_1_6' title="bbox 1185 296 2214 3440">
     <span class='ocr_line' id='line_1_57' title="bbox 1187 296 2202 346; baseline 0 -13"><span class='ocrx_word' id='word_1_391' title='bbox 1187 297 1385 346; x_wconf 70' lang='lat' dir='ltr'>prolapsos</span> <span class='ocrx_word' id='word_1_392' title='bbox 1404 297 1599 345; x_wconf 77' lang='lat' dir='ltr'>pristinam</span> <span class='ocrx_word' id='word_1_393' title='bbox 1620 296 1841 346; x_wconf 75' lang='lat' dir='ltr'>dignitatem</span> <span class='ocrx_word' id='word_1_394' title='bbox 1855 296 2103 346; x_wconf 81' lang='lat' dir='ltr'>militarisque</span> <span class='ocrx_word' id='word_1_395' title='bbox 2122 298 2202 333; x_wconf 87' lang='lat' dir='ltr'>sor—</span> 
     </span>
     <span class='ocr_line' id='line_1_58' title="bbox 1187 355 2201 404; baseline 0.001 -13"><span class='ocrx_word' id='word_1_396' title='bbox 1187 355 1360 392; x_wconf 84' lang='lat' dir='ltr'>titudinis</span> <span class='ocrx_word' id='word_1_397' title='bbox 1394 355 1541 391; x_wconf 79' lang='lat' dir='ltr'>laudem</span> <span class='ocrx_word' id='word_1_398' title='bbox 1576 356 1735 391; x_wconf 71' lang='lat' dir='ltr'>retinere</span> <span class='ocrx_word' id='word_1_399' title='bbox 1765 368 1840 391; x_wconf 85' lang='lat' dir='ltr'>nou</span> <span class='ocrx_word' id='word_1_400' title='bbox 1877 356 2068 404; x_wconf 79' lang='lat' dir='ltr'>potuisse3</span> <span class='ocrx_word' id='word_1_401' title='bbox 2102 356 2201 392; x_wconf 82' lang='lat' dir='ltr'>unde</span> 
     </span>
     <span class='ocr_line' id='line_1_59' title="bbox 1187 408 2202 462; baseline 0 -13"><span class='ocrx_word' id='word_1_402' title='bbox 1187 414 1393 449; x_wconf 79' lang='lat' dir='ltr'>manaverit</span> <span class='ocrx_word' id='word_1_403' title='bbox 1425 414 1461 449; x_wconf 91' lang='lat' dir='ltr'>in</span> <span class='ocrx_word' id='word_1_404' title='bbox 1493 414 1624 462; x_wconf 61' lang='lat' dir='ltr'>vulgus</span> <span class='ocrx_word' id='word_1_405' title='bbox 1655 428 1662 449; x_wconf 92' lang='lat'><strong>:</strong></span> <span class='ocrx_word' id='word_1_406' title='bbox 1698 411 1816 451; x_wconf 69' lang='grc' dir='ltr'>Πάλαι</span> <span class='ocrx_word' id='word_1_407' title='bbox 1835 412 1911 449; x_wconf 82' lang='grc' dir='ltr'>πότ’</span> <span class='ocrx_word' id='word_1_408' title='bbox 1939 408 2028 460; x_wconf 67' lang='grc' dir='ltr'>ἦσαν</span> <span class='ocrx_word' id='word_1_409' title='bbox 2060 413 2202 462; x_wconf 76' lang='grc' dir='ltr'>ἄλκιμοι</span> 
     </span>
     <span class='ocr_line' id='line_1_60' title="bbox 1186 470 2200 522; baseline 0.002 -15"><span class='ocrx_word' id='word_1_410' title='bbox 1186 470 1366 515; x_wconf 71' lang='grc' dir='ltr'>Μιλήσιοι.</span> <span class='ocrx_word' id='word_1_411' title='bbox 1392 473 1539 507; x_wconf 69' lang='lat' dir='ltr'>Hmisr.</span> <span class='ocrx_word' id='word_1_412' title='bbox 1563 493 1611 498; x_wconf 89' lang='lat'>-—</span> <span class='ocrx_word' id='word_1_413' title='bbox 1639 471 1684 513; x_wconf 67' lang='lat'>34</span> <span class='ocrx_word' id='word_1_414' title='bbox 1711 470 1794 522; x_wconf 66' lang='grc' dir='ltr'>φησί</span> <span class='ocrx_word' id='word_1_415' title='bbox 1824 471 1993 508; x_wconf 82' lang='lat' dir='ltr'>additum</span> <span class='ocrx_word' id='word_1_416' title='bbox 2015 484 2060 507; x_wconf 87' lang='lat' dir='ltr'>ex</span> <span class='ocrx_word' id='word_1_417' title='bbox 2085 475 2130 507; x_wconf 80' lang='lat' dir='ltr'>V.</span> <span class='ocrx_word' id='word_1_418' title='bbox 2155 472 2200 509; x_wconf 83' lang='grc' dir='ltr'>Θ.</span> 
     </span>
     <span class='ocr_line' id='line_1_61' title="bbox 1186 529 2202 581; baseline 0.001 -16"><span class='ocrx_word' id='word_1_419' title='bbox 1186 529 1250 581; x_wconf 79' lang='grc' dir='ltr'>γὰρ</span> <span class='ocrx_word' id='word_1_420' title='bbox 1271 533 1314 565; x_wconf 74' lang='lat' dir='ltr'>V.</span> <span class='ocrx_word' id='word_1_421' title='bbox 1338 529 1373 566; x_wconf 79' lang='grc' dir='ltr'>δὲ</span> <span class='ocrx_word' id='word_1_422' title='bbox 1395 529 1479 567; x_wconf 84' lang='lat' dir='ltr'>Ald.</span> <span class='ocrx_word' id='word_1_423' title='bbox 1501 551 1550 557; x_wconf 78' lang='lat'>—-</span> <span class='ocrx_word' id='word_1_424' title='bbox 1576 530 1622 565; x_wconf 82' lang='lat'>35</span> <span class='ocrx_word' id='word_1_425' title='bbox 1649 529 1803 566; x_wconf 72' lang='grc' dir='ltr'>ὑδάσττου</span> <span class='ocrx_word' id='word_1_426' title='bbox 1824 533 1868 566; x_wconf 83' lang='lat' dir='ltr'>V.</span> <span class='ocrx_word' id='word_1_427' title='bbox 1889 555 1930 560; x_wconf 90' lang='lat'><em>-</em></span> <span class='ocrx_word' id='word_1_428' title='bbox 1959 531 2006 566; x_wconf 83' lang='lat'>36</span> <span class='ocrx_word' id='word_1_429' title='bbox 2037 544 2091 579; x_wconf 82' lang='lat' dir='ltr'>sq.</span> <span class='ocrx_word' id='word_1_430' title='bbox 2122 533 2140 567; x_wconf 81' lang='grc' dir='ltr'><strong>ὃ</strong></span> <span class='ocrx_word' id='word_1_431' title='bbox 2168 529 2202 566; x_wconf 81' lang='grc' dir='ltr'>δὲ</span> 
     </span>
     <span class='ocr_line' id='line_1_62' title="bbox 1185 586 2205 639; baseline 0 -16"><span class='ocrx_word' id='word_1_432' title='bbox 1185 590 1360 628; x_wconf 65' lang='grc' dir='ltr'>νοῦς-νῦν</span> <span class='ocrx_word' id='word_1_433' title='bbox 1383 586 1418 623; x_wconf 78' lang='grc' dir='ltr'>δὲ</span> <span class='ocrx_word' id='word_1_434' title='bbox 1438 586 1476 623; x_wconf 83' lang='grc' dir='ltr'>οὔ</span> <span class='ocrx_word' id='word_1_435' title='bbox 1497 599 1570 622; x_wconf 92' lang='lat' dir='ltr'>om.</span> <span class='ocrx_word' id='word_1_436' title='bbox 1594 589 1637 622; x_wconf 75' lang='lat' dir='ltr'>V.</span> <span class='ocrx_word' id='word_1_437' title='bbox 1657 608 1707 614; x_wconf 91' lang='lat'>—</span> <span class='ocrx_word' id='word_1_438' title='bbox 1735 588 1778 632; x_wconf 70' lang='lat'>32·</span> <span class='ocrx_word' id='word_1_439' title='bbox 1797 588 1922 624; x_wconf 75' lang='grc' dir='ltr'>συνίειν</span> <span class='ocrx_word' id='word_1_440' title='bbox 1944 591 2001 633; x_wconf 75' lang='lat' dir='ltr'>R,</span> <span class='ocrx_word' id='word_1_441' title='bbox 2019 590 2083 637; x_wconf 85' lang='lat' dir='ltr'>qui</span> <span class='ocrx_word' id='word_1_442' title='bbox 2101 589 2205 639; x_wconf 74' lang='grc' dir='ltr'>συνῄ-</span> 
     </span>
     <span class='ocr_line' id='line_1_63' title="bbox 1187 643 2203 697; baseline 0.003 -17"><span class='ocrx_word' id='word_1_443' title='bbox 1187 659 1234 680; x_wconf 93' lang='grc' dir='ltr'>ειν</span> <span class='ocrx_word' id='word_1_444' title='bbox 1253 645 1384 680; x_wconf 87' lang='lat' dir='ltr'>voluit.</span> <span class='ocrx_word' id='word_1_445' title='bbox 1403 666 1453 671; x_wconf 93' lang='lat'>—</span> <span class='ocrx_word' id='word_1_446' title='bbox 1479 645 1525 681; x_wconf 84' lang='lat'>38</span> <span class='ocrx_word' id='word_1_447' title='bbox 1545 644 1667 686; x_wconf 59' lang='grc' dir='ltr'>ἄλλως.</span> <span class='ocrx_word' id='word_1_448' title='bbox 1689 643 1824 695; x_wconf 74' lang='grc' dir='ltr'>εἴρηται</span> <span class='ocrx_word' id='word_1_449' title='bbox 1840 644 1900 694; x_wconf 79' lang='grc' dir='ltr'>μὲν</span> <span class='ocrx_word' id='word_1_450' title='bbox 1922 649 1966 681; x_wconf 74' lang='lat' dir='ltr'>V.</span> <span class='ocrx_word' id='word_1_451' title='bbox 1993 664 2006 676; x_wconf 71' lang='grc' dir='ltr'>α</span> <span class='ocrx_word' id='word_1_452' title='bbox 2026 648 2203 697; x_wconf 66' lang='lat' dir='ltr'>interpo-</span> 
     </span>
     <span class='ocr_line' id='line_1_64' title="bbox 1187 702 2203 754; baseline 0.004 -16"><span class='ocrx_word' id='word_1_453' title='bbox 1187 702 1353 738; x_wconf 85' lang='lat' dir='ltr'>nendum</span> <span class='ocrx_word' id='word_1_454' title='bbox 1373 703 1450 738; x_wconf 88' lang='lat' dir='ltr'>fere</span> <span class='ocrx_word' id='word_1_455' title='bbox 1474 711 1568 752; x_wconf 88' lang='lat' dir='ltr'>puto</span> <span class='ocrx_word' id='word_1_456' title='bbox 1584 702 1643 738; x_wconf 77' lang='grc' dir='ltr'>καὶ</span> <span class='ocrx_word' id='word_1_457' title='bbox 1664 703 1737 739; x_wconf 92' lang='lat' dir='ltr'>hoc</span> <span class='ocrx_word' id='word_1_458' title='bbox 1764 712 1876 752; x_wconf 77' lang='lat' dir='ltr'>pacto</span> <span class='ocrx_word' id='word_1_459' title='bbox 1901 717 1907 741; x_wconf 91' lang='lat'><strong>:</strong></span> <span class='ocrx_word' id='word_1_460' title='bbox 1933 703 2067 754; x_wconf 75' lang='grc' dir='ltr'>εἴρηται</span> <span class='ocrx_word' id='word_1_461' title='bbox 2091 704 2127 741; x_wconf 76' lang='grc' dir='ltr'>δὲ</span> <span class='ocrx_word' id='word_1_462' title='bbox 2147 706 2203 742; x_wconf 82' lang='grc' dir='ltr'>καὶ</span> 
     </span>
     <span class='ocr_line' id='line_1_65' title="bbox 1187 758 2204 811; baseline 0.003 -15"><span class='ocrx_word' id='word_1_463' title='bbox 1187 763 1207 805; x_wconf 79' lang='grc' dir='ltr'>ἡ</span> <span class='ocrx_word' id='word_1_464' title='bbox 1231 759 1418 811; x_wconf 73' lang='grc' dir='ltr'>παροιμία,</span> <span class='ocrx_word' id='word_1_465' title='bbox 1444 760 1516 806; x_wconf 74' lang='lat' dir='ltr'>vel,</span> <span class='ocrx_word' id='word_1_466' title='bbox 1538 758 1671 810; x_wconf 82' lang='grc' dir='ltr'>εἴρηται</span> <span class='ocrx_word' id='word_1_467' title='bbox 1692 758 1727 796; x_wconf 72' lang='grc' dir='ltr'>δὲ</span> <span class='ocrx_word' id='word_1_468' title='bbox 1745 763 1765 805; x_wconf 75' lang='grc' dir='ltr'>ἦ</span> <span class='ocrx_word' id='word_1_469' title='bbox 1781 762 1950 811; x_wconf 74' lang='grc' dir='ltr'>παροιμία</span> <span class='ocrx_word' id='word_1_470' title='bbox 1974 762 2032 798; x_wconf 76' lang='grc' dir='ltr'>καὶ</span> <span class='ocrx_word' id='word_1_471' title='bbox 2058 763 2113 799; x_wconf 74' lang='grc' dir='ltr'>ἐπὶ</span> <span class='ocrx_word' id='word_1_472' title='bbox 2137 765 2204 799; x_wconf 81' lang='grc' dir='ltr'>τῶν</span> 
     </span>
     <span class='ocr_line' id='line_1_66' title="bbox 1187 818 2204 869; baseline 0.003 -14"><span class='ocrx_word' id='word_1_473' title='bbox 1187 833 1246 869; x_wconf 89' lang='grc' dir='ltr'>πρ.</span> <span class='ocrx_word' id='word_1_474' title='bbox 1264 828 1334 855; x_wconf 90' lang='lat' dir='ltr'>etc.</span> <span class='ocrx_word' id='word_1_475' title='bbox 1356 819 1524 856; x_wconf 87' lang='lat' dir='ltr'>Primum</span> <span class='ocrx_word' id='word_1_476' title='bbox 1542 818 1720 857; x_wconf 81' lang='lat' dir='ltr'>declarat.</span> <span class='ocrx_word' id='word_1_477' title='bbox 1735 832 1818 868; x_wconf 86' lang='lat' dir='ltr'>quae</span> <span class='ocrx_word' id='word_1_478' title='bbox 1835 820 1881 856; x_wconf 86' lang='lat' dir='ltr'>sit</span> <span class='ocrx_word' id='word_1_479' title='bbox 1896 821 2087 869; x_wconf 80' lang='lat' dir='ltr'>paroemiae</span> <span class='ocrx_word' id='word_1_480' title='bbox 2102 835 2204 859; x_wconf 87' lang='lat' dir='ltr'>mens</span> 
     </span>
     <span class='ocr_line' id='line_1_67' title="bbox 1188 877 2203 930; baseline 0.004 -17"><span class='ocrx_word' id='word_1_481' title='bbox 1188 877 1290 926; x_wconf 88' lang='lat' dir='ltr'>apud</span> <span class='ocrx_word' id='word_1_482' title='bbox 1316 877 1612 926; x_wconf 84' lang='lat' dir='ltr'>Aristophanem</span> <span class='ocrx_word' id='word_1_483' title='bbox 1636 892 1642 912; x_wconf 90' lang='lat'>:</span> <span class='ocrx_word' id='word_1_484' title='bbox 1668 887 1744 914; x_wconf 87' lang='lat' dir='ltr'>tum</span> <span class='ocrx_word' id='word_1_485' title='bbox 1769 892 1845 928; x_wconf 88' lang='lat' dir='ltr'>quo</span> <span class='ocrx_word' id='word_1_486' title='bbox 1866 892 1975 916; x_wconf 85' lang='lat' dir='ltr'>sensu</span> <span class='ocrx_word' id='word_1_487' title='bbox 2000 881 2101 917; x_wconf 87' lang='lat' dir='ltr'>haud</span> <span class='ocrx_word' id='word_1_488' title='bbox 2133 894 2203 930; x_wconf 76' lang='lat' dir='ltr'>pa-</span> 
     </span>
     <span class='ocr_line' id='line_1_68' title="bbox 1190 935 2203 988; baseline 0.004 -18"><span class='ocrx_word' id='word_1_489' title='bbox 1190 948 1272 971; x_wconf 90' lang='lat' dir='ltr'>rum</span> <span class='ocrx_word' id='word_1_490' title='bbox 1295 935 1448 971; x_wconf 87' lang='lat' dir='ltr'>diverso</span> <span class='ocrx_word' id='word_1_491' title='bbox 1472 935 1520 971; x_wconf 91' lang='lat' dir='ltr'>ab</span> <span class='ocrx_word' id='word_1_492' title='bbox 1541 935 1622 971; x_wconf 87' lang='lat' dir='ltr'>aliis</span> <span class='ocrx_word' id='word_1_493' title='bbox 1640 945 1860 986; x_wconf 88' lang='lat' dir='ltr'>usurpetur.</span> <span class='ocrx_word' id='word_1_494' title='bbox 1900 941 2015 974; x_wconf 82' lang='lat' dir='ltr'>Favet</span> <span class='ocrx_word' id='word_1_495' title='bbox 2034 942 2203 988; x_wconf 84' lang='lat' dir='ltr'>Aposto-</span> 
     </span>
     <span class='ocr_line' id='line_1_69' title="bbox 1188 993 2205 1046; baseline 0.002 -16"><span class='ocrx_word' id='word_1_496' title='bbox 1188 993 1285 1040; x_wconf 92' lang='lat' dir='ltr'>lius‚</span> <span class='ocrx_word' id='word_1_497' title='bbox 1311 993 1380 1030; x_wconf 90' lang='lat' dir='ltr'>etsi</span> <span class='ocrx_word' id='word_1_498' title='bbox 1410 993 1584 1029; x_wconf 85' lang='lat' dir='ltr'>ordinem</span> <span class='ocrx_word' id='word_1_499' title='bbox 1619 995 1818 1030; x_wconf 67' lang='lat' dir='ltr'>inverterit</span> <span class='ocrx_word' id='word_1_500' title='bbox 1842 1010 1849 1031; x_wconf 92' lang='lat'>:</span> <span class='ocrx_word' id='word_1_501' title='bbox 1873 994 1929 1031; x_wconf 76' lang='grc' dir='ltr'>ἐπὶ</span> <span class='ocrx_word' id='word_1_502' title='bbox 1955 997 2022 1032; x_wconf 83' lang='grc' dir='ltr'>τῶν</span> <span class='ocrx_word' id='word_1_503' title='bbox 2042 996 2122 1046; x_wconf 76' lang='grc' dir='ltr'>πρὶν</span> <span class='ocrx_word' id='word_1_504' title='bbox 2144 995 2205 1046; x_wconf 81' lang='grc' dir='ltr'>μὲν</span> 
     </span>
     <span class='ocr_line' id='line_1_70' title="bbox 1189 1049 2204 1104; baseline 0.002 -17"><span class='ocrx_word' id='word_1_505' title='bbox 1189 1049 1473 1102; x_wconf 77' lang='grc' dir='ltr'>εὖπραγούντων,</span> <span class='ocrx_word' id='word_1_506' title='bbox 1498 1050 1637 1102; x_wconf 79' lang='grc' dir='ltr'>ὕστερον</span> <span class='ocrx_word' id='word_1_507' title='bbox 1658 1051 1693 1088; x_wconf 80' lang='grc' dir='ltr'>δὲ</span> <span class='ocrx_word' id='word_1_508' title='bbox 1715 1051 1981 1104; x_wconf 64' lang='grc' dir='ltr'>δυσπραξοὶντων</span> <span class='ocrx_word' id='word_1_509' title='bbox 2003 1053 2014 1103; x_wconf 54' lang='lat' dir='ltr'>(J</span> <span class='ocrx_word' id='word_1_510' title='bbox 2029 1057 2204 1090; x_wconf 85' lang='lat' dir='ltr'>Graecum</span> 
     </span>
     <span class='ocr_line' id='line_1_71' title="bbox 1189 1109 2203 1163; baseline 0.002 -18"><span class='ocrx_word' id='word_1_511' title='bbox 1189 1110 1252 1146; x_wconf 77' lang='lat' dir='ltr'>vix</span> <span class='ocrx_word' id='word_1_512' title='bbox 1274 1118 1329 1146; x_wconf 90' lang='lat' dir='ltr'>est</span> <span class='ocrx_word' id='word_1_513' title='bbox 1350 1125 1358 1146; x_wconf 70' lang='grc' dir='ltr'>ε</span> <span class='ocrx_word' id='word_1_514' title='bbox 1383 1109 1478 1159; x_wconf 78' lang='lat' dir='ltr'>lege,</span> <span class='ocrx_word' id='word_1_515' title='bbox 1498 1109 1787 1162; x_wconf 71' lang='grc' dir='ltr'>δυσπραγο·3ντοιν</span> <span class='ocrx_word' id='word_1_516' title='bbox 1804 1140 1816 1157; x_wconf 84' lang='grc'><em>,</em></span> <span class='ocrx_word' id='word_1_517' title='bbox 1834 1111 1910 1148; x_wconf 69' lang='lat' dir='ltr'>sive</span> <span class='ocrx_word' id='word_1_518' title='bbox 1932 1110 2203 1163; x_wconf 69' lang='grc' dir='ltr'>ἓυσπραγησάν-</span> 
     </span>
     <span class='ocr_line' id='line_1_72' title="bbox 1188 1166 2205 1222; baseline 0 -17"><span class='ocrx_word' id='word_1_519' title='bbox 1188 1170 1269 1218; x_wconf 80' lang='grc' dir='ltr'>των)</span> <span class='ocrx_word' id='word_1_520' title='bbox 1288 1183 1295 1189; x_wconf 94' lang='grc'><em>·</em></span> <span class='ocrx_word' id='word_1_521' title='bbox 1309 1167 1471 1205; x_wconf 84' lang='grc' dir='ltr'>τάττεται</span> <span class='ocrx_word' id='word_1_522' title='bbox 1486 1166 1522 1205; x_wconf 77' lang='grc' dir='ltr'>δὲ</span> <span class='ocrx_word' id='word_1_523' title='bbox 1539 1168 1596 1205; x_wconf 78' lang='grc' dir='ltr'>καὶ</span> <span class='ocrx_word' id='word_1_524' title='bbox 1612 1168 1668 1205; x_wconf 76' lang='grc' dir='ltr'>ἐπὶ</span> <span class='ocrx_word' id='word_1_525' title='bbox 1682 1171 1751 1205; x_wconf 84' lang='grc' dir='ltr'>τῶν</span> <span class='ocrx_word' id='word_1_526' title='bbox 1764 1167 1926 1220; x_wconf 81' lang='grc' dir='ltr'>πρότερον</span> <span class='ocrx_word' id='word_1_527' title='bbox 1940 1168 2001 1218; x_wconf 81' lang='grc' dir='ltr'>μὲν</span> <span class='ocrx_word' id='word_1_528' title='bbox 2016 1169 2205 1222; x_wconf 76' lang='grc' dir='ltr'>χρωμένων</span> 
     </span>
     <span class='ocr_line' id='line_1_73' title="bbox 1189 1224 2207 1278; baseline 0 -15"><span class='ocrx_word' id='word_1_529' title='bbox 1189 1227 1277 1263; x_wconf 81' lang='grc' dir='ltr'>τισὶν</span> <span class='ocrx_word' id='word_1_530' title='bbox 1299 1225 1529 1272; x_wconf 77' lang='grc' dir='ltr'>ὁπωσδήποτε</span> <span class='ocrx_word' id='word_1_531' title='bbox 1544 1256 1553 1273; x_wconf 87' lang='grc'><strong>,</strong></span> <span class='ocrx_word' id='word_1_532' title='bbox 1580 1225 1722 1278; x_wconf 70' lang='grc' dir='ltr'>ὕστερον</span> <span class='ocrx_word' id='word_1_533' title='bbox 1745 1226 1780 1263; x_wconf 76' lang='grc' dir='ltr'>δὲ</span> <span class='ocrx_word' id='word_1_534' title='bbox 1801 1225 1850 1276; x_wconf 83' lang='grc' dir='ltr'>μὴ</span> <span class='ocrx_word' id='word_1_535' title='bbox 1875 1224 2207 1278; x_wconf 73' lang='grc' dir='ltr'>φροντιζόντωνάὐ-</span> 
     </span>
     <span class='ocr_line' id='line_1_74' title="bbox 1188 1282 2208 1336; baseline 0 -16"><span class='ocrx_word' id='word_1_536' title='bbox 1188 1287 1256 1321; x_wconf 78' lang='grc' dir='ltr'>τῶν</span> <span class='ocrx_word' id='word_1_537' title='bbox 1273 1314 1281 1331; x_wconf 82' lang='grc'><strong>,</strong></span> <span class='ocrx_word' id='word_1_538' title='bbox 1299 1286 1344 1326; x_wconf 81' lang='grc' dir='ltr'>ὡς</span> <span class='ocrx_word' id='word_1_539' title='bbox 1368 1287 1384 1320; x_wconf 77' lang='grc' dir='ltr'>ὁ</span> <span class='ocrx_word' id='word_1_540' title='bbox 1403 1285 1436 1321; x_wconf 81' lang='grc' dir='ltr'>ἓν</span> <span class='ocrx_word' id='word_1_541' title='bbox 1460 1283 1696 1336; x_wconf 61' lang='grc' dir='ltr'>Ἀριστοφάνει</span> <span class='ocrx_word' id='word_1_542' title='bbox 1715 1284 1789 1326; x_wconf 78' lang='grc' dir='ltr'>νέος</span> <span class='ocrx_word' id='word_1_543' title='bbox 1818 1285 1996 1334; x_wconf 76' lang='grc' dir='ltr'>μεμήνυκε</span> <span class='ocrx_word' id='word_1_544' title='bbox 2019 1287 2062 1335; x_wconf 77' lang='grc' dir='ltr'>τῆ</span> <span class='ocrx_word' id='word_1_545' title='bbox 2082 1282 2176 1335; x_wconf 76' lang='grc' dir='ltr'>γραΐ.</span> <span class='ocrx_word' id='word_1_546' title='bbox 2195 1303 2208 1317; x_wconf 84' lang='lat'>.</span> 
     </span>
     <span class='ocr_line' id='line_1_75' title="bbox 1188 1342 2206 1393; baseline -0.001 -13"><span class='ocrx_word' id='word_1_547' title='bbox 1188 1346 1336 1381; x_wconf 70' lang='lat' dir='ltr'>Hmisr.</span> <span class='ocrx_word' id='word_1_548' title='bbox 1353 1368 1394 1374; x_wconf 88' lang='lat'>—</span> <span class='ocrx_word' id='word_1_549' title='bbox 1415 1344 1463 1392; x_wconf 81' lang='lat'>39</span> <span class='ocrx_word' id='word_1_550' title='bbox 1481 1342 1740 1393; x_wconf 75' lang='grc' dir='ltr'>δυστυχούντων</span> <span class='ocrx_word' id='word_1_551' title='bbox 1763 1347 1806 1380; x_wconf 88' lang='lat' dir='ltr'>V.</span> <span class='ocrx_word' id='word_1_552' title='bbox 1822 1367 1862 1375; x_wconf 89' lang='lat'>-</span> <span class='ocrx_word' id='word_1_553' title='bbox 1883 1349 1924 1386; x_wconf 68' lang='grc' dir='ltr'>[μ</span> <span class='ocrx_word' id='word_1_554' title='bbox 1950 1342 2009 1380; x_wconf 77' lang='grc' dir='ltr'>καὶ</span> <span class='ocrx_word' id='word_1_555' title='bbox 2024 1356 2099 1380; x_wconf 90' lang='lat' dir='ltr'>om.</span> <span class='ocrx_word' id='word_1_556' title='bbox 2115 1346 2206 1393; x_wconf 73' lang='lat' dir='ltr'>Reg.</span> 
     </span>
     <span class='ocr_line' id='line_1_76' title="bbox 1189 1400 2117 1453; baseline 0 -15"><span class='ocrx_word' id='word_1_557' title='bbox 1189 1427 1230 1433; x_wconf 91' lang='lat'>—</span> <span class='ocrx_word' id='word_1_558' title='bbox 1250 1402 1296 1443; x_wconf 70' lang='grc' dir='ltr'>Δῖ)</span> <span class='ocrx_word' id='word_1_559' title='bbox 1315 1400 1506 1453; x_wconf 85' lang='grc' dir='ltr'>παροιμίαν</span> <span class='ocrx_word' id='word_1_560' title='bbox 1525 1400 1581 1438; x_wconf 82' lang='grc' dir='ltr'>ἐπὶ</span> <span class='ocrx_word' id='word_1_561' title='bbox 1599 1403 1667 1438; x_wconf 83' lang='grc' dir='ltr'>τῶν</span> <span class='ocrx_word' id='word_1_562' title='bbox 1693 1400 2011 1451; x_wconf 57' lang='grc' dir='ltr'>μεταὸεῗλημένων</span> <span class='ocrx_word' id='word_1_563' title='bbox 2029 1405 2117 1451; x_wconf 82' lang='lat' dir='ltr'>Reg.</span> 
     </span>
     <span class='ocr_line' id='line_1_77' title="bbox 1248 1459 2210 1510; baseline -0.001 -14"><span class='ocrx_word' id='word_1_564' title='bbox 1248 1467 1342 1504; x_wconf 62' lang='lat'>1004</span> <span class='ocrx_word' id='word_1_565' title='bbox 1363 1472 1437 1496; x_wconf 90' lang='lat' dir='ltr'>om.</span> <span class='ocrx_word' id='word_1_566' title='bbox 1459 1460 1573 1496; x_wconf 84' lang='lat' dir='ltr'>etiam</span> <span class='ocrx_word' id='word_1_567' title='bbox 1583 1461 1628 1498; x_wconf 89' lang='grc' dir='ltr'>Θ.</span> <span class='ocrx_word' id='word_1_568' title='bbox 1646 1484 1687 1491; x_wconf 95' lang='lat'>—</span> <span class='ocrx_word' id='word_1_569' title='bbox 1709 1461 1755 1497; x_wconf 87' lang='lat'>50</span> <span class='ocrx_word' id='word_1_570' title='bbox 1773 1461 1807 1496; x_wconf 85' lang='grc' dir='ltr'>αἱ</span> <span class='ocrx_word' id='word_1_571' title='bbox 1827 1465 1946 1510; x_wconf 78' lang='grc' dir='ltr'>γραῖαι</span> <span class='ocrx_word' id='word_1_572' title='bbox 1959 1462 2051 1509; x_wconf 79' lang='lat' dir='ltr'>Reg.</span> <span class='ocrx_word' id='word_1_573' title='bbox 2067 1483 2107 1491; x_wconf 88' lang='lat'>-</span> <span class='ocrx_word' id='word_1_574' title='bbox 2122 1460 2143 1495; x_wconf 88' lang='lat'>6</span> <span class='ocrx_word' id='word_1_575' title='bbox 2156 1459 2210 1496; x_wconf 78' lang='grc' dir='ltr'>ἐπ’</span> 
     </span>
     <span class='ocr_line' id='line_1_78' title="bbox 1189 1517 1430 1568; baseline 0 -12"><span class='ocrx_word' id='word_1_576' title='bbox 1189 1517 1366 1568; x_wconf 69' lang='grc' dir='ltr'>ἐξαγωγὴν</span> <span class='ocrx_word' id='word_1_577' title='bbox 1384 1519 1430 1556; x_wconf 86' lang='grc' dir='ltr'>Θ.</span> 
     </span>
     <span class='ocr_line' id='line_1_79' title="bbox 1249 1574 2210 1626; baseline 0 -15"><span class='ocrx_word' id='word_1_578' title='bbox 1249 1590 1339 1611; x_wconf 83' lang='lat'>1011</span> <span class='ocrx_word' id='word_1_579' title='bbox 1359 1606 1366 1620; x_wconf 95' lang='lat'><strong>‚</strong></span> <span class='ocrx_word' id='word_1_580' title='bbox 1402 1589 1441 1611; x_wconf 88' lang='lat'>11</span> <span class='ocrx_word' id='word_1_581' title='bbox 1485 1574 1635 1626; x_wconf 78' lang='grc' dir='ltr'>νιτοίριον</span> <span class='ocrx_word' id='word_1_582' title='bbox 1665 1576 1723 1612; x_wconf 80' lang='grc' dir='ltr'>καὶ</span> <span class='ocrx_word' id='word_1_583' title='bbox 1762 1576 1881 1626; x_wconf 69' lang='grc' dir='ltr'>βάτιον</span> <span class='ocrx_word' id='word_1_584' title='bbox 1909 1576 2038 1613; x_wconf 70' lang='lat' dir='ltr'>addita</span> <span class='ocrx_word' id='word_1_585' title='bbox 2071 1588 2118 1612; x_wconf 83' lang='lat' dir='ltr'>ex</span> <span class='ocrx_word' id='word_1_586' title='bbox 2150 1578 2210 1621; x_wconf 61' lang='lat' dir='ltr'>R„</span> 
     </span>
     <span class='ocr_line' id='line_1_80' title="bbox 1191 1634 2211 1688; baseline -0.002 -16"><span class='ocrx_word' id='word_1_587' title='bbox 1191 1636 1318 1672; x_wconf 87' lang='lat' dir='ltr'>deleto</span> <span class='ocrx_word' id='word_1_588' title='bbox 1352 1636 1530 1672; x_wconf 86' lang='lat' dir='ltr'>lemmate</span> <span class='ocrx_word' id='word_1_589' title='bbox 1561 1636 1699 1672; x_wconf 88' lang='lat' dir='ltr'>Aldino</span> <span class='ocrx_word' id='word_1_590' title='bbox 1729 1636 1880 1688; x_wconf 77' lang='grc' dir='ltr'>νιτᾶριον</span> <span class='ocrx_word' id='word_1_591' title='bbox 1917 1634 1958 1672; x_wconf 80' lang='grc' dir='ltr'>ἂν</span> <span class='ocrx_word' id='word_1_592' title='bbox 1985 1634 2044 1671; x_wconf 78' lang='grc' dir='ltr'>καὶ</span> <span class='ocrx_word' id='word_1_593' title='bbox 2080 1634 2211 1685; x_wconf 83' lang='grc' dir='ltr'>βάτιον,</span> 
     </span>
     <span class='ocr_line' id='line_1_81' title="bbox 1190 1689 2212 1744; baseline 0 -14"><span class='ocrx_word' id='word_1_594' title='bbox 1190 1695 1293 1744; x_wconf 88' lang='lat' dir='ltr'>quod</span> <span class='ocrx_word' id='word_1_595' title='bbox 1324 1708 1397 1730; x_wconf 94' lang='lat' dir='ltr'>om.</span> <span class='ocrx_word' id='word_1_596' title='bbox 1419 1698 1465 1730; x_wconf 81' lang='lat' dir='ltr'>V.</span> <span class='ocrx_word' id='word_1_597' title='bbox 1486 1694 1532 1732; x_wconf 88' lang='grc' dir='ltr'>Θ.</span> <span class='ocrx_word' id='word_1_598' title='bbox 1553 1695 1700 1732; x_wconf 87' lang='lat' dir='ltr'>Deinde</span> <span class='ocrx_word' id='word_1_599' title='bbox 1716 1694 1788 1741; x_wconf 74' lang='grc' dir='ltr'>εἴδη</span> <span class='ocrx_word' id='word_1_600' title='bbox 1814 1690 1918 1744; x_wconf 71' lang='grc' dir='ltr'>(εἶδος</span> <span class='ocrx_word' id='word_1_601' title='bbox 1949 1689 2128 1744; x_wconf 49' lang='lat' dir='ltr'>&amp;ji-5175</span> <span class='ocrx_word' id='word_1_602' title='bbox 2148 1694 2212 1730; x_wconf 89' lang='lat' dir='ltr'>hie</span> 
     </span>
     <span class='ocr_line' id='line_1_82' title="bbox 1190 1752 2212 1803; baseline -0.002 -14"><span class='ocrx_word' id='word_1_603' title='bbox 1190 1753 1321 1803; x_wconf 88' lang='lat' dir='ltr'>posuit</span> <span class='ocrx_word' id='word_1_604' title='bbox 1352 1752 1576 1788; x_wconf 78' lang='lat' dir='ltr'>Dindorfius</span> <span class='ocrx_word' id='word_1_605' title='bbox 1600 1766 1683 1788; x_wconf 88' lang='lat' dir='ltr'>cum</span> <span class='ocrx_word' id='word_1_606' title='bbox 1712 1756 1759 1790; x_wconf 89' lang='lat' dir='ltr'>R.</span> <span class='ocrx_word' id='word_1_607' title='bbox 1779 1755 1821 1789; x_wconf 92' lang='lat' dir='ltr'>V.</span> <span class='ocrx_word' id='word_1_608' title='bbox 1838 1782 1846 1798; x_wconf 94' lang='lat'>‚</span> <span class='ocrx_word' id='word_1_609' title='bbox 1871 1765 1956 1802; x_wconf 87' lang='lat' dir='ltr'>quae</span> <span class='ocrx_word' id='word_1_610' title='bbox 1986 1752 2074 1789; x_wconf 90' lang='lat' dir='ltr'>Ald.</span> <span class='ocrx_word' id='word_1_611' title='bbox 2111 1752 2212 1788; x_wconf 80' lang='lat' dir='ltr'>infra</span> 
     </span>
     <span class='ocr_line' id='line_1_83' title="bbox 1190 1808 2210 1881; baseline -0.002 -34"><span class='ocrx_word' id='word_1_612' title='bbox 1190 1819 1277 1881; x_wconf 84' lang='lat' dir='ltr'>post</span> <span class='ocrx_word' id='word_1_613' title='bbox 1300 1808 1441 1855; x_wconf 82' lang='grc' dir='ltr'>Βατύλη</span> <span class='ocrx_word' id='word_1_614' title='bbox 1465 1810 1503 1859; x_wconf 71' lang='grc' dir='ltr'>(Ι.</span> <span class='ocrx_word' id='word_1_615' title='bbox 1527 1810 1586 1859; x_wconf 82' lang='lat'>16)</span> <span class='ocrx_word' id='word_1_616' title='bbox 1611 1809 1725 1846; x_wconf 88' lang='lat' dir='ltr'>habet</span> <span class='ocrx_word' id='word_1_617' title='bbox 1749 1811 1801 1847; x_wconf 86' lang='lat' dir='ltr'>sic</span> <span class='ocrx_word' id='word_1_618' title='bbox 1825 1811 1980 1859; x_wconf 88' lang='lat' dir='ltr'>scripta,</span> <span class='ocrx_word' id='word_1_619' title='bbox 1998 1808 2085 1851; x_wconf 78' lang='grc' dir='ltr'>τινὲς</span> <span class='ocrx_word' id='word_1_620' title='bbox 2103 1809 2138 1846; x_wconf 80' lang='grc' dir='ltr'>δὲ</span> <span class='ocrx_word' id='word_1_621' title='bbox 2156 1824 2210 1845; x_wconf 87' lang='grc' dir='ltr'>νι-</span> 
     </span>
     <span class='ocr_line' id='line_1_84' title="bbox 1189 1872 2212 1925; baseline -0.002 -12"><span class='ocrx_word' id='word_1_622' title='bbox 1189 1885 1306 1925; x_wconf 73' lang='grc' dir='ltr'>ταριον</span> <span class='ocrx_word' id='word_1_623' title='bbox 1331 1872 1494 1925; x_wconf 75' lang='grc' dir='ltr'>(νιτάριος</span> <span class='ocrx_word' id='word_1_624' title='bbox 1514 1873 1575 1922; x_wconf 84' lang='grc' dir='ltr'>Θ.)</span> <span class='ocrx_word' id='word_1_625' title='bbox 1597 1889 1655 1911; x_wconf 84' lang='grc' dir='ltr'>και</span> <span class='ocrx_word' id='word_1_626' title='bbox 1687 1873 1790 1925; x_wconf 85' lang='grc' dir='ltr'>βατον</span> <span class='ocrx_word' id='word_1_627' title='bbox 1816 1874 1935 1924; x_wconf 75' lang='grc' dir='ltr'>(βάτος</span> <span class='ocrx_word' id='word_1_628' title='bbox 1952 1874 2016 1923; x_wconf 85' lang='grc' dir='ltr'>Θ.)</span> <span class='ocrx_word' id='word_1_629' title='bbox 2044 1874 2118 1920; x_wconf 75' lang='grc' dir='ltr'>εἴδη</span> <span class='ocrx_word' id='word_1_630' title='bbox 2148 1889 2212 1925; x_wconf 74' lang='grc' dir='ltr'>φυ-</span> 
     </span>
     <span class='ocr_line' id='line_1_85' title="bbox 1189 1932 2212 1984; baseline -0.002 -13"><span class='ocrx_word' id='word_1_631' title='bbox 1189 1950 1272 1972; x_wconf 76' lang='grc' dir='ltr'>των.</span> <span class='ocrx_word' id='word_1_632' title='bbox 1301 1932 1389 1970; x_wconf 81' lang='grc' dir='ltr'>θέλει</span> <span class='ocrx_word' id='word_1_633' title='bbox 1413 1936 1471 1970; x_wconf 79' lang='grc' dir='ltr'>οὖν</span> <span class='ocrx_word' id='word_1_634' title='bbox 1492 1933 1549 1970; x_wconf 85' lang='grc' dir='ltr'>εἷπ</span> <span class='ocrx_word' id='word_1_635' title='bbox 1552 1938 1658 1970; x_wconf 81' lang='grc' dir='ltr'>εἷνε-</span> <span class='ocrx_word' id='word_1_636' title='bbox 1662 1936 1730 1984; x_wconf 76' lang='grc' dir='ltr'>ἷχε.</span> <span class='ocrx_word' id='word_1_637' title='bbox 1759 1938 1847 1971; x_wconf 86' lang='lat' dir='ltr'>Post</span> <span class='ocrx_word' id='word_1_638' title='bbox 1864 1936 1936 1984; x_wconf 67' lang='grc' dir='ltr'>εἴγε</span> <span class='ocrx_word' id='word_1_639' title='bbox 1958 1933 2064 1970; x_wconf 89' lang='lat' dir='ltr'>addit</span> <span class='ocrx_word' id='word_1_640' title='bbox 2081 1937 2126 1970; x_wconf 92' lang='lat' dir='ltr'>R.</span> <span class='ocrx_word' id='word_1_641' title='bbox 2143 1937 2212 1970; x_wconf 80' lang='grc' dir='ltr'>οἱον</span> 
     </span>
     <span class='ocr_line' id='line_1_86' title="bbox 1190 1992 2212 2045; baseline -0.002 -14.954"><span class='ocrx_word' id='word_1_642' title='bbox 1190 2010 1242 2031; x_wconf 82' lang='grc' dir='ltr'>νε</span> <span class='ocrx_word' id='word_1_643' title='bbox 1230 1994 1341 2030; x_wconf 69' lang='grc' dir='ltr'>όττιον</span> <span class='ocrx_word' id='word_1_644' title='bbox 1360 1992 1462 2033; x_wconf 80' lang='grc' dir='ltr'>οἷονει</span> <span class='ocrx_word' id='word_1_645' title='bbox 1481 1992 1643 2045; x_wconf 73' lang='grc' dir='ltr'>κοράσιον</span> <span class='ocrx_word' id='word_1_646' title='bbox 1661 1993 1793 2045; x_wconf 84' lang='lat' dir='ltr'>ibique</span> <span class='ocrx_word' id='word_1_647' title='bbox 1806 1993 1955 2032; x_wconf 85' lang='lat' dir='ltr'>desinit.</span> <span class='ocrx_word' id='word_1_648' title='bbox 1978 1994 2113 2030; x_wconf 87' lang='lat' dir='ltr'>Suidas</span> <span class='ocrx_word' id='word_1_649' title='bbox 2132 1993 2212 2029; x_wconf 80' lang='lat' dir='ltr'>haec</span> 
     </span>
     <span class='ocr_line' id='line_1_87' title="bbox 1190 2050 2214 2104; baseline -0.002 -13"><span class='ocrx_word' id='word_1_650' title='bbox 1190 2067 1257 2091; x_wconf 76' lang='lat' dir='ltr'>ex(</span> <span class='ocrx_word' id='word_1_651' title='bbox 1263 2055 1433 2104; x_wconf 75' lang='lat' dir='ltr'>erpsit‚l</span> <span class='ocrx_word' id='word_1_652' title='bbox 1421 2053 1606 2104; x_wconf 80' lang='grc' dir='ltr'>Νιτταριον</span> <span class='ocrx_word' id='word_1_653' title='bbox 1626 2068 1686 2089; x_wconf 88' lang='grc' dir='ltr'>και</span> <span class='ocrx_word' id='word_1_654' title='bbox 1702 2052 1873 2103; x_wconf 63' lang='lat' dir='ltr'>ssoimovs</span> <span class='ocrx_word' id='word_1_655' title='bbox 1860 2052 2026 2103; x_wconf 57' lang='grc' dir='ltr'>Κνιτοίριον</span> <span class='ocrx_word' id='word_1_656' title='bbox 2042 2068 2099 2089; x_wconf 85' lang='grc' dir='ltr'>και</span> <span class='ocrx_word' id='word_1_657' title='bbox 2117 2050 2214 2102; x_wconf 74' lang='grc' dir='ltr'>βιτοί-</span> 
     </span>
     <span class='ocr_line' id='line_1_88' title="bbox 1192 2108 2214 2165; baseline -0.002 -17"><span class='ocrx_word' id='word_1_658' title='bbox 1192 2127 1261 2165; x_wconf 84' lang='grc' dir='ltr'>ριον</span> <span class='ocrx_word' id='word_1_659' title='bbox 1285 2112 1396 2149; x_wconf 89' lang='lat' dir='ltr'>codd.</span> <span class='ocrx_word' id='word_1_660' title='bbox 1424 2111 1541 2148; x_wconf 86' lang='lat' dir='ltr'>Paris.</span> <span class='ocrx_word' id='word_1_661' title='bbox 1565 2114 1598 2147; x_wconf 90' lang='lat' dir='ltr'>A</span> <span class='ocrx_word' id='word_1_662' title='bbox 1617 2119 1655 2148; x_wconf 91' lang='lat' dir='ltr'>et</span> <span class='ocrx_word' id='word_1_663' title='bbox 1674 2111 1828 2161; x_wconf 36' lang='lat' dir='ltr'>Leidff)</span> <span class='ocrx_word' id='word_1_664' title='bbox 1851 2108 2100 2160; x_wconf 78' lang='grc' dir='ltr'>ὕποκοριστικὰ</span> <span class='ocrx_word' id='word_1_665' title='bbox 2133 2132 2152 2145; x_wconf 57' lang='grc' dir='ltr'>ι.</span> <span class='ocrx_word' id='word_1_666' title='bbox 2129 2108 2214 2161; x_wconf 68' lang='grc' dir='ltr'>πρὸς</span> 
     </span>
     <span class='ocr_line' id='line_1_89' title="bbox 1190 2167 2208 2220; baseline -0.004 -13"><span class='ocrx_word' id='word_1_667' title='bbox 1190 2186 1231 2220; x_wconf 88' lang='grc' dir='ltr'>γυ</span> <span class='ocrx_word' id='word_1_668' title='bbox 1235 2185 1365 2211; x_wconf 63' lang='grc' dir='ltr'>κανκας</span> <span class='ocrx_word' id='word_1_669' title='bbox 1399 2167 1550 2220; x_wconf 79' lang='grc' dir='ltr'>νιτᾶριον</span> <span class='ocrx_word' id='word_1_670' title='bbox 1570 2172 1638 2205; x_wconf 79' lang='grc' dir='ltr'>οἱον</span> <span class='ocrx_word' id='word_1_671' title='bbox 1658 2168 1831 2214; x_wconf 82' lang='grc' dir='ltr'>νεόττιον,</span> <span class='ocrx_word' id='word_1_672' title='bbox 1855 2167 2011 2205; x_wconf 74' lang='grc' dir='ltr'>τουτέστι</span> <span class='ocrx_word' id='word_1_673' title='bbox 2031 2182 2208 2217; x_wconf 83' lang='grc' dir='ltr'>κορασιον.</span> 
     </span>
     <span class='ocr_line' id='line_1_90' title="bbox 1192 2225 2211 2280; baseline -0.005 -14"><span class='ocrx_word' id='word_1_674' title='bbox 1192 2227 1423 2280; x_wconf 77' lang='grc' dir='ltr'>Συμμαχος</span> <span class='ocrx_word' id='word_1_675' title='bbox 1405 2241 1440 2264; x_wconf 89' lang='grc' dir='ltr'>οε</span> <span class='ocrx_word' id='word_1_676' title='bbox 1463 2241 1580 2279; x_wconf 69' lang='grc' dir='ltr'>φτσιν,</span> <span class='ocrx_word' id='word_1_677' title='bbox 1602 2226 1800 2278; x_wconf 74' lang='grc' dir='ltr'>Νίτταρος</span> <span class='ocrx_word' id='word_1_678' title='bbox 1803 2226 1854 2263; x_wconf 89' lang='grc' dir='ltr'>νίτ</span> <span class='ocrx_word' id='word_1_679' title='bbox 1858 2240 1937 2277; x_wconf 83' lang='grc' dir='ltr'>αρος</span> <span class='ocrx_word' id='word_1_680' title='bbox 1952 2225 2064 2262; x_wconf 85' lang='lat' dir='ltr'>iidem</span> <span class='ocrx_word' id='word_1_681' title='bbox 2083 2225 2211 2273; x_wconf 78' lang='lat' dir='ltr'>codd.)</span> 
     </span>
     <span class='ocr_line' id='line_1_91' title="bbox 1191 2284 2211 2337; baseline -0.005 -13"><span class='ocrx_word' id='word_1_682' title='bbox 1191 2285 1297 2329; x_wconf 76' lang='grc' dir='ltr'>πολὺς</span> <span class='ocrx_word' id='word_1_683' title='bbox 1317 2285 1374 2323; x_wconf 79' lang='grc' dir='ltr'>ἐπὶ</span> <span class='ocrx_word' id='word_1_684' title='bbox 1393 2284 1549 2337; x_wconf 71' lang='grc' dir='ltr'>μαλακία</span> <span class='ocrx_word' id='word_1_685' title='bbox 1575 2284 1822 2334; x_wconf 70' lang='grc' dir='ltr'>ὀνειδιζόμενος</span> <span class='ocrx_word' id='word_1_686' title='bbox 1843 2284 1901 2321; x_wconf 79' lang='grc' dir='ltr'>καὶ</span> <span class='ocrx_word' id='word_1_687' title='bbox 1924 2284 2035 2325; x_wconf 64' lang='lat' dir='ltr'>Boi-‚og</span> <span class='ocrx_word' id='word_1_688' title='bbox 2060 2284 2127 2333; x_wconf 39' lang='lat' dir='ltr'>(sic</span> <span class='ocrx_word' id='word_1_689' title='bbox 2146 2297 2211 2319; x_wconf 84' lang='lat' dir='ltr'>co—</span> 
     </span>
     <span class='ocr_line' id='line_1_92' title="bbox 1192 2339 2212 2392; baseline -0.006 -10"><span class='ocrx_word' id='word_1_690' title='bbox 1192 2345 1319 2382; x_wconf 80' lang='lat' dir='ltr'>dices:</span> <span class='ocrx_word' id='word_1_691' title='bbox 1351 2343 1499 2385; x_wconf 78' lang='grc' dir='ltr'>Βοίττιος</span> <span class='ocrx_word' id='word_1_692' title='bbox 1525 2343 1586 2379; x_wconf 89' lang='lat' dir='ltr'>ed.</span> <span class='ocrx_word' id='word_1_693' title='bbox 1612 2342 1793 2392; x_wconf 82' lang='lat' dir='ltr'>Mediol.)</span> <span class='ocrx_word' id='word_1_694' title='bbox 1825 2341 1882 2379; x_wconf 80' lang='grc' dir='ltr'>καὶ</span> <span class='ocrx_word' id='word_1_695' title='bbox 1910 2340 1970 2381; x_wconf 78' lang='grc' dir='ltr'>τὰς</span> <span class='ocrx_word' id='word_1_696' title='bbox 2001 2339 2126 2391; x_wconf 76' lang='grc' dir='ltr'>μικρὰς</span> <span class='ocrx_word' id='word_1_697' title='bbox 2154 2340 2212 2377; x_wconf 78' lang='grc' dir='ltr'>καὶ</span> 
     </span>
     <span class='ocr_line' id='line_1_93' title="bbox 1192 2399 2109 2452; baseline -0.005 -12"><span class='ocrx_word' id='word_1_698' title='bbox 1192 2403 1329 2449; x_wconf 77' lang='grc' dir='ltr'>Θηλείας</span> <span class='ocrx_word' id='word_1_699' title='bbox 1349 2400 1500 2452; x_wconf 81' lang='grc' dir='ltr'>βατύλας</span> <span class='ocrx_word' id='word_1_700' title='bbox 1518 2400 1634 2451; x_wconf 75' lang='grc' dir='ltr'>ἔλεγον</span> <span class='ocrx_word' id='word_1_701' title='bbox 1654 2402 1719 2448; x_wconf 82' lang='lat' dir='ltr'>(sic</span> <span class='ocrx_word' id='word_1_702' title='bbox 1737 2401 1853 2438; x_wconf 88' lang='lat' dir='ltr'>Paris.</span> <span class='ocrx_word' id='word_1_703' title='bbox 1875 2406 1906 2437; x_wconf 91' lang='lat' dir='ltr'>A</span> <span class='ocrx_word' id='word_1_704' title='bbox 1921 2409 1958 2437; x_wconf 91' lang='lat' dir='ltr'>et</span> <span class='ocrx_word' id='word_1_705' title='bbox 1976 2399 2081 2437; x_wconf 91' lang='lat' dir='ltr'>Leid.</span> <span class='ocrx_word' id='word_1_706' title='bbox 2102 2415 2109 2435; x_wconf 80' lang='lat'>2</span> 
     </span>
     <span class='ocr_line' id='line_1_94' title="bbox 1191 2457 2211 2510; baseline -0.006 -11"><span class='ocrx_word' id='word_1_707' title='bbox 1191 2464 1272 2500; x_wconf 83' lang='grc' dir='ltr'>λουν</span> <span class='ocrx_word' id='word_1_708' title='bbox 1295 2462 1354 2499; x_wconf 88' lang='lat' dir='ltr'>ed.</span> <span class='ocrx_word' id='word_1_709' title='bbox 1371 2461 1548 2510; x_wconf 84' lang='lat' dir='ltr'>Mediol.)</span> <span class='ocrx_word' id='word_1_710' title='bbox 1580 2458 1826 2504; x_wconf 66' lang='grc' dir='ltr'>καῖ-Βατύλη</span> <span class='ocrx_word' id='word_1_711' title='bbox 1844 2472 1851 2479; x_wconf 92' lang='grc'><em>·</em></span> <span class='ocrx_word' id='word_1_712' title='bbox 1878 2460 1909 2495; x_wconf 79' lang='grc' dir='ltr'>οἱ</span> <span class='ocrx_word' id='word_1_713' title='bbox 1940 2458 1975 2495; x_wconf 78' lang='grc' dir='ltr'>δέ</span> <span class='ocrx_word' id='word_1_714' title='bbox 2008 2472 2111 2510; x_wconf 67' lang='grc' dir='ltr'>φασιν</span> <span class='ocrx_word' id='word_1_715' title='bbox 2139 2457 2211 2502; x_wconf 69' lang='grc' dir='ltr'>εἴδη</span> 
     </span>
     <span class='ocr_line' id='line_1_95' title="bbox 1193 2510 2208 2568; baseline -0.006 -10"><span class='ocrx_word' id='word_1_716' title='bbox 1193 2523 1319 2559; x_wconf 62' lang='grc' dir='ltr'>φυτῶν.</span> <span class='ocrx_word' id='word_1_717' title='bbox 1355 2519 1444 2557; x_wconf 79' lang='grc' dir='ltr'>θέλει</span> <span class='ocrx_word' id='word_1_718' title='bbox 1471 2513 1618 2568; x_wconf 62' lang='grc' dir='ltr'>οἶν-με</span> <span class='ocrx_word' id='word_1_719' title='bbox 1647 2521 1704 2567; x_wconf 72' lang='grc' dir='ltr'>Ι’με</span> <span class='ocrx_word' id='word_1_720' title='bbox 1728 2532 1804 2555; x_wconf 86' lang='lat' dir='ltr'>om.</span> <span class='ocrx_word' id='word_1_721' title='bbox 1836 2518 1951 2555; x_wconf 89' lang='lat' dir='ltr'>iidem</span> <span class='ocrx_word' id='word_1_722' title='bbox 1972 2516 2101 2565; x_wconf 67' lang='lat' dir='ltr'>codd.)</span> <span class='ocrx_word' id='word_1_723' title='bbox 2123 2510 2208 2567; x_wconf 65' lang='grc' dir='ltr'>εἶχε.</span> 
     </span>
     <span class='ocr_line' id='line_1_96' title="bbox 1193 2565 2212 2633; baseline -0.007 -16"><span class='ocrx_word' id='word_1_724' title='bbox 1193 2565 1455 2633; x_wconf 51' lang='grc' dir='ltr'>Ἀριστοφάνης,</span> <span class='ocrx_word' id='word_1_725' title='bbox 1472 2577 1543 2616; x_wconf 75' lang='grc' dir='ltr'>Καὶ</span> <span class='ocrx_word' id='word_1_726' title='bbox 1565 2577 1606 2622; x_wconf 71' lang='grc' dir='ltr'>νὴ</span> <span class='ocrx_word' id='word_1_727' title='bbox 1624 2577 1674 2615; x_wconf 72' lang='grc' dir='ltr'>Δί’</span> <span class='ocrx_word' id='word_1_728' title='bbox 1690 2578 1719 2614; x_wconf 87' lang='grc' dir='ltr'>εἷ</span> <span class='ocrx_word' id='word_1_729' title='bbox 1736 2575 1956 2627; x_wconf 77' lang='grc' dir='ltr'>λυπουμένην</span> <span class='ocrx_word' id='word_1_730' title='bbox 1978 2574 2132 2612; x_wconf 74' lang='grc' dir='ltr'>αἴσθοιτό</span> <span class='ocrx_word' id='word_1_731' title='bbox 2157 2590 2212 2624; x_wconf 72' lang='grc' dir='ltr'>με,</span> 
     </span>
     <span class='ocr_line' id='line_1_97' title="bbox 1193 2633 2210 2711; baseline -0.009 -34"><span class='ocrx_word' id='word_1_732' title='bbox 1193 2638 1363 2711; x_wconf 78' lang='grc' dir='ltr'>νιττοίριον</span> <span class='ocrx_word' id='word_1_733' title='bbox 1379 2636 1419 2674; x_wconf 74' lang='grc' dir='ltr'>ἂν</span> <span class='ocrx_word' id='word_1_734' title='bbox 1437 2637 1494 2674; x_wconf 67' lang='grc' dir='ltr'>καὶ</span> <span class='ocrx_word' id='word_1_735' title='bbox 1513 2635 1652 2687; x_wconf 55' lang='lat' dir='ltr'>§oia-:202</span> <span class='ocrx_word' id='word_1_736' title='bbox 1668 2635 1829 2689; x_wconf 71' lang='grc' dir='ltr'>(νιτάριον</span> <span class='ocrx_word' id='word_1_737' title='bbox 1847 2634 1906 2672; x_wconf 79' lang='grc' dir='ltr'>καὶ</span> <span class='ocrx_word' id='word_1_738' title='bbox 1923 2634 2075 2686; x_wconf 75' lang='grc' dir='ltr'>βιτᾶριον</span> <span class='ocrx_word' id='word_1_739' title='bbox 2096 2633 2210 2670; x_wconf 87' lang='lat' dir='ltr'>iidem</span> 
     </span>
     <span class='ocr_line' id='line_1_98' title="bbox 1194 2693 1778 2747; baseline -0.007 -12"><span class='ocrx_word' id='word_1_740' title='bbox 1194 2697 1323 2736; x_wconf 88' lang='lat' dir='ltr'>codd.</span> <span class='ocrx_word' id='word_1_741' title='bbox 1322 2724 1324 2731; x_wconf 40' lang='grc' dir='ltr'>ι</span> <span class='ocrx_word' id='word_1_742' title='bbox 1346 2699 1487 2747; x_wconf 84' lang='grc' dir='ltr'>ὑπεκορι</span> <span class='ocrx_word' id='word_1_743' title='bbox 1492 2710 1581 2738; x_wconf 59' lang='lat' dir='ltr'>„ez-0.</span> <span class='ocrx_word' id='word_1_744' title='bbox 1614 2693 1778 2747; x_wconf 64' lang='lat' dir='ltr'>Nito&#39;zpiog</span> 
     </span>
     <span class='ocr_line' id='line_1_99' title="bbox 1193 2754 1910 2807; baseline -0.009 -13"><span class='ocrx_word' id='word_1_745' title='bbox 1193 2771 1249 2807; x_wconf 90' lang='lat' dir='ltr'>sq</span> <span class='ocrx_word' id='word_1_746' title='bbox 1281 2755 1318 2793; x_wconf 81' lang='grc' dir='ltr'>δε</span> <span class='ocrx_word' id='word_1_747' title='bbox 1340 2757 1392 2792; x_wconf 89' lang='lat' dir='ltr'>sic</span> <span class='ocrx_word' id='word_1_748' title='bbox 1418 2755 1523 2791; x_wconf 92' lang='lat' dir='ltr'>inV.</span> <span class='ocrx_word' id='word_1_749' title='bbox 1554 2757 1598 2790; x_wconf 94' lang='lat' dir='ltr'>In</span> <span class='ocrx_word' id='word_1_750' title='bbox 1618 2755 1664 2791; x_wconf 91' lang='grc' dir='ltr'>Θ.</span> <span class='ocrx_word' id='word_1_751' title='bbox 1692 2754 1776 2790; x_wconf 82' lang='lat' dir='ltr'>Ald.</span> <span class='ocrx_word' id='word_1_752' title='bbox 1803 2767 1910 2804; x_wconf 65' lang='grc' dir='ltr'>φησι,</span> 
     </span>
     <span class='ocr_line' id='line_1_100' title="bbox 1193 2806 2210 2865; baseline -0.01 -13"><span class='ocrx_word' id='word_1_753' title='bbox 1193 2814 1250 2852; x_wconf 82' lang='grc' dir='ltr'>ἐπι</span> <span class='ocrx_word' id='word_1_754' title='bbox 1271 2813 1428 2865; x_wconf 82' lang='grc' dir='ltr'>μαλακία</span> <span class='ocrx_word' id='word_1_755' title='bbox 1450 2810 1639 2860; x_wconf 83' lang='grc' dir='ltr'>ονειοιζόμε</span> <span class='ocrx_word' id='word_1_756' title='bbox 1629 2826 1748 2853; x_wconf 81' lang='grc' dir='ltr'>ν-οςεν</span> <span class='ocrx_word' id='word_1_757' title='bbox 1778 2815 1887 2853; x_wconf 81' lang='grc' dir='ltr'>τοῖς</span> <span class='ocrx_word' id='word_1_758' title='bbox 1874 2832 1907 2846; x_wconf 75' lang='grc' dir='ltr'>ε</span> <span class='ocrx_word' id='word_1_759' title='bbox 1894 2809 1951 2853; x_wconf 58' lang='grc' dir='ltr'>ἵης</span> <span class='ocrx_word' id='word_1_760' title='bbox 1972 2808 2125 2859; x_wconf 80' lang='grc' dir='ltr'>οροὶμασι</span> <span class='ocrx_word' id='word_1_761' title='bbox 2152 2806 2210 2842; x_wconf 75' lang='grc' dir='ltr'>καὶ</span> 
     </span>
     <span class='ocr_line' id='line_1_101' title="bbox 1193 2846 2209 2915; baseline -0.012 -4"><span class='ocrx_word' id='word_1_762' title='bbox 1193 2873 1316 2915; x_wconf 83' lang='grc' dir='ltr'>Βατος.</span> <span class='ocrx_word' id='word_1_763' title='bbox 1344 2901 1378 2905; x_wconf 86' lang='grc'>-</span> <span class='ocrx_word' id='word_1_764' title='bbox 1407 2876 1489 2913; x_wconf 70' lang='lat'>14</span> <span class='ocrx_word' id='word_1_765' title='bbox 1472 2868 1697 2906; x_wconf 70' lang='grc' dir='ltr'>οιαὸαλκεται</span> <span class='ocrx_word' id='word_1_766' title='bbox 1716 2867 1804 2904; x_wconf 67' lang='grc' dir='ltr'>ἀλλα</span> <span class='ocrx_word' id='word_1_767' title='bbox 1821 2883 1880 2904; x_wconf 87' lang='grc' dir='ltr'>και</span> <span class='ocrx_word' id='word_1_768' title='bbox 1896 2868 1940 2902; x_wconf 88' lang='lat' dir='ltr'>V.</span> <span class='ocrx_word' id='word_1_769' title='bbox 1957 2846 2088 2902; x_wconf 73' lang='lat' dir='ltr'>Delexi</span> <span class='ocrx_word' id='word_1_770' title='bbox 2104 2863 2209 2907; x_wconf 76' lang='grc' dir='ltr'>ἀλλὰ,</span> 
     </span>
     <span class='ocr_line' id='line_1_102' title="bbox 1194 2921 2211 2981; baseline -0.012 -13"><span class='ocrx_word' id='word_1_771' title='bbox 1194 2931 1298 2981; x_wconf 88' lang='lat' dir='ltr'>quod</span> <span class='ocrx_word' id='word_1_772' title='bbox 1319 2931 1491 2978; x_wconf 86' lang='lat' dir='ltr'>ineptum</span> <span class='ocrx_word' id='word_1_773' title='bbox 1517 2934 1594 2968; x_wconf 84' lang='lat' dir='ltr'>est,</span> <span class='ocrx_word' id='word_1_774' title='bbox 1624 2927 1695 2962; x_wconf 89' lang='lat' dir='ltr'>nisi</span> <span class='ocrx_word' id='word_1_775' title='bbox 1722 2925 1767 2962; x_wconf 88' lang='lat' dir='ltr'>ad</span> <span class='ocrx_word' id='word_1_776' title='bbox 1794 2923 1980 2960; x_wconf 68' lang='grc' dir='ltr'>διαέαλλετ</span> <span class='ocrx_word' id='word_1_777' title='bbox 1984 2938 2018 2959; x_wconf 66' lang='grc' dir='ltr'>αι</span> <span class='ocrx_word' id='word_1_778' title='bbox 2049 2921 2211 2958; x_wconf 68' lang='lat' dir='ltr'>addatur</span> 
     </span>
     <span class='ocr_line' id='line_1_103' title="bbox 1193 2979 2210 3029; baseline -0.013 -2"><span class='ocrx_word' id='word_1_779' title='bbox 1193 2992 1231 3027; x_wconf 78' lang='grc' dir='ltr'>οὐ</span> <span class='ocrx_word' id='word_1_780' title='bbox 1251 2988 1378 3025; x_wconf 67' lang='grc' dir='ltr'>μόνον</span> <span class='ocrx_word' id='word_1_781' title='bbox 1366 2983 1728 3023; x_wconf 60' lang='lat' dir='ltr'>sv52302.Nitai·&#39;1um</span> <span class='ocrx_word' id='word_1_782' title='bbox 1742 2991 1865 3019; x_wconf 85' lang='lat' dir='ltr'>autem</span> <span class='ocrx_word' id='word_1_783' title='bbox 1883 2986 2093 3029; x_wconf 89' lang='lat' dir='ltr'>Batumque</span> <span class='ocrx_word' id='word_1_784' title='bbox 2106 2979 2210 3028; x_wconf 88' lang='lat' dir='ltr'>quod</span> 
     </span>
     <span class='ocr_line' id='line_1_104' title="bbox 1193 3038 2210 3088; baseline -0.012 -4"><span class='ocrx_word' id='word_1_785' title='bbox 1193 3047 1350 3084; x_wconf 90' lang='lat' dir='ltr'>nomina</span> <span class='ocrx_word' id='word_1_786' title='bbox 1386 3041 1584 3080; x_wconf 89' lang='lat' dir='ltr'>hominum</span> <span class='ocrx_word' id='word_1_787' title='bbox 1614 3053 1694 3076; x_wconf 86' lang='lat' dir='ltr'>esse</span> <span class='ocrx_word' id='word_1_788' title='bbox 1721 3039 1793 3076; x_wconf 86' lang='lat' dir='ltr'>sibi</span> <span class='ocrx_word' id='word_1_789' title='bbox 1822 3038 2011 3088; x_wconf 87' lang='lat' dir='ltr'>persuasit</span> <span class='ocrx_word' id='word_1_790' title='bbox 2036 3041 2210 3085; x_wconf 78' lang='lat' dir='ltr'>Symma-</span> 
     </span>
     <span class='ocr_line' id='line_1_105' title="bbox 1194 3097 2210 3151; baseline -0.013 -8"><span class='ocrx_word' id='word_1_791' title='bbox 1194 3106 1307 3151; x_wconf 84' lang='lat' dir='ltr'>chus,</span> <span class='ocrx_word' id='word_1_792' title='bbox 1334 3103 1403 3140; x_wconf 87' lang='lat' dir='ltr'>etsi</span> <span class='ocrx_word' id='word_1_793' title='bbox 1417 3099 1527 3137; x_wconf 78' lang='lat' dir='ltr'>valde</span> <span class='ocrx_word' id='word_1_794' title='bbox 1554 3097 1761 3134; x_wconf 85' lang='lat' dir='ltr'>absurdum</span> <span class='ocrx_word' id='word_1_795' title='bbox 1788 3105 2044 3133; x_wconf 88' lang='lat' dir='ltr'>commentum</span> <span class='ocrx_word' id='word_1_796' title='bbox 2065 3103 2132 3141; x_wconf 91' lang='lat' dir='ltr'>est,</span> <span class='ocrx_word' id='word_1_797' title='bbox 2153 3104 2210 3131; x_wconf 83' lang='lat' dir='ltr'>ta—</span> 
     </span>
     <span class='ocr_line' id='line_1_106' title="bbox 1194 3153 2209 3208; baseline -0.013 -7"><span class='ocrx_word' id='word_1_798' title='bbox 1194 3177 1278 3201; x_wconf 86' lang='lat' dir='ltr'>men</span> <span class='ocrx_word' id='word_1_799' title='bbox 1308 3176 1328 3199; x_wconf 85' lang='lat' dir='ltr'>a</span> <span class='ocrx_word' id='word_1_800' title='bbox 1359 3169 1529 3197; x_wconf 74' lang='lat' dir='ltr'>veterum</span> <span class='ocrx_word' id='word_1_801' title='bbox 1563 3156 1894 3208; x_wconf 80' lang='lat' dir='ltr'>grammaticorum</span> <span class='ocrx_word' id='word_1_802' title='bbox 1931 3153 2209 3203; x_wconf 88' lang='lat' dir='ltr'>interpretandi</span> 
     </span>
     <span class='ocr_line' id='line_1_107' title="bbox 1194 3211 2208 3262; baseline -0.013 -4"><span class='ocrx_word' id='word_1_803' title='bbox 1194 3222 1343 3258; x_wconf 86' lang='lat' dir='ltr'>ratione</span> <span class='ocrx_word' id='word_1_804' title='bbox 1363 3219 1518 3255; x_wconf 88' lang='lat' dir='ltr'>minime</span> <span class='ocrx_word' id='word_1_805' title='bbox 1537 3216 1718 3254; x_wconf 86' lang='lat' dir='ltr'>abhorret</span> <span class='ocrx_word' id='word_1_806' title='bbox 1742 3214 2022 3262; x_wconf 85' lang='lat' dir='ltr'>gemellumque</span> <span class='ocrx_word' id='word_1_807' title='bbox 2048 3211 2208 3247; x_wconf 86' lang='lat' dir='ltr'>aliorum</span> 
     </span>
     <span class='ocr_line' id='line_1_108' title="bbox 1193 3269 2208 3323; baseline -0.014 -7"><span class='ocrx_word' id='word_1_808' title='bbox 1193 3279 1309 3316; x_wconf 89' lang='lat' dir='ltr'>habet</span> <span class='ocrx_word' id='word_1_809' title='bbox 1326 3279 1521 3314; x_wconf 88' lang='lat' dir='ltr'>inventum</span> <span class='ocrx_word' id='word_1_810' title='bbox 1538 3305 1546 3321; x_wconf 92' lang='lat'><strong>‚</strong></span> <span class='ocrx_word' id='word_1_811' title='bbox 1566 3273 1632 3323; x_wconf 92' lang='lat' dir='ltr'>qui</span> <span class='ocrx_word' id='word_1_812' title='bbox 1653 3272 1807 3308; x_wconf 84' lang='lat' dir='ltr'>nomina</span> <span class='ocrx_word' id='word_1_813' title='bbox 1820 3271 1883 3307; x_wconf 89' lang='lat' dir='ltr'>illa</span> <span class='ocrx_word' id='word_1_814' title='bbox 1898 3282 1979 3307; x_wconf 86' lang='lat' dir='ltr'>esse</span> <span class='ocrx_word' id='word_1_815' title='bbox 1993 3269 2208 3319; x_wconf 84' lang='lat' dir='ltr'>plantarum</span> 
     </span>
     <span class='ocr_line' id='line_1_109' title="bbox 1195 3328 2208 3379; baseline -0.012 -7"><span class='ocrx_word' id='word_1_816' title='bbox 1195 3343 1282 3372; x_wconf 90' lang='lat' dir='ltr'>sunt</span> <span class='ocrx_word' id='word_1_817' title='bbox 1300 3333 1493 3374; x_wconf 79' lang='lat' dir='ltr'>hariolati,</span> <span class='ocrx_word' id='word_1_818' title='bbox 1515 3331 1664 3376; x_wconf 88' lang='lat' dir='ltr'>iisdem,</span> <span class='ocrx_word' id='word_1_819' title='bbox 1684 3329 1835 3379; x_wconf 84' lang='lat' dir='ltr'>opinor,</span> <span class='ocrx_word' id='word_1_820' title='bbox 1850 3329 1888 3365; x_wconf 89' lang='lat' dir='ltr'>in</span> <span class='ocrx_word' id='word_1_821' title='bbox 1901 3328 2021 3364; x_wconf 84' lang='lat' dir='ltr'>hortis</span> <span class='ocrx_word' id='word_1_822' title='bbox 2040 3337 2208 3362; x_wconf 81' lang='lat' dir='ltr'>crescen-</span> 
     </span>
     <span class='ocr_line' id='line_1_110' title="bbox 1196 3383 2208 3440; baseline -0.012 -11"><span class='ocrx_word' id='word_1_823' title='bbox 1196 3394 1289 3429; x_wconf 87' lang='lat' dir='ltr'>tium</span> <span class='ocrx_word' id='word_1_824' title='bbox 1307 3422 1316 3439; x_wconf 89' lang='lat'>,</span> <span class='ocrx_word' id='word_1_825' title='bbox 1342 3393 1380 3428; x_wconf 87' lang='lat' dir='ltr'>in</span> <span class='ocrx_word' id='word_1_826' title='bbox 1409 3390 1547 3440; x_wconf 89' lang='lat' dir='ltr'>quibus</span> <span class='ocrx_word' id='word_1_827' title='bbox 1574 3386 1846 3439; x_wconf 68' lang='grc' dir='ltr'>ἀπραγμοσύνην</span> <span class='ocrx_word' id='word_1_828' title='bbox 1871 3387 2003 3423; x_wconf 79' lang='lat' dir='ltr'>florem</span> <span class='ocrx_word' id='word_1_829' title='bbox 2029 3383 2208 3419; x_wconf 75' lang='lat' dir='ltr'>odoratus</span> 
     </span>
    </p>
   </div>
   <div class='ocr_carea' id='block_1_7' title="bbox 2132 2398 2213 2435">
    <p class='ocr_par' dir='ltr' id='par_1_7' title="bbox 2132 2398 2213 2435">
     <span class='ocr_line' id='line_1_111' title="bbox 2132 2398 2213 2435; baseline -0.012 0"><span class='ocrx_word' id='word_1_830' title='bbox 2132 2398 2213 2435; x_wconf 74' lang='grc' dir='ltr'>ἐκά-</span> 
     </span>
    </p>
   </div>
   <div class='ocr_carea' id='block_1_8' title="bbox 1798 2692 2212 2801">
    <p class='ocr_par' dir='ltr' id='par_1_8' title="bbox 1798 2692 2209 2792">
     <span class='ocr_line' id='line_1_112' title="bbox 1798 2692 2209 2744; baseline -0.013 -12.69"><span class='ocrx_word' id='word_1_831' title='bbox 1798 2694 1933 2743; x_wconf 79' lang='grc' dir='ltr'>τὸνομα</span> <span class='ocrx_word' id='word_1_832' title='bbox 1953 2692 2082 2744; x_wconf 79' lang='grc' dir='ltr'>κύριον.</span> <span class='ocrx_word' id='word_1_833' title='bbox 2103 2721 2143 2727; x_wconf 86' lang='grc'>..</span> <span class='ocrx_word' id='word_1_834' title='bbox 2168 2692 2209 2726; x_wconf 84' lang='lat'>13</span> 
     </span>
     <span class='ocr_line' id='line_1_113' title="bbox 1943 2748 2212 2801; baseline -0.012 -14"><span class='ocrx_word' id='word_1_835' title='bbox 1943 2751 2091 2801; x_wconf 61' lang='grc' dir='ltr'>Νίταρος</span> <span class='ocrx_word' id='word_1_836' title='bbox 2108 2748 2212 2791; x_wconf 60' lang='grc' dir='ltr'>πολ-«ς</span> 
     </span>
    </p>
   </div>
  </div>
 </body>
</html>
