2485 3808
936 205 1191 244 SCHOLIA
1229 208 1284 246 1N
1319 208 1521 248 RANAS.

2220 224 2293 254 27⁴.)

164 287 200 327 δὲ
230 288 346 336 αὐτὸν,
375 288 533 334 ἐπίτηδες
561 289 758 341 σμικρύνων
784 290 822 327 τὸ
840 291 970 329 πλοῖον.
1001 315 1052 320 -
1080 292 1196 336 τύννος
1252 294 1378 344 μύησιν
1400 295 1599 348 ἔσπευδο·ι.]
1621 321 1668 325 -
1685 298 1850 342 οίεῖδότες
1867 299 1909 337 τὰ
1936 300 2123 353 μυστήρια.
2147 310 2183 339 R.
2201 304 2230 339 οἱ
2248 304 2291 339 τὰ

162 345 202 384 τὸ
217 346 351 398 μικρὸν,
373 345 498 396 ὁμοίως
521 346 581 383 καὶ
598 347 728 386 τυτθόν.
748 355 786 384 R.

218 417 280 443 140.
312 402 362 441 δύ’
382 403 495 442 ὀὸολὼ
518 405 638 454 μισθὸν
655 406 772 443 λαὸών
794 420 802 446 :
824 409 904 459 Οὐχ
922 410 968 451 ὡς
989 412 1089 447 τοῦτο
1104 410 1199 459 λαμ-

1259 354 1432 406 μυστήρια
1452 355 1679 406 διδαχθέντες.
1692 360 1738 396 Θ.

1313 425 1374 450 159.
1417 412 1490 456 ὄνος
1526 414 1618 463 ἄγων
1653 414 1827 467 μυστήρια
1866 429 1873 454 ;
1911 418 1991 460 Τοῖς
2029 417 2228 469 μυστηρίοις
2263 419 2296 462 ἐξ

164 461 341 508 ὅάνοντος,
364 462 454 500 ἀλλὰ
481 463 565 516 πρὸς
590 464 647 501 τὸν
675 466 874 503 δικαστικὸν
896 467 1036 516 μισθὸν,
1068 468 1120 505 ὅτι
1141 468 1202 505 δύο
1258 468 1387 512 ἄστεως
1406 473 1452 513 εἰς
1478 471 1662 509 Ἰζλευσῖνα
1684 472 1740 509 διὰ
1764 475 1832 510 τῶν
1859 473 1943 511 ὄνων
1962 474 2102 527 φέρουσι
2116 475 2159 513 τὰ
2173 478 2220 519 εἰς
2233 477 2296 522 τὴν

126 528 143 554 5
161 519 292 558 ὄὸολῶν
308 514 362 566 ἧν.
388 520 462 571 ἅμα
483 521 518 559 δὲ
542 521 598 559 διὰ
624 523 662 560 τὸ
688 523 883 573 λεγόμενον,
910 523 961 561 ὅτι
981 526 1049 567 τοῖς
1071 526 1200 577 νεκροῖς

160 577 220 616 ἐπὶ
247 581 306 616 τοῦ
333 578 503 629 στόματος
533 581 697 631 βάλλουσι
728 581 786 619 δύο
819 582 976 629 ὀὸολοὺς,
998 584 1054 620 καὶ
1083 583 1134 621 ὅτι
1161 584 1200 620 τὸ

160 635 358 674 δικαστικὸν
378 638 559 690 μισθάριον
574 638 633 676 δύο
647 639 763 677 ὀςολοὶ
778 634 879 685 ἦσαν.
895 641 1048 693 ἐπιφέρει
1065 645 1145 692 γοῦν

282 721 323 755 ὡς
340 720 419 759 μέγα
432 720 580 751 δύνασθον
593 725 755 761 πανταχοῦ
770 723 814 752 τὼ
828 722 873 752 δύ’
889 722 1002 753 ὁὸολώ.

108 797 141 822 10
159 782 202 835 ἦν
217 787 252 826 δὲ
269 789 328 826 καὶ
352 788 554 842 τριώὸολον,
578 795 677 829 τοῦτο
696 794 764 828 τῶν
785 795 987 844 στρατηγῶν
1016 791 1199 834 κολακείας

157 847 261 899 χάριν
274 847 539 899 προστιθέντων.
555 849 612 886 ἐπὶ
629 848 665 886 δὲ
683 850 947 902 Ἀριστοφάνους
959 851 1020 887 καὶ
1034 848 1197 902 δραχμὴν

158 899 200 952 ἦν
214 905 349 945 λαὸεῖν.

212 976 275 1002 141.
307 964 383 1001 ἀντὶ
402 967 460 1002 τοῦ
479 963 633 1014 μεγάλην
651 964 795 1014 δύναμιν
817 964 971 1015 ἔχουσιν.
994 972 1030 1002 R.

212 1034 273 1059 1⁴².
303 1021 442 1068 Θησεὺς
464 1021 573 1071 ἤγαγε
594 1036 603 1060 :
624 1019 712 1060 “Ore
738 1024 889 1067 κατῆλθε
913 1022 1002 1073 μετὰ
1031 1022 1194 1075 Πειρίθου

107 1090 137 1115 15
157 1077 222 1130 [εἷς
242 1078 421 1125 Ἀϊδωνέα,
440 1078 594 1130 ἁρπάσαι
617 1079 824 1129 βουλομένου
844 1079 907 1126 τὴν
926 1079 1031 1131 κόρην
1048 1083 1109 1126 τῆς
1123 1080 1195 1126 Δή-

155 1151 285 1188 μητρος
303 1136 534 1189 Περσεφόνην.
549 1135 571 1182 ἢ
584 1136 639 1174 διὰ
658 1136 698 1174 τὸ
713 1137 867 1184 θητεύειν
881 1137 939 1175 τὸν
955 1137 1110 1189 Χάρωνα
1125 1139 1195 1175 δια-

152 1193 427 1246 πορθμεύοντα.]]

207 1264 269 1290 1⁴4.
301 1251 350 1302 μή
365 1252 401 1302 μ’
415 1251 588 1299 ἔκπληττε
609 1266 617 1291 :
640 1252 702 1299 Μή
718 1254 754 1304 μ’
774 1255 820 1297 εἷς
839 1253 1003 1301 ἔκπληξιν
1016 1253 1076 1291 καὶ
1088 1253 1192 1306 φόὸον

151 1307 296 1358 ἔμὸαλε·
311 1310 349 1346 οὐ
363 1308 430 1360 γάρ
447 1310 483 1360 μ’
499 1310 710 1356 ἀποστήσεις
725 1314 786 1357 τῆς
803 1314 922 1363 ὁρμῆς.
942 1319 977 1349 C.
999 1311 1164 1362 δειμάτου
1180 1325 1189 1350 :

98 1383 133 1408 πο
152 1366 332 1420 Ἐκφόὸει.
359 1375 441 1405 ricc.

205 1439 267 1465 1⁴6.
297 1427 356 1464 καὶ
381 1425 475 1478 σκὼρ
499 1426 553 1464 ἀεὶ
577 1429 670 1465 νῶν;
692 1425 777 1467 “On
803 1428 890 1471 τινές
910 1443 993 1480 φασι
1019 1431 1069 1479 τῷ
1093 1428 1190 1480 σκώρ

149 1486 285 1536 πρῶτον
311 1487 502 1537 κεχρῆσθαι
532 1484 703 1537 Στράττιν
734 1488 768 1524 ἐν
799 1486 991 1536 Ἀταλάντῃ
1022 1486 1187 1538 δράματι·

149 1543 270 1595 ψεῦδος
287 1541 341 1589 δὲ,
362 1544 482 1595 πολλῷ
508 1542 574 1595 γὰρ
598 1542 738 1595 ὕστερον
769 1547 837 1582 τῶν
867 1544 1063 1597 Βατράχων
1094 1545 1188 1582 δεδί-

149 1602 273 1638 δακται
294 1603 317 1646 ἡ
333 1601 523 1648 Ἀταλάντη
551 1601 771 1653 Στράττιδος.
799 1627 850 1632 -
872 1606 938 1640 νῶν
965 1603 1000 1641 δὲ
1029 1603 1104 1640 ἀντὶ
1127 1606 1188 1640 τοῦ

96 1670 130 1695 25
149 1657 240 1711 ῥέον,
250 1664 331 1697 νᾶον
347 1661 427 1697 νῶν.
447 1659 541 1712 σκὼρ
557 1659 592 1697 δὲ
607 1659 827 1710 ἀποπάτημα
838 1691 847 1707 ,
863 1663 994 1712 χέσμα.
1011 1660 1188 1710 κειμένους

147 1716 184 1754 δὲ
203 1716 280 1754 ἀντὶ
305 1720 364 1754 τοῦ
383 1718 644 1768 κολαζομένους.
662 1724 699 1754 R.
713 1726 752 1754 V.
769 1720 834 1755 νῶν
863 1732 871 1757 :
903 1718 1014 1757 ζΡέον.
1037 1727 1072 1756 C.
1103 1718 1185 1756 νάον

146 1783 189 1813 D.
211 1774 331 1827 σκὼρτ
356 1774 508 1828 Κόπρον.
544 1787 624 1819 Vici.

199 1847 263 1874 149.
293 1834 456 1880 ἠλοίησεν
481 1847 489 1872 :
509 1831 525 1846 ''
546 1836 674 1888 *tussem
693 1844 730 1873 R.
746 1842 821 1885 Bru,
850 1846 932 1877 Vict.
950 1834 1182 1888 ἐφαρύτωσεν.

143 1891 166 1939 ἢ
185 1891 328 1944 γεραιὰν
344 1892 469 1943 γνάθον
487 1891 643 1945 ἔκρουσε.
658 1902 699 1931 V.

198 1964 260 1989 151.
291 1949 314 1996 ἢ
334 1949 518 2003 Μορσίμου
544 1963 553 1988 :
574 1950 782 2004 Τραγῳδίας
804 1949 952 1997 ποιητὴς
971 1950 1181 2003 ὑπόψυχρος.

144 2007 231 2059 (ἔστι
245 2008 280 2046 δὲ
299 2007 513 2051 Φιλοκλέους
535 2008 618 2052 υἱός.
635 2004 677 2055 ἦν
694 2009 729 2047 δὲ
749 2010 936 2062 ὀφθαλμῶν
960 2009 1075 2061 ἰατρὸς
1092 2011 1183 2060 ἀγα-

141 2066 207 2110 θός.
229 2061 271 2113 ἦν
287 2066 324 2105 δὲ
346 2066 405 2104 καὶ
422 2066 579 2120 σμικρός.
598 2067 669 2105 υἱὸν
699 2067 734 2106 δὲ
756 2067 857 2119 ἔσχεν
887 2067 1180 2118 Ἀστυδάμαντα.)

141 2147 194 2154 ——
216 2126 292 2163 ἀντὶ
319 2129 378 2163 τοῦ
400 2125 590 2175 θανάσιμόν
616 2142 693 2163 τινα
718 2126 819 2176 λόγον
840 2126 1003 2178 ἔγραψεν,
1037 2121 1092 2164 οἷα
1122 2131 1180 2164 νῦν

140 2183 255 2221 πολλὰ
273 2183 424 2234 γίνονται
438 2189 508 2226 τοῖς
525 2190 731 2236 φαρμακοῖς.
750 2192 790 2221 V.

195 2254 258 2280 153.
290 2242 352 2288 τὴν
376 2241 544 2288 Κινησίου
571 2256 580 2280 :
614 2242 783 2287 Κινησίας
812 2242 1113 2294 διθυραμὸοποιός·
1143 2242 1179 2285 ὃς

140 2299 282 2346 ἐποίησε
300 2299 487 2352 πυρρίχην.
504 2299 527 2346 ἢ
542 2299 594 2337 ὅτι
620 2302 653 2338 ἐν
676 2306 745 2343 τοῖς
766 2301 882 2352 χοροῖς
903 2302 1016 2352 πολλῇ
1043 2300 1177 2346 κινήσει

139 2359 280 2410 ἐχρῆτο.
307 2358 406 2408 (τινὲς
425 2358 461 2396 δὲ
481 2360 519 2397 οὐ
541 2358 713 2411 γράφουσι
730 2359 799 2406 τὸν,
819 2359 859 2405 νὴ
876 2359 952 2402 τοὺς
969 2359 1080 2406 θεοὺς,
1099 2360 1177 2397 στί-

138 2431 212 2468 χον,
224 2418 302 2454 ‘DQ'
316 2418 520 2469 ἀφαιροῦσιν
536 2417 637 2454 αὐτὸν
651 2417 711 2455 καὶ
726 2417 783 2455 τὸν
799 2417 874 2463 ἑξῆς
887 2417 977 2455 οὕτω
987 2418 1176 2470 γράφουσιν

91 1964 126 1988 30

88 2250 121 2276 35

258 2500 278 2537 ἢ
299 2499 448 2541 πυρρίχην
463 2510 507 2535 τις
524 2500 617 2540 ἔμαθε
629 2501 683 2537 τὴν
700 2500 861 2536 Κινησίου.

82 2585 118 2609 40
137 2574 189 2613 διὸ
207 2573 267 2612 καὶ
292 2574 540 2628 Ἀριστοφάνης
558 2576 771 2627 παρατίθησι
791 2575 829 2612 τὸ
849 2575 1035 2627 ἀντίσιγμα
1055 2576 1115 2614 καὶ
1135 2576 1174 2614 τὸ

135 2632 258 2684 σίγμα.
339 2632 486 2676 Ἄλλως.
507 2636 525 2671 ὃ
551 2633 721 2680 Κινησίας
747 2634 1061 2686 ἐπραγματεύσατο
1081 2633 1172 2672 κατὰ

133 2693 201 2728 τῶν
218 2693 393 2741 κωμικῶν,
414 2692 476 2742 [ὡς
495 2685 560 2728 εἶεν
578 2691 803 2743 ἀχορήγητοι.
827 2686 867 2738 ἦν
885 2691 921 2729 δὲ
939 2692 999 2730 καὶ
1015 2692 1053 2729 τὸ
1069 2695 1171 2742 σῶμα

133 2749 276 2801 ὀκνηρὸς
299 2749 358 2787 καὶ
377 2749 708 2793 κατεσκελετευκώς.
732 2751 827 2787 δοκεῖ
844 2750 879 2787 δὲ
896 2750 971 2800 καὶ]
987 2765 1169 2802 κατησχη-

135 2806 319 2855 μονηκέναι
332 2811 391 2844 τοῦ
407 2810 468 2854 τῆς
487 2806 640 2853 Ἑκάτης
657 2807 871 2858 ἀγάλματος.
896 2807 948 2845 διὸ
968 2808 1027 2846 καὶ
1049 2810 1083 2845 ἐν
1100 2815 1170 2852 τοῖς

82 2871 115 2894 45
134 2862 211 2910 ἑξῆς
229 2865 312 2915 [366]
325 2879 426 2916 φησιν

255 2946 274 2982 ἢ
291 2945 439 2986 κατατιλᾷ
453 2949 514 2976 τῶν
530 2946 694 2985 ἑκαταίων,
706 2947 865 2979 κυκλίοισι.
874 2951 1011 2989 χοροῖσιν
1027 2949 1165 2989 ὑπᾴδων.

132 3016 174 3068 ἦν
188 3020 224 3058 δὲ
251 3019 428 3067 Θηὸαῖος,
446 3021 626 3071 μελοποιὸς
648 3022 826 3070 κάκιστος,
847 3022 882 3066 ὃς
903 3025 937 3061 ἐν
959 3030 1029 3067 τοῖς
1052 3029 1168 3077 χοροῖς

132 3081 258 3132 ἐχρῆτο
270 3080 382 3130 πολλῇ
399 3078 559 3129 κινήσει.)
910 3075 913 3078 ’

187 3151 248 3176 1515.
276 3136 354 3180 τοὺς
369 3135 493 3178 τόπους
507 3139 575 3174 τῶν
587 3138 771 3190 μυρρίνων.
789 3147 826 3176 R.
843 3140 1014 3192 μυρρινὼν
1031 3143 1049 3178 ὁ
1064 3141 1166 3186 τόπος

77 3206 112 3231 50
130 3197 198 3233 τῶν
218 3194 403 3248 μυρρίνων.
423 3201 464 3231 V.
488 3193 610 3238 τόπους
628 3196 770 3245 μεστοὺς
783 3201 946 3249 μυρινῶν.
970 3202 1016 3238 Θ.

183 3267 248 3292 158.
279 3255 310 3291 οἱ
325 3251 541 3303 μεμυημένοι
563 3266 571 3291 :
587 3253 716 3304 [Λόγος
729 3254 795 3307 γὰρ
810 3250 947 3308 ἐκράτει
965 3257 1048 3308 παρ’
1067 3258 1162 3305 Ἀθη-

128 3311 235 3355 ναίοις
262 3313 308 3354 ὡς
327 3313 344 3348 ὁ
363 3309 407 3348 τὰ
431 3310 604 3362 μυστήρια
633 3311 802 3362 διδαχθεὶς
826 3313 914 3362 μετὰ
940 3313 1002 3360 τὴν
1031 3316 1162 3354 ἐνθένδε

1186 3327 1190 3375 i

130 3369 292 3416 τελευτὴν
307 3368 398 3411 θείας
413 3367 549 3413 ἠξιοῦτο
564 3372 679 3418 τιμῆς.
701 3369 751 3406 διὸ
773 3370 832 3407 καὶ
847 3371 972 3414 πάντες
987 3372 1070 3424 πρὸς
1097 3373 1160 3420 τὴν
1185 3378 1190 3404 1

1256 528 1388 577 χρείαν·
1409 527 1483 565 ὅθεν
1507 532 1528 574 ἡ
1545 529 1715 580 παροιμία
1729 560 1739 579 ,
1757 530 1813 567 διὰ
1840 531 1879 568 τὸ
1898 537 2107 570 κακοπαθεῖν
2138 534 2290 584 μάλιστα

2312 555 2327 577 ω

1255 583 1332 626 τοὺς
1346 585 1439 628 ὄνους
1456 588 1741 638 ἀχθοφοροῦντας.
1762 590 1808 631 ὡς
1830 588 1870 624 ἂν
1889 583 1946 626 οἶν
1961 590 2078 639 ὅμοιόν
2099 608 2130 628 τι
2147 592 2295 645 πάσχων

1257 641 1313 678 διὰ
1328 642 1366 679 τὸ
1389 643 1629 695 πιέζεσθαιτῷ
1646 645 1855 698 ἐπικειμένῳ
1883 648 1999 698 ἄχθει,
2023 648 2084 694 τὴν
2105 651 2294 702 παροιμίαν

1256 698 1427 749 μίγνυσιν.

1312 770 1372 795 160.
1401 757 1505 810 (ἀτὰρ
1535 760 1573 795 οὐ
1600 759 1731 803 καθέξω
1760 773 1768 797 ;
1796 760 1890 810 Ἅμα
1910 765 1959 814 τῷ
1987 763 2080 816 λόγῳ
2111 765 2220 817 ῥίπτει
2249 766 2292 805 τὰ

1255 814 1381 859 σκεύη,
1402 815 1458 852 ἵνα
1480 815 1620 868 ὕστερον
1641 817 1805 869 φαίνηται
1824 819 2053 873 γελοιότερος,
2070 823 2293 874 κελευόμενος
2319 841 2349 864 10

1255 866 1338 922 ἆραι
1354 872 1397 909 τὰ
1427 873 1547 919 σκεύη.
1567 874 1659 924 λέγει
1676 879 1769 924 γοῦν,
1796 878 1877 927 πρὶν
1905 878 1964 915 καὶ
1995 880 2227 930 καταθέσθαι,
2248 886 2295 920 εἷ-

1254 929 1395 981 πόντος,
1415 931 1456 968 σὺ
1479 931 1513 968 δὲ
1533 931 1576 968 τὰ
1599 932 1790 984 στρώματα
1808 928 1903 978 αὖθις
1920 936 2108 988 λα’μὸανε.)

1310 1001 1370 1026 105.
1401 991 1450 1041 τῷ
1471 990 1607 1042 Ξανθία
1628 991 1731 1042 φησὶν
1752 994 1769 1028 ὁ
1789 993 1961 1036 Διόνυσος.
1982 1003 2021 1032 V.

1307 1059 1372 1085 168.
1404 1050 1471 1084 τῶν
1492 1050 1620 1100 νεκρῶν
1642 1049 1799 1094 δηλονότι
1820 1054 1886 1088 τῶν
1901 1053 1958 1089 ἐπὶ
1974 1053 2012 1091 τὸ
2032 1055 2191 1093 ἀπελθεῖν
2213 1060 2295 1107 μελ-

1251 1103 1379 1141 λόντων
1404 1107 1450 1148 εἷς
1473 1105 1530 1143 τὸν
1555 1105 1674 1160 ᾍδην.
1695 1114 1734 1143 V.
1754 1109 1792 1145 ἐκ
1812 1113 1871 1147 τοῦ
1891 1110 2022 1160 κόσμου
2044 1113 2127 1165 πρὸς
2151 1114 2208 1152 τὸν
2228 1113 2293 1154 Ἅ-
2318 1139 2347 1162 ‚5

1251 1162 1326 1209 δην,
1338 1161 1359 1208 ἢ
1374 1165 1442 1200 τῶν
1457 1164 1697 1216 ἐκφερομένων
1709 1168 1769 1211 τῆς
1785 1166 1918 1211 πόλεως
1928 1199 1936 1215 ,
1950 1171 2007 1221 ἀφ’
2020 1164 2058 1207 οῧ
2070 1171 2127 1208 καὶ
2140 1155 2268 1226 ἐκφορια
2280 1204 2291 1223 ,

1251 1220 1307 1257 ε’πὶ
1327 1220 1383 1258 τὸν
1404 1220 1527 1277 ᾍδην,
1548 1222 1566 1260 ὂ
1585 1225 1707 1266 κοινῶς
1721 1223 1846 1267 ἐξόδιον
1867 1226 2013 1276 λέγεται.
2034 1230 2081 1267 Θ.

1306 1292 1364 1317 169.
1398 1280 1457 1317 ἐὰν
1484 1280 1518 1318 δὲ
1550 1281 1672 1333 μῆὐρω
1709 1296 1717 1320 :
1747 1282 1836 1319 Ἀντὶ
1863 1288 1941 1330 τοῦ,
1962 1284 2020 1322 ἐὰν
2048 1287 2083 1323 δὲ
2113 1287 2161 1337 μὴ
2193 1288 2290 1341 εὕρω.

1248 1336 1418 1390 γράφεται
1438 1339 1497 1376 καὶ
1518 1339 1609 1390 ἔχω,
1627 1340 1745 1390 ἤγουν,
1774 1339 1831 1378 ἐὰν
1856 1343 1904 1391 μὴ
1934 1342 2005 1394 ἔχω
2033 1345 2206 1397 ἀργύριον·
2236 1348 2291 1385 ἵνα

1248 1394 1350 1445 λείπῃ
1371 1395 1410 1432 τὸ
1430 1396 1609 1449 ἀργύριον.

1303 1467 1365 1492 171.
1398 1454 1481 1506 πρὸς
1498 1455 1554 1492 τὸν
1580 1457 1836 1507 βασταζόμενον
1856 1459 1987 1512 νεκρόν.
2013 1468 2049 1498 11.
2066 1469 2105 1498 V.

1305 1524 1365 1550 173.
1396 1511 1476 1549 πόσ’
1499 1512 1586 1550 ἅττα
1611 1528 1618 1552 :
1643 1514 1733 1552 Ἀντὶ
1755 1519 1834 1563 τοῦ,
1855 1516 1947 1554 πόσα
1973 1518 2078 1566 σκεύη
2101 1519 2210 1571 ἔχετε.
2232 1538 2288 1572 γε-

1246 1569 1345 1612 λοίως
1373 1569 1409 1607 δὲ
1435 1573 1453 1607 ὃ
1487 1572 1743 1623 βασταζόμενός
1774 1589 1889 1626 φησιν,
1919 1578 2066 1621 ἀσθενῶς
2092 1578 2126 1616 δὲ
2149 1581 2231 1632 ἐρεῖ.
2267 1585 2288 1627 ἦ

1246 1628 1388 1680 δραχμὴ
1408 1628 1460 1675 δὲ,
1482 1629 1515 1673 ἓξ
1536 1630 1677 1670 &om-1.
1695 1631 1828 1669 δώδεκα
1846 1627 1903 1671 οὖν
1923 1635 2065 1680 ὀὲολοὺς
2081 1639 2180 1677 αἰτεῖ.

1300 1700 1361 1725 174.
1396 1687 1554 1738 (ὑπάγεθ’
1581 1689 1677 1738 ὑμεῖς
1707 1703 1715 1727 1
1740 1689 1829 1727 Ἀντὶ
1855 1695 1914 1729 τοῦ
1947 1695 2172 1746 ἀναχωρεῖτε.
2203 1699 2287 1735 ἀπο·
2327 1721 2337 1726 -

1245 1744 1428 1796 στρέφεται
1449 1746 1484 1782 δὲ
1503 1746 1624 1789 αὐτοὺς
1644 1750 1660 1784 ὅ
1678 1747 1806 1800 νεκρὸς,
1828 1749 1875 1799 μὴ
1893 1751 2099 1802 βουλόμενος
2117 1770 2286 1808 σκευηφω

1245 1803 1325 1853 ρεῖν,
1345 1801 1402 1839 διὰ
1415 1802 1454 1840 τὸ
1475 1803 1660 1855 ἐλάχιστον
1673 1799 1761 1842 εἶναι
1778 1806 1835 1843 τὸν
1856 1808 1990 1856 μισθόν.
2009 1809 2047 1847 τὸ
2065 1811 2117 1858 δὲ,
2131 1812 2282 1863 ὑπάγετε

1243 1861 1340 1910 ὑμεῖς
1357 1863 1419 1906 τῆς
1439 1862 1536 1908 ὁδοῦ,
1557 1865 1574 1899 ὁ
1593 1864 1710 1914 νεκρός
1732 1879 1816 1916 φησι
1833 1866 1918 1916 πρὸς
1933 1867 2011 1910 τοὺς
2029 1870 2282 1923 νεκροφόρους.)

1298 1933 1362 1958 175.
1398 1919 1457 1957 ἐὰν
1480 1919 1598 1971 ξυμίὶῶ
1618 1921 1652 1959 τί
1677 1937 1730 1959 σοι
1754 1937 1762 1960 :
1794 1923 1880 1962 Ἐὰν
1910 1924 2029 1975 ξυμὸῶ
2049 1942 2102 1965 σοι
2122 1929 2198 1967 ἀντὶ
2224 1935 2285 1968 τοῦ

1240 1975 1296 2014 ἵνα
1313 1977 1533 2030 ξυμφωνήσω
1551 1978 1606 2016 σοι’
1624 1995 1670 2018 τι.
1697 1979 1827 2031 (ἔλεγον
1846 1981 1881 2019 δὲ
1898 1982 1936 2020 τὸ
1956 1982 2014 2021 ἵνα
2033 1985 2107 2023 ἀντὶ
2127 1991 2186 2025 τοῦ
2209 1988 2282 2028 ἐάν.
2302 2007 2336 2031 30

1239 2035 1299 2073 καὶ
1314 2035 1478 2087 (Όμηρος
1502 2037 1557 2086 [11.
1581 2045 1622 2084 H,
1638 2037 1704 2087 353]
1728 2057 1741 2071 α,

1387 2096 1397 2108 ’
1439 2094 1465 2131 έ’
1490 2095 1526 2111 ’⁹
1546 2096 1567 2131 λ
1598 2094 1625 2120 '³
1649 2109 1657 2116 ·
1677 2096 1766 2134 Ἀντὶ
1786 2101 1847 2134 τοῦ
1865 2098 1946 2135 μίαν
1966 2099 1999 2133 ·“ι
2023 2116 2029 2130 v
2103 2102 2118 2114 ⁸
2167 2118 2173 2123 ·
2232 2104 2242 2118 '
2275 2122 2282 2128 ·

1294 2107 1354 2133 177.
1381 2111 1435 2131 ενν
1484 2111 1545 2132 οοο
1570 2110 1624 2138 ους
1648 2126 1656 2134 .
1681 2128 1689 2134 .
1864 2137 1869 2147 .
1970 2116 2076 2150 ’μου
2100 2116 2262 2154 οραχμην

1765 2037 1782 2052 t!
1877 2039 1885 2054 1
1927 2044 1937 2056 <
1952 2040 1978 2052 Ι)-
2088 2037 2109 2058 ῗ
2119 2045 2133 2056 κ

1768 2054 1822 2076 ινα
1843 2055 1891 2089 μη
1924 2056 2062 2091 ρεςομεν
2084 2060 2163 2083 ωοε.
2188 2047 2216 2096 ›=)

1245 2155 1255 2167 r
1306 2151 1315 2167 ἲ
1375 2154 1390 2165 ’x
1499 2152 1506 2166 1
1542 2152 1573 2164 ἢν
1595 2155 1603 2166 7
1698 2154 1705 2164 l
1908 2156 1916 2170 J
1986 2158 2003 2171 r!
2122 2161 2137 2172 ,κ

1238 2168 1259 2197 η
1278 2168 1345 2204 γαρ
1372 2167 1513 2203 οραχμη
1539 2166 1573 2196 ες
1588 2152 1717 2192 οὲολοι.
1748 2168 1784 2193 Β.
1806 2157 1852 2194 Θ.
1876 2172 1960 2205 μιαν
1979 2174 2091 2208 ημισυ
2121 2162 2282 2212 εραχμῆν

1238 2210 1375 2247 δίδωσιν
1401 2213 1418 2247 ὁ
1443 2211 1616 2254 Διόνυσος.
1637 2220 1679 2249 V.
1699 2212 1876 2266 ἀναὸιῴην
1897 2218 1954 2251 νῦν
1982 2229 1991 2253 ;
2024 2217 2282 2269 (Ὀγλούμενος

1288 2271 1296 2283 9
1345 2271 1355 2282 Ἴ
1831 2271 1858 2284 ’ἱῖ
1885 2273 1895 2285 7

1237 2284 1285 2305 υπ
1318 2271 1429 2306 αυτῶν
1447 2272 1546 2307 τοῦτο
1561 2269 1665 2320 λέγει.
1687 2272 1722 2308 ἐν
1738 2271 1813 2318 ἤθει
1827 2287 1862 2309 τε
1880 2288 1918 2309 εκ
1936 2277 1995 2311 τοῦ
2006 2276 2161 2314 ἐναντίου
2183 2281 2276 2328 ἡμῖν·
2297 2302 2331 2327 35

1239 2270 1249 2282 Α

1236 2321 1304 2365 οἷον
1335 2327 1543 2378 ἀπολοίμην.
1566 2330 1596 2365 οἱ
1623 2327 1680 2378 δὲ,
1707 2329 1759 2367 δ’τι
1786 2331 1943 2382 χαλεπὸν
1972 2327 2013 2379 ἦν
2040 2334 2117 2372 τότε
2138 2336 2176 2374 τὸ
2204 2339 2277 2385 ζῆν,

1235 2385 1324 2423 ὥστε
1346 2385 1484 2436 ἄμεινον
1503 2380 1589 2423 εἶναι
1613 2387 1652 2424 τὸ
1676 2388 1848 2427 τεθνάναι.
1865 2391 1912 2432 εἷς
1930 2391 2087 2444 κατάραν
2105 2388 2162 2431 οὖν
2181 2396 2278 2446 λαμ-

1235 2444 1331 2482 ἕάνει
1350 2445 1389 2482 τὸ
1418 2447 1589 2490 ἀναςῆσαι
1613 2447 1647 2483 ἐν
1674 2446 1875 2493 Ἀθηναίοις.
1900 2450 2113 2503 κατηγορίαν
2142 2452 2178 2490 δὲ
2204 2454 2277 2506 ἔχει

1233 2504 1270 2540 οὐ
1293 2502 1356 2549 τὴν
1379 2507 1566 2554 τυχοῦσαν.
1653 2502 1797 2548 Ἄλλως.
1828 2507 1861 2542 ἐν
1882 2506 1975 2552 ἤθει,
1997 2508 2075 2547 ἐπεὶ
2096 2510 2215 2555 ἁπλῶς
2238 2515 2273 2562 ὁ)

1233 2561 1441 2614 ἀνθρώπινος
1460 2562 1530 2613 βίος
1542 2563 1728 2615 μοχθηρός.
1746 2563 1768 2609 ἢ
1785 2563 1837 2601 ὅτι
1856 2564 1933 2602 τότε
1945 2565 2132 2613 Ἀθηναίων
2149 2570 2275 2608 δυστυ-
2294 2589 2328 2614 40

1230 2619 1382 2671 χούντων
1400 2622 1431 2657 οἱ
1451 2619 1686 2670 ἀπολλύμενοι
1699 2622 1959 2675 ἐμακαρίζοντο.

1286 2692 1346 2717 178.
1378 2678 1453 2715 ἀντὶ
1470 2682 1527 2716 τοῦ
1551 2679 1731 2729 βαστάσω.
1753 2690 1792 2718 V.
1815 2680 1883 2730 ἐγὼ
1906 2681 2081 2732 βαστάζω.
2100 2691 2139 2722 R.

1285 2750 1345 2775 180.
1377 2736 1474 2783 ὠὸπ,
1511 2737 1718 2788 παραὸαλοῦ
1752 2752 1760 2776 :
1794 2738 1979 2777 Ἐλατικὸν
2003 2740 2200 2795 ἐπίφθεγμα
2231 2745 2271 2782 τὸ

1228 2794 1320 2833 ὠόπ.
1339 2795 1377 2832 τὸ
1410 2795 1444 2832 δὲ
1474 2795 1682 2846 παραέαλοῦ
1713 2797 1788 2833 ἀντὶ
1814 2801 1873 2834 τοῦ
1896 2796 2038 2849 ὅρμισον
2069 2802 2113 2849 ἰ-ἳξ
2143 2804 2189 2852 γῇ
2207 2801 2268 2847 τὴν

1226 2857 1322 2891 ναῦν.
1341 2855 1375 2891 ἐν
1397 2856 1438 2904 τῇ
1459 2853 1516 2899 νηὶ
1534 2852 1600 2906 γὰρ
1624 2857 1641 2891 ὃ
1658 2853 1785 2905 Χάρων
1803 2854 1908 2905 λέγει.
1932 2879 1984 2885 —
2005 2856 2199 2903 πλησίασον
2227 2860 2267 2897 τὸ
2286 2880 2320 2904 45

1227 2911 1357 2964 σκάφος
1376 2914 1424 2963 τῷ
1436 2910 1560 2960 λιμένι.
1587 2920 1647 2950 ΒΓ.

1281 2983 1343 3008 181.
1377 2973 1489 3018 (τοῦτο
1506 2968 1610 3019 λίμνη
1632 2968 1672 3014 νὴ
1699 2969 1765 3008 Δία
1791 2984 1799 3008 t
1826 2972 1939 3008 Τοῦτο
1959 2973 1989 3008 οἱ
2011 2971 2072 3022 μέν
2100 2989 2184 3025 φασι
2206 2975 2263 3014 τὸν

1224 3026 1388 3065 Διόνυσον
1416 3026 1541 3076 λέγειν,
1563 3029 1593 3065 οἱ
1622 3025 1658 3064 δὲ
1685 3027 1742 3065 τὸν
1768 3028 1936 3065 Ξανθίαν.
1964 3031 2112 3068 ἐνταῦθα
2144 3031 2180 3070 δὲ
2204 3039 2263 3072 τοῦ

1223 3084 1343 3122 πλοίου
1364 3083 1521 3136 ὀφθέντος
1544 3086 1755 3130 ’ἠλλοιῶσθαι
1774 3084 1842 3137 χρὴ
1863 3085 1925 3132 τὴν
1945 3087 2075 3134 σκηνὴν
2093 3089 2152 3126 καὶ
2176 3085 2263 3129 εἶναι

1222 3141 1313 3179 κατὰ
1330 3141 1391 3188 τὴν
1403 3141 1624 3193 Ἀχερουσίαν
1635 3142 1760 3192 λίμνην
1771 3143 1829 3180 τὸν
1848 3143 1952 3181 τόπον
1971 3145 2028 3182 ἐπὶ
2039 3150 2097 3184 τοῦ
2114 3149 2259 3199 λογείου,
2277 3164 2311 3188 50

1222 3198 1243 3246 ἢ
1265 3200 1322 3238 ἐπὶ
1341 3203 1401 3246 τῆς
1417 3200 1630 3252 ὀρχήστρας,
1649 3201 1795 3251 μηδέπω
1814 3202 1849 3239 δὲ
1870 3204 1905 3240 έν
1921 3201 2053 3258 ᾍδου.)

1275 3272 1337 3297 184.
1368 3259 1462 3310 χαῖρ’
1495 3252 1522 3296 ῶ
1555 3258 1682 3310 Χάρων
1706 3273 1714 3297 :
1750 3260 1949 3312 Δημήτριός
1990 3278 2093 3314 φησιν
2118 3264 2255 3315 Ἀχαιοῦ

1219 3316 1298 3357 ὅλον
1315 3321 1401 3354 εἶναι
1421 3319 1459 3354 ἐκ
1480 3321 1538 3354 τοῦ
1561 3316 1723 3360 Αἴθωνος.
1746 3317 1885 3368 λέγουσι
1903 3320 1931 3355 δ’
1950 3319 2034 3371 αὐτὸ
2051 3322 2080 3357 οἱ
2099 3321 2255 3373 σάτυροι,

1341 3387 1430 3426 Χαῖρ’
1446 3387 1471 3416 ὦ
1489 3385 1599 3426 Χάρων
1613 3387 1695 3426 χαῖρ’
1717 3387 1742 3417 ὦ
1766 3387 1877 3428 Χάρων
1894 3389 1974 3429 χαῖρ’
1990 3389 2015 3419 ῶ
2030 3389 2150 3430 Χάρων.
