2533 3808
305 222 379 255 600
1028 205 1326 244 ADNOTATIO
1356 204 1411 242 IN
1440 205 1615 244 SCHOL.

302 310 356 338 est
372 297 643 347 Aristophanes
666 291 871 342 Byzantius
884 292 986 342 apud
1002 293 1119 329 schol.
1140 292 1186 328 ad
1206 291 1306 328 Nub.
1368 292 1406 328 in
1420 293 1534 329 Thes.
1560 305 1596 341 p.
1622 292 1677 335 16,
1696 296 1729 329 A
1752 306 1759 328 :
1784 307 1901 343 quare
1921 307 1998 330 non
2022 293 2111 329 satis
2138 299 2247 328 caute
2267 293 2378 328 Sora·-

307 359 415 394 1003.
444 359 583 391 Verum
608 352 710 401 quod
730 351 884 387 additur
899 350 1088 388 Nitarium
1114 351 1226 386 istum
1249 349 1308 384 vel
1341 362 1344 413 ἱ
1368 363 1438 386 nus
1463 350 1508 386 de
1525 351 1760 399 Hippocrate
1776 352 1925 401 scripsit
1946 353 1982 388 iu
2001 350 2081 400 ejus
2102 351 2202 397 Vita,
2223 348 2377 400 δεύτερον

299 416 475 452 Nitarum
490 440 500 457 ‚
529 423 613 459 quae
629 423 675 445 ne
702 409 833 446 Graeca
856 407 1009 456 quidem
1037 408 1192 443 nomina
1207 414 1308 451 sunt,
1342 416 1344 421 ’
1369 407 1469 443 αὐτὸν
1483 405 1761 457 ἀφ’Ἥρακλέους
1777 409 1926 460 δημοσία
1945 415 2013 451 τοῖς
2028 408 2250 448 Ἐλευσινίοις
2267 405 2379 456 ἐμύη-

299 474 338 508 in
362 471 442 507 aliis
459 481 613 518 quoque
632 467 776 504 Comici
806 465 943 502 fabulis
975 465 1187 513 exagitari,
1221 463 1260 500 id
1281 464 1310 499 si
1343 489 1345 495 ι
1370 479 1452 510 σαν,
1473 465 1530 501 καὶ
1554 464 1699 510 πολίτην
1721 464 1873 516 ἔγραψαν
1891 479 1899 486 ·
1926 475 2178 516 praeterquam
2207 463 2310 514 quod
2336 476 2380 500 ea

301 529 396 565 dixit
411 526 677 575 Symmachus,
693 524 773 561 lieri
787 537 861 559 nou
884 524 1110 572 potestquin
1124 522 1311 558 mendacii
1343 498 1346 543 1
1371 531 1478 558 aetate
1501 523 1725 571 jamdudum
1761 524 1924 559 desierat
1952 526 2044 573 legis
2073 524 2238 572 autiquae
2263 522 2382 570 vigor,

301 586 518 623 stultissime
533 583 736 632 excogitati
751 580 1042 618 reushabeatur.
1064 582 1175 625 Quod
1195 592 1311 629 quum
1371 580 1597 616 Anacharsis
1618 594 1770 630 quoque
1798 581 1926 618 Soloni
1947 582 2099 630 aequalis
2122 580 2254 629 ἐμυήθη
2280 577 2383 627 μόνος

302 645 424 680 minus
442 641 642 692 probabile
662 640 846 683 videatur,
872 639 963 675 illud
981 640 1015 675 ἐν
1042 644 1111 681 τοῖς
1131 637 1205 683 ἑξῆς
1226 637 1312 689 δρά-
1374 636 1557 688 βαρὸάρων
1576 638 1808 687 δημοποίητος
1824 639 2015 688 γενόμενος,
2035 647 2074 675 ut
2093 638 2289 675 Theoxeni
2310 636 2387 672 fide

302 717 407 750 μασιν
433 701 655 737 recentioris
676 699 888 735 scholiastae
915 698 1039 733 errori
1057 696 1187 733 deberi
1209 695 1313 732 arbi-
1372 695 1491 731 refert
1530 697 1683 733 Lucian.
1718 697 1756 733 in
1790 697 1919 745 Scyth.
1943 711 1973 734 c.
2007 697 2040 733 8.
2077 700 2134 732 Ex
2154 696 2227 732 hoc
2256 702 2384 730 autem

303 769 394 804 tror,
413 759 478 807 qui
499 758 596 794 male
613 755 819 792 reddiderit
836 755 1063 804 antiquioris
1081 754 1314 803 grammatici
1373 754 1664 790 Atheniensium
1686 767 1788 791 more
1803 755 1960 803 Diogeni
1979 755 2134 802 Cynico,
2156 753 2220 802 qui
2238 761 2384 800 myste-

304 817 524 853 sententiam
542 845 554 862 ,
587 812 749 866 Νιτάριον
782 812 838 850 ἐπὶ
875 812 1029 863 μαλακία
1068 812 1315 850 διαὸάλλεσθαι
1376 811 1429 846 ria
1450 821 1669 860 respuerat,
1704 813 1960 862 patrocinium
1989 813 2083 861 petit
2109 811 2245 847 Julian.
2268 812 2330 846 Or.
2350 822 2388 854 7,

301 873 418 924 ὥσπερ
438 873 497 910 καὶ
519 873 642 913 ἄλλους
659 869 806 913 πολλοὺς
825 872 859 907 ἓν
879 876 948 912 τοῖς
966 869 1040 916 ἓξῆς
1061 870 1229 920 δράμασι.
1258 868 1315 906 Τὰ
1375 888 1411 924 p.
1435 875 1525 919 238,
1544 878 1571 911 B
1592 889 1599 910 z
1622 874 1734 916 συνεὶς
1757 873 1810 911 ὅτι
1829 874 1886 912 τὸν
1910 873 2101 924 μυούμενον
2119 874 2225 923 ἐχρῆν
2246 872 2388 908 πολιτο-

302 932 375 977 ἑξῆς
404 940 531 968 autem
553 930 714 982 δράματα
742 930 794 966 ita
818 929 998 965 dicuntur
1019 938 1059 965 ut
1079 930 1211 965 Plutus
1232 929 1313 977 pri-
1374 935 1595 984 pr'sffiiffl
1611 931 1790 985 πρότερον,
1807 932 1866 970 καὶ
1882 932 2071 979 Ἀθηναῖοι),
2087 932 2117 968 εἰ
2131 929 2190 967 χαὶ
2209 928 2256 979 μὴ
2275 927 2387 980 φύσει,

302 1004 403 1026 mum
421 1003 501 1026 esse
522 989 636 1040 δρᾶμα
653 988 886 1036 intelligatur
911 987 1115 1024 secuudum
1135 987 1316 1024 usitatum
1375 993 1424 1041 τῷ
1451 990 1545 1042 νόμῳ
1575 989 1609 1027 δὲ
1628 990 1786 1040 γενέσθαι
1806 1001 1876 1028 etc.
1917 992 1962 1027 Hi
1980 990 2140 1027 civitatis
2166 988 2228 1037 jus
2260 986 2390 1036 adepti

302 1050 340 1084 in
361 1047 558 1084 codicibus
575 1047 749 1083 ordinem
766 1045 993 1083 fabularum.
1014 1048 1191 1081 Ceterum
1210 1046 1318 1081 iuve-
1377 1048 1634 1097 δημοποίητοι,
1665 1050 1760 1087 Poll.
1792 1050 1826 1095 3,
1850 1050 1897 1085 56
1929 1064 1936 1085 ε
1972 1049 2151 1098 quoniam
2182 1047 2217 1082 in
2248 1052 2389 1081 certam

303 1117 462 1145 teratum
485 1108 684 1156 scripturae
699 1105 833 1141 vitium
851 1114 954 1141 recte
975 1118 994 1141 a
1008 1104 1132 1141 Fabro
1151 1114 1187 1141 et
1204 1106 1316 1142 Bent-
1380 1105 1519 1142 tribum
1548 1106 1776 1156 demumque
1806 1107 2070 1144 referebantur
2087 1121 2098 1142 .·
2117 1104 2288 1142 Adriano
2319 1102 2391 1138 So—

301 1166 375 1202 leio
390 1179 468 1202 esse
483 1172 696 1201 correctum
712 1163 887 1199 restituto
902 1162 1083 1214 νηττάριον
1093 1162 1153 1199 καὶ
1166 1161 1318 1213 φάττιον,
1348 1071 1353 1221 Ι
1379 1165 1510 1213 phistae
1531 1167 1648 1213 Tyrio
1671 1166 1762 1216 φυλή
1776 1181 1812 1203 τε
1831 1159 1872 1210 ἦν
1893 1165 1950 1201 καὶ
1969 1166 2076 1214 δῆμος
2094 1163 2273 1209 Ἀθήνησιν
2297 1160 2390 1197 Ρ111-

302 1226 339 1260 111
366 1223 612 1260 annotatione
639 1222 687 1259 ad
716 1221 834 1258 verba
862 1230 985 1270 poetae
1015 1229 1070 1258 est
1106 1230 1314 1256 ostensum.
1346 1225 1357 1711 ρ
1379 1224 1482 1259 lostr.
1502 1226 1557 1259 De
1576 1227 1619 1259 V.
1640 1226 1675 1259 S.
1700 1237 1776 1273 2‚p
1806 1223 1892 1261 588.
1914 1225 2138 1260 Ptolemaeus
2155 1219 2392 1258 Naucratites

1343 914 1348 921 x

302 1285 420 1318 D1Nn.
435 1305 475 1311 -
495 1280 538 1316 15
555 1278 942 1329 legebatursssottffitouc.
961 1279 1117 1316 Correxi
1133 1292 1178 1313 cx
1194 1277 1317 1314 Suida.
1378 1282 1568 1332 Μαραθῶνι
1599 1280 1701 1332 δήμῳ
1725 1281 1894 1335 ἐνεγράφη
1924 1281 2104 1332 Ἀθήνῃσιν
2132 1294 2167 1329 p.
2188 1281 2275 1327 595.
2299 1278 2394 1315 Vide

302 1342 407 1375 Vana
429 1338 706 1375 Hemstel'husii
721 1337 939 1386 conjectura
956 1345 1011 1374 est
1028 1334 1177 1387 βατάλας
1189 1344 1225 1371 et
1244 1336 1320 1371 Βᾱ-
1380 1353 1463 1388 quae
1479 1340 1524 1375 de
1536 1339 1805 1377 Plataeensibus
1820 1348 2001 1377 notantur
2013 1341 2050 1376 in
2063 1338 2218 1376 Miscell.
2231 1337 2391 1374 observ.

302 1395 406 1442 τάλη.
429 1399 548 1435 Idem.
569 1422 611 1428 —
639 1397 685 1432 16
707 1410 810 1447 φησιν
830 1397 1016 1433 0111.Θ.-
1047 1395 1088 1430 17
1114 1392 1262 1430 νεόττιον
1284 1401 1321 1428 et
1379 1412 1411 1434 a.
1437 1397 1554 1442 1736,
1576 1410 1612 1445 p.
1642 1397 1730 1433 324.
1765 1398 1870 1434 Idem
1900 1398 1937 1433 in
1961 1398 2042 1434 aliis
2074 1394 2291 1432 civitatibus
2312 1394 2395 1444 pari

303 1455 463 1507 κοράσιον
487 1457 552 1505 qui
585 1456 826 1504 interpretati
857 1464 965 1500 sunt,
988 1469 1053 1491 eos
1080 1456 1126 1491 (le
1144 1452 1319 1505 νοττάριον
1381 1455 1495 1492 modo
1515 1455 1728 1492 distributis
1755 1456 1941 1501 obtinuit,
1963 1453 2279 1505 quemadmodum
2298 1453 2395 1502 Hip-

304 1515 343 1563 (i.
366 1529 398 1550 e.
423 1513 636 1565 νεοττάριον)
666 1513 851 1561 cogitasse
878 1512 1147 1549 animadvertit
1174 1514 1319 1548 Hemst.
1381 1510 2396 1565 ρ11111111111131Ρ11110511ῑ11115φυλαῖςἐγγραφῆναιπόλεων

304 1597 345 1603 -—
367 1574 410 1609 18
431 1571 595 1624 Νιτάριον
615 1572 675 1608 καὶ
697 1568 1113 1621 βάττιονιριλοφρονητικὴ
1130 1583 1256 1620 προσφ.
1275 1570 1320 1606 Θ.
1381 1575 1514 1622 μικρῶν
1541 1587 1578 1608 τε
1599 1571 1656 1609 καὶ
1676 1571 1852 1621 μειζόνων.
1881 1571 2042 1615 ψυλέτας
2060 1569 2313 1620 δημοποιήτους
2332 1582 2396 1606 re-

303 1656 345 1662 —
361 1644 408 1667 20
423 1644 478 1680 Sq·
499 1628 663 1680 Νῑτάρῑῡς
687 1626 861 1680 δὲ-παρὰ
880 1627 918 1664 τὸ
935 1629 1091 1664 ὲὶΰθθὸδὶῑ
1105 1641 1151 1664 CX
1172 1630 1234 1671 νη
1258 1626 1322 1675 (lui
1383 1632 1505 1680 peries
1530 1630 1632 1680 apud
1651 1632 1846 1668 Plutarch.
1878 1635 2011 1681 Symp.
2033 1646 2065 1678 1,
2080 1645 2111 1667 c.
2136 1643 2191 1665 10.
2218 1628 2286 1665 Adi
2311 1627 2396 1664 Sal-

307 1687 422 1738 βάτον.
451 1688 657 1736 «Imperiti
678 1687 758 1723 haec
779 1686 975 1723 annotatio
995 1685 1229 1734 grammatici
1252 1692 1322 1729 est,
1356 1714 1357 1720 ,
1385 1702 1474 1724 mas.
1501 1688 1547 1724 ad
1563 1689 1751 1737 Spartian.
1772 1702 1808 1738 p.
1828 1691 1890 1732 33,
1911 1691 1972 1732 34.
1998 1693 2145 1726 Hssms‘r.
2169 1712 2208 1719 -
2235 1685 2281 1722 38
2310 1686 2394 1734 βου-

306 1746 414 1795 cujus
430 1747 467 1782 in
490 1745 619 1782 codice
638 1744 743 1795 βάτον
761 1758 832 1794 pro
858 1743 974 1793 βάτιον
1005 1745 1189 1794 scriptum
1214 1744 1295 1779 fuit.
1311 1762 1323 1774 a
1382 1745 1545 1795 λομένους
1563 1748 1716 1795 Υ.--39
1738 1747 1845 1798 μικρὰ
1862 1747 2034 1784 additum
2052 1760 2097 1783 ex
2123 1750 2170 1783 R,
2187 1769 2225 1777 .-
2250 1749 2268 1786 4
2282 1748 2396 1786 1-44

304 1808 423 1843 Dmn.
444 1829 485 1836 —
507 1818 548 1840 21
569 1805 614 1844 ὡς
642 1802 776 1853 εἴρηται
801 1805 842 1837 V.
876 1801 1024 1852 βάταλον
1058 1800 1094 1838 δὲ
1121 1800 1183 1846 τὴν
1210 1801 1323 1852 ἕδραν,
1384 1818 1457 1841 om.
1480 1805 1590 1841 etiam
1612 1806 1657 1842 Θ.

306 1861 397 1914 παρὸ
413 1860 473 1898 καὶ
492 1859 530 1897 τὸ
557 1860 674 1910 βάτιον
696 1860 802 1896 addit
819 1860 968 1917 awAld.
986 1884 1026 1892 -
1052 1873 1097 1895 22
1120 1859 1324 1905 ἀδιανόητον
1442 1868 1537 1905 1014
1565 1862 1644 1898 haec
1664 1862 1780 1899 habet
1800 1866 1843 1900 R.
1858 1892 1866 1907 ‚
1887 1865 1932 1904 ὡς
1954 1861 2010 1898 ἐπὶ
2029 1861 2171 1912 ἁμαξῶν
2193 1860 2396 1912 ὀχουμένων

305 1923 349 1956 V.
367 1921 411 1957 Θ.
433 1918 534 1969 βάτον
553 1920 600 1956 Θ.
623 1918 708 1954 Ald.
732 1942 761 1949 -
789 1918 835 1952 23
852 1919 921 1954 οἱον
939 1919 956 1954 ὅ
985 1919 1086 1967 βᾶτος
1101 1921 1145 1954 V.
1161 1945 1169 1962 ,
1194 1936 1207 1949 <z
1225 1925 1325 1954 recte
1386 1921 1497 1957 αὐτῶν
1516 1922 1563 1961 εἷς
1580 1920 1624 1956 τὰ
1646 1920 1853 1957 Ἐλευσίνια.
1874 1946 1914 1952 -
1930 1925 1977 1964 48
1995 1919 2052 1957 ἐὰν
2074 1921 2119 1958 Θ.
2143 1945 2180 1952 -
2198 1927 2247 1968 49
2267 1920 2396 1957 Ἔλευ-

307 1979 466 2014 fortasse
484 1976 531 2012 ad
545 1984 706 2012 mentem
725 1975 948 2011 scholiastae.
965 1993 979 2008 ›>
995 1979 1109 2012 D1Nn.
1125 1999 1165 2005 -—
1184 1979 1231 2013 24
1248 1975 1328 2013 Νίτ-
1385 1983 1462 2014 σῖνα
1482 1982 1684 2015 Kusterus.
1708 1978 1906 2016 Ἐλευσίνια
1925 1978 2011 2015 Ald.
2028 1976 2071 2015 τὰ
2093 1977 2294 2015 Ἐλευσίνια
2311 1978 2400 2014 Sui-

306 2049 407 2086 ταρος
426 2032 486 2071 καὶ
501 2033 631 2074 Βάττος
645 2038 735 2082 Reg.
751 2033 996 2082 duplicirhic
1017 2043 1054 2069 et
1071 2035 1093 2070 l.
1106 2035 1165 2069 26.
1182 2032 1237 2069 lb.
1258 2049 1324 2070 πα-
1385 2035 1452 2071 das
1469 2050 1496 2072 s.
1523 2035 1579 2072 Τὰ
1601 2037 1637 2072 ἐκ
1656 2038 1724 2072 τῶν
1745 2036 1886 2085 ἁμαξῶν
1913 2035 2112 2085 σκώμματα
2138 2051 2145 2071 :
2175 2035 2240 2072 sed
2260 2034 2302 2072 τὰ
2324 2049 2398 2071 om.

309 2094 455 2146 ρῄκαζεν
478 2094 537 2130 vel
549 2093 842 2145 παρείκαζεν“(51(;
858 2092 961 2142 Reg.)
979 2097 1122 2130 Hemst
1139 2093 1327 2144 παρήκμα-
1386 2094 1468 2131 cod.
1492 2094 1609 2130 Paris.
1633 2099 1672 2130 A.
1693 2120 1732 2125 —
1753 2096 1801 2131 50
1822 2094 1975 2139 ἀλλήλας
1997 2095 2044 2131 Θ.
2067 2102 2104 2130 et
2128 2093 2273 2130 Suidas.
2290 2091 2401 2138 ἀλλή-

308 2155 362 2196 ζεν
382 2153 501 2190 Paris.
526 2177 567 2183 —
588 2152 636 2188 26
657 2149 729 2196 εἴδη
756 2152 870 2201 φυτῶν
894 2150 978 2196 ἄνθη
1006 2149 1196 2187 ποιούντων
1216 2149 1326 2197 εὐώδη
1384 2153 1460 2193 λαις
1476 2153 1560 2189 Ald.
1587 2153 1866 2189 etSuidaelibri
1889 2153 2113 2189 deteriores.
2140 2176 2177 2182 -
2201 2152 2247 2188 52
2263 2149 2402 2188 ἐθέασεν

307 2214 402 2260 Reg.
1387 2219 1556 2247 sumtum.
1580 2219 1637 2247 est
1665 2225 1686 2247 a
1717 2212 1858 2260 vulgari
1888 2214 2025 2249 Graecae
2054 2211 2192 2260 linguae
2208 2210 2400 2246 dialecto:

366 2269 480 2315 1013,
502 2267 550 2304 36
567 2265 732 2316 γινόμενα
748 2274 835 2316 post
850 2265 1029 2318 Ἡρακλέα
1045 2268 1207 2316 ponitV.
1229 2265 1328 2316 γενό-
1387 2268 1518 2304 eodem
1540 2277 1685 2318 spectat
1698 2269 1854 2305 Thomae
1867 2269 2038 2318 Magistri
2051 2277 2296 2318 praeceptum,
2308 2268 2403 2312 Θεῶ,

310 2341 396 2375 μενα
414 2334 471 2362 est
492 2326 531 2362 in
548 2329 595 2363 R.
616 2349 655 2356 -
678 2326 723 2371 37
748 2323 839 2368 ξένον
862 2325 910 2376 μὴ
938 2331 1049 2374 μυεῖν.
1076 2325 1256 2374 Ejusdem
1277 2326 1328 2361 le-
1387 2327 1424 2362 οὐ
1440 2325 1519 2373 Θέα,
1536 2329 1564 2363 εἰ
1578 2326 1638 2363 καί
1655 2341 1742 2368 τινες
1757 2326 1928 2379 γράφουσι
1943 2341 1950 2348 ·
1973 2340 2126 2363 monere
2147 2326 2280 2371 voluit,
2293 2326 2403 2362 sicuti

309 2384 365 2433 gis
388 2384 559 2420 meminit
586 2383 703 2420 schol.
733 2383 779 2419 ad
806 2396 842 2419 v.
870 2383 945 2419 846
962 2412 971 2427 ‚
1006 2391 1046 2418 ut
1068 2382 1115 2419 ab
1138 2384 1332 2432 Eumolpo
1387 2394 1541 2422 notatus
1575 2386 1843 2436 Aristophanis
1867 2399 1999 2422 versus
2025 2399 2073 2422 ex
2097 2389 2190 2422 Ran.
2218 2385 2281 2420 131
2316 2384 2404 2420 satis

310 2442 395 2476 latae
417 2444 540 2478 Tzetz.
576 2441 622 2477 ad
649 2441 842 2490 Lycophr.
864 2455 897 2478 v.
925 2441 1043 2489 13283
1071 2441 1173 2477 illam
1206 2450 1329 2478 tamen
1390 2444 1578 2490 declarat,
1608 2453 1710 2480 recte
1734 2444 1892 2481 (11(-1θεῶ
1912 2458 1983 2494 pro
2001 2442 2122 2489 θεάου,
2152 2457 2259 2502 secus
2277 2452 2404 2480 autem

312 2499 519 2550 aliquando
560 2500 723 2547 migrare
762 2499 932 2534 virorum
975 2499 1178 2534 illustrium
1211 2500 1328 2549 gratia
1389 2516 1434 2538 ex
1454 2502 1542 2539 θεάω
1563 2530 1572 2546 ,
1603 2501 1688 2548 θέα,
1710 2503 1797 2539 licet
1818 2517 1894 2539 11011
1923 2503 2045 2539 desint
2069 2503 2134 2552 qui
2164 2514 2404 2537 communem

312 2572 388 2595 non
416 2557 641 2594 dubitarunt
669 2556 758 2592 olim
792 2556 1050 2592 Athenienses.
1083 2556 1143 2592 Al)
1169 2559 1331 2595 Hercule
1389 2574 1496 2596 usum
1523 2561 1640 2596 secuti
1658 2574 1742 2596 eum
1763 2562 1800 2597 in
1820 2561 1970 2597 modum
1990 2559 2169 2596 scribant.
2192 2561 2338 2597 Hamsr.

314 2619 454 2655 factum
478 2625 533 2653 est
553 2616 702 2652 initium
721 2629 729 2651 :
752 2614 839 2650 huic
860 2615 960 2651 enim
981 2615 1106 2663 primo
1122 2616 1267 2664 petenti
1289 2625 1330 2652 ut
1449 2631 1544 2662 ¹0¹7
1562 2646 1571 2661 ,
1598 2631 1611 2652 1
1638 2618 1724 2654 fort.
1745 2618 1835 2669 οἰκία
1857 2616 2087 2668 διατρέφεται.
2118 2620 2235 2653 Dum.
2265 2619 2406 2653 Totum

315 2689 457 2712 morem
488 2681 690 2723 gererent,
719 2674 898 2720 mysteria
926 2685 1003 2707 11011
1038 2680 1184 2707 tantum
1213 2686 1332 2721 parva
1389 2675 1434 2723 gl.
1456 2679 1590 2711 om.G.

314 2743 404 2771 sunt
426 2734 579 2769 inventa
595 2761 604 2776 ,
633 2730 699 2766 scd
719 2739 756 2766 ct
773 2730 844 2779 legi
866 2729 936 2766 sub
955 2730 1081 2779 specie
1095 2728 1194 2777 juris
1216 2731 1329 2767 adhi-
1448 2746 1538 2768 1021
1567 2734 1619 2769 sic
1642 2734 1679 2769 in
1697 2737 1739 2770 V.
1755 2762 1765 2779 ,
1786 2735 1803 2769 ὁ
1823 2732 1954 2774 Θάσιος
1979 2725 2068 2774 οἶνος
2096 2734 2165 2769 τῶν
2185 2731 2299 2768 ἄλλων
2327 2731 2406 2769 δια-

314 2792 395 2829 bita
416 2792 485 2828 fuit
507 2792 626 2835 fraus,
652 2789 854 2838 Pyliusquc
869 2789 997 2838 jussus
1017 2801 1102 2825 eum
1123 2788 1195 2825 sibi
1215 2791 1329 2826 [ilium
1390 2790 1496 2843 φέρει.
1521 2789 1638 2834 ἐπειδὴ
1659 2792 1727 2827 ἐκεῖ
1745 2792 1778 2827 ἐν
1800 2789 2131 2842 Θάσῳ-Διονύσου.
2157 2789 2209 2827 Τὸ
2231 2788 2406 2839 δὲ-ἐκίρ-

315 2851 508 2900 adoptare.
550 2849 702 2885 Leviter
735 2848 907 2883 vitiatum
943 2849 1059 2896 patris
1094 2847 1332 2896 adoptatoris
1391 2864 1461 2890 νας.
1480 2879 1520 2886 -.
1544 2848 1707 2892 14Ἔπεὶ
1727 2852 1770 2886 R.
1790 2850 1835 2886 Θ.
1862 2850 1944 2885 Aul.
1967 2875 2007 2881 -
2035 2850 2078 2885 15
2094 2852 2154 2885 τοῦ
2173 2848 2342 2895 additum
2358 2860 2406 2884 ex

314 2922 454 2945 nomen
475 2908 513 2944 in
531 2910 627 2956 Epp.
651 2909 794 2944 Socrat.
821 2907 881 2950 28,
905 2919 941 2954 p.
965 2905 1036 2941 59:
1059 2903 1236 2955 Ἥρακλῆς
1253 2904 1332 2958 γὰρ,

1390 2909 1433 2943 V.
1454 2907 1601 2943 «Paulo
1625 2907 1776 2956 plenius
1802 2907 1911 2944 Suid.
1937 2908 1975 2943 in
1993 2905 2168 2957 Ἐνέχεις,
2188 2919 2302 2943 versu
2319 2905 2405 2942 Ari-

315 2965 410 3007 ὄντος
428 2964 533 3014 νόμου
556 2964 594 3001 το
611 2963 758 3001 παλαιὸν
782 2966 865 3012 ἡμῖν
887 2962 1018 3012 μηδένα
1043 2961 1134 3006 ξένον
1160 2967 1332 3012 μυεῖσθαι,

1391 2964 1590 3013 stephanis
1617 2965 1766 3013 prolato
1782 2992 1790 3007 ,
1821 2966 1866 3006 ὡς
1891 2967 1950 3001 τοῦ
1975 2964 2111 3003 Θασίου
2136 2963 2227 3000 οἴνου
2257 2962 2405 3012 εὖόσμου

1391 3022 1485 3064 ὄντος
1499 3035 1506 3044 ·
1535 3024 1552 3058 ὃ
1568 3022 1634 3073 γὰρ
1661 3023 1723 3059 Στ.
1744 3025 1761 3059 ὃ
1782 3024 1829 3072 ἐρ.
1851 3024 1891 3059 Δ.
1911 3024 1943 3059 ἐν
1965 3024 2010 3060 Θ.
2033 3021 2134 3074 ᾤκει·
2159 3021 2219 3058 καὶ
2235 3020 2290 3058 διὰ
2305 3024 2406 3058 τοῦτο

318 3023 496 3073 βουληθεὶς
518 3025 677 3071 μυεῖσθαι
694 3021 826 3071 γίνεται
849 3020 983 3065 Πηλίου
1012 3020 1104 3062 Οετὸς
1125 3020 1205 3061 υἱός.
1236 3022 1332 3058 Hinc

317 3081 575 3118 emendationi
594 3109 601 3126 ,
624 3094 697 3129 qua
716 3084 808 3117 Tan.
825 3079 947 3117 Faber
965 3079 1240 3129 Apollodorum
1264 3094 1332 3117 ex-
1393 3081 1421 3117 δ.
1443 3083 1459 3117 ὁ
1479 3081 1526 3118 Θ.
1546 3073 1648 3123 οἶνος.
1675 3080 1780 3116 Idem
1802 3082 1838 3116 in
1855 3079 1986 3123 Θάσιος
2010 3074 2096 3122 οἶνος
2118 3080 2276 3130 propius
2291 3091 2403 3115 acce-—

318 3139 453 3190 polivit
483 3152 517 3183 2,
542 3140 574 3183 5,
605 3153 661 3182 12,
678 3153 712 3184 2,
745 3140 1022 3175 firmamentum
1049 3138 1202 3174 additur
1230 3152 1237 3173 :
1264 3152 1333 3188 pro
1393 3139 1448 3174 dit
1465 3138 1509 3175 ad
1533 3138 1744 3175 scholiastae
1759 3138 1898 3175 verba:
1924 3137 1984 3175 καὶ
2006 3137 2202 3190 παροιμία,
2227 3138 2256 3174 εἰ
2273 3134 2403 3174 Θάσιον

317 3195 471 3236 Θέσπιος
498 3196 596 3232 enim
628 3210 672 3232 ex
706 3210 822 3245 parvo
854 3205 974 3246 poetae
1004 3196 1119 3232 schol.
1148 3196 1193 3232 ad
1222 3197 1263 3233 Il.
1286 3198 1333 3242 Θ,
1364 3206 1369 3273 1
1393 3195 1519 3247 ἐνέχεις
1535 3209 1542 3215 ·
1578 3195 1695 3241 ἐπειδὴ
1721 3198 1754 3233 ἐν
1774 3198 1820 3234 Θ.
1849 3195 1931 3248 ᾤκει
1952 3198 2013 3234 Στ.
2034 3199 2052 3233 ὁ
2068 3197 2117 3247 ἐρ.
2140 3199 2179 3233 Δ.
2204 3193 2256 3232 ὅτι
2277 3195 2305 3230 δ.
2323 3193 2401 3231 δΘ.

320 3255 414 3299 368,
440 3254 520 3291 siue
541 3255 798 3290 controversia
829 3254 1029 3303 legendum
1048 3262 1123 3300 est,
1147 3253 1238 3296 Θετὸς
1254 3256 1334 3292 Πυ-
1393 3248 1479 3296 οἶνος
1494 3263 1562 3291 etc.
1583 3257 1701 3299 Quem
1718 3255 1943 3303 Staphylum
1959 3263 2088 3292 noster
2100 3253 2238 3291 Bacchi
2253 3251 2402 3289 delicias

317 3312 392 3350 λίου
421 3317 502 3356 παῖς
532 3310 711 3362 γενόμενος
742 3313 890 3359 ἐμυεῖτο.
930 3312 1033 3348 Idem
1063 3312 1126 3360 qui
1160 3313 1332 3357 Herculi,
1394 3313 1508 3360 dicit,
1544 3313 1573 3348 is
1593 3313 1675 3349 aliis
1693 3321 1747 3348 cst
1775 3313 1895 3358 filius,
1921 3313 2106 3350 modone
2128 3311 2211 3361 quis
2236 3311 2402 3347 diversos

317 3371 515 3408 Dioscuris
527 3369 771 3408 etiamhonos
785 3377 839 3405 cst
855 3369 1021 3416 habitus,
1038 3378 1132 3406 teste
1143 3370 1332 3406 Plutarch.
1366 3397 1369 3403 .
1394 3371 1504 3407 saciat
1524 3386 1529 3406 :
1555 3374 1728 3408 Ammon.
1744 3372 1782 3409 in
1801 3370 1985 3423 Σταφύλη,
2009 3375 2134 3408 Tzctz.
2151 3371 2196 3408 ad
2216 3367 2399 3418 Lycophr-
