2533 3808
275 165 348 197 602

271 256 355 279 nem
380 244 572 291 impurum
596 243 721 292 dignis
749 245 869 281 modis
895 247 1107 286 lacerarint.
1133 253 1277 287 HEMST.

272 323 318 327 —
332 314 375 335 21
400 301 596 350 ἀρτοπῶται
614 304 655 337 V.
680 301 955 354 ἐπιξηραίνεσθαι
978 308 1022 345 Θ.
1041 308 1279 360 ἐπιξηραίνου-

270 376 321 398 σιν
340 362 424 398 Ald.
449 361 534 403 τινὲς
547 361 583 398 δὲ
604 364 648 400 Θ.
668 388 709 394 -
731 377 776 400 22
792 365 830 402 τὸ
848 376 934 403 ante
950 371 1058 418 πῶμα
1071 373 1180 420 ponit
1196 374 1279 410 Sui-

269 419 345 455 1105.
366 443 407 449 -
429 421 474 454 23
500 420 700 466 ἑλκυσθείης
724 420 776 468 ἂν,
796 422 854 461 ἐὰν
880 426 1051 463 Dindorf.
1069 453 1110 459 —-
1133 443 1177 475 27
1205 429 1277 480 ἔχει

268 474 328 524 μέν
344 489 396 511 τοι
417 475 501 512 Ald.
525 476 670 527 ἐχειμέν
689 494 723 515 τι
743 481 786 517 Θ.
808 505 848 511 ——
874 485 920 519 28
939 498 1020 534 φασι
1038 489 1082 522 V.
1104 487 1149 524 Θ.
1166 511 1207 518 -
1229 489 1276 524 30

266 535 417 577 ζητεῖται
436 536 481 569 V.
502 537 543 570 In
559 538 604 571 R.
629 535 725 578 σανὶς
748 540 769 584 ἡ
793 539 1124 595 λεγομένη-τούτῳ.
1152 545 1224 582 ἔστι
1242 545 1276 583 δὲ

264 593 284 635 ἡ
310 589 583 641 ἀτρύπητος-τὸ
599 593 776 645 τρύπημα.
797 622 838 628 ·—
862 600 908 635 32
932 601 1035 645 τηλία
1052 605 1110 648 V.,
1136 616 1183 639 ex
1197 617 1274 652 quo

264 648 420 683 accessit
445 650 506 686 οὐκ
524 648 564 686 ἂν
587 651 743 695 διέλθοις.
765 655 798 690 ἐν
819 657 922 708 τηλία
945 657 983 695 τὸ
1005 659 1169 711 τρύπημα
1188 662 1274 698 Ald.

262 728 301 734 -
320 706 363 747 34
387 705 536 758 σήμερον
556 708 723 761 σάμερον,
747 708 793 748 35
809 714 954 761 σανίδος,
976 718 1020 762 37
1039 716 1185 769 ὄρτυγας
1205 720 1274 756 ἐκεῖ

261 759 406 799 ἔὸαλλον
425 768 469 801 V.
483 790 523 796 —
545 767 592 815 39
611 767 710 820 γύρος
726 774 911 816 circulum,
926 775 1044 811 orbem
1067 777 1271 825 significat:

260 819 453 857 Onomast.
469 830 538 859 vet.
561 838 569 859 :
593 826 724 873 Spine,
745 830 851 879 γῦροι.
870 832 1045 868 Latinum
1063 834 1272 880 gyrusinde

261 887 399 925 manat,
423 887 459 915 et
482 882 747 931 antiquitatem
765 886 884 923 Graeci
905 890 1079 926 vocabuli
1102 899 1269 929 testatur.

259 935 443 988 Περιγυρὶς
470 938 493 975 1.
516 953 551 988 q.
578 941 800 994 περιφέρεια,
825 955 867 981 ut
894 949 1105 996 Hesychius
1134 950 1269 986 docet:

257 1005 368 1041 qnam
391 1008 460 1045 ego
483 1009 617 1033 vocem
639 999 876 1049 depromtam
892 1004 1059 1042 arbitror
1075 1020 1122 1043 ex
1141 1008 1269 1056 aliquo

256 1051 502 1102 Pythagorea:
525 1056 584 1092 vel
600 1058 739 1095 Ionicae
759 1059 909 1098 familiae
926 1064 1167 1114 philosopho.
1186 1067 1267 1103 Πα-

256 1108 409 1161 ραγύρως
435 1111 655 1149 adverbium
692 1117 791 1166 apnd
829 1120 990 1157 eundem
1025 1124 1193 1171 reperies
1232 1125 1266 1159 in

254 1167 463 1218 Διαμπερὲς,
485 1184 600 1220 quam
620 1172 975 1223 interpretationem
994 1181 1085 1217 mihi
1098 1182 1266 1230 persuasi

254 1226 489 1264 referendam
517 1243 598 1266 esse
618 1231 665 1267 ad
685 1233 756 1269 Od.
780 1234 824 1281 Ξ,
855 1251 892 1272 11
918 1252 926 1273 :
948 1239 1021 1274 erit
1046 1248 1168 1275 antem
1194 1254 1267 1275 πα-

255 1282 420 1334 ραγύρως,
435 1286 464 1322 51
479 1287 595 1337 legem
612 1291 731 1327 Graeci
746 1295 930 1331 sermonis
949 1298 1134 1343 consulas,
1149 1311 1264 1346 quum

251 1352 312 1376 res
335 1354 586 1393 quaecumque
606 1360 649 1383 ea
672 1349 822 1386 ratione
847 1363 1046 1398 movetur,
1076 1364 1115 1391 ut
1140 1356 1265 1391 circu-

250 1396 327 1433 lum
345 1399 503 1437 interius
518 1411 582 1438 aut
600 1407 767 1442 exterius
791 1411 981 1447 rotatione
1000 1414 1174 1460 proxima
1199 1428 1263 1450 ra—

249 1455 322 1492 dat.
360 1460 473 1495 Vetus
508 1461 663 1498 verbum
695 1473 731 1500 et
759 1478 866 1514 paene
892 1468 1105 1507 obsoletum
1136 1475 1262 1510 Graeci

250 1516 501 1562 recentiores,
537 1520 646 1557 sicuti
681 1536 755 1559 non
786 1538 873 1562 raro
908 1528 1050 1574 solent,
1080 1530 1119 1566 in
1154 1544 1261 1567 usum

248 1585 488 1611 communem
514 1589 767 1617 revocarunt:
790 1582 837 1619 ab
858 1585 902 1621 iis
920 1586 1048 1636 itaque
1065 1587 1164 1639 γύρος
1186 1604 1262 1626 non

247 1645 319 1681 pro
350 1633 493 1669 circulo
520 1643 695 1687 tantum,
729 1641 832 1688 quod
870 1652 976 1680 notat
1010 1647 1183 1684 Eustath.
1215 1649 1261 1684 ad

246 1690 318 1727 Od.
342 1693 382 1735 T,
406 1703 444 1739 p.
469 1693 566 1737 1864
587 1708 594 1729 :
619 1692 671 1731 ὅτι
693 1695 728 1733 δὲ
757 1697 859 1750 γύρος
880 1702 1075 1753 βαρυτόνως
1095 1705 1131 1741 οὐ
1158 1705 1261 1754 μόνον

245 1747 436 1799 κοινότερον
466 1750 482 1784 ὁ
513 1750 636 1795 κύκλος
664 1762 761 1802 etc.,
792 1757 856 1792 sed
884 1759 996 1795 etiam
1027 1773 1098 1809 pro
1125 1767 1261 1799 amuda

244 1806 428 1854 ponitur:
459 1807 497 1843 111
528 1810 692 1846 Rabolio
722 1816 793 1848 Ms.
824 1820 972 1864 χρυσοῦν
1000 1817 1101 1869 γύρον
1134 1826 1259 1871 φορεῖν.

244 1865 460 1914 Ducangius
506 1866 603 1903 hanc
650 1883 779 1906 vocem
832 1873 1010 1911 intactam

243 1923 390 1958 HEMST.

302 1981 412 2026 1038,
439 1987 483 2024 41
516 1982 681 2034 Πρόεισιν
702 1986 786 2022 Ald.
805 1988 991 2040 Πρόσεισιν
1014 1990 1105 2036 ὅπως
1130 1994 1256 2045 κομίσῃ

241 2039 290 2089 τῷ
308 2039 375 2075 Πλ.
393 2043 437 2075 V.
762 2091 768 2096 .

299 2102 396 2139 1040
425 2097 557 2134 01611115
587 2100 703 2136 schol.
729 2104 888 2141 Theocr.
917 2106 962 2142 ad
977 2107 1033 2143 Id.
1057 2110 1076 2143 3
1095 2138 1103 2154 ‚
1138 2124 1168 2155 1,
1192 2110 1256 2147 ubi

241 2155 414 2191 meminit
428 2155 539 2204 hujus
556 2171 697 2195 versus,
719 2163 868 2199 HEMST.
890 2189 931 2194 —
951 2170 995 2208 44
1015 2166 1121 2215 με’θην
1145 2169 1256 2206 habet

240 2214 285 2249 Θ.
305 2237 346 2247 κ.
366 2216 413 2256 46
437 2214 519 2251 dele
537 2217 598 2252 οὐκ
616 2230 700 2253 cuin
721 2222 852 2270 Regio.

297 2278 392 2315 1042
421 2273 594 2310 scholion
625 2279 824 2316 metricum
856 2295 929 2318 om.
961 2284 1072 2320 etiam
1106 2287 1150 2323 Θ.
1172 2312 1212 2317 -
1233 2301 1251 2332 7

240 2329 386 2367 ἐπελθοι.
409 2333 470 2369 Sic
487 2333 534 2369 ad
555 2347 589 2370 v.
612 2336 701 2372 851:
719 2338 817 2390 ἄχρις
837 2340 876 2377 ἅν
896 2357 947 2384 τις
969 2342 1094 2393 ἐπέλθῃ
1116 2347 1255 2397 ὑποκρι-

239 2389 299 2433 τὴς
319 2389 429 2441 ἕτερος
444 2406 451 2412 ·
471 2393 592 2428 solent
610 2394 753 2444 alioqui
776 2398 945 2437 crebrius
963 2401 1142 2439 adhibere
1157 2402 1253 2456 ἐξέρ-

238 2449 381 2498 χεσθαι,
405 2447 553 2491 ἐξιέναι·
574 2450 805 2503 πρόερχεσθαι
821 2485 830 2501 ,
853 2458 1022 2508 προϊέναι.
1052 2463 1197 2499 ΗΕ115Τ.
1216 2489 1252 2493 -

245 2520 284 2541 11
310 2505 380 2542 δοκ.
403 2520 476 2542 om.
496 2508 607 2543 etiam
628 2511 675 2547 Θ.
700 2513 745 2553 ὡς
762 2511 875 2563 ἔρωτα
893 2520 937 2551 V.
959 2519 1003 2559 ὡς
1021 2518 1054 2553 ἐν
1073 2518 1174 2569 ἔρωτι
1200 2521 1247 2558 Θ.

239 2563 318 2599 Ald.
337 2564 494 2616 ἐπερωτᾷ
510 2566 568 2601 vel
587 2568 740 2620 ἁνερωτᾷ
768 2575 911 2609 Hcmst.
929 2599 968 2604 —-
993 2582 1034 2618 14
1068 2582 1168 2627 χαῖρε
1191 2579 1249 2614 vel

238 2621 370 2674 χαίροις
393 2626 535 2659 Heinst.
559 2624 690 2676 χαίρεις
712 2629 845 2667 codex.
866 2658 906 2663 -
932 2633 975 2668 15
1012 2635 1122 2686 ἐρωτᾷ
1150 2637 1248 2672 Din-

239 2680 392 2716 dorlius.
411 2682 444 2717 ἐν
468 2680 558 2733 ἔργῳ
579 2684 762 2720 codex.—
781 2701 822 2733 17
850 2688 905 2724 διὰ
921 2690 959 2726 τὸ
975 2693 1015 2726 V.
1037 2697 1158 2743 γραῖαν
1177 2697 1220 2730 R.

295 2741 408 2787 1048,
445 2742 568 2786 33-37
593 2744 638 2779 Οἱ
671 2742 918 2796 γὰρ-ἀπῄει,
953 2747 997 2791 ὥς
1028 2765 1111 2801 φησι
1151 2752 1249 2789 inl'ra

237 2805 324 2844 post
342 2796 429 2834 ἀλλὰ
444 2798 576 2847 μεθύων
599 2801 622 2836 l.
648 2803 694 2837 38
714 2805 822 2852 ponit
842 2808 940 2841 11..-
963 2809 1008 2850 34
1033 2807 1083 2844 ὅτι
1105 2822 1182 2845 om.
1203 2814 1246 2846 V.

236 2881 276 2887 .-
295 2857 341 2892 35
362 2859 378 2893 ὁ
395 2855 467 2898 νέος
489 2858 605 2909 νήφων
625 2858 646 2904 ἢ
666 2858 718 2897 ὅτι
738 2861 839 2905 ὀξέως
855 2863 1022 2903 ἐὸιάσατο
1044 2867 1103 2908 τὰς
1125 2868 1248 2912 πολιὰς

1066 1880 1258 1926 praeteriit.

238 2916 341 2959 αὐτῆς
369 2918 386 2951 ὁ
413 2914 485 2957 νέος
514 2917 752 2967 ἀμαυροῦσθαι
778 2924 836 2971 V.,
862 2923 926 2972 qui
956 2938 1029 2961 om.
1051 2926 1249 2976 ὀφείλων-

238 2974 356 3022 μέθης.
376 2975 478 3009 -36
509 2973 545 3010 δέ
582 2990 684 3026 φησιν
717 2982 760 3015 V.
792 2988 828 3016 et
859 2984 1000 3018 Heinst.
1038 2982 1073 3019 δὲ
1103 2985 1166 3036 ἔφη
1206 2991 1245 3023 R.

237 3031 271 3067 Θ
305 3030 390 3066 Α1(1.
423 3032 541 3077 ἐπειδὴ
563 3034 620 3070 καὶ
652 3039 695 3071 R.
721 3038 765 3074 Θ.
799 3038 917 3083 ἐττειᾶλι
951 3041 1036 3077 Ald.
1075 3043 1247 3094 ἐπίκωμος

237 3087 359 3138 ἀπῄεις
378 3093 422 3125 V.
440 3115 477 3120 -
497 3092 541 3136 37
568 3094 612 3134 ὡς
631 3092 695 3146 ἔφη
715 3098 856 3133 Hemst.
876 3098 958 3150 φησὶ
980 3103 1020 3137 V.
1041 3099 1086 3142 ὥς
1101 3117 1182 3152 φησι
1201 3107 1244 3140 R.

238 3150 283 3186 Θ.
302 3149 386 3185 Ald.
403 3174 443 3180 —
460 3152 507 3187 38
523 3150 676 3189 πέπονθα
697 3155 743 3192 Θ.
767 3155 871 3206 ἔγνων
890 3159 944 3206 R„
967 3162 1029 3209 qui
1051 3167 1244 3214 0111.γραῦν

237 3201 354 3244 οὖσαν.

296 3263 406 3313 1050,
423 3272 471 3314 49
483 3266 550 3303 θεοὶ
560 3268 854 3319 πρεσὲυτικοὶιΟῖ
865 3280 933 3317 τοῖς
948 3279 1044 3313 RN.
1060 3278 1129 3314 nisi
1142 3279 1245 3328 qnod

240 3324 372 3361 lemnia
384 3327 413 3361 θ.
427 3340 483 3376 πρ.
494 3326 683 3363 omittunt.
700 3320 727 3364 ὦ
742 3331 1014 3370 Ποντοπόσειδον
1025 3349 1034 3369 .·
1048 3328 1171 3386 ὦ(<ἑντί
1184 3342 1242 3375 τοῧ

1298 896 1304 954 l

1286 2042 1289 2073 l

1012 164 1113 202 ΑΒΝ
1117 166 1307 204 ΟΤΑΤΙΟ
1335 168 1390 204 IN
1417 170 1591 209 SCHOL.

1341 245 1369 288 (ἶ)
1384 254 1449 304 Θ.)
1470 255 1587 293 πόντιε
1599 257 1777 300 Πόσειδον.
1793 266 1859 302 θεοὶ
1881 267 1916 304 δὲ
1931 270 2151 321 πρεσὸυτικοὶ
2168 275 2198 309 οἱ
2214 280 2282 316 τοῖς
2298 277 2343 314 Θ.

1337 310 1511 349 ΑΙό.-50
1531 314 1647 361 ἐπειδὴ
1667 319 1752 355 Ald.
1767 346 1807 351 -—
1819 324 1860 359 51
1884 323 1999 375 ὅμοιος
2016 330 2064 379 τῷ
2077 332 2116 365 Δ.
2134 332 2191 376 V.,
2210 344 2253 367 ex
2269 346 2345 381 quo

1339 369 1385 404 52
1401 367 1422 413 ἢ
1443 364 1470 406 ὦ
1487 370 1604 409 πόντιε
1635 374 1800 414 Πόσειδον
1819 382 1998 428 (ποσειὸῶν
2020 387 2077 434 G.)
2110 386 2277 424 additum
2293 418 2303 435 ‚
2321 389 2343 436 ἢ

1337 432 1573 479 μεταφορικῶς
1587 433 1702 479 (quod
1718 435 1805 484 legit
1817 440 1949 477 Suidas
1970 456 1997 478 s.
2010 443 2152 493 Πόντος)
2166 458 2212 482 ex
2229 449 2275 482 R.
2294 450 2340 483 V.

1335 507 1376 514 —-
1394 485 1440 528 54
1475 491 1519 524 R.
1544 488 1638 525 infra
1665 502 1751 539 post
1782 494 1898 533 schol.
1918 511 1953 534 V.
1980 502 2073 547 1057
2100 502 2175 538 haec
2205 504 2342 552 habet,

1335 542 1408 578 ἐπεὶ
1428 548 1534 595 γραῦς
1559 547 1650 583 ἐστιν
1666 578 1676 595 ,

1797 555 1817 562 m

1576 596 1595 603 Ν
1614 598 1633 605 Ν
1694 551 1739 592 ὡς
1758 565 1816 588 του
1842 552 1943 605 ὅρκου
1966 556 2086 596 τούτου
2114 561 2341 613 πρεσίῗυτικᾶῠ

1334 598 1441 642 ὄντος.
1463 601 1502 638 τὸ
1522 599 1596 638 δὲά
1612 607 1633 640 ἀ
1654 604 1704 655 (v.
1730 609 1843 659 1052)
1858 611 2034 665 ἐπίρρημα
2055 617 2129 664 μετ’
2146 619 2341 665 ἐκπλήξεως

1333 657 1390 693 καὶ
1417 659 1616 703 κελεύσεως.
1646 665 1690 700 In
1712 668 1756 701 V.
1783 667 1836 702 sic
1867 671 2003 722 σῶφρον
2027 672 2092 724 γὰρ
2121 676 2178 712 καὶ
2198 677 2337 715 πάντων

1333 715 1492 764 ἀγαθῶν,
1514 732 1561 754 ex
1577 733 1654 769 quo
1668 722 1837 761 additum
1866 741 1880 762 1
1905 741 1960 777 sq.
1986 729 2272 781 αὐτὴ-ὤμοσεν.
2293 759 2337 763 —-

1335 774 1354 807 3
1373 774 1620 827 πρεσὲυτέρων
1639 779 1726 816 Ald.
1745 779 1766 825 ἢ
1782 774 2015 823 ὦ-ἐπόπται
2031 788 2201 826 additum
2222 804 2269 828 ex
2283 797 2341 839 V.,

1332 832 1399 879 qui
1430 832 1449 867 5
1473 834 1736 883 χρήσασθαι.-
1761 840 1805 876 15
1841 839 1862 885 ἢ
1885 841 2088 881 Ἀπόλλωνα
2117 841 2340 889 Schaeferus.

1331 889 1373 925 δι’
1391 889 1579 929 Ἀπόλλωνι
1595 896 1709 931 Paris.
1721 896 1762 928 -έ
1778 911 1818 944 17
1836 899 2025 951 ζαρώματα
2041 905 2131 953 Reg.
2149 905 2342 957 ζωρώματα

1330 948 1426 984 vict.

1387 1008 1484 1044 1052
1507 1023 1580 1046 om.
1603 1015 1646 1047 G.
1671 1013 1716 1049 Θ.
1750 1014 1803 1050 sie
1825 1016 1863 1052 in
1885 1021 1946 1067 V.,
1972 1018 2149 1071 ἐπίρρημα
2180 1024 2342 1074 ἐπιτιμή-

1299 1095 1300 1099 ,
1328 1078 1424 1106 σεως.
1443 1067 1516 1115 μετ’
1533 1068 1727 1114 ἐκπλήξεως
1750 1071 1814 1126 γὰρ
1837 1077 1854 1110 ὁ
1874 1074 1945 1117 νέος
1967 1075 2029 1122 τὴν
2052 1078 2138 1130 δᾷδα
2154 1083 2203 1132 τῷ
2221 1096 2335 1134 προσ-

1327 1120 1413 1174 ώπῳ
1434 1126 1538 1170 αὐτῆς
1563 1127 1762 1180 προσέφερε.
1778 1156 1818 1162 -—
1839 1146 1885 1169 20
1902 1137 2004 1172 τοῦτο
2018 1161 2059 1167 --
2075 1138 2263 1183 κελεύσεως
2279 1141 2340 1177 hic

1327 1192 1402 1216 om.
1423 1185 1483 1227 R„
1510 1184 1575 1220 sed
1608 1186 1707 1222 infra
1737 1188 1820 1225 loco
1853 1191 1978 1228 alieno
2010 1193 2124 1232 habet
2154 1196 2248 1234 τὸδὲ
2279 1192 2341 1236 ἕιῖι

1326 1237 1502 1290 ἐπίρρημα
1522 1242 1595 1290 μετ’
1611 1243 1804 1291 ἐκπλήξεως
1821 1248 1879 1284 καὶ
1900 1249 2099 1295 κελεύσεως.
2120 1258 2221 1305 Reg.:
2234 1254 2338 1294 Ἔστι

1330 1294 1365 1331 δὲ
1398 1298 1509 1335 κῶλον
1547 1301 1708 1350 ἷαμὸικὸν
1740 1304 1952 1358 μονόμετρον
1986 1312 2315 1360 βραχυκατάληκτον
2328 1344 2338 1361 ,

1323 1353 1380 1403 ἤγ.
1397 1359 1458 1392 τοῦ
1487 1355 1517 1407 β’
1543 1359 1644 1401 ποδὸς
1661 1361 1852 1404 λείποντος.
1885 1365 1923 1402 τὸ
1946 1365 1981 1403 δὲ
2011 1367 2074 1414 τὴν
2102 1370 2189 1422 δᾷδα
2212 1372 2261 1420 μή
2279 1388 2339 1423 μοι

1323 1413 1495 1467 πρόσφερε
1513 1417 1632 1468 στίχος
1651 1418 1764 1472 ἕτερος
1783 1422 1973 1475 τρίμετρος.

1381 1473 1492 1519 1054,
1517 1476 1564 1511 25
1587 1476 1783 1528 Εἷρεσιώνη
1800 1493 1877 1516 0111.
1899 1482 1944 1518 Θ.
1959 1507 2000 1514 -
2019 1485 2065 1520 26
2091 1488 2337 1538 περιειλημένα

1323 1531 1512 1568 Gelenius.
1535 1535 1750 1583 Legebatur
1769 1540 2060 1590 περιειλημμένα.
2086 1560 2100 1574 ’«
2116 1545 2339 1584 Πλακουντι-

1321 1587 1394 1632 κὸς,
1417 1591 1486 1626 etsi
1507 1593 1680 1642 analogia
1708 1608 1784 1631 non
1806 1596 2028 1636 adversetur
2043 1629 2052 1645 ‚
2082 1602 2251 1640 nondum
2273 1618 2335 1642 re-

1321 1647 1422 1695 peri,
1450 1662 1571 1698 neque
1596 1651 1711 1697 adeo,
1743 1654 1853 1691 sicuti
1886 1656 2175 1706 πλακουντώδης,
2204 1663 2242 1698 in
2266 1677 2336 1702 usu

1322 1704 1435 1741 fuisse
1454 1707 1567 1744 credo
1588 1722 1596 1743 ε
1614 1722 1684 1745 nec
1713 1710 1808 1746 forte
1826 1714 2027 1762 quisquam
2051 1725 2106 1753 est
2129 1720 2193 1767 qui
2207 1720 2335 1774 κόλυρα

1320 1763 1377 1798 vel
1399 1763 1560 1816 κολόρους
1578 1770 1814 1816 cognoverit.
1836 1772 2070 1811 Emendandi
2089 1777 2150 1813 via
2169 1778 2305 1828 duplex
2326 1796 2334 1818 ε

1320 1821 1483 1868 primum
1504 1824 1742 1867 πλακουντίοις
1757 1828 1826 1864 τισὶ
1843 1829 1901 1865 καὶ
1922 1829 2042 1881 λύραις
2056 1847 2063 1854 ·
2097 1835 2257 1873 multum
2269 1838 2335 1887 ju-

1320 1887 1381 1915 vat
1411 1883 1583 1931 egregius
1607 1884 1735 1921 Suidae
1753 1886 1858 1923 locus
1887 1902 1933 1924 ex
1955 1891 2121 1928 Menecle
2145 1893 2183 1929 111
2203 1897 2332 1934 Διακό-

1317 1951 1385 1973 νιον
1406 1952 1413 1973 z
1437 1938 1609 1984 Ἀθηναῖοι
1628 1943 1677 1992 τῷ
1697 1941 1887 1980 Ἀπόλλωνι
1914 1945 1977 1992 τὴν
1997 1949 2213 1999 καλουμένην
2242 1955 2332 2007 εἰρε-

1318 1994 1445 2041 σιώνην
1465 1996 1546 2033 ὅταν
1565 2002 1710 2047 ποιῶσι,
1728 2002 1938 2046 πλάττοντες
1963 2006 2070 2057 λύραν
2088 2024 2125 2046 τε
2151 2010 2208 2047 καὶ
2229 2012 2331 2050 κοτύ-

1316 2053 1379 2098 λην
1396 2082 1405 2098 ,
1428 2054 1484 2090 καὶ
1509 2056 1629 2105 κλῆμα
1645 2085 1654 2101 ,
1675 2058 1733 2094 καὶ
1756 2060 1846 2096 ἄλλα
1867 2060 1910 2098 τὰ
1933 2064 2090 2112 (melius
2109 2067 2210 2117 leges
2225 2069 2330 2122 τινὰ)

1315 2113 1505 2164 κυκλοτερῆ
1524 2113 1695 2164 πέμματα
1707 2145 1717 2163 ,
1738 2120 1848 2155 ταῦτα
1862 2122 2006 2157 καλοῦσι
2024 2124 2191 2163 διακόνιον
2204 2142 2212 2149 ·
2230 2129 2331 2166 unde

1316 2170 1459 2219 liquido
1476 2180 1582 2221 patet
1606 2172 1708 2224 λύρας
1725 2174 1773 2211 ab
1795 2177 1972 2230 εἰρεσιώνη
1987 2194 2063 2217 11011
2079 2196 2160 2220 6556
2174 2185 2327 2226 alienas.

1314 2233 1408 2266 Tum
1430 2231 1547 2268 altera
1567 2246 1722 2282 quoquc
1743 2236 1958 2285 conjectura
1983 2250 2119 2288 praesto
2140 2252 2220 2281 est:
2241 2247 2330 2284 πλα·

1313 2287 1480 2330 κουντίοις
1498 2289 1566 2326 τισὶ
1581 2290 1640 2327 καὶ
1656 2291 1839 2344 κολύραις,
1858 2297 1915 2332 vel
1936 2298 2117 2350 κολλύραις
2130 2330 2139 2347 ,
2157 2303 2227 2339 nisi
2243 2307 2328 2353 quis

1312 2346 1500 2397 κολλυρίοις
1524 2349 1799 2397 praeferendum
1819 2362 1937 2402 putet.
1956 2356 2134 2409 Κολύρας,
2161 2374 2244 2409 quae
2271 2362 2340 2400 ta-¹

1312 2417 1396 2440 men
1414 2407 1553 2443 rectius
1574 2407 1739 2459 κόλλυραι
1757 2411 1996 2461 scribuntur,
2025 2419 2237 2466 Hesychius
2256 2436 2326 2459 ex-

1312 2463 1440 2511 ponit,
1464 2463 1599 2515 ἀρτίδια
1628 2466 1736 2518 μικρὰ
1759 2471 1896 2521 καθαρά
1912 2486 1919 2494 ·
1946 2486 1967 2509 a
1985 2475 2102 2512 Suida
2119 2477 2321 2526 docemur,

1310 2520 1511 2573 κολλούρια,
1526 2524 1585 2558 vel
1601 2525 1728 2573 potius
1746 2527 1912 2580 κολλύρια
1927 2559 1937 2576 ,
1962 2532 2157 2583 ἐπιχωρίως
2176 2550 2257 2575 esse
2280 2539 2323 2576 τὰ

1308 2575 1495 2627 λαλάγγια,
1511 2588 1547 2615 et
1563 2581 1774 2632 κολλυρίζειν
1794 2583 1833 2621 τὸ
1849 2584 1907 2626 τὰς
1924 2587 2100 2638 λαλάγγας
2115 2593 2320 2640 τηγανίζειν·

1309 2650 1355 2672 ex
1378 2639 1517 2686 quibus
1544 2639 1683 2688 liquet,
1717 2655 1779 2678 eas
1809 2657 1889 2680 esse
1918 2647 2104 2698 κολλύρας,
2134 2664 2215 2700 quae
2234 2668 2320 2693 cum

1309 2697 1443 2731 ceteris
1461 2697 1690 2734 scitamentis
1708 2699 1755 2735 ad
1776 2702 1971 2751 εἰρεσιώνην
2001 2705 2131 2744 itidem
2153 2711 2319 2761 adpemli

1309 2762 1565 2790 mereantur.»
1592 2758 1735 2793 11111151.
1751 2783 1790 2789 -
1809 2772 1854 2805 27
1887 2761 2061 2813 κολλύροις
2093 2767 2138 2803 Θ.
2166 2769 2319 2822 κολύροις

1307 2810 1364 2846 καὶ
1381 2811 1495 2852 ἄλλοις
1513 2828 1582 2849 τισι
1596 2814 1677 2850 Ald.
1696 2843 1735 2847 .-
1751 2817 1796 2851 28
1816 2817 1930 2860 ἐλαίας
1945 2821 2218 2873 ἀποκρεμάμενα
2237 2833 2319 2867 Ku-

1308 2878 1438 2905 s‘erus.
1471 2870 1575 2922 ἐλαίῳ
1605 2873 1872 2925 ἀποκεκραμένα
1904 2877 2216 2936 (ἀποκεκραμμένῳ
2251 2889 2316 2938 Θ.)

1306 2930 1350 2963 Θ.
1377 2928 1515 2964 Α111.-
1537 2930 1584 2965 30
1610 2931 1731 2973 θαλλὸς
1762 2936 1806 2970 V.
1836 2934 2011 2985 εἰρεσιώνη
2034 2937 2069 2974 δὲ
2098 2941 2143 2978 Θ.
2171 2939 2251 2980 ΑἸά.
2282 2945 2316 2990 ἐξ

1306 2985 1403 3036 ἐρίων
1422 2986 1479 3022 καὶ
1501 2988 1626 3024 θαλλοῦ
1641 2989 1756 3032 ἐλαίας
1774 2994 2079 3044 συμπεπλεγμένος
2092 3001 2134 3037 V.
2151 3000 2185 3044 ἐξ
2201 3003 2315 3046 ἐλαίας

1306 3044 1431 3079 θαλλοῦ
1450 3044 1507 3081 καὶ
1525 3044 1558 3088 ἐξ
1579 3046 1677 3097 ἐρίων
1696 3050 2006 3100 συμπεπλεγμένος
2025 3055 2072 3092 Θ.
2094 3055 2126 3100 ἐξ
2145 3059 2242 3110 ἐρίων
2256 3063 2312 3099 καὶ

1306 3102 1430 3139 θαλλοῦ
1460 3104 1767 3154 συμπεπλεγμένος
1799 3107 1883 3145 Ald.
1957 3111 2056 3163 ἐρίων
2079 3116 2313 3167 πεπλεγμένος

1305 3160 1440 3196 Suidas
1469 3174 1498 3198 s,
1523 3161 1727 3212 Εἷρεσιώνη.
1746 3187 1786 3193 -
1805 3166 1847 3200 31
1871 3166 2018 3213 κοτύλην
2045 3170 2162 3214 ἐλαίας
2177 3174 2310 3224 (scrib.

1305 3220 1419 3257 ἐλαίου
1440 3234 1484 3257 ex
1505 3222 1652 3258 scholio
1672 3224 1767 3260 infra
1785 3225 1991 3279 asserendo)
2008 3229 2065 3266 καὶ
2088 3231 2179 3269 οἴνου
2196 3237 2242 3271 V.
2259 3255 2310 3264 —-

1333 3280 1351 3313 3
1374 3279 1507 3328 τάγαθά
1526 3280 1673 3317 Snidas.
1692 3306 1732 3312 --
1751 3284 1795 3326 34
1821 3285 2011 3324 ἀνετίθεντο
2040 3291 2082 3324 V.
2105 3291 2135 3326 οἱ
2164 3305 2238 3331 om.
2259 3294 2305 3333 Θ,

1304 3363 1343 3368 -
1360 3339 1405 3374 35
1426 3338 1556 3383 ἦλαντο
1571 3349 1604 3375 ct
1626 3340 1683 3376 ὑπ’
1708 3334 1869 3391 αὐτῆ,ἶ16
1891 3344 2001 3396 φέρων
2014 3348 2124 3397 λέγειν
2139 3352 2182 3390 V.
2199 3376 2239 3383 -—
2255 3353 2301 3401 37

1909 3109 1936 3121 „-

1903 3124 1936 3152 ἕξ
