2533 3808
181 245 255 278 220

178 323 286 361 λεύων
304 320 342 358 τὸ
360 319 438 369 δόρυ
458 316 666 356 καταθέσθαι
685 314 780 366 παρὰ
794 330 855 360 την
871 313 1032 362 ἀσπίδα.)
1048 337 1093 342 —
1110 313 1127 348 ὃ
1147 326 1209 362 χο-

180 396 235 433 ρος
252 378 466 428 ἐγκελεύεται
487 378 598 412 ἑαυτῶ
615 388 748 410 παυσαι
767 387 828 417 της
844 373 958 422 ὂρ·.(’ἧς
980 382 1018 412 R

229 450 292 475 402.
323 433 417 487 παρὰ
441 433 503 479 τὴν
521 431 656 484 ὀργὴνζ
678 429 785 482 Παρὰ
805 429 843 466 τὸ
866 427 1061 481 Ὁμηρικὸν
1087 433 1139 474 [1].
1169 435 1209 474 Γ,

178 499 240 540 135]

140 596 156 619 5
267 585 376 617 ἀσπίσι
394 583 584 624 κεκλιμένοι,
601 582 685 623 παρὰ
699 582 724 612 δ’
742 581 835 621 ἔγχεα
853 580 956 621 μακρὰ
968 580 1116 619 πέπηγεν.

175 662 243 706 οἷον
262 666 351 705 ὅπλα
372 665 420 716 μὴ
444 665 546 716 ἔχων,
566 665 663 715 θυμῷ
680 661 826 712 πολέμει
852 660 986 714 (μόνῳ).

225 738 289 764 407.
322 724 457 776 [καλεῖς
482 723 517 760 δὲ
533 726 592 760 τοῦ
614 721 729 759 κλύειν
749 722 854 758 θέλων
878 733 886 758 :
912 719 1072 762 Εἴσθεσις
1089 718 1209 771 περιό-

174 785 231 822 δου
251 782 438 833 ἀμοιὸαίας
452 781 573 819 κώλων
591 781 641 824 κζ’
660 779 833 829 ἷαμὲικῶν
854 778 1022 830 διμέτρων
1039 776 1101 827 μὲν
1119 777 1210 823 πλὴν

173 846 231 880 τοῦ
253 841 433 879 ἑνδεκάτου
451 856 510 877 και
527 839 579 876 κδ
600 838 793 890 τριμέτρων
813 837 933 882 ὄντων,
956 836 1092 873 ἀκατα)
1086 834 1136 881 ·r'„7
1131 851 1209 871 ,των

124 918 156 942 10
176 899 211 937 δὲ
234 899 325 946 πλην
349 903 407 936 τοῦ
434 897 653 935 τελευταίου·
677 899 778 933 τοῦτο
803 894 869 947 γὰρ
893 893 1135 947 ἑφθημιυερες.
1161 892 1210 929 ἔτι

174 974 212 1008 γε
234 974 302 1007 μην
323 960 390 995 τῶν
417 958 457 1003 δ’,
485 964 563 1002 5,
543 985 559 999 ς
566 958 586 1003 ’,
613 957 653 1002 ζ’,
676 971 698 1001 η
734 955 1013 991 ἀντισπαστικῶν
1042 951 1209 1004 διμετρων

175 1016 346 1066 διιάμόοις
380 1014 564 1066 ἐπιτρίτοις
606 1012 889 1063 ἐπιμεμιγμένων
930 1027 989 1048 και
1024 1010 1211 1052 σπονδείοις

173 1073 264 1120 πλὴν
280 1089 337 1111 του
360 1075 385 1118 ζ’
404 1075 492 1110 ἀκατ
496 1072 672 1118 αλῆκτων·
690 1086 789 1108 τουτο
806 1069 872 1122 γὰρ
892 1068 1062 1122 φερεκράτ
1051 1083 1141 1105 ειον·
1161 1068 1210 1105 ἔτι

173 1135 240 1170 τῶν
260 1132 303 1178 κ’,
330 1133 397 1177 κα’,
422 1131 491 1178 κδ’,
521 1131 573 1179 7.7'
593 1131 791 1167 παιωνικῶν
820 1131 935 1180 ἑφθηυι
911 1129 1079 1178 μιμερῶν.
1104 1125 1148 1163 τὰ
1176 1125 1210 1163 δε

123 1205 155 1230 15
172 1193 315 1228 τοιαῦτα
332 1190 434 1235 δῆλον
455 1192 499 1232 ὡς
519 1188 752 1240 ἀσυνάρτητα.
770 1186 826 1223 ἐπὶ
845 1189 894 1238 τῷ
914 1184 1004 1222 τέλει
1027 1183 1209 1235 παράγρα-

174 1247 268 1299 2002]

226 1320 287 1345 409.
318 1309 424 1359 σοφῆς
444 1305 500 1357 ἀφ’
521 1303 690 1346 εΕλλάδος
712 1317 721 1341 τ

173 1367 194 1410 ἡ
216 1362 409 1409 Ἀττικὴ,ἢ
432 1362 518 1400 καθὸ
540 1364 570 1399 οἱ
593 1361 764 1414 βάρὲαροι
789 1359 950 1412 ἐφρόνουν
971 1358 1052 1411 περὶ
1076 1357 1210 1403 Ἑλλή-

741 1300 791 1339 'H
812 1300 862 1338 ὅτι
882 1303 995 1353 σορῶν
1015 1299 1210 1351 οἰκητήριον

173 1440 238 1461 νων
258 1425 303 1466 ὡς
322 1421 556 1473 νοερωτάτων.

120 1492 155 1517 20
227 1495 289 1520 414.
319 1480 394 1518 ἀντὶ
414 1483 472 1517 τοῦ
489 1479 579 1525 ὅλον,
598 1476 619 1523 ἢ
643 1479 688 1520 εἷς
710 1477 748 1514 τὸ
766 1483 835 1514 πᾶν
855 1476 948 1521 τ”ἧςζ
932 1477 1033 1520 ςωῆς.
1053 1485 1089 1513 R.
1109 1485 1147 1513 x

622 1536 754 1586 Ἤγουν
787 1533 908 1571 ἀνεπίδ
911 1549 969 1570 εκτ
973 1548 993 1569 α
1028 1535 1071 1585 τῇ
1103 1533 1176 1569 ἀκο-

1151 1535 1190 1585 -ΞΊ

223 1552 286 1578 416.
317 1538 407 1590 πέρα
438 1536 552 1575 κλύειν
585 1550 594 1575 t

172 1597 244 1635 ἔστι
261 1596 296 1634 δὲ
316 1596 375 1634 καὶ
396 1594 555 1648 συμφορὰ
574 1594 664 1646 πέρα
684 1599 742 1631 τοῦ
763 1593 844 1631 κλύε
850 1608 891 1631 ιν.
917 1601 997 1631 Iicl.

223 1669 287 1695 417.
318 1659 381 1708 ὁρᾷ
399 1655 432 1692 τί
456 1654 606 1706 κέρδος;
631 1653 808 1707 Γράφεται
828 1652 887 1689 καὶ
913 1651 994 1703 δίχα
1020 1655 1079 1688 τοῦ
1106 1666 1134 1696 ι,
1154 1649 1210 1687 ἵνα

172 1732 193 1766 ῃ
217 1712 484 1767 προστακτικόν.
512 1711 682 1764 (ράρεται
712 1710 748 1748 δὲ
772 1727 831 1748 και
859 1710 948 1760 μετὰ
973 1713 1032 1747 τοῦ
1059 1725 1087 1756 ι,
1110 1708 1168 1745 ἵνα
1189 1726 1210 1760 η

119 1783 153 1806 '‘-5
173 1770 445 1825 ἓρω-ηματικόν.
472 1773 517 1813 ὡς
543 1773 561 1807 ὁ
584 1769 703 1842 λόγος,
731 1771 794 1828 ὃρα
822 1784 873 1811 τις
904 1770 1015 1806 αυτιΝ)ν
1042 1767 1210 1821 ὠφέλειαν

173 1833 372 1881 διαγωγῆς
366 1831 497 1866 μᾶλλον
521 1828 603 1880 παρ’
624 1829 707 1877 ἡμῖν
737 1831 854 1874 οὖσαν,
883 1826 904 1872 ἢ
927 1842 1017 1863 κατα
1043 1826 1211 1878 κράτησιν

173 1887 353 1941 εχθρῶν,
335 1903 356 1934 η
376 1887 493 1940 φίλους
507 1888 697 1939 ω’ρελησαι.
713 1887 746 1922 ἐν
770 1888 818 1928 οἷς
836 1884 991 1934 μάλιστα
1012 1884 1155 1931 ηδονται
1180 1886 1211 1922 οἱ

173 1949 357 2001 ἄνθρωποι.
386 1944 598 1995 σημειωτέον
627 1944 678 1982 ὅτι
699 1943 809 1981 ἑνικὸν
837 1947 931 1980 εἶπεν
956 1942 1014 1980 ἐπι
1038 1945 1105 1980 τῶν
1130 1941 1209 1993 δύο,

174 2006 252 2058 [xm
271 2022 309 2043 το
327 2005 463 2057 κρατεῖν
487 2003 666 2047 συνέταξεν
685 2005 837 2040 αἰτιατικ
839 2001 894 2054 ·7„].

121 2079 156 2104 30
225 2078 287 2102 41⁰.
318 2066 335 2101 ὃ
350 2080 371 2109 η
397 2062 472 2100 ἀντὶ
496 2078 554 2099 του
580 2077 653 2100 και.
675 2060 765 2099 ούτω
790 2059 904 2107 τινὲς,
925 2054 1024 2097 ἵναΝ
1002 2076 1023 2112 ῃ
1048 2063 1086 2097 οὖ
1111 2058 1169 2096 ἐὰν
1190 2063 1211 2111 ᾐ

174 2123 299 2175 καιρός.
322 2129 359 2159 R.

226 2194 288 2218 424.
319 2180 395 2218 ἀντὶ
411 2183 470 2217 τοῦ
487 2178 602 2216 πάντα
618 2177 662 2216 τὰ
683 2180 717 2216 ἐν
734 2179 782 2230 τῷ
799 2177 921 2231 κόσμῳ
949 2177 993 2215 σά
1011 2179 1084 2215 ἐστι
1101 2177 1159 2214 καὶ
1175 2176 1213 2214 τὸ

173 2241 256 2291 τῇδε
278 2240 336 2277 καὶ
353 2239 392 2276 τὸ
410 2239 530 2276 ε’κεῗσε.
549 2237 607 2275 τὸν
627 2236 770 2289 οὐρανὸν
788 2237 848 2274 καὶ
867 2239 931 2283 την
950 2239 1014 2287 γῆν
1034 2235 1138 2286 λέγει.
1162 2235 1213 2285 (τὸ

175 2298 210 2336 δὲ
230 2299 311 2349 τῇδε
327 2296 442 2335 καὶτὸ
463 2298 590 2342 ἐκεῖσε,
613 2299 714 2332 τοῦτο
734 2297 772 2332 57.
789 2298 856 2333 τῶν
875 2295 1022 2345 μηδέπω
1042 2295 1213 2345 διδαχθει-

123 2368 156 2392 35
176 2359 244 2395 σῶν
267 2358 464 2396 Φοινισσῶν
483 2356 563 2406 [273]
580 2354 663 2407 φησὶ
681 2372 695 2387 «
720 2355 862 2391 κάκεῖσε
885 2353 945 2391 καὶ
965 2353 1003 2390 τὸ
1024 2354 1141 2405 δεῦρο,
1163 2369 1212 2402 μη

175 2415 271 2458 δόλος
289 2431 339 2458 τις
363 2409 396 2465 ᾗ.
419 2433 434 2447 »
455 2413 514 2451 καὶ
535 2412 621 2455 ὅλως
643 2411 730 2449 πολὺ
753 2411 850 2465 παρὰ
872 2418 960 2449 πᾶσι
980 2411 1018 2449 τὸ
1045 2415 1210 2450 τοιοῦτον.

175 2473 348 2526 upon-6264?
367 2472 420 2517 δὲ,
437 2469 722 2523 συνεφαρμόζει.)

229 2545 292 2569 425.
320 2529 566 2583 προσὸιθάζειν
589 2528 628 2565 τὸ
652 2528 728 2565 κατ’
751 2527 865 2578 ὀλίγον
895 2527 1036 2565 πείθειν.
1062 2527 1084 2574 ἢ
1108 2529 1148 2566 ἕω
1127 2543 1215 2580 .ρ-αρ

179 2589 290 2640 μόζει,
309 2588 527 2638 συμὸιὸάζει.
544 2594 582 2623 R.

125 2667 160 2691 40
229 2660 293 2686 427.
324 2646 454 2698 ἄφατον
475 2648 520 2688 ὡς
539 2643 699 2696 φρόνιμος

180 2706 339 2756 μέγιστον
360 2705 492 2757 φρονῶν
509 2705 576 2755 ἐρεῖ
593 2705 714 2739 ταῦτα.
734 2699 755 2746 ἢ
777 2701 852 2738 ἀντὶ
869 2705 926 2739 τοῦ
947 2699 1117 2751 μεγάλως.

232 2777 294 2802 429.
324 2763 458 2805 κίναδος
482 2774 490 2800 :
516 2760 598 2799 Ἀπὸ
615 2763 727 2797 κοινοῦ
756 2759 794 2796 τὸ
815 2759 945 2796 ἔνεστιν
969 2760 1095 2801 αὐτοῖς.
1120 2759 1159 2796 τὸ
1180 2758 1215 2797 δὲ

180 2822 295 2872 κύρμα
308 2852 317 2868 ,
337 2821 411 2858 ἀντὶ
431 2823 490 2858 τοῦ
511 2818 797 2869 ἐπιτυγχάνοντες
817 2820 850 2856 ἐν
871 2823 990 2855 πᾶσιν.
1072 2814 1216 2860 Ἄλλως.

181 2881 335 2933 [κίναδος
352 2878 426 2917 ἀντὶ
446 2877 525 2930 τοῧᾞ
544 2876 634 2914 πάνυ
655 2876 828 2929 φρόνιμος.
849 2875 985 2919 κίναδος
1002 2874 1068 2928 γὰρ
1085 2879 1106 2922 ἦ
1124 2875 1215 2913 ἀλώ-

129 2955 162 2979 45
180 2939 260 2986 πηΞ.

234 3010 298 3035 430.
330 2996 504 3048 σόφισμα,
520 2993 637 3046 κύρμα
658 3007 666 3031 :

182 3054 324 3097 Ἄλλως.
352 3054 542 3104 ἔντευγμα,
568 3051 762 3103 σπάραγμα
789 3055 848 3088 τοῦ
879 3055 950 3088 νοῦ.
971 3050 1105 3103 τρίμμα
1126 3051 1179 3098 δὲ,
1200 3054 1217 3088 ὁ

917 3108 1060 3152 Ἄλλως.

183 3173 322 3214 πολλοῖς
338 3167 576 3220 ἐγκεκυρηκὼς
589 3168 1020 3220 πράγμασι.(παιπάλημα
1036 3167 1071 3205 δὲ
1088 3168 1217 3211 πολλὰς

727 2657 735 2681 :
755 2643 820 2686 ,Ὡς
850 2643 1001 2696 ἄφατον,
1032 2644 1138 2695 φησὶ,
1155 2643 1215 2681 καὶ

685 2992 904 3043 Ἐπίτευγμα
920 2991 1020 3044 παρὰ
1036 2992 1074 3030 τὸ
1090 2999 1215 3043 κυρεῖν.

183 3111 404 3164 τετριμμένος
438 3113 472 3148 ἐν
499 3116 567 3153 τοῖς
595 3109 812 3162 πράγμασιν.
1100 3108 1218 3160 κύρμα

132 3245 168 3271 ῡο
185 3227 352 3282 ἐκτροπὰς
368 3227 427 3265 καὶ
447 3227 576 3269 διόδους
596 3226 696 3278 ἔχων.
714 3226 837 3279 κυρίως
858 3226 893 3264 δὲ
912 3227 951 3264 τὸ
971 3225 1096 3264 λεπτὸν
1117 3226 1218 3264 ἄλευ-

186 3290 272 3341 ρον.)
330 3292 334 3295 “

238 3360 302 3385 433.
333 3343 576 3396 ἀνεπτέρωμαι
598 3357 605 3382 :

186 3405 261 3444 ἀντὶ
280 3408 338 3443 τοῦ
357 3403 598 3455 μετῃώρημαι.

630 3344 766 3382 Οἷκεῒον
784 3343 894 3395 ὄρνισι
917 3343 956 3381 τὸ
976 3342 1218 3395 ἀνεπτέρωμαι

963 226 1216 265 SCHOLIA
1252 225 1310 263 ΙΝ
1344 225 1500 268 AV.ES.

1320 324 1384 348 434.
1416 311 1479 361 ἄγε
1500 310 1541 356 δὴ
1563 310 1604 348 σὺ
1624 311 1684 349 καὶ
1701 310 1741 348 σὺ
1767 325 1775 350 :
1798 311 1892 364 Πρὸς
1910 312 1967 350 τὸν
1989 313 2185 359 Εὖελπίδην
2202 313 2306 366 φησὶν

1266 371 1283 405 ὁ
1308 368 1410 420 ἔποψ.
1437 369 1576 418 ἄμεινον
1602 368 1637 406 δὲ
1659 369 1746 421 πρὸς
1771 369 1851 413 τοὺς
1870 371 2100 423 θεράποντας,
2119 374 2165 414 ὡς
2184 373 2219 409 ἐν
2238 373 2307 415 τοῖς

1266 425 1342 472 ἑξης
1362 427 1441 476 [656]
1460 443 1474 459 «
1496 426 1558 476 ἄγε
1580 426 1641 474 δὴ,
1659 428 1794 465 Ξανθία
1811 444 1870 466 και
1888 429 2125 481 Μανόδωρε.»
2144 429 2307 482 [εἴσθεσις

1266 485 1294 521 ὃ,
1319 486 1329 498 2

1266 483 1434 536 οετέρας
1454 484 1614 564 περιόδου
1636 485 1765 536 στίχων
1793 487 1969 536 ἷαμδικῶν
1995 487 2187 540 τριμέτρων
2215 490 2307 526 ἀκα-

1264 541 1354 579 ταλ’
1333 557 1448 587 ηκτων
1473 545 1524 587 ιζ.
1547 546 1594 580 ὧν
1614 543 1670 581 ἐπὶ
1687 546 1736 595 τῷ
1758 543 1849 582 τέλει
1868 545 2108 597 παράγραερος.
2112 546 2130 598 Ξ)
2324 562 2340 587 5

1333 624 1398 651 436.
1429 613 1475 654 εἷς
1491 627 1548 649 τον
1566 611 1664 648 ἷπνον
1689 628 1772 650 εισω
1796 612 1941 658 πλησίον
1963 627 1972 652 :
1995 614 2105 657 Ἰπνὸς
2121 613 2184 664 μὲν
2203 617 2225 660 ἡ
2242 613 2308 652 κά-

1266 686 1372 720 μινος.
1391 673 1681 722 καταχρηστικῶς
1700 670 1772 708 δὲε
1755 687 1777 717 η
1796 671 1942 724 ἐσχάρα.
1960 672 2148 719 ἐπιστάτης
2167 672 2203 710 δὲ
2218 674 2308 724 χαλ-

1265 732 1344 771 κοῧς
1357 728 1498 781 τρίπους
1516 728 1728 782 χυτρόποδος
1745 731 1894 767 ἐκτελῶν
1910 729 2044 781 χρείαν.
2063 733 2094 768 οἱ
2110 729 2146 768 δὲ
2161 730 2306 777 πήλινον

1263 786 1315 826 Η
1319 803 1461 825 οαιστον
1485 787 1570 859 πρὸς
1588 793 1663 830 ταῖς
1683 787 1813 830 ἑστίαις
1833 787 2014 839 ἱδρυμένον
2036 790 2084 831 ὡς
2102 787 2222 841 ἔφορον
2244 805 2304 827 του

1265 846 1390 916 πυρός.
1406 845 1486 883 ἔνιοι
1508 845 1542 883 δὲ
1569 845 1628 882 καὶ
1654 844 1750 889 ξύλον
1777 845 1946 896 ἐπίμηκες
1967 839 2302 897 πεπασσαλωμένον,
2330 861 2362 886 10

1265 904 1367 941 όθεν
1357 903 1525 956 εξαρτῶσι
1545 904 1588 941 τὰ
1617 903 1804 956 μαγειρικὰ
1835 904 1954 951 σκεύη.
2041 903 2199 955 (Ἄλλως.
2229 907 2308 943 ε’πι-

1267 961 1395 1008 στάτην
1425 962 1690 1014 Καλλίστρατος
1709 961 1748 999 τὸ
1768 965 1811 1014 τῇ
1837 962 1971 1015 ἐσχάρᾳ
1990 962 2226 1013 ἐπιτιθέμενον
2249 962 2309 1008 ξύ-

1267 1021 1337 1057 λον.
1369 1022 1400 1057 οἱ
1426 1019 1461 1057 δὲ
1494 1019 1708 1072 πυριστοίτην
1744 1020 1983 1070 πλαττόμενον
2011 1036 2087 1058 τινα
2116 1019 2246 1064 ξύλινον
2275 1023 2310 1059 ἕν

1265 1081 1340 1120 ταῖς
1365 1077 1551 1130 ἐσχάραις,
1572 1080 1617 1120 ὡς
1639 1078 1735 1129 παρὰ
1752 1081 1826 1122 ταῖς
1848 1079 2006 1129 καμίνοις
2032 1078 2089 1116 τὸν
2109 1077 2308 1132 ‘'Hyetto-coxa

1267 1138 1382 1173 ἀναπλ
1386 1136 1591 1208 άττουσιν.)ν
1641 1135 1800 1196 :Anum
1834 1139 1851 1174 ὅ
1883 1135 2072 1182 ἐπιστάτης
2103 1135 2201 1181 ξύλον
2231 1137 2306 1175 ἔστι
2333 1154 2363 1178 15

1266 1193 1416 1247 κόρακας
1445 1194 1536 1245 ἔχον,
1558 1194 1591 1239 ἐξ
1623 1189 1662 1232 οἷ
1682 1198 1837 1246 κρεμῶσι
1857 1194 1901 1232 τὰ
1921 1194 2107 1247 μαγειρικὰ
2131 1198 2168 1247 ἐρ
2170 1197 2308 1246 γαλεῖα.

1266 1270 1296 1291 οι
1320 1253 1374 1301 δε,
1394 1254 1541 1306 τρίποδα
1562 1255 1733 1305 χαλκούν,
1758 1271 1786 1307 ῳ
1804 1253 1996 1292 ἐπιτιθέασι
2020 1254 2078 1292 τὸν
2098 1255 2135 1292 λε
2122 1253 2231 1301 =C·r„tot
2249 1271 2311 1293 και

1267 1312 1503 1350 ὑποκαίουσιν.
1523 1314 1555 1349 οἱ
1572 1310 1620 1359 δὲ,
1641 1312 1828 1364 ἀνδριάντα
1848 1313 1993 1359 πήλινον
2011 1313 2097 1366 πρὸς
2115 1319 2191 1357 ταῖς
2207 1314 2312 1366 5075}-

1268 1386 1353 1423 ραις.

1322 1436 1408 1483 (437).
1439 1432 1478 1471 σὺ
1500 1433 1535 1471 δὲ
1555 1433 1669 1471 τούσδ’
1695 1434 1746 1486 ἐφ’
1767 1428 1814 1477 οἷς
1833 1448 1841 1473 :
1865 1434 1917 1473 Σὺ
1934 1434 2012 1478 τοὺς
2028 1434 2149 1484 λόγους
2173 1435 2306 1480 δίδαξον
2330 1453 2367 1478 20

1265 1492 1325 1529 καὶ
1348 1491 1490 1544 φράσον,
1509 1492 1560 1543 ἐφ’
1577 1486 1624 1534 οἷς
1641 1491 1781 1535 τούτους
1796 1492 1918 1545 ἤγειρα
1937 1492 2019 1543 ἐγώ.
2040 1494 2155 1544 [τοῦτο
2171 1492 2207 1531 δὲ
2225 1493 2311 1546 πρὸς

1265 1550 1322 1587 τὸν
1344 1549 1458 1602 ἕτερον
1474 1555 1545 1587 τοῖν
1565 1550 1731 1601 ἀνδροῖν.]

1318 1627 1384 1652 440.
1415 1613 1524 1665 ἥνπερ
1542 1617 1560 1651 ὃ
1579 1613 1724 1660 πίθηκος
1739 1617 1782 1665 τῇ
1803 1613 1941 1664 γυναικὶ
1959 1613 2088 1652 διέθετο
2108 1627 2118 1653 3
2142 1614 2312 1666 (Σύμμα-

1266 1687 1343 1723 χος·
1370 1671 1569 1710 Αἰσωπείου
1590 1670 1738 1722 λόγου
1719 1688 1741 1717 η
1762 1670 1917 1709 τοιούτου
1940 1671 2029 1715 τινὸς
2054 1671 2143 1710 ἔοικε
2171 1689 2308 1723 μεμνη-

1267 1734 1356 1768 σθαι.
1378 1730 1642 1783 Καλλίστρατος
1659 1730 1693 1768 δὲ
1714 1729 1877 1768 τοσοῦτόν
1893 1745 2008 1783 φησιν,
2026 1733 2064 1768 ἐκ
2079 1732 2308 1782 διηγηματίου
2331 1752 2365 1776 25

1266 1805 1354 1832 τινος
1374 1788 1566 1827 εἱλκύσθαι.
1589 1804 1647 1827 και
1671 1788 1821 1838 Δίδυμος
1829 1788 1892 1839 ,)
1872 1805 1925 1826 οτι
1949 1789 2092 1842 αἰσχρός
2110 1806 2161 1833 τις
2186 1806 2227 1837 ην
2247 1790 2310 1837 τὴν

1267 1848 1344 1886 <3ti
1375 1850 1528 1899 συνεχῶς
1546 1850 1589 1898 τῇ
1620 1846 1757 1896 γυναικὶ
1788 1847 2133 1897 διαπληκτιζόμενος.
2152 1848 2311 1887 συνέθετο

1268 1906 1326 1944 ἐπὶ
1347 1906 1454 1959 φίλων
1476 1905 1563 1955 μήτε
1580 1906 1720 1942 τύπτειν
1742 1905 1830 1955 μήτε
1853 1905 2043 1942 τύπτεσθαι
2068 1890 2157 1956 μήτε
2174 1906 2310 1945 δάκνειν

1268 1965 1370 2002 αὐτὸν
1398 1966 1580 2017 φιλοῦντα,
1612 1963 1700 2014 μήτε
1730 1963 1927 2001 δάκνεσθαι.
1962 1959 2044 2010 οἷον,
2077 1964 2118 2002 σὺ
2151 1963 2213 2015 μὲν
2245 1968 2309 2017 οὐχ

1268 2024 1422 2094 ἑλκύσεις
1444 2026 1511 2060 τῶν
1537 2022 1742 2075 ὀρχιπέλιΝ,
1765 2021 1842 2060 οὐδὲ
1871 2021 1938 2073 ἐγὼ
1957 2025 2025 2059 τῶν
2053 2026 2195 2076 τριχῶν.
2219 2023 2308 2062 ἔοικε
2329 2041 2364 2066 30

1269 2081 1303 2119 δὲ
1321 2082 1509 2120 Παναίτιον
1524 2082 1718 2132 κωμωδεῖν,
1739 2081 1787 2130 (ον
1802 2080 1861 2118 καὶ
1876 2082 1910 2117 ἐν
1927 2080 2058 2127 ἸΝῆσοις
2075 2098 2089 2114 σ
2107 2081 2311 2120 καταλιπων

1269 2140 1459 2179 Παναίτιον
1476 2140 1670 2186 πίθηκον.»
1692 2138 1770 2176 ἔνθα
1792 2139 1851 2177 καὶ
1872 2138 2040 2191 μαγείρου
2059 2155 2190 2193 πατρος
2207 2141 2310 2178 αὐτὸν

1267 2199 1388 2250 λέγει).
1414 2198 1559 2244 πίθηκον
1590 2197 1652 2235 δὲ
1655 2198 1758 2235 αυτὸν
1779 2202 1854 2235 εἰπε
1880 2197 1937 2234 διὰ
1964 2213 2004 2235 το
2023 2213 2232 2251 πανουργον.
2258 2223 2310 2228 —-

1269 2257 1523 2311 μαχαιροποιὸν
1550 2255 1586 2294 δὲ
1610 2256 1668 2294 τὸν
1696 2256 1875 2308 μαχαίρας
1894 2256 2136 2307 ἐργαζόμενον,
2158 2257 2220 2308 (ὡς
2240 2259 2309 2307 μά-

1267 2332 1392 2368 γειρον.
1409 2316 1468 2353 καὶ
1487 2315 1554 2367 γὰρ
1572 2316 1606 2352 ἐν
1631 2313 1761 2360 Νῆσοις
1778 2313 1946 2366 μαγείρου
1969 2313 2100 2367 πατρὸς
2121 2314 2223 2352 αὐτόν
2243 2331 2311 2368 φη-
2329 2330 2364 2356 35

1269 2391 1333 2413 σιν.
1355 2374 1377 2420 ἢ
1397 2374 1457 2412 καὶ
1477 2373 1594 2411 αὐτόθι
1619 2372 1873 2425 μαχαιροποιόν
1895 2373 2027 2424 φησιν).
2045 2380 2085 2410 R.
2106 2380 2147 2410 V.
2211 2368 2318 2418 (”Αλ-.

1268 2436 1347 2476 λως.
1390 2435 1408 2470 ὃ
1428 2432 1619 2474 Παναίτιος
1642 2431 1806 2483 μάγειρος
1826 2429 2017 2483 μικροφυὴς
2038 2425 2110 2481 ἦν.)
2129 2429 2311 2469 διαὸάλλει

1270 2491 1305 2529 δὲ
1324 2490 1426 2529 αὐτὸν
1443 2493 1488 2533 ὡς
1504 2489 1751 2527 καταλαὸόντα
1768 2487 1831 2534 τὴν
1846 2489 1993 2539 γυναῖκα
2011 2490 2136 2526 ἑαυτοῦ
2153 2503 2312 2540 μοιχευο-

1271 2549 1389 2597 μένην.
1412 2546 1655 2585 ἐδυναστεύετο
1674 2545 1741 2598 γὰρ
1758 2546 1815 2583 ὑπ’
1834 2547 1941 2592 αὐτῆς
1961 2545 2117 2596 μεγάλης
2139 2545 2255 2592 οὔσης.

1949 2609 2011 2655 Μὴ
2049 2610 2202 2646 διασπᾶν
2232 2608 2310 2653 τοὺς
2327 2623 2364 2649 4ο

1271 2671 1400 2723 ὄρχεις,
1423 2669 1471 2720 μὴ
1495 2669 1647 2721 ὀρύττειν
1677 2668 1734 2706 τὸν
1761 2667 1934 2721 πρωκτόν,
1963 2667 2022 2705 τὸν
2052 2667 2214 2719 πρωκτὸν
2242 2666 2309 2721 γὰρ

1272 2728 1402 2771 δεικνύς
1431 2743 1546 2780 φησιν,
1574 2725 1646 2764 οὔτι
1674 2742 1740 2764 που
1765 2726 1835 2764 τόν.
1864 2750 1909 2754 -
1989 2723 2134 2768 Ἄλλως.
2161 2729 2263 2764 τοῦτο
2291 2728 2310 2764 ὁ

1271 2789 1360 2840 ἔποψ
1381 2785 1403 2832 ἢ
1427 2789 1444 2823 ὁ
1466 2784 1568 2837 χορὸς
1590 2784 1720 2828 δεικνὺς
1742 2784 1799 2822 τὸν
1819 2782 1990 2837 πρωκτόν.
2016 2786 2061 2827 ὡς
2081 2785 2115 2822 ἐν
2141 2784 2310 2839 κωμῳδίᾳ

1272 2848 1307 2885 δὲ
1324 2845 1454 2890 ταύτην
1474 2843 1616 2895 πρώτην
1634 2843 1804 2895 τιμωρίαν
1825 2842 1985 2896 ὁρίζεται.
2004 2850 2044 2882 R.
2066 2856 2108 2885 v.

1323 2626 1387 2651 442.
1427 2612 1508 2662 μήτ’
1537 2610 1731 2663 ὀρχιπέδων
1761 2611 1874 2647 ἕλκειν
1907 2624 1916 2648 1

1323 2924 1386 2949 444.
1416 2908 1582 2958 διατίθεμ’
1600 2907 1667 2959 ἐγώ
1686 2922 1694 2946 :
1716 2907 1995 2958 εΥπισχνοίἱίυαι,
2017 2906 2228 2958 συντίθεμαι.
2328 2927 2362 2953 ⁴5

1324 2989 1387 3013 445.
1417 2974 1541 3024 ὄμνυμ’
1563 2972 1619 3010 ἐπ”.
1639 2972 1769 3015 τούτοις
1795 2978 1900 3009 πᾶσιν
1922 2986 1930 3010 :
1953 2972 2044 3009 Ἀντὶ
2066 2975 2126 3010 τοῦ
2147 2971 2308 3024 εὔχομαι.

1274 3036 1348 3086 (οὐκ
1364 3034 1487 3083 ὄμνυσι
1509 3031 1588 3083 γὰρ,
1612 3032 1689 3068 ἀλλ’
1708 3030 1859 3082 εὔχεται.
1883 3030 2014 3081 ὄμνυμι
2034 3030 2147 3081 μένειν
2171 3033 2205 3069 ἐν
2226 3031 2310 3069 τού-

1272 3109 1352 3136 τοις.
1379 3090 1566 3143 χαριέντως
1587 3088 1622 3127 δὲ
1649 3089 1832 3140 εὐχόμενος
1855 3089 1943 3141 ὑπὲρ
1966 3092 2026 3134 τῆς
2048 3088 2161 3136 νίκης,
2179 3089 2310 3140 ὄμνυμί

1273 3166 1356 3203 φησι
1376 3149 1414 3187 τὸ
1438 3155 1547 3187 νικᾶν.
1632 3147 1774 3190 Ἄλλως.
1799 3147 1935 3199 ἔκριναν
1956 3147 1985 3184 ε’
2005 3147 2121 3200 κριταὶ
2140 3146 2217 3190 τοὺς
2239 3163 2310 3186 κω-

1275 3207 1405 3259 μικούς.
1424 3209 1453 3245 οἱ
1471 3206 1505 3244 δὲ
1526 3205 1762 3256 λαμὲάνοντες
1783 3204 1844 3248 τὰς
1861 3205 1886 3242 ε’
1909 3205 2042 3258 ψήφους
2058 3204 2306 3257 εὖδαιμόνουν.)
2327 3229 2372 3257 50,

1755 3268 1900 3315 Ἐπειδὴ
1931 3269 2012 3321 περὶ
2037 3270 2133 3316 νίκης
2148 3268 2306 3321 εὔχεται,

1274 3331 1365 3368 ποιεῖ
1384 3329 1486 3367 αὐτὸν
1504 3332 1521 3366 ὃ
1539 3327 1683 3374 ποιητὴς
1700 3329 1939 3381 εὐφημοῦντα,
1962 3327 2060 3365 ἔσται
2077 3328 2236 3378 ταυταγί.

1326 3285 1389 3310 446.
1420 3271 1517 3308 ἔσται
1545 3269 1691 3320 ἵαυῖᾱγί
1719 3283 1726 3308 ἶ

1327 3412 1390 3438 447.
1422 3399 1464 3448 (εἰ
1494 3397 1528 3436 δὲ
1561 3398 1764 3451 παραὸαίην
1795 3411 1803 3437 t
1833 3399 1995 3440 Πιθανῶς
2025 3398 2070 3439 ὡς
2100 3394 2242 3437 ἔλαττόν
2276 3413 2318 3438 τι,
