2453 3808
743 216 993 256 SCHOLIA
1031 215 1090 253 IN
1130 216 1571 255 ACHARNENSES.
2208 224 2225 255 :3

213 313 283 344 ἔνθα
299 311 389 342 στᾱσ’
407 311 483 348 ἦῡσε
497 310 550 340 θεὰ
567 310 646 349 μέγα
662 320 694 340 τε
708 310 804 340 δεινόν
821 321 853 340 τε

213 358 299 400 ὄρθι’·
320 359 472 399 Ἀχαιοῖσι
493 358 523 388 δὲ
542 358 620 396 μέγα
634 358 736 393 σθένος
751 357 856 397 ἐμῧαλ’
871 356 1004 396 ἑκάστῳ.

146 447 191 473 17.
222 431 337 476 ἐξότου
367 430 428 482 ’γὼ
460 431 634 484 ῥύπτομαι
670 445 677 469 :
713 431 803 470 Ἀντὶ
834 435 894 468 τοῦ
929 430 1133 481 σμήχομαι,

92 491 249 531 τουτέστι
273 493 337 536 ζῶ,
371 492 618 542 μεταφορικῶς.
645 492 694 541 τῷ
718 489 785 542 γὰρ
811 492 911 533 ζῶντι
942 489 1061 526 ἕπεται
1097 487 1135 525 τὸ
1164 514 1165 522 ι

58 559 74 583 5
95 551 295 605 ῥύπτεσθαι.
326 548 518 622 (ῥύμματα
547 549 614 601 γὰρ
634 548 677 586 τὰ
698 549 905 599 σιιήγματα.
941 565 1000 586 και
1020 547 1099 597 Ὀμ
1101 563 1138 592 η·
1164 548 1167 611 ἱ

95 625 149 670 ρος
167 615 260 656 [ΙΙ.““
237 628 279 654 .-..,
299 614 360 654 171]
384 607 561 659 ιρύμματ
550 623 584 644 α
605 607 718 644 πάντα
737 607 896 659 κάθηρεν.
917 626 931 639 ›
951 606 1137 659 ῥύπτεσθαι
1166 626 1167 635 ι

1165 640 1168 702 ι
1196 650 1374 696 συὶλαὸην
1396 651 1569 692 Ἀττικῶς.
1591 650 1837 701 καταρρέοντες
1856 650 1910 699 δε)
1935 651 2011 687 ἀντι
2033 655 2092 688 2:03
2111 651 2240 702 αθρόιι)ς

1167 729 1169 736 ¹
1198 709 1434 761 Ε’Τξρχῠῑλενῡῑ.
1462 712 1483 754 ἡ
1510 724 1551 757 μΞ
1539 707 1690 760 .ταφορὰ
1711 708 1780 745 ἀπο
1802 725 1869 745 ’ἴων
1898 724 2078 746 ‘rto-muto„
2113 712 2145 762 ,525
2133 710 2239 747 Ξυυά·

63 696 70 700 -
94 672 152 706 οὖν
171 667 210 704 τὸ
233 673 408 716 σαᾶσθαι,
429 681 547 718 παρεμ
523 665 649 702 αττ-ι’σ)
653 681 681 702 ει
707 670 765 703 τοῦ
789 681 825 707 τ.
846 666 884 702 τὸ
903 665 1009 717 ῥύπον
1031 666 1137 716 ἀραι-

96 729 239 779 ρεῖσθαι.
263 726 318 762 ὁ
300 740 335 762 οε
361 723 465 777 §¹3ch
488 740 577 762 κατα
601 724 781 776 ἀφαίρεσιν
801 739 860 761 του
885 739 926 774 χ,
951 722 1139 775 χρύπος,ο
1122 724 1139 757 ὁ

94 787 144 837 τῷ
161 783 271 836 χρωτὶ
291 782 387 821 ὑπων
406 783 557 832 σπίλος.)

151 856 195 882 18.
225 842 292 880 ὑπο
314 841 461 885 κονίαςῑ
490 842 581 894 Παρ’
600 840 776 880 ὑπόνοιαν.

97 901 182 953 (ὑπὸ
199 901 311 947 λύπης
297 900 388 947 ςτὴν
405 900 563 952 καρδίαν,
583 903 629 942 ὡς
647 900 705 937 καὶ
723 915 756 936 εν
779 901 870 950 ἀρχῇ
888 898 972 951 ἔφη,
992 898 1057 935 ὑπο
1082 913 1142 934 κο-

97 960 170 1004 νίας
183 959 244 1004 τὰς
259 962 362 1012 ὀφρῦς
378 953 502 1009 εἰπεν,)
517 957 570 995 ὅτι
585 973 644 996 και
657 960 687 995 οι
715 958 831 995 κονίαν
852 957 940 1007 (ἤτοι
958 956 1140 1004 ἄσὸεστον)

99 1019 277 1070 σμώμενοι
311 1017 494 1055 δάκνονται
512 1015 610 1062 τὴν
595 1031 714 1068 οφρυν.
741 1014 905 1065 (”.Αλλως
932 1013 1141 1067 ὑπερὸατόν.

45 853 78 878 10
833 840 906 877 δέον
933 838 999 892 γὰρ
1020 839 1138 884 εἰπεῖν,

223 1105 287 1137 ἀλλ’
301 1103 492 1136 οὐδεπώποτ’
508 1102 610 1139 ἐξὸτου
625 1102 681 1141 ’γὼ
695 1102 868 1144 ῥύπτομαι,

49 1158 82 1183 15
222 1153 319 1187 οὕτως
334 1151 464 1191 ἐδήχθην
475 1150 536 1181 ὑπὸ
549 1149 653 1185 κονίας
666 1150 719 1184 τας
734 1149 855 1190 ὀφρῦς.)

157 1242 199 1267 19.
228 1226 348 1279 κυρίας
363 1223 549 1270 ἐκκλησίας
567 1238 575 1263 :
596 1224 656 1263 'Ev
670 1219 694 1275 ᾗ
708 1223 849 1276 ἐκύρουν
867 1223 909 1261 τὰ
922 1223 1145 1277 ψηφίσματα.

71 1332 74 1335 Δ
103 1286 170 1326 εἶσὶ
199 1285 236 1324 85
264 1284 406 1335 νόμιμοι
433 1282 617 1329 ἐκκλησίαι
647 1285 682 1320 αἱ
710 1282 896 1333 λεγόμεναι
921 1282 1037 1335 κύριαι
1059 1284 1149 1336 τρεῖς

102 1361 162 1384 του
178 1359 284 1396 μηνος
300 1341 493 1388 Ἀθήνησιν,
511 1340 669 1393 ἡπρώτη
685 1357 745 1378 και
759 1344 780 1387 ἡ
796 1341 924 1388 δεκάτη
942 1342 1000 1379 καὶ
1014 1345 1067 1388 ἡ.
1051 1358 1147 1394 τρια-

103 1402 177 1447 κάς.
191 1401 257 1440 εἶσὶ
271 1400 306 1439 δὲ
323 1416 382 1438 και
397 1399 609 1452 πρόσκλητοι
624 1415 709 1436 συνα
711 1399 855 1450 γόμεναι
869 1400 960 1437 κατά
974 1416 1049 1437 τινα
1064 1400 1152 1437 ἐπεί-

51 1481 87 1506 20
104 1478 208 1513 γοντα
235 1461 440 1512 πράγματα.
468 1460 503 1495 αἱ
539 1458 600 1508 μὲν
626 1461 682 1496 οὐν
709 1458 849 1508 νόμιμοι
876 1474 936 1496 και
962 1459 1152 1512 ὡρισμέναι

105 1518 288 1566 ἐκκλησίαι
313 1517 429 1569 κύριαι
454 1515 634 1566 λέγονται,
655 1519 700 1559 ὡς
721 1515 865 1568 ἔφαμεν,
892 1519 928 1554 αἱ
950 1516 986 1554 δὲ
1009 1519 1093 1570 πρὸς
1114 1533 1153 1555 το

105 1583 309 1628 κατεπεῖγον
330 1574 560 1625 συναγόμεναι
577 1574 776 1625 σύγκλητοι.

158 1649 203 1674 2ο.
238 1639 261 1681 ἡ
287 1633 372 1678 πνὺξ
401 1632 502 1679 αὑτηί
536 1646 544 1671 :
579 1632 623 1670 ‘H
652 1632 834 1679 ἐκκλησία·
867 1632 965 1685 παρὰ
991 1632 1055 1680 τὴν
1086 1637 1153 1671 τῶν

104 1694 210 1733 λίθων
232 1693 445 1739 πυκνότητα.
503 1691 548 1743 (ἢ
579 1691 649 1729 ἀπὸ
671 1707 730 1729 του
754 1695 967 1729 πυκνουσθαι
991 1708 1070 1736 τους
1096 1693 1153 1730 ἄν-

54 1769 89 1795 25
107 1754 189 1806 δρας
212 1753 246 1790 ἐν
271 1754 314 1803 τῇ
339 1749 526 1801 ἐκκλησία,
549 1752 596 1792 ὡς
612 1750 714 1793 αὐτὸς
734 1751 768 1787 ἐν
788 1749 920 1802 Σφηξιν
939 1756 999 1797 [31]
1026 1770 1041 1785 «
1063 1751 1156 1796 ἔδοξέ

110 1827 168 1862 μοι
183 1812 390 1863 παραποιῶν
408 1808 470 1855 τὴν
488 1807 580 1860 ὥραν
599 1809 633 1845 ἐν
650 1811 692 1860 τῇ
710 1808 827 1847 πυκνί,
847 1812 883 1859 »)

162 1883 209 1909 21.
239 1871 269 1907 οἳ
285 1869 313 1906 δ’
333 1870 367 1905 ἐν
384 1869 494 1920 ἀγορᾷ
510 1869 655 1904 λαλοῦσι
677 1880 685 1905 :
705 1866 862 1920 Διάφορα
885 1868 987 1913 δηλοῖ
1011 1871 1032 1914 ἡ
1053 1867 1153 1913 λέξις.

109 1932 169 1968 νῦν
190 1927 227 1966 δὲ
248 1926 311 1973 τὴν
338 1925 539 1973 ἐκκλησίαν,
565 1925 639 1964 ὅθεν
665 1929 683 1963 ὅ
708 1925 854 1978 Νέστωρ
884 1927 1072 1978 ἀγορητής·
1098 1929 1157 1966 καὶ

109 1986 168 2025 τὸν
196 1985 300 2024 τόπον
318 1984 409 2023 ἔνθα
436 1983 677 2037 πιπράσκεται
702 1983 746 2022 τὰ
773 1983 878 2032 ὤνια,
907 1985 967 2022 καὶ
993 1985 1082 2023 αὐτὰ
1113 1986 1158 2024 τὰ

58 2059 93 2086 30
111 2043 197 2082 ὤνια
213 2042 388 2094 σημαίνει.

164 2116 211 2141 22.
239 2102 279 2140 τὸ
295 2100 446 2153 σχοινίον
471 2099 655 2153 φεύγουσιν
681 2115 690 2139 t
710 2101 722 2152 (
734 2100 844 2153 ζΥπὲρ
867 2105 927 2139 τοῦ
949 2102 983 2146 ἐξ
1007 2102 1158 2154 ἀνάγκης

113 2159 234 2203 αὐτοὺς
260 2161 307 2203 εἷς
333 2158 396 2202 τὰς
423 2158 609 2206 ἐκκλησίας
634 2158 785 2197 συνιέναι
804 2163 906 2197 τοῦτο
931 2162 1158 2212 ἐμηχανῶντο

112 2219 172 2257 καὶ
202 2217 315 2256 πολλὰ
346 2218 447 2256 ἄλλα.
485 2217 762 2255 ἀνεπετάννυσαν
799 2218 866 2271 γὰρ
894 2219 938 2256 τὰ
963 2219 1069 2272 γέρρα
1099 2222 1158 2259 καὶ

113 2276 294 2315 ἀπέκλειον
324 2275 384 2319 τὰς
410 2274 507 2319 ὁδοὺς
528 2275 589 2319 τὰς
612 2275 660 2326 μὴ
686 2275 856 2328 φερούσας
879 2279 924 2320 εἷς
945 2277 1008 2323 τὴν
1029 2280 1158 2326 ἐκκλη-

62 2359 96 2385 35
116 2335 194 2373 σίαν
213 2334 273 2372 καὶ
299 2333 344 2371 τὰ
366 2333 452 2371 ὤνια
479 2333 627 2386 ἀνῄρουν
653 2335 687 2371 ἐν
714 2340 790 2377 ταῖς
813 2336 974 2388 ἀγοραῖς,
995 2335 1086 2380 ὅπως
1111 2338 1158 2388 μὴ

114 2393 193 2446 περὶ
220 2396 331 2430 ταῦτα
361 2392 581 2445 διατρίῧοιεν·
613 2392 663 2430 ἔτι
693 2392 762 2443 μὴν
796 2393 875 2443 καὶ)
906 2395 1160 2449 μεμιλτωμένῳ

116 2450 258 2503 οχοινίῳ
280 2450 547 2502 περιὸάλλοντες
566 2450 687 2494 αὐτοὺς
709 2450 920 2497 συνήλαυνον
946 2454 993 2496 εἷς
1017 2453 1080 2499 τὴν
1101 2457 1161 2493 ἐκ-

115 2507 277 2556 κλησίαν.
297 2512 399 2546 τοῦτο
425 2507 460 2546 δὲ
480 2508 615 2547 ἐποίουν
632 2509 718 2561 ὑπὲρ
736 2513 795 2547 τοῦ
819 2509 866 2560 μὴ
889 2512 1069 2562 βραδῦναι.
1088 2512 1162 2551 ὅσοι

116 2566 184 2627 γὰρ
203 2566 356 2640 ἐχρίοντο
373 2566 528 2617 ζημίαν’
513 2567 668 2611 εξέτινον.
739 2567 897 2617 (Ἄλλως.
915 2569 990 2607 ἐπει
1009 2572 1162 2623 ὀκνηρῶς

66 2651 102 2676 40
109 2628 211 2676 εἰχον
228 2627 258 2662 οἱ
276 2625 449 2672 Ἀθηναῖοι
468 2625 554 2678 πρὸς
575 2625 636 2669 τὰς
655 2626 830 2673 συνόδους,
848 2627 1041 2665 εἰώθασινε
1029 2630 1161 2682 υπηρέ-

117 2698 176 2720 ται
194 2681 255 2720 δύο
277 2683 538 2733 μεμιλτωμένον
566 2685 744 2735 [τουτέστι
770 2685 924 2737 μίλτῳ”
901 2702 978 2732 ητοι
1000 2686 1162 2737 βάμματι

118 2739 290 2810 κρκκίνῳ]
314 2740 462 2792 σχοινίον
487 2742 692 2785 ἐκτείνοντες
717 2742 773 2779 διὰ
797 2759 858 2789 της
875 2745 1003 2796 ἀγορᾶς
1027 2744 1162 2783 διώκειν

118 2797 175 2835 τὸν
191 2797 294 2849 ὄχλον
312 2801 358 2842 εἷς
375 2798 438 2846 τὴν
459 2800 658 2848 ἐκκλησίαν,
677 2799 722 2844 ὥς
739 2816 823 2853 φησι
843 2801 1027 2839 Πλάτων
1015 2816 1032 2839 ο
1049 2819 1161 2855 κωμι-

120 2854 189 2899 κός.
213 2855 286 2894 ὅσοι
303 2856 369 2893 δὲ’
354 2857 508 2909 εχρίοντο
524 2857 668 2903 ἐξέτινον
685 2859 823 2909 ζημίαν.
833 2861 844 2910 )

174 2927 220 2951 23.
251 2914 326 2951 ἀλλ’
353 2915 482 2968 ἀωρίαν
511 2916 654 2963 ἥκοντες

69 2939 104 2965 45
683 2931 691 2954 t
724 2918 827 2968 (Αντὶ
852 2920 925 2968 τού)
953 2919 1065 2972 ἀωρία
1093 2921 1123 2970 (γ
1105 2921 1164 2958 γαν.

123 2970 197 3019 μεθ’
223 2973 357 3023 ἦμεραν
385 2973 445 3010 καὶ
472 2974 529 3012 ἐπὶ
553 2975 710 3028 τοιούτῳ.
768 2978 785 3013 ὃ
814 2976 849 3013 85
878 2979 985 3026 νους,)
1015 2978 1166 3031 ἀκαίρως

124 3042 184 3064 και
200 3027 329 3080 παρὰ
313 3028 369 3066 τὸν
391 3030 534 3083 (δέοντα)
555 3033 685 3086 καιρόν.
707 3033 805 3087 ἄωρα
822 3034 888 3088 γὰρ
905 3035 949 3072 τὰ
968 3035 1065 3088 παρὰ
1087 3052 1166 3074 και-

127 3083 184 3136 ρὸν
199 3085 422 3137 τρυγώμενα.

178 3155 224 3180 24.
255 3144 490 3184 ὠστιουνται;
510 3147 757 3193 Διωθήσονται.
816 3150 884 3188 ἀπὸ
901 3152 1087 3197 ἐνεστῶτος
1105 3155 1165 3189 τοῦ

75 3228 109 3254 50
127 3199 274 3243 ὠστίζω.
296 3203 314 3238 ὃ
343 3199 378 3238 85
397 3202 496 3252 λόγος
522 3206 568 3246 ὣς
585 3205 669 3257 πρός
693 3223 770 3244 τινα
791 3208 863 3246 ἐστι
885 3209 1092 3282 λεγόμενρς,
1119 3212 1165 3253 ὡς
1192 3223 1195 3233 ·

128 3270 186 3293 και
201 3255 362 3311 εΌμηρος
389 3264 440 3305 [11.
459 3269 498 3306 Ο,
515 3266 580 3307 697]
603 3264 739 3315 «φαίης
763 3266 793 3302 κ’
810 3268 970 3317 ἀκμητας
991 3284 1051 3305 και
1079 3270 1166 3305 ἀτει-

128 3312 302 3425 ιδρέας.)»
332 3317 403 3367 (καὶ
436 3323 487 3364 [11.
515 3327 561 3366 Δ,
590 3326 655 3366 223]
687 3340 702 3355 «
734 3321 800 3360 ἔνθ’
831 3326 893 3362 οὐκ
927 3324 969 3363 ἂν
1006 3325 1165 3378 βρίζοντα

131 3385 141 3407 ι
164 3385 212 3415 Οῑς
241 3389 255 3406 »

1242 317 1286 341 25.
1318 302 1469 345 ἐλθόντες
1502 301 1684 348 ἀλλήλοισι
1719 303 1798 355 περὶ
1829 302 1965 355 πρώτου
2001 316 2008 341 ;
2049 302 2135 353 Περὶ
2172 306 2230 349 τ’ἧς

1190 361 1383 414 προεδρίας.
1407 364 1451 403 ὡς
1472 360 1610 404 ξυλίνων
1629 362 1738 398 οὐσῶν
1760 363 1827 398 τῶν
1848 362 2035 413 καθεδρῶν.
2057 360 2119 410 (ὅτι
2140 360 2173 398 δὲ
2195 363 2233 398 ἐκ

1162 446 1163 450 ι
1191 420 1307 466 λίθων,
1322 418 1538 470 πανταχόθεν
1557 420 1672 465 δῆλον,
1690 418 1771 456 ὅταν
1791 418 1875 469 λέγῃ
1895 424 1965 466 [Eq.
1981 432 2051 466 754,
2071 423 2136 464 783]
2150 449 2159 466 ,
2177 419 2234 456 ἐπὶ

1193 481 1253 522 τ’Νης
1274 477 1402 529 πέτρας
1421 477 1618 525 κάθηνται.)

1247 550 1293 574 26.
1325 535 1439 587 ἅθροοι
1465 551 1531 572 κατ
1520 550 1712 587 αρρεοντες
1741 548 1749 573 :
1776 535 1878 583 (Ἀντὶ
1902 551 1961 572 του
1991 549 2090 584 ομου.
2147 551 2272 588 προ-5

1194 592 1304 645 παροξ
1308 608 1395 629 υνΞῑν
1421 608 1456 629 05
1483 607 1517 629 ΟΞ
1520 598 1532 629 ἶ
1556 608 1594 629 TO
1615 607 1723 642 wop-0(
1747 608 1805 629 καί.
1830 608 1987 630 ὒασυθὶῑν
2011 609 2072 638 Try
2095 609 2237 645 πρϋΥΓνΙ,

1197 783 1277 805 των.
1299 767 1358 804 καὶ
1384 765 1546 819 ζΌμηρος
1568 772 1628 813 [ll.
1649 775 1696 813 A,
1715 771 1779 812 724]
1803 784 1816 798 «
1839 766 1882 803 τὰ
1903 766 1932 803 δ’
1956 767 2115 818 ἐπέρρεεν
2143 749 2240 804 ἔθνεα

1198 828 1321 870 πεζῶν.
1342 843 1358 858 »

1251 897 1296 922 29.
1330 884 1472 934 (νοστῶν
1499 882 1657 933 κάθημαι
1688 896 1696 921 :

1201 942 1260 980 καὶ
1279 941 1579 994 ἐπανερχόμενος.)

1254 1014 1299 1039 30.
1329 1001 1456 1047 στένω,
1478 998 1611 1051 κέχηνα
1639 1013 1648 1038 :
1675 999 1802 1049 (Πάλιν
1828 998 1867 1036 τὸ
1896 997 2028 1049 κέχνηα
2051 999 2084 1035 ἐν
2107 997 2172 1050 ἴσῳ
2197 1000 2246 1050 τῷ

1203 1059 1465 1112 προσδέχομαι,
1485 1058 1507 1104 ἢ
1528 1057 1651 1109 δέομαι
1675 1061 1735 1105 τῆς
1755 1057 1901 1110 εἰρήνης·
1927 1055 2044 1109 ὥσπερ
2065 1059 2095 1094 οἱ
2113 1055 2247 1094 νεοσσοὶ

1203 1117 1372 1170 κεχήνασι
1407 1116 1563 1167 δεόμενοι
1594 1120 1654 1163 τ’ἧς
1685 1119 1823 1170 τροφῆς.

1729 882 1864 926 Ἁπλῶς
1893 881 1953 919 ἐπὶ
1978 885 2036 919 τοῦ
2061 882 2243 934 ἐρχόμενος
2266 895 2297 919 ιο

1879 1115 1918 1152 τὸ
1949 1114 1983 1152 δὲ
2016 1116 2250 1167 σκορδινῶμαι
2270 1141 2301 1166 15

1206 1176 1280 1213 αντὶ
1301 1191 1361 1213 του
1386 1176 1531 1225 κλῶμαι
1552 1190 1611 1212 και
1633 1176 1788 1226 σπασμῶ
1813 1173 2016 1224 συνέχομαι.
2038 1189 2068 1210 οι
2094 1172 2160 1225 γὰρ
2182 1172 2250 1210 ἀπο

1206 1233 1394 1286 πληθώρας
1415 1233 1586 1286 σκοροδων
1608 1235 1767 1283 ἐμοῦντες
1787 1231 1843 1270 δια
1859 1230 1921 1277 τὴν
1941 1230 2162 1283 δριμύτητα
2157 1247 2181 1267 υ.
2185 1233 2251 1268 αλ-

1213 1294 1273 1330 λον
1295 1294 1464 1330 σπῶνται.
1491 1291 1530 1328 τὸ
1560 1290 1594 1328 85
1616 1292 1709 1341 ἐμεῖν
1728 1306 1788 1328 και
1807 1305 1845 1327 το
1870 1292 2028 1326 ὁπωσοῦν
2057 1292 2250 1328 κενοῦσθαι.

1209 1349 1454 1403 σκορδινασθαί
1468 1351 1564 1402 φασι)
1584 1348 1710 1401 κυρίως
1726 1348 1783 1386 ἐπι
1799 1350 1866 1385 τῶν
1884 1350 1995 1385 κυνῶν
2011 1364 2078 1385 των
2095 1348 2128 1392 ἐξ
2145 1347 2252 1386 ύπνου

1211 1409 1462 1459 ἀνισταμένων,
1489 1409 1571 1446 ὅταν
1597 1407 1640 1446 τὰ
1669 1407 1758 1458 μέλη
1788 1407 1847 1445 καὶ
1867 1405 1964 1450 ὅλους
1985 1406 2106 1450 αὐτοὺς
2126 1406 2254 1444 διατεί-
2273 1430 2307 1455 20

1210 1483 1307 1506 νωσι.
1330 1469 1573 1520 σκορδινασθαι
1596 1460 1652 1504 οῧν
1681 1469 1753 1504 ἐστι
1775 1466 1814 1504 τὸ
1840 1467 1951 1503 ἀνακλ
1953 1470 2057 1503 ασθαι
2082 1464 2170 1516 μετὰ
2189 1465 2255 1517 χά-

1213 1542 1315 1576 σμης.
1338 1525 1469 1577 γίνεται
1490 1525 1524 1563 85
1546 1525 1614 1562 ἀπὸ
1632 1526 1711 1562 0³00
1706 1524 1774 1575 ίας
1790 1540 1828 1562 το
1847 1539 2010 1561 τοιουτον.

1266 1599 1312 1623 31.
1342 1584 1464 1637 γράφω
1477 1614 1486 1630 ,
1516 1582 1670 1635 παρατίλ
1672 1561 1778 1633 λόμαι
1814 1596 1822 1621 :
1856 1581 2004 1634 (Γράφω
2035 1580 2115 1632 μὲν,
2146 1597 2256 1619 κατα-

1215 1643 1356 1696 γράριι),
1370 1643 1411 1693 ἢ)
1428 1622 1598 1694 ζωγραφῶ
1613 1643 1669 1680 ἐπὶ
1683 1645 1743 1687 τ’Νης
1756 1644 1819 1691 γῆς
1830 1671 1839 1687 ,
1860 1640 1946 1684 ξύων
1962 1643 2011 1692 τῷ
2032 1641 2192 1692 δακτύλῳ
2216 1640 2254 1689 (ἤ

1214 1717 1280 1738 τινι
1299 1700 1442 1752 τοιούτῳ
1469 1699 1610 1742 παιδιάς
1628 1701 1757 1749 τινας.)
1785 1698 2045 1749 παρατίλλομαι
2066 1697 2120 1744 85,
2140 1697 2200 1740 τὰς
2219 1699 2257 1734 ἐκ
2276 1725 2310 1749 25

1214 1761 1282 1796 τῶν
1323 1758 1507 1810 μυκτήρων
1549 1757 1656 1794 τίλλιι)
1696 1757 1836 1808 τρίχας,
1876 1755 1898 1802 ἢ
1939 1759 2007 1793 τῶν
2050 1756 2256 1806 μασχαλῶν.

1214 1821 1324 1854 ταῦτα
1339 1815 1375 1853 85
1391 1820 1545 1853 ποιοῦσιν
1564 1817 1594 1853 οἱ
1617 1814 1890 1866 προσδεχόμενοι
1905 1814 1966 1864 μέν
1981 1829 2014 1851 τι
2029 1813 2088 1850 καί
2104 1813 2162 1850 τὸν
2181 1812 2260 1866 χρό-

1215 1890 1271 1912 νον
1300 1876 1518 1916 δαπανῶντες
1544 1873 1609 1910 ὑπὸ
1638 1872 1830 1923 ἀδημονίας
1854 1870 2172 1924 (.λ](1.εἷςάπορίαν
2200 1872 2259 1908 καὶ

1216 1932 1430 1984 ἀμηχανίαν,
1451 1931 1498 1982 μὴ
1519 1931 1747 1982 τυγχάνοντες
1770 1933 1829 1968 τοῦ
1850 1929 2138 1982 προσδοκωμένου
2162 1931 2260 1980 λογι-

1217 1995 1320 2041 σμοῧ.
1345 1990 1402 2029 δ’τε
1419 1989 1484 2041 γὰρ
1506 1990 1603 2027 αὐτοὶ
1625 1991 1674 2042 ἐφ’
1701 1991 1831 2027 ἑαυτῶν
1852 1988 2078 2034 διατίθενται,
2097 1985 2258 2029 ἀλύοντες
2281 2012 2314 2037 3⁰

1217 2049 1274 2086 επὶ
1293 2065 1355 2099 γης
1371 2050 1427 2086 δια
1430 2065 1496 2099 γρα
1486 2048 1652 2100 φουσιν).

1269 2120 1315 2145 32.
1348 2106 1557 2144 ἀποολεπων
1591 2108 1638 2148 εἷς
1668 2105 1725 2143 τὸν
1761 2104 1907 2156 ἀγρόν·
1898 2135 1907 2142 .
1938 2106 1984 2143 Οι
2012 2102 2079 2156 γὰρ
2110 2104 2262 2156 (πολιορ-

1217 2164 1377 2202 κούμενοι
1397 2165 1469 2214 καὶ)
1490 2163 1742 2214 πολεμούμενοι
1763 2163 1817 2199 ἀεὶ
1837 2164 1884 2205 εἷς
1902 2161 1960 2199 τὸν
1985 2161 2090 2214 ἀγρὸν
2113 2160 2264 2199 ἀποὸλέ-

1217 2238 1338 2260 πουσιν
1359 2224 1645 2273 (επιθυμουντες’
1631 2238 1664 2259 εν
1685 2223 1779 2273 αυτῷ
1797 2215 1910 2272 εἰναι).

1731 2279 1776 2317 O
1795 2278 1914 2330 στίχος
1933 2279 1972 2315 ἐκ
1987 2293 2052 2330 τρα
2055 2276 2192 2329 γωδίας.
2198 2277 2208 2324 )

1272 2352 1318 2377 34.
1345 2338 1542 2391 ἄνθρακας
1532 2337 1654 2390 πρίω;
1673 2339 1786 2375 Τουτο
1803 2335 2030 2389 Ἀχαρνέο)ν”
2019 2336 2115 2374 ιδιον.

1272 2294 1316 2319 33.
1348 2281 1523 2331 (στυγῶν
1519 2279 1579 2317 μὲν
1594 2280 1680 2317 ἄστυ
1701 2292 1709 2317 :
2284 2308 2318 2333 35

2172 2338 2265 2372 οὑτοι

1220 2396 1256 2435 85
1271 2396 1531 2449 πολυάνθρακες
1549 2412 1608 2433 και
1625 2397 1662 2432 οὖ
1681 2394 1834 2445 δεόμενοι
1850 2410 1923 2446 παρ
1926 2393 2067 2431 ’ἄλλων
2086 2392 2264 2445 πρίασθαι.

1272 2468 1317 2493 35.
1347 2456 1418 2492 οὐδ’
1437 2454 1512 2506 ᾔδει
1532 2454 1622 2506 πρίω
1645 2468 1653 2493 :
1675 2433 1767 2492 Οὐδὲ
1788 2453 1952 2502 ἐγίνωσκε
1972 2452 2011 2490 τὸ
2035 2451 2126 2505 πρίω
2155 2454 2263 2504 ῥῆμα.

1220 2515 1258 2552 οὐ
1277 2513 1344 2566 γὰρ
1362 2514 1470 2551 ἐδεῖτο
1487 2513 1658 2565 ἀγοράσαι
1676 2512 1765 2563 ἔχων
1786 2511 1886 2550 οἴκοι.

1188 2588 1192 2643 Ι
1273 2586 1319 2610 36.

1221 2630 1291 2668 ἀπὸ
1310 2629 1376 2682 γὰρ
1393 2633 1453 2667 τοῦ
1471 2629 1561 2681 πρίω
1584 2628 1737 2680 ῥήματος
1752 2628 1861 2679 ὄνομα
1881 2626 1920 2666 τὸ
1936 2626 2059 2679 πρίων.
2081 2633 2120 2663 R.

1274 2699 1320 2725 37.
1351 2688 1503 2736 ἀτεχνῶς
1526 2699 1535 2724 :
1559 2687 1703 2737 ἀφελῶς.
1723 2693 1760 2722 R.

1582 2756 1590 2782 :
1613 2746 1720 2794 Βοᾶν,
1742 2742 2048 2795 ἀντιφθέγγεσθαι,
2077 2739 2265 2789 ἀντιλέγειν

1223 2803 1341 2845 ἁπλῶς
1368 2802 1428 2839 καὶ
1453 2804 1498 2844 ὣς
1524 2801 1638 2853 ἔτυχε.
1668 2802 1707 2839 τὸ
1741 2803 1776 2839 δὲ
1799 2800 2003 2852 ὑποκρούειν
2035 2798 2092 2836 ἐπὶ
2113 2800 2182 2834 τῶν
2208 2801 2266 2835 θο-

1224 2861 1418 2914 pu606v5mv
1444 2859 1607 2931 λέγεται,
1630 2859 1726 2912 (ὅπερ
1751 2862 1851 2909 ἦαεις
1875 2857 1988 2910 φαμὲν
2010 2854 2183 2907 ἐκκρούειν
2205 2871 2264 2892 και

1223 2917 1316 2956 κωλ”
1300 2934 1383 2956 υειν.
1405 2918 1444 2955 τὸ
1470 2916 1506 2954 85
1531 2918 1710 2968 λοιδορεῖν,
1741 2916 1792 2953 ἅυ
1795 2932 1847 2968 ρω
1869 2914 2002 2968 ρητέον,
2020 2929 2079 2951 και
2099 2913 2267 2965 λοιδορεῖν

1223 2976 1282 3014 καὶ
1297 2977 1552 3027 λοιδορεῖσθαι.)

1275 3048 1320 3072 4ο.
1346 3034 1452 3071 οὑτοιί
1471 3047 1479 3072 :
1501 3035 1699 3075 Δεικτικῶς.
1724 3031 1971 3084 (μεσημὸρινοὶ
1989 3028 2057 3079 δὲ,)
2076 3030 2138 3066 οὐκ
2153 3027 2266 3080 ὀρθρί-

1225 3108 1358 3135 σαντες.

1276 3163 1321 3188 42.
1352 3149 1533 3194 ὠστίζεται
1557 3163 1565 3189 2

1234 3216 1312 3246 sict.

1277 3279 1323 3304 44.
1353 3268 1399 3309 ὡς
1419 3265 1459 3303 ἂν
1488 3265 1579 3308 ἐντὸς
1598 3269 1659 3311 ἠτε

1788 2574 1888 2607 τοῦτο
1929 2566 2054 2606 παιδιὰ
2093 2568 2263 2605 καλεῖται.

1358 2573 1412 2623 χώ
1456 2571 1567 2623 πρίων
1612 2572 1704 2616 ἀπῆν
1742 2585 1751 2609 2
2284 2599 2319 2623 40

1275 2758 1321 2782 38.
1353 2743 1553 2796 ὑποκρούειν

2285 2884 2318 2908 45

1590 3148 1750 3195 συνωθεῖ,
1778 3146 2008 3185 συνθλίὸεται.
2030 3152 2069 3182 R.
2094 3143 2259 3182 θλίὸεται.

2283 3183 2316 3206 50

1192 3243 1195 3266 ι

1684 3263 1889 3303 εΕἷώθασιν
1918 3265 1948 3301 οἱ
1969 3261 2141 3308 Ἀθηναιοι
2175 3257 2262 3295 θύειν

1225 3323 1380 3362 δελςοακα
1400 3340 1460 3362 και
1477 3323 1636 3373 ραίνειν
1619 3323 1681 3366 τὰς
1698 3322 1868 3374 καθέδρας
1886 3324 1936 3358 τῶ
1954 3320 2077 3370 αίμοιτι
2095 3319 2198 3355 αυτοιΝ»
2217 3317 2263 3358 εἷς

1191 3360 1196 3415 Ι
1225 3382 1361 3436 τιμην.
1345 3400 1406 3430 της
1428 3383 1632 3435 Δήμητρος,
1654 3381 1772 3427 ἐπειδη
1790 3381 1867 3423 τοὺς
1884 3395 2036 3432 καρπους
2052 3379 2157 3421 αυτης
2174 3373 2237 3425 β)’
2218 3389 2261 3409 α-

1702 3483 1718 3495 O
