<?xml version="1.0" encoding="UTF-8"?>
<!DOCTYPE html PUBLIC "-//W3C//DTD XHTML 1.0 Transitional//EN"
    "http://www.w3.org/TR/xhtml1/DTD/xhtml1-transitional.dtd">
<html xmlns="http://www.w3.org/1999/xhtml" xml:lang="en" lang="en">
 <head>
  <title>
</title>
<meta http-equiv="Content-Type" content="text/html;charset=utf-8" />
  <meta name='ocr-system' content='tesseract 3.04.00' />
  <meta name='ocr-capabilities' content='ocr_page ocr_carea ocr_par ocr_line ocrx_word'/>
</head>
<body>
  <div class='ocr_page' id='page_1' title='image "./scholiagraecaina00dbuoft_0634.png"; bbox 0 0 2533 3808; ppageno 0'>
   <div class='ocr_carea' id='block_1_1' title="bbox 325 197 398 232">
    <p class='ocr_par' dir='ltr' id='par_1_1' title="bbox 325 197 398 232">
     <span class='ocr_line' id='line_1_1' title="bbox 325 197 398 232; baseline -0.041 0"><span class='ocrx_word' id='word_1_1' title='bbox 325 197 398 232; x_wconf 82' lang='lat'>592</span> 
     </span>
    </p>
   </div>
   <div class='ocr_carea' id='block_1_2' title="bbox 1064 159 1637 205">
    <p class='ocr_par' dir='ltr' id='par_1_2' title="bbox 1064 159 1637 205">
     <span class='ocr_line' id='line_1_2' title="bbox 1064 159 1637 205; baseline -0.014 0"><span class='ocrx_word' id='word_1_2' title='bbox 1064 164 1357 205; x_wconf 73' lang='lat' dir='ltr'><strong>ADNOTATIO</strong></span> <span class='ocrx_word' id='word_1_3' title='bbox 1385 161 1437 199; x_wconf 87' lang='lat' dir='ltr'>IN</span> <span class='ocrx_word' id='word_1_4' title='bbox 1466 159 1637 199; x_wconf 87' lang='lat' dir='ltr'>SCHOL.</span> 
     </span>
    </p>
   </div>
   <div class='ocr_carea' id='block_1_3' title="bbox 324 228 2398 378">
    <p class='ocr_par' dir='ltr' id='par_1_3' title="bbox 324 228 2398 378">
     <span class='ocr_line' id='line_1_3' title="bbox 377 228 2398 319; baseline -0.02 -15"><span class='ocrx_word' id='word_1_5' title='bbox 377 271 450 319; x_wconf 82' lang='lat'>923</span> <span class='ocrx_word' id='word_1_6' title='bbox 474 266 586 304; x_wconf 82' lang='lat' dir='ltr'>habet</span> <span class='ocrx_word' id='word_1_7' title='bbox 611 261 744 298; x_wconf 79' lang='lat' dir='ltr'>Suidas</span> <span class='ocrx_word' id='word_1_8' title='bbox 765 258 801 293; x_wconf 90' lang='lat' dir='ltr'>in</span> <span class='ocrx_word' id='word_1_9' title='bbox 823 252 1003 304; x_wconf 71' lang='grc' dir='ltr'>Διατριὸή.</span> <span class='ocrx_word' id='word_1_10' title='bbox 1023 280 1059 284; x_wconf 78' lang='lat'>—</span> <span class='ocrx_word' id='word_1_11' title='bbox 1078 252 1099 286; x_wconf 82' lang='lat'>6</span> <span class='ocrx_word' id='word_1_12' title='bbox 1121 249 1177 299; x_wconf 54' lang='grc' dir='ltr'>ἀφ’</span> <span class='ocrx_word' id='word_1_13' title='bbox 1203 245 1242 294; x_wconf 63' lang='grc' dir='ltr'>ἧς</span> <span class='ocrx_word' id='word_1_14' title='bbox 1270 247 1331 296; x_wconf 81' lang='grc' dir='ltr'>μί-</span> <span class='ocrx_word' id='word_1_15' title='bbox 1391 259 1486 295; x_wconf 88' lang='lat' dir='ltr'>quos</span> <span class='ocrx_word' id='word_1_16' title='bbox 1510 255 1665 293; x_wconf 88' lang='lat' dir='ltr'>perraro</span> <span class='ocrx_word' id='word_1_17' title='bbox 1686 249 1832 277; x_wconf 82' lang='lat' dir='ltr'>veteres</span> <span class='ocrx_word' id='word_1_18' title='bbox 1862 238 2067 287; x_wconf 80' lang='lat' dir='ltr'>attingunt,</span> <span class='ocrx_word' id='word_1_19' title='bbox 2089 231 2198 270; x_wconf 86' lang='lat' dir='ltr'>certis</span> <span class='ocrx_word' id='word_1_20' title='bbox 2218 228 2398 266; x_wconf 88' lang='lat' dir='ltr'>limitibus</span> 
     </span>
     <span class='ocr_line' id='line_1_4' title="bbox 324 295 2397 378; baseline -0.021 -14"><span class='ocrx_word' id='word_1_21' title='bbox 324 342 426 378; x_wconf 88' lang='grc' dir='ltr'>μημα</span> <span class='ocrx_word' id='word_1_22' title='bbox 442 324 519 375; x_wconf 82' lang='grc' dir='ltr'>περὶ</span> <span class='ocrx_word' id='word_1_23' title='bbox 537 324 581 359; x_wconf 90' lang='grc' dir='ltr'>Θ.</span> <span class='ocrx_word' id='word_1_24' title='bbox 595 342 636 348; x_wconf 93' lang='grc'>-</span> <span class='ocrx_word' id='word_1_25' title='bbox 654 331 671 363; x_wconf 81' lang='lat'>7</span> <span class='ocrx_word' id='word_1_26' title='bbox 687 315 730 352; x_wconf 78' lang='grc' dir='ltr'>τὰ</span> <span class='ocrx_word' id='word_1_27' title='bbox 746 312 903 364; x_wconf 65' lang='grc' dir='ltr'>πρόὲατα</span> <span class='ocrx_word' id='word_1_28' title='bbox 919 314 964 347; x_wconf 84' lang='lat' dir='ltr'>R.</span> <span class='ocrx_word' id='word_1_29' title='bbox 979 336 1025 342; x_wconf 88' lang='grc'><strong>-</strong></span> <span class='ocrx_word' id='word_1_30' title='bbox 1044 309 1065 343; x_wconf 91' lang='grc'>8</span> <span class='ocrx_word' id='word_1_31' title='bbox 1084 303 1332 351; x_wconf 69' lang='grc' dir='ltr'>ἐπιτηδειότης.</span> <span class='ocrx_word' id='word_1_32' title='bbox 1393 302 1548 339; x_wconf 85' lang='lat' dir='ltr'>definire</span> <span class='ocrx_word' id='word_1_33' title='bbox 1577 313 1655 336; x_wconf 89' lang='lat' dir='ltr'>non</span> <span class='ocrx_word' id='word_1_34' title='bbox 1683 299 1904 342; x_wconf 79' lang='lat' dir='ltr'>sustineam,</span> <span class='ocrx_word' id='word_1_35' title='bbox 1930 295 2080 331; x_wconf 82' lang='lat' dir='ltr'>videtur</span> <span class='ocrx_word' id='word_1_36' title='bbox 2119 301 2242 328; x_wconf 85' lang='lat' dir='ltr'>tamen</span> <span class='ocrx_word' id='word_1_37' title='bbox 2270 298 2397 323; x_wconf 89' lang='lat' dir='ltr'>eorum</span> 
     </span>
    </p>
   </div>
   <div class='ocr_carea' id='block_1_4' title="bbox 322 362 1394 3369">
    <p class='ocr_par' dir='ltr' id='par_1_4' title="bbox 322 362 1339 712">
     <span class='ocr_line' id='line_1_5' title="bbox 323 362 1332 427; baseline -0.025 -6"><span class='ocrx_word' id='word_1_38' title='bbox 323 386 518 420; x_wconf 87' lang='lat' dir='ltr'>Glossator</span> <span class='ocrx_word' id='word_1_39' title='bbox 546 372 722 427; x_wconf 66' lang='grc' dir='ltr'>διατριὸὴν</span> <span class='ocrx_word' id='word_1_40' title='bbox 753 369 960 412; x_wconf 80' lang='lat' dir='ltr'>intellexit,</span> <span class='ocrx_word' id='word_1_41' title='bbox 990 374 1031 402; x_wconf 88' lang='lat' dir='ltr'>ut</span> <span class='ocrx_word' id='word_1_42' title='bbox 1060 365 1223 409; x_wconf 83' lang='lat' dir='ltr'>videtur,</span> <span class='ocrx_word' id='word_1_43' title='bbox 1243 362 1332 398; x_wconf 90' lang='lat' dir='ltr'>ido—</span> 
     </span>
     <span class='ocr_line' id='line_1_6' title="bbox 323 422 1336 486; baseline -0.023 -9"><span class='ocrx_word' id='word_1_44' title='bbox 323 453 429 476; x_wconf 88' lang='lat' dir='ltr'>neam</span> <span class='ocrx_word' id='word_1_45' title='bbox 458 435 591 486; x_wconf 79' lang='lat' dir='ltr'>agendi</span> <span class='ocrx_word' id='word_1_46' title='bbox 620 432 834 469; x_wconf 81' lang='lat' dir='ltr'>facultatem</span> <span class='ocrx_word' id='word_1_47' title='bbox 848 456 857 472; x_wconf 88' lang='lat'>,</span> <span class='ocrx_word' id='word_1_48' title='bbox 881 439 950 462; x_wconf 85' lang='lat' dir='ltr'>usu</span> <span class='ocrx_word' id='word_1_49' title='bbox 972 436 1099 460; x_wconf 88' lang='lat' dir='ltr'>rerum</span> <span class='ocrx_word' id='word_1_50' title='bbox 1117 422 1283 457; x_wconf 88' lang='lat' dir='ltr'>civilium</span> <span class='ocrx_word' id='word_1_51' title='bbox 1300 428 1336 455; x_wconf 91' lang='lat' dir='ltr'>et</span> 
     </span>
     <span class='ocr_line' id='line_1_7' title="bbox 322 479 1336 542; baseline -0.023 -8"><span class='ocrx_word' id='word_1_52' title='bbox 322 495 504 533; x_wconf 81' lang='lat' dir='ltr'>exercitio</span> <span class='ocrx_word' id='word_1_53' title='bbox 522 490 746 542; x_wconf 87' lang='lat' dir='ltr'>quotidiano</span> <span class='ocrx_word' id='word_1_54' title='bbox 767 486 949 522; x_wconf 85' lang='lat' dir='ltr'>firmatam</span> <span class='ocrx_word' id='word_1_55' title='bbox 969 498 975 517; x_wconf 89' lang='lat'>:</span> <span class='ocrx_word' id='word_1_56' title='bbox 992 493 1114 530; x_wconf 87' lang='lat' dir='ltr'>neque</span> <span class='ocrx_word' id='word_1_57' title='bbox 1135 479 1235 515; x_wconf 87' lang='lat' dir='ltr'>enim</span> <span class='ocrx_word' id='word_1_58' title='bbox 1258 490 1336 513; x_wconf 89' lang='lat' dir='ltr'>me—</span> 
     </span>
     <span class='ocr_line' id='line_1_8' title="bbox 324 535 1338 595; baseline -0.022 -4"><span class='ocrx_word' id='word_1_59' title='bbox 324 554 417 590; x_wconf 90' lang='lat' dir='ltr'>mini</span> <span class='ocrx_word' id='word_1_60' title='bbox 437 547 718 595; x_wconf 80' lang='grc' dir='ltr'>ἐπιτηδειότητα,</span> <span class='ocrx_word' id='word_1_61' title='bbox 744 557 791 580; x_wconf 91' lang='lat' dir='ltr'>ne</span> <span class='ocrx_word' id='word_1_62' title='bbox 815 556 860 578; x_wconf 86' lang='lat' dir='ltr'>ex</span> <span class='ocrx_word' id='word_1_63' title='bbox 880 554 984 577; x_wconf 89' lang='lat' dir='ltr'>more</span> <span class='ocrx_word' id='word_1_64' title='bbox 1005 538 1160 588; x_wconf 88' lang='lat' dir='ltr'>quidem</span> <span class='ocrx_word' id='word_1_65' title='bbox 1183 535 1338 572; x_wconf 81' lang='lat' dir='ltr'>Graeciae</span> 
     </span>
     <span class='ocr_line' id='line_1_9' title="bbox 323 592 1339 655; baseline -0.021 -7"><span class='ocrx_word' id='word_1_66' title='bbox 323 611 498 655; x_wconf 81' lang='lat' dir='ltr'>serioris,</span> <span class='ocrx_word' id='word_1_67' title='bbox 517 606 668 650; x_wconf 81' lang='lat' dir='ltr'>vocari,</span> <span class='ocrx_word' id='word_1_68' title='bbox 691 615 773 652; x_wconf 84' lang='lat' dir='ltr'>quae</span> <span class='ocrx_word' id='word_1_69' title='bbox 798 599 990 636; x_wconf 75' lang='lat' dir='ltr'>veteribus</span> <span class='ocrx_word' id='word_1_70' title='bbox 1016 604 1096 633; x_wconf 85' lang='lat' dir='ltr'>erat</span> <span class='ocrx_word' id='word_1_71' title='bbox 1125 592 1339 638; x_wconf 77' lang='grc' dir='ltr'>ἐπιτήδευσις</span> 
     </span>
     <span class='ocr_line' id='line_1_10' title="bbox 326 664 790 712; baseline -0.024 -7"><span class='ocrx_word' id='word_1_72' title='bbox 326 670 381 705; x_wconf 78' lang='lat' dir='ltr'>vel</span> <span class='ocrx_word' id='word_1_73' title='bbox 400 665 625 712; x_wconf 80' lang='grc' dir='ltr'>ἐπιτήδευμα.</span> <span class='ocrx_word' id='word_1_74' title='bbox 644 664 790 697; x_wconf 77' lang='lat' dir='ltr'>HEMS&#39;r.</span> 
     </span>
    </p>

    <p class='ocr_par' dir='ltr' id='par_1_5' title="bbox 325 706 1343 949">
     <span class='ocr_line' id='line_1_11' title="bbox 377 706 1339 774; baseline -0.021 -14"><span class='ocrx_word' id='word_1_75' title='bbox 377 731 465 774; x_wconf 70' lang='grc'>924,</span> <span class='ocrx_word' id='word_1_76' title='bbox 484 738 507 771; x_wconf 90' lang='lat'><strong>9</strong></span> <span class='ocrx_word' id='word_1_77' title='bbox 521 719 692 757; x_wconf 82' lang='grc' dir='ltr'>παύσαιτο</span> <span class='ocrx_word' id='word_1_78' title='bbox 706 718 753 754; x_wconf 88' lang='grc' dir='ltr'>Θ.</span> <span class='ocrx_word' id='word_1_79' title='bbox 777 713 988 752; x_wconf 79' lang='grc' dir='ltr'>ἀναπαύσοιο</span> <span class='ocrx_word' id='word_1_80' title='bbox 1013 709 1095 747; x_wconf 85' lang='lat' dir='ltr'>Ald.</span> <span class='ocrx_word' id='word_1_81' title='bbox 1113 706 1266 744; x_wconf 76' lang='grc' dir='ltr'>παύσαιο</span> <span class='ocrx_word' id='word_1_82' title='bbox 1283 707 1339 743; x_wconf 90' lang='lat' dir='ltr'>le—</span> 
     </span>
     <span class='ocr_line' id='line_1_12' title="bbox 325 765 1343 834; baseline -0.022 -14"><span class='ocrx_word' id='word_1_83' title='bbox 325 784 377 834; x_wconf 80' lang='lat' dir='ltr'>git</span> <span class='ocrx_word' id='word_1_84' title='bbox 392 782 502 819; x_wconf 87' lang='lat' dir='ltr'>etiam</span> <span class='ocrx_word' id='word_1_85' title='bbox 518 777 650 816; x_wconf 85' lang='lat' dir='ltr'>Suidas</span> <span class='ocrx_word' id='word_1_86' title='bbox 661 805 670 822; x_wconf 90' lang='lat'>,</span> <span class='ocrx_word' id='word_1_87' title='bbox 684 774 749 823; x_wconf 92' lang='lat' dir='ltr'>qui</span> <span class='ocrx_word' id='word_1_88' title='bbox 769 773 979 822; x_wconf 68' lang='grc' dir='ltr'>μεταμαθεῖν</span> <span class='ocrx_word' id='word_1_89' title='bbox 996 766 1151 816; x_wconf 81' lang='lat' dir='ltr'>exponit</span> <span class='ocrx_word' id='word_1_90' title='bbox 1168 765 1343 813; x_wconf 79' lang='grc' dir='ltr'>μεταγνῶ-</span> 
     </span>
     <span class='ocr_line' id='line_1_13' title="bbox 327 821 1342 884; baseline -0.022 -7"><span class='ocrx_word' id='word_1_91' title='bbox 327 855 401 884; x_wconf 87' lang='grc' dir='ltr'>ναι,</span> <span class='ocrx_word' id='word_1_92' title='bbox 416 838 626 875; x_wconf 84' lang='grc' dir='ltr'>παύσασθαι.</span> <span class='ocrx_word' id='word_1_93' title='bbox 644 859 684 865; x_wconf 86' lang='lat'><em>-</em></span> <span class='ocrx_word' id='word_1_94' title='bbox 705 846 720 868; x_wconf 88' lang='lat'>1</span> <span class='ocrx_word' id='word_1_95' title='bbox 732 845 746 867; x_wconf 92' lang='lat'>1</span> <span class='ocrx_word' id='word_1_96' title='bbox 767 830 936 881; x_wconf 73' lang='grc' dir='ltr'>ἀφέμενον</span> <span class='ocrx_word' id='word_1_97' title='bbox 952 831 996 864; x_wconf 83' lang='lat' dir='ltr'>R.</span> <span class='ocrx_word' id='word_1_98' title='bbox 1009 823 1202 862; x_wconf 80' lang='lat' dir='ltr'>etSuidaS.</span> <span class='ocrx_word' id='word_1_99' title='bbox 1218 821 1342 858; x_wconf 88' lang='lat' dir='ltr'>Ceteri</span> 
     </span>
     <span class='ocr_line' id='line_1_14' title="bbox 329 895 527 949; baseline -0.03 -14"><span class='ocrx_word' id='word_1_100' title='bbox 329 895 527 949; x_wconf 72' lang='grc' dir='ltr'>ἀφιεμένου.</span> 
     </span>
    </p>

    <p class='ocr_par' dir='ltr' id='par_1_6' title="bbox 331 936 1393 3253">
     <span class='ocr_line' id='line_1_15' title="bbox 380 936 1344 1003; baseline -0.02 -13"><span class='ocrx_word' id='word_1_101' title='bbox 380 954 454 1003; x_wconf 85' lang='grc'>925</span> <span class='ocrx_word' id='word_1_102' title='bbox 479 953 553 988; x_wconf 91' lang='lat' dir='ltr'>hoc</span> <span class='ocrx_word' id='word_1_103' title='bbox 570 949 703 985; x_wconf 83' lang='lat' dir='ltr'>ordine</span> <span class='ocrx_word' id='word_1_104' title='bbox 732 947 770 982; x_wconf 89' lang='lat' dir='ltr'>in</span> <span class='ocrx_word' id='word_1_105' title='bbox 787 949 852 990; x_wconf 74' lang='lat' dir='ltr'>V.‚</span> <span class='ocrx_word' id='word_1_106' title='bbox 873 942 1014 993; x_wconf 74' lang='grc' dir='ltr'>Σίλφιον</span> <span class='ocrx_word' id='word_1_107' title='bbox 1043 938 1169 989; x_wconf 78' lang='grc' dir='ltr'>βοτάνη</span> <span class='ocrx_word' id='word_1_108' title='bbox 1188 963 1227 968; x_wconf 94' lang='grc'>-</span> <span class='ocrx_word' id='word_1_109' title='bbox 1246 936 1344 974; x_wconf 77' lang='grc' dir='ltr'>Ἀλε-</span> 
     </span>
     <span class='ocr_line' id='line_1_16' title="bbox 331 993 1343 1063; baseline -0.02 -14"><span class='ocrx_word' id='word_1_110' title='bbox 331 1007 668 1063; x_wconf 77' lang='grc' dir='ltr'>ξανδρίδης.Ἄλλως.</span> <span class='ocrx_word' id='word_1_111' title='bbox 685 1001 792 1044; x_wconf 82' lang='grc' dir='ltr'>Βάτος</span> <span class='ocrx_word' id='word_1_112' title='bbox 811 999 970 1051; x_wconf 79' lang='grc' dir='ltr'>Κυρήνην</span> <span class='ocrx_word' id='word_1_113' title='bbox 985 1023 1026 1030; x_wconf 92' lang='lat'>—</span> <span class='ocrx_word' id='word_1_114' title='bbox 1040 995 1248 1046; x_wconf 74' lang='grc' dir='ltr'>δεχομένων.</span> <span class='ocrx_word' id='word_1_115' title='bbox 1264 993 1343 1031; x_wconf 83' lang='grc' dir='ltr'>Ἄλ-</span> 
     </span>
     <span class='ocr_line' id='line_1_17' title="bbox 332 1049 1346 1115; baseline -0.02 -9"><span class='ocrx_word' id='word_1_116' title='bbox 332 1073 407 1111; x_wconf 80' lang='grc' dir='ltr'>&gt;ως.</span> <span class='ocrx_word' id='word_1_117' title='bbox 425 1064 596 1115; x_wconf 79' lang='grc' dir='ltr'>παροιμία</span> <span class='ocrx_word' id='word_1_118' title='bbox 629 1062 685 1100; x_wconf 79' lang='grc' dir='ltr'>ἐπὶ</span> <span class='ocrx_word' id='word_1_119' title='bbox 714 1063 780 1098; x_wconf 74' lang='grc' dir='ltr'>τῶν</span> <span class='ocrx_word' id='word_1_120' title='bbox 817 1057 983 1096; x_wconf 75' lang='grc' dir='ltr'>σπανίων.</span> <span class='ocrx_word' id='word_1_121' title='bbox 1009 1055 1116 1096; x_wconf 75' lang='grc' dir='ltr'>Βάτος</span> <span class='ocrx_word' id='word_1_122' title='bbox 1145 1049 1185 1100; x_wconf 63' lang='grc' dir='ltr'>ἦν</span> <span class='ocrx_word' id='word_1_123' title='bbox 1209 1067 1258 1094; x_wconf 83' lang='grc' dir='ltr'>τις</span> <span class='ocrx_word' id='word_1_124' title='bbox 1278 1053 1346 1088; x_wconf 83' lang='grc' dir='ltr'>τῶν</span> 
     </span>
     <span class='ocr_line' id='line_1_18' title="bbox 340 1110 1348 1174; baseline -0.02 -10"><span class='ocrx_word' id='word_1_125' title='bbox 340 1125 468 1164; x_wconf 71' lang='grc' dir='ltr'>λιὸύων</span> <span class='ocrx_word' id='word_1_126' title='bbox 489 1120 658 1174; x_wconf 83' lang='grc' dir='ltr'>βασιλεύς.</span> <span class='ocrx_word' id='word_1_127' title='bbox 674 1118 792 1169; x_wconf 81' lang='grc' dir='ltr'>γέγονε</span> <span class='ocrx_word' id='word_1_128' title='bbox 811 1118 846 1153; x_wconf 81' lang='grc' dir='ltr'>δὲ</span> <span class='ocrx_word' id='word_1_129' title='bbox 863 1115 993 1167; x_wconf 68' lang='grc' dir='ltr'>σφόδρα</span> <span class='ocrx_word' id='word_1_130' title='bbox 1012 1113 1153 1153; x_wconf 82' lang='grc' dir='ltr'>δίκαιος.</span> <span class='ocrx_word' id='word_1_131' title='bbox 1179 1110 1233 1147; x_wconf 79' lang='grc' dir='ltr'>διὰ</span> <span class='ocrx_word' id='word_1_132' title='bbox 1249 1112 1348 1145; x_wconf 74' lang='grc' dir='ltr'>τοῦτο</span> 
     </span>
     <span class='ocr_line' id='line_1_19' title="bbox 332 1166 1349 1227; baseline -0.023 -4"><span class='ocrx_word' id='word_1_133' title='bbox 332 1185 397 1224; x_wconf 74' lang='grc' dir='ltr'>ὑπὸ</span> <span class='ocrx_word' id='word_1_134' title='bbox 415 1185 483 1220; x_wconf 78' lang='grc' dir='ltr'>τῶν</span> <span class='ocrx_word' id='word_1_135' title='bbox 499 1179 661 1226; x_wconf 78' lang='grc' dir='ltr'>ὑπηκόων</span> <span class='ocrx_word' id='word_1_136' title='bbox 690 1175 846 1227; x_wconf 76' lang='lat' dir='ltr'>(excidit</span> <span class='ocrx_word' id='word_1_137' title='bbox 874 1171 1028 1222; x_wconf 80' lang='grc' dir='ltr'>μεγάλως</span> <span class='ocrx_word' id='word_1_138' title='bbox 1058 1172 1200 1219; x_wconf 80' lang='grc' dir='ltr'>ἐτιμᾶτο</span> <span class='ocrx_word' id='word_1_139' title='bbox 1219 1168 1276 1203; x_wconf 70' lang='lat' dir='ltr'>vel</span> <span class='ocrx_word' id='word_1_140' title='bbox 1298 1166 1349 1201; x_wconf 90' lang='lat' dir='ltr'>si-</span> 
     </span>
     <span class='ocr_line' id='line_1_20' title="bbox 337 1226 1348 1290; baseline -0.021 -11"><span class='ocrx_word' id='word_1_141' title='bbox 337 1242 422 1279; x_wconf 86' lang='lat' dir='ltr'>mile</span> <span class='ocrx_word' id='word_1_142' title='bbox 439 1239 558 1290; x_wconf 88' lang='lat' dir='ltr'>quid).</span> <span class='ocrx_word' id='word_1_143' title='bbox 576 1237 657 1288; x_wconf 85' lang='grc' dir='ltr'>παρ’</span> <span class='ocrx_word' id='word_1_144' title='bbox 673 1237 787 1275; x_wconf 76' lang='grc' dir='ltr'>αὐτοῖς</span> <span class='ocrx_word' id='word_1_145' title='bbox 815 1231 849 1268; x_wconf 81' lang='grc' dir='ltr'>δὲ</span> <span class='ocrx_word' id='word_1_146' title='bbox 867 1230 904 1268; x_wconf 82' lang='grc' dir='ltr'>τὸ</span> <span class='ocrx_word' id='word_1_147' title='bbox 921 1230 1052 1281; x_wconf 69' lang='grc' dir='ltr'>σίλφιον</span> <span class='ocrx_word' id='word_1_148' title='bbox 1069 1231 1168 1264; x_wconf 74' lang='grc' dir='ltr'>τοῦτο</span> <span class='ocrx_word' id='word_1_149' title='bbox 1184 1226 1348 1274; x_wconf 76' lang='grc' dir='ltr'>λαχανῶ-</span> 
     </span>
     <span class='ocr_line' id='line_1_21' title="bbox 337 1283 1352 1351; baseline -0.023 -11"><span class='ocrx_word' id='word_1_150' title='bbox 337 1303 388 1343; x_wconf 82' lang='grc' dir='ltr'>δες</span> <span class='ocrx_word' id='word_1_151' title='bbox 406 1298 520 1351; x_wconf 71' lang='grc' dir='ltr'>φυτόν.</span> <span class='ocrx_word' id='word_1_152' title='bbox 552 1289 690 1333; x_wconf 80' lang='grc' dir='ltr'>ἐδόκουν</span> <span class='ocrx_word' id='word_1_153' title='bbox 715 1291 749 1330; x_wconf 78' lang='grc' dir='ltr'>δὲ</span> <span class='ocrx_word' id='word_1_154' title='bbox 770 1289 904 1341; x_wconf 78' lang='grc' dir='ltr'>σπανίῳ</span> <span class='ocrx_word' id='word_1_155' title='bbox 923 1290 1015 1338; x_wconf 74' lang='grc' dir='ltr'>αὐτῷ</span> <span class='ocrx_word' id='word_1_156' title='bbox 1045 1286 1118 1322; x_wconf 81' lang='grc' dir='ltr'>ὄντι</span> <span class='ocrx_word' id='word_1_157' title='bbox 1148 1283 1231 1325; x_wconf 80' lang='grc' dir='ltr'>τέως</span> <span class='ocrx_word' id='word_1_158' title='bbox 1259 1283 1352 1331; x_wconf 75' lang='grc' dir='ltr'>αὐτῷ</span> 
     </span>
     <span class='ocr_line' id='line_1_22' title="bbox 335 1341 1352 1411; baseline -0.021 -14"><span class='ocrx_word' id='word_1_159' title='bbox 335 1361 550 1411; x_wconf 73' lang='grc' dir='ltr'>κεχρῆσθαι,</span> <span class='ocrx_word' id='word_1_160' title='bbox 568 1355 642 1392; x_wconf 81' lang='grc' dir='ltr'>ἀλλ’</span> <span class='ocrx_word' id='word_1_161' title='bbox 655 1352 751 1390; x_wconf 76' lang='grc' dir='ltr'>εἵπου</span> <span class='ocrx_word' id='word_1_162' title='bbox 766 1350 824 1388; x_wconf 78' lang='grc' dir='ltr'>καὶ</span> <span class='ocrx_word' id='word_1_163' title='bbox 843 1348 1018 1399; x_wconf 75' lang='grc' dir='ltr'>εὑρίσκετο</span> <span class='ocrx_word' id='word_1_164' title='bbox 1035 1346 1130 1395; x_wconf 79' lang='grc' dir='ltr'>αὐτῷ</span> <span class='ocrx_word' id='word_1_165' title='bbox 1143 1341 1352 1394; x_wconf 65' lang='grc' dir='ltr'>προσέφερον</span> 
     </span>
     <span class='ocr_line' id='line_1_23' title="bbox 337 1400 1351 1465; baseline -0.021 -11"><span class='ocrx_word' id='word_1_166' title='bbox 337 1416 439 1453; x_wconf 78' lang='grc' dir='ltr'>αὐτόν</span> <span class='ocrx_word' id='word_1_167' title='bbox 465 1416 581 1465; x_wconf 88' lang='lat' dir='ltr'>(recte</span> <span class='ocrx_word' id='word_1_168' title='bbox 599 1410 681 1448; x_wconf 78' lang='grc' dir='ltr'>αὐτό</span> <span class='ocrx_word' id='word_1_169' title='bbox 703 1410 767 1457; x_wconf 81' lang='lat' dir='ltr'>G.)</span> <span class='ocrx_word' id='word_1_170' title='bbox 785 1433 825 1438; x_wconf 89' lang='lat'>-</span> <span class='ocrx_word' id='word_1_171' title='bbox 852 1407 895 1442; x_wconf 88' lang='lat'>16</span> <span class='ocrx_word' id='word_1_172' title='bbox 922 1404 1030 1444; x_wconf 77' lang='grc' dir='ltr'>Βάτος</span> <span class='ocrx_word' id='word_1_173' title='bbox 1054 1403 1115 1438; x_wconf 89' lang='lat' dir='ltr'>hic</span> <span class='ocrx_word' id='word_1_174' title='bbox 1136 1410 1172 1437; x_wconf 90' lang='lat' dir='ltr'>et</span> <span class='ocrx_word' id='word_1_175' title='bbox 1189 1400 1289 1436; x_wconf 88' lang='lat' dir='ltr'>infra</span> <span class='ocrx_word' id='word_1_176' title='bbox 1307 1401 1351 1434; x_wconf 91' lang='lat' dir='ltr'>V.</span> 
     </span>
     <span class='ocr_line' id='line_1_24' title="bbox 344 1461 1356 1513; baseline -0.02 -2"><span class='ocrx_word' id='word_1_177' title='bbox 344 1501 377 1507; x_wconf 90' lang='lat'><em>-</em></span> <span class='ocrx_word' id='word_1_178' title='bbox 399 1476 443 1510; x_wconf 88' lang='lat'>18</span> <span class='ocrx_word' id='word_1_179' title='bbox 465 1472 503 1508; x_wconf 80' lang='grc' dir='ltr'>τὸ</span> <span class='ocrx_word' id='word_1_180' title='bbox 532 1484 606 1507; x_wconf 91' lang='lat' dir='ltr'>om.</span> <span class='ocrx_word' id='word_1_181' title='bbox 639 1472 684 1504; x_wconf 93' lang='lat' dir='ltr'>V.</span> <span class='ocrx_word' id='word_1_182' title='bbox 713 1492 754 1497; x_wconf 94' lang='lat'><strong>—</strong></span> <span class='ocrx_word' id='word_1_183' title='bbox 794 1479 851 1513; x_wconf 82' lang='lat'>19.</span> <span class='ocrx_word' id='word_1_184' title='bbox 882 1461 1038 1500; x_wconf 81' lang='lat' dir='ltr'>Nummi</span> <span class='ocrx_word' id='word_1_185' title='bbox 1069 1463 1356 1508; x_wconf 79' lang='lat' dir='ltr'>Cyrenaeorum,</span> 
     </span>
     <span class='ocr_line' id='line_1_25' title="bbox 344 1515 1358 1578; baseline -0.021 -9"><span class='ocrx_word' id='word_1_186' title='bbox 344 1532 437 1570; x_wconf 85' lang='lat' dir='ltr'>Batti</span> <span class='ocrx_word' id='word_1_187' title='bbox 459 1529 583 1578; x_wconf 82' lang='lat' dir='ltr'>effigie</span> <span class='ocrx_word' id='word_1_188' title='bbox 602 1525 760 1575; x_wconf 85' lang='lat' dir='ltr'>signati,</span> <span class='ocrx_word' id='word_1_189' title='bbox 775 1523 899 1559; x_wconf 87' lang='lat' dir='ltr'>adhuc</span> <span class='ocrx_word' id='word_1_190' title='bbox 916 1519 1028 1556; x_wconf 90' lang='lat' dir='ltr'>hodie</span> <span class='ocrx_word' id='word_1_191' title='bbox 1044 1519 1084 1554; x_wconf 92' lang='lat' dir='ltr'>in</span> <span class='ocrx_word' id='word_1_192' title='bbox 1104 1515 1358 1563; x_wconf 86' lang='lat' dir='ltr'>nummophy-</span> 
     </span>
     <span class='ocr_line' id='line_1_26' title="bbox 341 1573 1358 1636; baseline -0.02 -10"><span class='ocrx_word' id='word_1_193' title='bbox 341 1590 442 1626; x_wconf 82' lang='lat' dir='ltr'>laciis</span> <span class='ocrx_word' id='word_1_194' title='bbox 459 1586 715 1636; x_wconf 85' lang='lat' dir='ltr'>reperiuntur.</span> <span class='ocrx_word' id='word_1_195' title='bbox 735 1585 853 1618; x_wconf 74' lang='lat' dir='ltr'>Kus&#39;r.</span> <span class='ocrx_word' id='word_1_196' title='bbox 870 1577 969 1623; x_wconf 78' lang='grc' dir='ltr'>αὐτὸ,</span> <span class='ocrx_word' id='word_1_197' title='bbox 988 1589 1036 1612; x_wconf 91' lang='grc' dir='ltr'>2ο</span> <span class='ocrx_word' id='word_1_198' title='bbox 1054 1573 1212 1626; x_wconf 79' lang='grc' dir='ltr'>βασιλεία</span> <span class='ocrx_word' id='word_1_199' title='bbox 1226 1577 1273 1612; x_wconf 82' lang='lat' dir='ltr'>V,</span> <span class='ocrx_word' id='word_1_200' title='bbox 1293 1574 1358 1621; x_wconf 78' lang='grc' dir='ltr'>βα-</span> 
     </span>
     <span class='ocr_line' id='line_1_27' title="bbox 343 1628 1360 1692; baseline -0.02 -8"><span class='ocrx_word' id='word_1_201' title='bbox 343 1645 440 1683; x_wconf 81' lang='grc' dir='ltr'>σιλέα</span> <span class='ocrx_word' id='word_1_202' title='bbox 461 1649 518 1691; x_wconf 62' lang='lat' dir='ltr'>R„</span> <span class='ocrx_word' id='word_1_203' title='bbox 539 1643 603 1692; x_wconf 90' lang='lat' dir='ltr'>qui</span> <span class='ocrx_word' id='word_1_204' title='bbox 617 1639 754 1677; x_wconf 86' lang='lat' dir='ltr'>deinde</span> <span class='ocrx_word' id='word_1_205' title='bbox 767 1637 915 1689; x_wconf 59' lang='grc' dir='ltr'>σίλφιον.</span> <span class='ocrx_word' id='word_1_206' title='bbox 931 1635 1002 1672; x_wconf 82' lang='grc' dir='ltr'>ἔστι</span> <span class='ocrx_word' id='word_1_207' title='bbox 1019 1632 1055 1670; x_wconf 74' lang='grc' dir='ltr'>δὲ</span> <span class='ocrx_word' id='word_1_208' title='bbox 1072 1632 1198 1683; x_wconf 71' lang='grc' dir='ltr'>βοτάνη</span> <span class='ocrx_word' id='word_1_209' title='bbox 1217 1628 1360 1668; x_wconf 83' lang='grc' dir='ltr'>πολυτί-</span> 
     </span>
     <span class='ocr_line' id='line_1_28' title="bbox 347 1688 1359 1750; baseline -0.019 -8"><span class='ocrx_word' id='word_1_210' title='bbox 347 1717 461 1750; x_wconf 71' lang='grc' dir='ltr'>μητος.</span> <span class='ocrx_word' id='word_1_211' title='bbox 483 1727 524 1733; x_wconf 89' lang='lat'>-</span> <span class='ocrx_word' id='word_1_212' title='bbox 541 1715 585 1738; x_wconf 85' lang='lat'>21</span> <span class='ocrx_word' id='word_1_213' title='bbox 607 1702 648 1750; x_wconf 72' lang='grc' dir='ltr'>τῇ</span> <span class='ocrx_word' id='word_1_214' title='bbox 669 1707 706 1734; x_wconf 88' lang='lat' dir='ltr'>et</span> <span class='ocrx_word' id='word_1_215' title='bbox 731 1710 778 1733; x_wconf 86' lang='grc'>22</span> <span class='ocrx_word' id='word_1_216' title='bbox 808 1695 867 1732; x_wconf 79' lang='grc' dir='ltr'>καὶ</span> <span class='ocrx_word' id='word_1_217' title='bbox 895 1708 969 1734; x_wconf 80' lang='lat' dir='ltr'>om.</span> <span class='ocrx_word' id='word_1_218' title='bbox 991 1696 1035 1729; x_wconf 83' lang='lat' dir='ltr'>V.</span> <span class='ocrx_word' id='word_1_219' title='bbox 1055 1717 1096 1723; x_wconf 87' lang='lat'>--</span> <span class='ocrx_word' id='word_1_220' title='bbox 1117 1697 1163 1734; x_wconf 80' lang='lat'>24</span> <span class='ocrx_word' id='word_1_221' title='bbox 1181 1692 1198 1726; x_wconf 80' lang='grc' dir='ltr'>ὃ</span> <span class='ocrx_word' id='word_1_222' title='bbox 1220 1688 1280 1725; x_wconf 78' lang='grc' dir='ltr'>καὶ</span> <span class='ocrx_word' id='word_1_223' title='bbox 1305 1691 1359 1732; x_wconf 92' lang='lat' dir='ltr'>V.‚</span> 
     </span>
     <span class='ocr_line' id='line_1_29' title="bbox 351 1747 1360 1810; baseline -0.019 -10"><span class='ocrx_word' id='word_1_224' title='bbox 351 1763 480 1800; x_wconf 84' lang='lat' dir='ltr'>Suidas</span> <span class='ocrx_word' id='word_1_225' title='bbox 498 1776 524 1797; x_wconf 85' lang='lat' dir='ltr'>s.</span> <span class='ocrx_word' id='word_1_226' title='bbox 548 1760 704 1810; x_wconf 66' lang='grc' dir='ltr'>Σίλφιον,</span> <span class='ocrx_word' id='word_1_227' title='bbox 724 1755 924 1793; x_wconf 78' lang='lat' dir='ltr'>scholiasta</span> <span class='ocrx_word' id='word_1_228' title='bbox 941 1751 1092 1788; x_wconf 84' lang='lat' dir='ltr'>Pindari</span> <span class='ocrx_word' id='word_1_229' title='bbox 1109 1750 1215 1798; x_wconf 82' lang='lat' dir='ltr'>Pyth.</span> <span class='ocrx_word' id='word_1_230' title='bbox 1234 1753 1270 1790; x_wconf 69' lang='grc'>4,</span> <span class='ocrx_word' id='word_1_231' title='bbox 1302 1747 1360 1790; x_wconf 70' lang='lat'>15,</span> 
     </span>
     <span class='ocr_line' id='line_1_30' title="bbox 352 1805 1361 1869; baseline -0.017 -12"><span class='ocrx_word' id='word_1_232' title='bbox 352 1820 566 1869; x_wconf 84' lang='lat' dir='ltr'>Apostolius</span> <span class='ocrx_word' id='word_1_233' title='bbox 594 1832 622 1853; x_wconf 94' lang='lat' dir='ltr'>s.</span> <span class='ocrx_word' id='word_1_234' title='bbox 659 1814 793 1852; x_wconf 83' lang='grc' dir='ltr'>Βάττου</span> <span class='ocrx_word' id='word_1_235' title='bbox 818 1811 962 1862; x_wconf 72' lang='grc' dir='ltr'>σίλφιον.</span> <span class='ocrx_word' id='word_1_236' title='bbox 986 1811 1030 1851; x_wconf 80' lang='grc' dir='ltr'>ὡς</span> <span class='ocrx_word' id='word_1_237' title='bbox 1052 1808 1110 1845; x_wconf 76' lang='grc' dir='ltr'>καὶ</span> <span class='ocrx_word' id='word_1_238' title='bbox 1133 1812 1177 1844; x_wconf 86' lang='lat' dir='ltr'>G.</span> <span class='ocrx_word' id='word_1_239' title='bbox 1208 1808 1253 1847; x_wconf 78' lang='grc' dir='ltr'>ὡς</span> <span class='ocrx_word' id='word_1_240' title='bbox 1278 1805 1361 1841; x_wconf 91' lang='lat' dir='ltr'>Ald.</span> 
     </span>
     <span class='ocr_line' id='line_1_31' title="bbox 354 1863 1365 1917; baseline -0.018 -1"><span class='ocrx_word' id='word_1_241' title='bbox 354 1905 386 1910; x_wconf 75' lang='grc'>-</span> <span class='ocrx_word' id='word_1_242' title='bbox 410 1879 457 1914; x_wconf 83' lang='grc'>25</span> <span class='ocrx_word' id='word_1_243' title='bbox 479 1877 577 1914; x_wconf 72' lang='grc' dir='ltr'>πόλιν</span> <span class='ocrx_word' id='word_1_244' title='bbox 600 1873 770 1911; x_wconf 88' lang='lat' dir='ltr'>additum</span> <span class='ocrx_word' id='word_1_245' title='bbox 793 1884 838 1906; x_wconf 87' lang='lat' dir='ltr'>ex</span> <span class='ocrx_word' id='word_1_246' title='bbox 860 1872 924 1915; x_wconf 81' lang='lat' dir='ltr'>V.‚</span> <span class='ocrx_word' id='word_1_247' title='bbox 950 1869 1014 1917; x_wconf 88' lang='lat' dir='ltr'>qui</span> <span class='ocrx_word' id='word_1_248' title='bbox 1033 1868 1080 1902; x_wconf 90' lang='grc'>26</span> <span class='ocrx_word' id='word_1_249' title='bbox 1109 1864 1198 1901; x_wconf 71' lang='grc' dir='ltr'>κατὰ</span> <span class='ocrx_word' id='word_1_250' title='bbox 1218 1863 1275 1900; x_wconf 80' lang='grc' dir='ltr'>τὸν</span> <span class='ocrx_word' id='word_1_251' title='bbox 1298 1875 1365 1913; x_wconf 88' lang='lat' dir='ltr'>per</span> 
     </span>
     <span class='ocr_line' id='line_1_32' title="bbox 351 1918 1366 1975; baseline -0.02 0"><span class='ocrx_word' id='word_1_252' title='bbox 351 1949 516 1975; x_wconf 83' lang='lat' dir='ltr'>errorem</span> <span class='ocrx_word' id='word_1_253' title='bbox 549 1947 595 1971; x_wconf 75' lang='lat' dir='ltr'>ex</span> <span class='ocrx_word' id='word_1_254' title='bbox 629 1926 943 1967; x_wconf 78' lang='lat' dir='ltr'>antecedentibus</span> <span class='ocrx_word' id='word_1_255' title='bbox 978 1924 1136 1973; x_wconf 79' lang='lat' dir='ltr'>repetita</span> <span class='ocrx_word' id='word_1_256' title='bbox 1170 1935 1239 1970; x_wconf 84' lang='lat' dir='ltr'>pro</span> <span class='ocrx_word' id='word_1_257' title='bbox 1271 1918 1366 1970; x_wconf 69' lang='grc' dir='ltr'>παρὰ</span> 
     </span>
     <span class='ocr_line' id='line_1_33' title="bbox 355 1978 1368 2045; baseline -0.018 -15"><span class='ocrx_word' id='word_1_258' title='bbox 355 1995 470 2045; x_wconf 90' lang='lat' dir='ltr'>ponit.</span> <span class='ocrx_word' id='word_1_259' title='bbox 492 1994 541 2043; x_wconf 77' lang='grc' dir='ltr'>τῷ</span> <span class='ocrx_word' id='word_1_260' title='bbox 563 1988 754 2028; x_wconf 82' lang='grc' dir='ltr'>Ἀπόλλωνι</span> <span class='ocrx_word' id='word_1_261' title='bbox 772 1987 819 2023; x_wconf 89' lang='grc' dir='ltr'>Θ.</span> <span class='ocrx_word' id='word_1_262' title='bbox 840 1984 926 2021; x_wconf 90' lang='lat' dir='ltr'>Ald.</span> <span class='ocrx_word' id='word_1_263' title='bbox 947 2008 988 2013; x_wconf 93' lang='lat'>—</span> <span class='ocrx_word' id='word_1_264' title='bbox 1012 1985 1059 2017; x_wconf 77' lang='lat'>28</span> <span class='ocrx_word' id='word_1_265' title='bbox 1083 1978 1277 2030; x_wconf 81' lang='grc' dir='ltr'>βασιλείας,</span> <span class='ocrx_word' id='word_1_266' title='bbox 1308 1991 1368 2014; x_wconf 90' lang='lat' dir='ltr'>su-</span> 
     </span>
     <span class='ocr_line' id='line_1_34' title="bbox 354 2034 1367 2104; baseline -0.017 -16"><span class='ocrx_word' id='word_1_267' title='bbox 354 2065 421 2104; x_wconf 77' lang='lat' dir='ltr'>pra</span> <span class='ocrx_word' id='word_1_268' title='bbox 441 2051 582 2097; x_wconf 86' lang='lat' dir='ltr'>scripto</span> <span class='ocrx_word' id='word_1_269' title='bbox 604 2043 812 2095; x_wconf 76' lang='grc' dir='ltr'>εὐεργεσίας,</span> <span class='ocrx_word' id='word_1_270' title='bbox 825 2045 888 2087; x_wconf 71' lang='lat' dir='ltr'>V.‚</span> <span class='ocrx_word' id='word_1_271' title='bbox 907 2053 984 2076; x_wconf 89' lang='lat' dir='ltr'>non</span> <span class='ocrx_word' id='word_1_272' title='bbox 1002 2043 1047 2076; x_wconf 91' lang='lat' dir='ltr'>G.</span> <span class='ocrx_word' id='word_1_273' title='bbox 1063 2063 1104 2070; x_wconf 93' lang='lat'><em>-</em></span> <span class='ocrx_word' id='word_1_274' title='bbox 1123 2051 1170 2085; x_wconf 83' lang='lat'>29</span> <span class='ocrx_word' id='word_1_275' title='bbox 1189 2034 1367 2073; x_wconf 79' lang='grc' dir='ltr'>δακτύλιον</span> 
     </span>
     <span class='ocr_line' id='line_1_35' title="bbox 358 2094 1368 2146; baseline -0.017 0"><span class='ocrx_word' id='word_1_276' title='bbox 358 2110 487 2146; x_wconf 85' lang='lat' dir='ltr'>libriet</span> <span class='ocrx_word' id='word_1_277' title='bbox 505 2106 650 2144; x_wconf 87' lang='lat' dir='ltr'>Suidas.</span> <span class='ocrx_word' id='word_1_278' title='bbox 680 2102 815 2146; x_wconf 77' lang='grc' dir='ltr'>εἰκόνα,</span> <span class='ocrx_word' id='word_1_279' title='bbox 845 2102 889 2141; x_wconf 79' lang='grc' dir='ltr'>ὡς</span> <span class='ocrx_word' id='word_1_280' title='bbox 909 2098 944 2135; x_wconf 81' lang='grc' dir='ltr'>δέ</span> <span class='ocrx_word' id='word_1_281' title='bbox 966 2112 1052 2138; x_wconf 86' lang='grc' dir='ltr'>τινες</span> <span class='ocrx_word' id='word_1_282' title='bbox 1079 2094 1256 2132; x_wconf 75' lang='grc' dir='ltr'>δακτύλιον</span> <span class='ocrx_word' id='word_1_283' title='bbox 1284 2094 1368 2131; x_wconf 77' lang='lat' dir='ltr'>Ald.</span> 
     </span>
     <span class='ocr_line' id='line_1_36' title="bbox 361 2152 1369 2207; baseline -0.019 -2"><span class='ocrx_word' id='word_1_284' title='bbox 361 2192 393 2198; x_wconf 83' lang='lat'>-</span> <span class='ocrx_word' id='word_1_285' title='bbox 414 2170 454 2204; x_wconf 76' lang='lat'>31</span> <span class='ocrx_word' id='word_1_286' title='bbox 477 2164 601 2205; x_wconf 71' lang='grc' dir='ltr'>καυλὸς</span> <span class='ocrx_word' id='word_1_287' title='bbox 619 2167 829 2200; x_wconf 83' lang='lat' dir='ltr'>Pearsonus</span> <span class='ocrx_word' id='word_1_288' title='bbox 847 2156 948 2207; x_wconf 85' lang='lat' dir='ltr'>apud</span> <span class='ocrx_word' id='word_1_289' title='bbox 963 2159 1116 2192; x_wconf 86' lang='lat' dir='ltr'>Kuster.</span> <span class='ocrx_word' id='word_1_290' title='bbox 1139 2153 1184 2189; x_wconf 85' lang='lat' dir='ltr'>ad</span> <span class='ocrx_word' id='word_1_291' title='bbox 1202 2152 1369 2189; x_wconf 85' lang='lat' dir='ltr'>Suidam.</span> 
     </span>
     <span class='ocr_line' id='line_1_37' title="bbox 360 2211 1372 2274; baseline -0.017 -12"><span class='ocrx_word' id='word_1_292' title='bbox 360 2224 570 2274; x_wconf 84' lang='lat' dir='ltr'>Legebatur</span> <span class='ocrx_word' id='word_1_293' title='bbox 591 2220 725 2261; x_wconf 80' lang='grc' dir='ltr'>κλάδος.</span> <span class='ocrx_word' id='word_1_294' title='bbox 744 2217 850 2256; x_wconf 86' lang='lat' dir='ltr'>Conf.</span> <span class='ocrx_word' id='word_1_295' title='bbox 876 2215 990 2251; x_wconf 85' lang='lat' dir='ltr'>schol.</span> <span class='ocrx_word' id='word_1_296' title='bbox 1013 2213 1139 2261; x_wconf 80' lang='lat' dir='ltr'>Equit.</span> <span class='ocrx_word' id='word_1_297' title='bbox 1158 2213 1243 2259; x_wconf 84' lang='lat'>890.</span> <span class='ocrx_word' id='word_1_298' title='bbox 1270 2211 1372 2246; x_wconf 78' lang='grc' dir='ltr'>αὐτοῦ</span> 
     </span>
     <span class='ocr_line' id='line_1_38' title="bbox 361 2267 1375 2335; baseline -0.018 -15"><span class='ocrx_word' id='word_1_299' title='bbox 361 2281 632 2335; x_wconf 68' lang='grc' dir='ltr'>προσφερόμενον</span> <span class='ocrx_word' id='word_1_300' title='bbox 645 2279 749 2327; x_wconf 73' lang='grc' dir='ltr'>τιμῆς</span> <span class='ocrx_word' id='word_1_301' title='bbox 766 2277 812 2313; x_wconf 88' lang='grc' dir='ltr'>Θ.</span> <span class='ocrx_word' id='word_1_302' title='bbox 833 2299 872 2306; x_wconf 84' lang='lat'><em>-</em></span> <span class='ocrx_word' id='word_1_303' title='bbox 892 2275 938 2309; x_wconf 73' lang='lat'>32</span> <span class='ocrx_word' id='word_1_304' title='bbox 954 2271 1201 2320; x_wconf 79' lang='grc' dir='ltr'>Ἀμπελιῶται.</span> <span class='ocrx_word' id='word_1_305' title='bbox 1219 2268 1280 2305; x_wconf 89' lang='lat' dir='ltr'>Ab</span> <span class='ocrx_word' id='word_1_306' title='bbox 1297 2267 1375 2316; x_wconf 75' lang='grc' dir='ltr'>Ἀμ-</span> 
     </span>
     <span class='ocr_line' id='line_1_39' title="bbox 362 2326 1377 2391; baseline -0.017 -13"><span class='ocrx_word' id='word_1_307' title='bbox 362 2340 472 2391; x_wconf 81' lang='grc' dir='ltr'>πὲλῳ,</span> <span class='ocrx_word' id='word_1_308' title='bbox 494 2337 711 2387; x_wconf 70' lang='lat' dir='ltr'>Cyrenaicae</span> <span class='ocrx_word' id='word_1_309' title='bbox 735 2330 1004 2383; x_wconf 82' lang='lat' dir='ltr'>promontorio</span> <span class='ocrx_word' id='word_1_310' title='bbox 1025 2337 1061 2365; x_wconf 92' lang='lat' dir='ltr'>et</span> <span class='ocrx_word' id='word_1_311' title='bbox 1084 2327 1198 2370; x_wconf 80' lang='lat' dir='ltr'>urbe,</span> <span class='ocrx_word' id='word_1_312' title='bbox 1220 2326 1377 2373; x_wconf 87' lang='lat' dir='ltr'>Stepha-</span> 
     </span>
     <span class='ocr_line' id='line_1_40' title="bbox 364 2382 1376 2446; baseline -0.018 -10"><span class='ocrx_word' id='word_1_313' title='bbox 364 2413 429 2436; x_wconf 88' lang='lat' dir='ltr'>nus</span> <span class='ocrx_word' id='word_1_314' title='bbox 450 2396 660 2446; x_wconf 72' lang='grc' dir='ltr'>Ἂμπελίτην</span> <span class='ocrx_word' id='word_1_315' title='bbox 691 2392 808 2429; x_wconf 85' lang='lat' dir='ltr'>finxit.</span> <span class='ocrx_word' id='word_1_316' title='bbox 840 2394 880 2427; x_wconf 82' lang='lat' dir='ltr'>L.</span> <span class='ocrx_word' id='word_1_317' title='bbox 906 2387 1123 2424; x_wconf 87' lang='lat' dir='ltr'>Holstenius</span> <span class='ocrx_word' id='word_1_318' title='bbox 1149 2384 1249 2434; x_wconf 82' lang='lat' dir='ltr'>apud</span> <span class='ocrx_word' id='word_1_319' title='bbox 1274 2382 1376 2421; x_wconf 83' lang='lat' dir='ltr'>Suid.</span> 
     </span>
     <span class='ocr_line' id='line_1_41' title="bbox 364 2442 1378 2504; baseline -0.018 -10"><span class='ocrx_word' id='word_1_320' title='bbox 364 2473 396 2494; x_wconf 69' lang='lat' dir='ltr'>v.</span> <span class='ocrx_word' id='word_1_321' title='bbox 437 2456 578 2504; x_wconf 63' lang='grc' dir='ltr'>Σίλφιον</span> <span class='ocrx_word' id='word_1_322' title='bbox 616 2451 852 2500; x_wconf 71' lang='grc' dir='ltr'>Ἀμπελιῶται</span> <span class='ocrx_word' id='word_1_323' title='bbox 890 2447 962 2495; x_wconf 76' lang='lat' dir='ltr'>legi</span> <span class='ocrx_word' id='word_1_324' title='bbox 1006 2456 1162 2480; x_wconf 86' lang='lat' dir='ltr'>monens</span> <span class='ocrx_word' id='word_1_325' title='bbox 1197 2442 1345 2478; x_wconf 81' lang='lat' dir='ltr'>addidit</span> <span class='ocrx_word' id='word_1_326' title='bbox 1371 2456 1378 2476; x_wconf 90' lang='lat'>:</span> 
     </span>
     <span class='ocr_line' id='line_1_42' title="bbox 365 2500 1380 2563; baseline -0.017 -13"><span class='ocrx_word' id='word_1_327' title='bbox 365 2517 459 2563; x_wconf 79' lang='lat' dir='ltr'>quod</span> <span class='ocrx_word' id='word_1_328' title='bbox 473 2513 637 2560; x_wconf 76' lang='lat' dir='ltr'>fortasse</span> <span class='ocrx_word' id='word_1_329' title='bbox 667 2511 750 2544; x_wconf 76' lang='lat' dir='ltr'>hinc</span> <span class='ocrx_word' id='word_1_330' title='bbox 778 2506 1051 2553; x_wconf 78' lang='lat' dir='ltr'>reformandum</span> <span class='ocrx_word' id='word_1_331' title='bbox 1082 2500 1380 2546; x_wconf 77' lang='lat' dir='ltr'>scribendumque</span> 
     </span>
     <span class='ocr_line' id='line_1_43' title="bbox 365 2557 1380 2621; baseline -0.02 -12"><span class='ocrx_word' id='word_1_332' title='bbox 365 2572 580 2621; x_wconf 82' lang='grc' dir='ltr'>Ἀμπελῖται.</span> <span class='ocrx_word' id='word_1_333' title='bbox 614 2565 780 2603; x_wconf 78' lang='lat' dir='ltr'>Eandem</span> <span class='ocrx_word' id='word_1_334' title='bbox 813 2563 926 2598; x_wconf 89' lang='lat' dir='ltr'>fuisse</span> <span class='ocrx_word' id='word_1_335' title='bbox 959 2558 1128 2596; x_wconf 84' lang='lat' dir='ltr'>Salmasii</span> <span class='ocrx_word' id='word_1_336' title='bbox 1161 2557 1380 2605; x_wconf 86' lang='lat' dir='ltr'>opinionem</span> 
     </span>
     <span class='ocr_line' id='line_1_44' title="bbox 367 2613 1382 2682; baseline -0.021 -13"><span class='ocrx_word' id='word_1_337' title='bbox 367 2639 471 2682; x_wconf 87' lang='lat' dir='ltr'>patet</span> <span class='ocrx_word' id='word_1_338' title='bbox 491 2642 537 2664; x_wconf 82' lang='lat' dir='ltr'>ex</span> <span class='ocrx_word' id='word_1_339' title='bbox 554 2627 649 2664; x_wconf 86' lang='lat' dir='ltr'>Plin.</span> <span class='ocrx_word' id='word_1_340' title='bbox 672 2628 806 2661; x_wconf 82' lang='lat' dir='ltr'>Exere.</span> <span class='ocrx_word' id='word_1_341' title='bbox 831 2635 865 2669; x_wconf 92' lang='lat' dir='ltr'>p.</span> <span class='ocrx_word' id='word_1_342' title='bbox 885 2621 972 2664; x_wconf 67' lang='lat'>265,</span> <span class='ocrx_word' id='word_1_343' title='bbox 993 2621 1033 2654; x_wconf 87' lang='lat' dir='ltr'>B.</span> <span class='ocrx_word' id='word_1_344' title='bbox 1053 2621 1194 2652; x_wconf 59' lang='lat' dir='ltr'>Verum</span> <span class='ocrx_word' id='word_1_345' title='bbox 1212 2613 1382 2651; x_wconf 83' lang='lat' dir='ltr'>Berkelio</span> 
     </span>
     <span class='ocr_line' id='line_1_45' title="bbox 370 2673 1385 2729; baseline -0.02 -3"><span class='ocrx_word' id='word_1_346' title='bbox 370 2689 504 2726; x_wconf 88' lang='lat' dir='ltr'>lubens</span> <span class='ocrx_word' id='word_1_347' title='bbox 524 2684 662 2721; x_wconf 71' lang='lat' dir='ltr'>accedo</span> <span class='ocrx_word' id='word_1_348' title='bbox 679 2712 687 2728; x_wconf 83' lang='lat'>‚</span> <span class='ocrx_word' id='word_1_349' title='bbox 706 2681 771 2729; x_wconf 87' lang='lat' dir='ltr'>qni</span> <span class='ocrx_word' id='word_1_350' title='bbox 794 2680 831 2715; x_wconf 91' lang='lat' dir='ltr'>in</span> <span class='ocrx_word' id='word_1_351' title='bbox 852 2675 1061 2726; x_wconf 76' lang='grc' dir='ltr'>Ἀμπελίτης</span> <span class='ocrx_word' id='word_1_352' title='bbox 1081 2682 1121 2709; x_wconf 88' lang='lat' dir='ltr'>ut</span> <span class='ocrx_word' id='word_1_353' title='bbox 1143 2674 1300 2709; x_wconf 83' lang='lat' dir='ltr'>formam</span> <span class='ocrx_word' id='word_1_354' title='bbox 1321 2673 1385 2707; x_wconf 78' lang='lat' dir='ltr'>AE-</span> 
     </span>
     <span class='ocr_line' id='line_1_46' title="bbox 372 2729 1384 2797; baseline -0.022 -14"><span class='ocrx_word' id='word_1_355' title='bbox 372 2746 579 2797; x_wconf 72' lang='lat' dir='ltr'>gyptiacam</span> <span class='ocrx_word' id='word_1_356' title='bbox 598 2739 769 2790; x_wconf 74' lang='lat' dir='ltr'>agnoscit</span> <span class='ocrx_word' id='word_1_357' title='bbox 783 2766 791 2782; x_wconf 89' lang='lat'>,</span> <span class='ocrx_word' id='word_1_358' title='bbox 815 2737 866 2771; x_wconf 85' lang='lat' dir='ltr'>sic</span> <span class='ocrx_word' id='word_1_359' title='bbox 888 2731 1127 2781; x_wconf 73' lang='grc' dir='ltr'>Ἀμπελιώτης</span> <span class='ocrx_word' id='word_1_360' title='bbox 1147 2729 1302 2765; x_wconf 89' lang='lat' dir='ltr'>minime</span> <span class='ocrx_word' id='word_1_361' title='bbox 1324 2740 1384 2762; x_wconf 87' lang='lat' dir='ltr'>re-</span> 
     </span>
     <span class='ocr_line' id='line_1_47' title="bbox 374 2782 1385 2855; baseline -0.023 -14"><span class='ocrx_word' id='word_1_362' title='bbox 374 2801 607 2855; x_wconf 81' lang='lat' dir='ltr'>pudiandum</span> <span class='ocrx_word' id='word_1_363' title='bbox 626 2810 704 2833; x_wconf 80' lang='lat' dir='ltr'>esse</span> <span class='ocrx_word' id='word_1_364' title='bbox 727 2802 854 2831; x_wconf 77' lang='lat' dir='ltr'>censet</span> <span class='ocrx_word' id='word_1_365' title='bbox 873 2807 879 2828; x_wconf 76' lang='grc' dir='ltr'>ε</span> <span class='ocrx_word' id='word_1_366' title='bbox 902 2792 973 2826; x_wconf 87' lang='lat' dir='ltr'>hoc</span> <span class='ocrx_word' id='word_1_367' title='bbox 988 2789 1165 2826; x_wconf 85' lang='lat' dir='ltr'>nimirum</span> <span class='ocrx_word' id='word_1_368' title='bbox 1192 2786 1238 2821; x_wconf 85' lang='lat' dir='ltr'>ab</span> <span class='ocrx_word' id='word_1_369' title='bbox 1258 2782 1385 2833; x_wconf 82' lang='grc' dir='ltr'>Ἀμπέ-</span> 
     </span>
     <span class='ocr_line' id='line_1_48' title="bbox 376 2846 1386 2909; baseline -0.023 -9"><span class='ocrx_word' id='word_1_370' title='bbox 376 2869 464 2909; x_wconf 68' lang='grc' dir='ltr'>λιος,</span> <span class='ocrx_word' id='word_1_371' title='bbox 488 2859 580 2898; x_wconf 90' lang='lat' dir='ltr'>illud</span> <span class='ocrx_word' id='word_1_372' title='bbox 605 2858 650 2894; x_wconf 84' lang='lat' dir='ltr'>ab</span> <span class='ocrx_word' id='word_1_373' title='bbox 673 2853 845 2905; x_wconf 70' lang='grc' dir='ltr'>Ἄμπελος</span> <span class='ocrx_word' id='word_1_374' title='bbox 873 2850 1029 2887; x_wconf 74' lang='lat' dir='ltr'>exsistit.</span> <span class='ocrx_word' id='word_1_375' title='bbox 1053 2846 1243 2884; x_wconf 76' lang='lat' dir='ltr'>Berkelius</span> <span class='ocrx_word' id='word_1_376' title='bbox 1263 2852 1386 2879; x_wconf 90' lang='lat' dir='ltr'>autem</span> 
     </span>
     <span class='ocr_line' id='line_1_49' title="bbox 374 2903 1387 2961; baseline -0.023 -4"><span class='ocrx_word' id='word_1_377' title='bbox 374 2919 582 2961; x_wconf 78' lang='lat' dir='ltr'>scholiastae</span> <span class='ocrx_word' id='word_1_378' title='bbox 601 2914 720 2950; x_wconf 83' lang='lat' dir='ltr'>nostri</span> <span class='ocrx_word' id='word_1_379' title='bbox 732 2910 846 2948; x_wconf 79' lang='lat' dir='ltr'>verba</span> <span class='ocrx_word' id='word_1_380' title='bbox 861 2918 1080 2958; x_wconf 85' lang='lat' dir='ltr'>proponens</span> <span class='ocrx_word' id='word_1_381' title='bbox 1095 2903 1247 2939; x_wconf 89' lang='lat' dir='ltr'>Suidam</span> <span class='ocrx_word' id='word_1_382' title='bbox 1268 2910 1387 2936; x_wconf 88' lang='lat' dir='ltr'>tamen</span> 
     </span>
     <span class='ocr_line' id='line_1_50' title="bbox 377 2959 1390 3019; baseline -0.021 -6"><span class='ocrx_word' id='word_1_383' title='bbox 377 2978 495 3014; x_wconf 86' lang='lat' dir='ltr'>solum</span> <span class='ocrx_word' id='word_1_384' title='bbox 524 2973 716 3015; x_wconf 86' lang='lat' dir='ltr'>nominat,</span> <span class='ocrx_word' id='word_1_385' title='bbox 742 2968 843 3019; x_wconf 88' lang='lat' dir='ltr'>apud</span> <span class='ocrx_word' id='word_1_386' title='bbox 867 2979 979 3016; x_wconf 88' lang='lat' dir='ltr'>quem</span> <span class='ocrx_word' id='word_1_387' title='bbox 1004 2965 1044 3000; x_wconf 92' lang='lat' dir='ltr'>in</span> <span class='ocrx_word' id='word_1_388' title='bbox 1073 2962 1213 3012; x_wconf 78' lang='grc' dir='ltr'>Σίλφιον</span> <span class='ocrx_word' id='word_1_389' title='bbox 1242 2959 1390 3007; x_wconf 82' lang='lat' dir='ltr'>legitur,</span> 
     </span>
     <span class='ocr_line' id='line_1_51' title="bbox 377 3016 1391 3082; baseline -0.022 -10"><span class='ocrx_word' id='word_1_390' title='bbox 377 3035 436 3071; x_wconf 76' lang='grc' dir='ltr'>καὶ</span> <span class='ocrx_word' id='word_1_391' title='bbox 455 3036 485 3071; x_wconf 72' lang='grc' dir='ltr'>οἳ</span> <span class='ocrx_word' id='word_1_392' title='bbox 501 3033 532 3070; x_wconf 79' lang='grc' dir='ltr'>Ἀ</span> <span class='ocrx_word' id='word_1_393' title='bbox 541 3032 735 3082; x_wconf 79' lang='grc' dir='ltr'>μπελιῶται</span> <span class='ocrx_word' id='word_1_394' title='bbox 746 3059 754 3075; x_wconf 89' lang='grc'>,</span> <span class='ocrx_word' id='word_1_395' title='bbox 774 3027 850 3072; x_wconf 81' lang='grc' dir='ltr'>ἔθνη</span> <span class='ocrx_word' id='word_1_396' title='bbox 866 3024 1013 3068; x_wconf 49' lang='lat' dir='ltr'>Aiga-qq·</span> <span class='ocrx_word' id='word_1_397' title='bbox 1029 3022 1067 3058; x_wconf 89' lang='lat' dir='ltr'>in</span> <span class='ocrx_word' id='word_1_398' title='bbox 1090 3020 1224 3057; x_wconf 80' lang='grc' dir='ltr'>Βάττου</span> <span class='ocrx_word' id='word_1_399' title='bbox 1239 3016 1370 3067; x_wconf 71' lang='grc' dir='ltr'>σίλφιον</span> <span class='ocrx_word' id='word_1_400' title='bbox 1382 3045 1391 3062; x_wconf 85' lang='grc'>,</span> 
     </span>
     <span class='ocr_line' id='line_1_52' title="bbox 379 3072 1393 3134; baseline -0.021 -6"><span class='ocrx_word' id='word_1_401' title='bbox 379 3094 408 3127; x_wconf 75' lang='grc' dir='ltr'>οἳ</span> <span class='ocrx_word' id='word_1_402' title='bbox 429 3091 463 3128; x_wconf 80' lang='grc' dir='ltr'>δὲ</span> <span class='ocrx_word' id='word_1_403' title='bbox 477 3090 533 3127; x_wconf 71' lang='grc' dir='ltr'>ἐπὶ</span> <span class='ocrx_word' id='word_1_404' title='bbox 554 3088 684 3133; x_wconf 55' lang='lat' dir='ltr'>med-q&lt;</span> <span class='ocrx_word' id='word_1_405' title='bbox 708 3086 952 3134; x_wconf 73' lang='grc' dir='ltr'>Ἀμπελιῶται.</span> <span class='ocrx_word' id='word_1_406' title='bbox 979 3084 1190 3127; x_wconf 77' lang='lat' dir='ltr'>Corruptus</span> <span class='ocrx_word' id='word_1_407' title='bbox 1208 3076 1245 3111; x_wconf 90' lang='lat' dir='ltr'>in</span> <span class='ocrx_word' id='word_1_408' title='bbox 1263 3072 1393 3121; x_wconf 81' lang='grc' dir='ltr'>Ἄμπε-</span> 
     </span>
     <span class='ocr_line' id='line_1_53' title="bbox 380 3131 1392 3196; baseline -0.018 -10"><span class='ocrx_word' id='word_1_409' title='bbox 380 3151 436 3190; x_wconf 81' lang='grc' dir='ltr'>λος</span> <span class='ocrx_word' id='word_1_410' title='bbox 452 3148 629 3196; x_wconf 80' lang='lat' dir='ltr'>Hesychii</span> <span class='ocrx_word' id='word_1_411' title='bbox 643 3147 747 3182; x_wconf 89' lang='lat' dir='ltr'>locus</span> <span class='ocrx_word' id='word_1_412' title='bbox 768 3143 859 3179; x_wconf 89' lang='lat' dir='ltr'>mihi</span> <span class='ocrx_word' id='word_1_413' title='bbox 874 3140 1026 3177; x_wconf 86' lang='lat' dir='ltr'>videtur</span> <span class='ocrx_word' id='word_1_414' title='bbox 1041 3138 1093 3173; x_wconf 85' lang='lat' dir='ltr'>ita</span> <span class='ocrx_word' id='word_1_415' title='bbox 1112 3131 1362 3183; x_wconf 76' lang='lat' dir='ltr'>expoliendus</span> <span class='ocrx_word' id='word_1_416' title='bbox 1384 3144 1392 3168; x_wconf 75' lang='grc' dir='ltr'><em>τ</em></span> 
     </span>
     <span class='ocr_line' id='line_1_54' title="bbox 382 3187 1392 3253; baseline -0.022 -9"><span class='ocrx_word' id='word_1_417' title='bbox 382 3206 419 3244; x_wconf 74' lang='grc' dir='ltr'>Ἄ</span> <span class='ocrx_word' id='word_1_418' title='bbox 427 3207 554 3246; x_wconf 72' lang='grc' dir='ltr'>μπελος</span> <span class='ocrx_word' id='word_1_419' title='bbox 567 3234 575 3251; x_wconf 86' lang='grc'>,</span> <span class='ocrx_word' id='word_1_420' title='bbox 590 3207 611 3249; x_wconf 76' lang='grc' dir='ltr'>ἡ</span> <span class='ocrx_word' id='word_1_421' title='bbox 628 3201 770 3253; x_wconf 69' lang='grc' dir='ltr'>μηχανή</span> <span class='ocrx_word' id='word_1_422' title='bbox 783 3214 790 3221; x_wconf 91' lang='grc'><em>·</em></span> <span class='ocrx_word' id='word_1_423' title='bbox 807 3199 865 3236; x_wconf 71' lang='grc' dir='ltr'>καὶ</span> <span class='ocrx_word' id='word_1_424' title='bbox 876 3198 965 3248; x_wconf 78' lang='grc' dir='ltr'>ἄκρα</span> <span class='ocrx_word' id='word_1_425' title='bbox 976 3193 1145 3238; x_wconf 87' lang='grc' dir='ltr'>Μυκάλης</span> <span class='ocrx_word' id='word_1_426' title='bbox 1158 3220 1167 3235; x_wconf 89' lang='grc'>,</span> <span class='ocrx_word' id='word_1_427' title='bbox 1187 3190 1291 3240; x_wconf 80' lang='grc' dir='ltr'>ἤγουν</span> <span class='ocrx_word' id='word_1_428' title='bbox 1305 3187 1392 3239; x_wconf 86' lang='grc' dir='ltr'>ὅρος·</span> 
     </span>
    </p>

    <p class='ocr_par' dir='ltr' id='par_1_7' title="bbox 386 3245 1394 3369">
     <span class='ocr_line' id='line_1_55' title="bbox 386 3245 1394 3315; baseline -0.021 -14"><span class='ocrx_word' id='word_1_429' title='bbox 386 3262 584 3315; x_wconf 79' lang='grc' dir='ltr'>Κυρηναίοις</span> <span class='ocrx_word' id='word_1_430' title='bbox 616 3261 651 3297; x_wconf 80' lang='grc' dir='ltr'>δὲ</span> <span class='ocrx_word' id='word_1_431' title='bbox 683 3256 852 3308; x_wconf 85' lang='grc' dir='ltr'>αἰγιαλός·</span> <span class='ocrx_word' id='word_1_432' title='bbox 886 3254 944 3292; x_wconf 74' lang='grc' dir='ltr'>καὶ</span> <span class='ocrx_word' id='word_1_433' title='bbox 970 3253 1068 3293; x_wconf 83' lang='grc' dir='ltr'>πόλις</span> <span class='ocrx_word' id='word_1_434' title='bbox 1096 3247 1259 3300; x_wconf 79' lang='grc' dir='ltr'>Θρᾴκης·</span> <span class='ocrx_word' id='word_1_435' title='bbox 1294 3245 1353 3282; x_wconf 77' lang='grc' dir='ltr'>καὶ</span> <span class='ocrx_word' id='word_1_436' title='bbox 1373 3248 1394 3290; x_wconf 80' lang='grc' dir='ltr'>ἡ</span> 
     </span>
     <span class='ocr_line' id='line_1_56' title="bbox 386 3306 1390 3369; baseline -0.017 -12"><span class='ocrx_word' id='word_1_437' title='bbox 386 3321 550 3369; x_wconf 78' lang='grc' dir='ltr'>ἄμπελος.</span> <span class='ocrx_word' id='word_1_438' title='bbox 573 3322 795 3365; x_wconf 73' lang='lat' dir='ltr'>Quanquam</span> <span class='ocrx_word' id='word_1_439' title='bbox 822 3314 920 3350; x_wconf 76' lang='lat' dir='ltr'>enim</span> <span class='ocrx_word' id='word_1_440' title='bbox 941 3310 1046 3348; x_wconf 77' lang='lat' dir='ltr'>sedes</span> <span class='ocrx_word' id='word_1_441' title='bbox 1067 3306 1366 3357; x_wconf 80' lang='lat' dir='ltr'>Ampeliotarum</span> <span class='ocrx_word' id='word_1_442' title='bbox 1382 3329 1390 3340; x_wconf 70' lang='grc'><strong>.</strong></span> 
     </span>
    </p>
   </div>
   <div class='ocr_carea' id='block_1_5' title="bbox 1383 2383 1453 3338">
    <p class='ocr_par' dir='ltr' id='par_1_8' title="bbox 1383 2383 1453 3338">
     <span class='ocr_line' id='line_1_57' title="bbox 1383 2383 1453 3338; baseline 0 0"><span class='ocrx_word' id='word_1_443' title='bbox 1383 2383 1453 3338; x_wconf 95' lang='lat' dir='ltr'> </span> 
     </span>
    </p>
   </div>
   <div class='ocr_carea' id='block_1_6' title="bbox 1394 346 2439 1791">
    <p class='ocr_par' dir='ltr' id='par_1_9' title="bbox 1394 346 2439 1791">
     <span class='ocr_line' id='line_1_58' title="bbox 1394 346 2400 408; baseline -0.021 -12"><span class='ocrx_word' id='word_1_444' title='bbox 1394 360 1496 408; x_wconf 76' lang='lat' dir='ltr'>regio</span> <span class='ocrx_word' id='word_1_445' title='bbox 1519 359 1582 394; x_wconf 87' lang='lat' dir='ltr'>illa</span> <span class='ocrx_word' id='word_1_446' title='bbox 1601 357 1639 392; x_wconf 91' lang='lat' dir='ltr'>in</span> <span class='ocrx_word' id='word_1_447' title='bbox 1671 363 1775 403; x_wconf 85' lang='lat' dir='ltr'>parte</span> <span class='ocrx_word' id='word_1_448' title='bbox 1800 352 2013 401; x_wconf 83' lang='lat' dir='ltr'>Cyrenaicae</span> <span class='ocrx_word' id='word_1_449' title='bbox 2044 349 2155 385; x_wconf 88' lang='lat' dir='ltr'>fuisse</span> <span class='ocrx_word' id='word_1_450' title='bbox 2182 346 2270 388; x_wconf 82' lang='lat' dir='ltr'>sita,</span> <span class='ocrx_word' id='word_1_451' title='bbox 2291 354 2400 390; x_wconf 87' lang='lat' dir='ltr'>quam</span> 
     </span>
     <span class='ocr_line' id='line_1_59' title="bbox 1394 398 2402 458; baseline -0.021 -5"><span class='ocrx_word' id='word_1_452' title='bbox 1394 416 1587 453; x_wconf 88' lang='lat' dir='ltr'>Diodorus</span> <span class='ocrx_word' id='word_1_453' title='bbox 1609 413 1660 448; x_wconf 87' lang='lat' dir='ltr'>ait</span> <span class='ocrx_word' id='word_1_454' title='bbox 1687 410 1817 455; x_wconf 78' lang='grc' dir='ltr'>πολλὴν</span> <span class='ocrx_word' id='word_1_455' title='bbox 1836 410 2010 458; x_wconf 66' lang='grc' dir='ltr'>ἄμπελον,</span> <span class='ocrx_word' id='word_1_456' title='bbox 2032 407 2082 442; x_wconf 83' lang='grc' dir='ltr'>ἔτι</span> <span class='ocrx_word' id='word_1_457' title='bbox 2104 405 2130 440; x_wconf 75' lang='grc' dir='ltr'>δ’</span> <span class='ocrx_word' id='word_1_458' title='bbox 2153 401 2270 439; x_wconf 81' lang='grc' dir='ltr'>ἐλαίαν</span> <span class='ocrx_word' id='word_1_459' title='bbox 2285 398 2402 448; x_wconf 71' lang='grc' dir='ltr'>ἔχειν,</span> 
     </span>
     <span class='ocr_line' id='line_1_60' title="bbox 1396 465 2404 513; baseline -0.018 -3"><span class='ocrx_word' id='word_1_460' title='bbox 1396 484 1431 511; x_wconf 91' lang='lat' dir='ltr'>et</span> <span class='ocrx_word' id='word_1_461' title='bbox 1463 486 1539 509; x_wconf 80' lang='lat' dir='ltr'>orae</span> <span class='ocrx_word' id='word_1_462' title='bbox 1571 469 1767 507; x_wconf 74' lang='lat' dir='ltr'>maritimae</span> <span class='ocrx_word' id='word_1_463' title='bbox 1800 475 1958 503; x_wconf 83' lang='lat' dir='ltr'>tractum</span> <span class='ocrx_word' id='word_1_464' title='bbox 1997 465 2157 513; x_wconf 79' lang='lat' dir='ltr'>aliquem</span> <span class='ocrx_word' id='word_1_465' title='bbox 2191 468 2404 506; x_wconf 68' lang='lat' dir='ltr'>occupasse.</span> 
     </span>
     <span class='ocr_line' id='line_1_61' title="bbox 1397 512 2405 577; baseline -0.02 -9"><span class='ocrx_word' id='word_1_466' title='bbox 1397 535 1544 568; x_wconf 66' lang='lat' dir='ltr'>Hmisr.</span> <span class='ocrx_word' id='word_1_467' title='bbox 1576 529 1621 569; x_wconf 84' lang='grc' dir='ltr'>εἷς</span> <span class='ocrx_word' id='word_1_468' title='bbox 1642 522 1791 577; x_wconf 63' lang='grc' dir='ltr'>Δελφοὺς</span> <span class='ocrx_word' id='word_1_469' title='bbox 1812 532 1849 559; x_wconf 86' lang='lat' dir='ltr'>et</span> <span class='ocrx_word' id='word_1_470' title='bbox 1867 523 2061 572; x_wconf 82' lang='lat' dir='ltr'>sequentia</span> <span class='ocrx_word' id='word_1_471' title='bbox 2092 533 2167 555; x_wconf 87' lang='lat' dir='ltr'>om.</span> <span class='ocrx_word' id='word_1_472' title='bbox 2198 518 2246 554; x_wconf 88' lang='grc' dir='ltr'>Θ.</span> <span class='ocrx_word' id='word_1_473' title='bbox 2273 539 2313 544; x_wconf 90' lang='grc'>-</span> <span class='ocrx_word' id='word_1_474' title='bbox 2345 512 2405 548; x_wconf 78' lang='lat'>33.</span> 
     </span>
     <span class='ocr_line' id='line_1_62' title="bbox 1399 571 2408 627; baseline -0.02 -2"><span class='ocrx_word' id='word_1_475' title='bbox 1399 588 1630 625; x_wconf 72' lang='lat' dir='ltr'>Histoi-icum</span> <span class='ocrx_word' id='word_1_476' title='bbox 1655 581 1952 625; x_wconf 74' lang='lat' dir='ltr'>Alexandriden,</span> <span class='ocrx_word' id='word_1_477' title='bbox 1989 577 2146 627; x_wconf 77' lang='lat' dir='ltr'>Delphis</span> <span class='ocrx_word' id='word_1_478' title='bbox 2183 571 2408 614; x_wconf 83' lang='lat' dir='ltr'>oriundum,</span> 
     </span>
     <span class='ocr_line' id='line_1_63' title="bbox 1399 628 2410 693; baseline -0.021 -10"><span class='ocrx_word' id='word_1_479' title='bbox 1399 659 1525 683; x_wconf 87' lang='lat' dir='ltr'>rerum</span> <span class='ocrx_word' id='word_1_480' title='bbox 1549 643 1757 693; x_wconf 78' lang='lat' dir='ltr'>patriarum</span> <span class='ocrx_word' id='word_1_481' title='bbox 1781 639 2024 687; x_wconf 74' lang='lat' dir='ltr'>scriptorem,</span> <span class='ocrx_word' id='word_1_482' title='bbox 2047 644 2083 671; x_wconf 90' lang='lat' dir='ltr'>et</span> <span class='ocrx_word' id='word_1_483' title='bbox 2118 628 2410 671; x_wconf 84' lang='lat' dir='ltr'>Anaxandriden</span> 
     </span>
     <span class='ocr_line' id='line_1_64' title="bbox 1400 690 2412 742; baseline -0.02 -2"><span class='ocrx_word' id='word_1_484' title='bbox 1400 704 1584 739; x_wconf 71' lang='lat' dir='ltr'>comit-uin</span> <span class='ocrx_word' id='word_1_485' title='bbox 1606 701 1696 735; x_wconf 90' lang='lat' dir='ltr'>olim</span> <span class='ocrx_word' id='word_1_486' title='bbox 1712 698 1757 733; x_wconf 89' lang='lat' dir='ltr'>ad</span> <span class='ocrx_word' id='word_1_487' title='bbox 1772 696 1913 732; x_wconf 89' lang='lat' dir='ltr'>Polluc.</span> <span class='ocrx_word' id='word_1_488' title='bbox 1930 708 1966 742; x_wconf 87' lang='lat'>9,</span> <span class='ocrx_word' id='word_1_489' title='bbox 1982 693 2043 740; x_wconf 86' lang='lat'>59,</span> <span class='ocrx_word' id='word_1_490' title='bbox 2063 690 2234 735; x_wconf 82' lang='lat' dir='ltr'>distinxi,</span> <span class='ocrx_word' id='word_1_491' title='bbox 2250 695 2286 724; x_wconf 90' lang='lat' dir='ltr'>et</span> <span class='ocrx_word' id='word_1_492' title='bbox 2302 697 2412 722; x_wconf 89' lang='lat' dir='ltr'>suum</span> 
     </span>
     <span class='ocr_line' id='line_1_65' title="bbox 1402 746 2414 809; baseline -0.019 -12"><span class='ocrx_word' id='word_1_493' title='bbox 1402 760 1552 809; x_wconf 88' lang='lat' dir='ltr'>utrique</span> <span class='ocrx_word' id='word_1_494' title='bbox 1573 770 1709 794; x_wconf 87' lang='lat' dir='ltr'>nomen</span> <span class='ocrx_word' id='word_1_495' title='bbox 1734 753 1930 789; x_wconf 89' lang='lat' dir='ltr'>vindicare</span> <span class='ocrx_word' id='word_1_496' title='bbox 1947 763 2029 787; x_wconf 90' lang='lat' dir='ltr'>sum</span> <span class='ocrx_word' id='word_1_497' title='bbox 2046 755 2214 785; x_wconf 89' lang='lat' dir='ltr'>conatus.</span> <span class='ocrx_word' id='word_1_498' title='bbox 2233 746 2304 782; x_wconf 89' lang='lat' dir='ltr'>Hic</span> <span class='ocrx_word' id='word_1_499' title='bbox 2327 756 2414 779; x_wconf 85' lang='lat' dir='ltr'>sen-</span> 
     </span>
     <span class='ocr_line' id='line_1_66' title="bbox 1403 804 2414 858; baseline -0.019 -3"><span class='ocrx_word' id='word_1_500' title='bbox 1403 819 1528 855; x_wconf 87' lang='lat' dir='ltr'>tentiae</span> <span class='ocrx_word' id='word_1_501' title='bbox 1550 823 1688 851; x_wconf 83' lang='lat' dir='ltr'>nostrae</span> <span class='ocrx_word' id='word_1_502' title='bbox 1711 816 1896 849; x_wconf 84' lang='lat' dir='ltr'>Kusterus</span> <span class='ocrx_word' id='word_1_503' title='bbox 1917 808 2079 858; x_wconf 88' lang='lat' dir='ltr'>primum</span> <span class='ocrx_word' id='word_1_504' title='bbox 2098 804 2298 842; x_wconf 82' lang='lat' dir='ltr'>assentitur</span> <span class='ocrx_word' id='word_1_505' title='bbox 2314 816 2322 838; x_wconf 91' lang='lat'>:</span> <span class='ocrx_word' id='word_1_506' title='bbox 2340 808 2414 837; x_wconf 85' lang='lat' dir='ltr'>sta-</span> 
     </span>
     <span class='ocr_line' id='line_1_67' title="bbox 1404 853 2416 912; baseline -0.021 1"><span class='ocrx_word' id='word_1_507' title='bbox 1404 877 1470 912; x_wconf 86' lang='lat' dir='ltr'>tim</span> <span class='ocrx_word' id='word_1_508' title='bbox 1486 886 1636 911; x_wconf 82' lang='lat' dir='ltr'>causam</span> <span class='ocrx_word' id='word_1_509' title='bbox 1654 871 1829 907; x_wconf 87' lang='lat' dir='ltr'>deserens</span> <span class='ocrx_word' id='word_1_510' title='bbox 1845 880 1919 902; x_wconf 91' lang='lat' dir='ltr'>non</span> <span class='ocrx_word' id='word_1_511' title='bbox 1935 865 2092 901; x_wconf 87' lang='lat' dir='ltr'>multum</span> <span class='ocrx_word' id='word_1_512' title='bbox 2109 875 2147 898; x_wconf 88' lang='lat' dir='ltr'>se</span> <span class='ocrx_word' id='word_1_513' title='bbox 2163 853 2416 910; x_wconf 75' lang='lat' dir='ltr'>pugnaturum</span> 
     </span>
     <span class='ocr_line' id='line_1_68' title="bbox 1405 917 2418 982; baseline -0.021 -12"><span class='ocrx_word' id='word_1_514' title='bbox 1405 947 1483 970; x_wconf 83' lang='lat' dir='ltr'>esse</span> <span class='ocrx_word' id='word_1_515' title='bbox 1498 932 1708 982; x_wconf 85' lang='lat' dir='ltr'>profitetur,</span> <span class='ocrx_word' id='word_1_516' title='bbox 1733 927 1764 963; x_wconf 89' lang='lat' dir='ltr'>si</span> <span class='ocrx_word' id='word_1_517' title='bbox 1787 926 1871 974; x_wconf 87' lang='lat' dir='ltr'>quis</span> <span class='ocrx_word' id='word_1_518' title='bbox 1897 920 2170 972; x_wconf 64' lang='lat' dir='ltr'>praeferendam</span> <span class='ocrx_word' id='word_1_519' title='bbox 2187 917 2310 967; x_wconf 89' lang='lat' dir='ltr'>potius</span> <span class='ocrx_word' id='word_1_520' title='bbox 2326 928 2418 951; x_wconf 88' lang='lat' dir='ltr'>cen-</span> 
     </span>
     <span class='ocr_line' id='line_1_69' title="bbox 1406 971 2416 1036; baseline -0.02 -10"><span class='ocrx_word' id='word_1_521' title='bbox 1406 990 1523 1027; x_wconf 83' lang='lat' dir='ltr'>suerit</span> <span class='ocrx_word' id='word_1_522' title='bbox 1562 986 1784 1036; x_wconf 87' lang='lat' dir='ltr'>opinionem</span> <span class='ocrx_word' id='word_1_523' title='bbox 1820 981 1976 1017; x_wconf 82' lang='lat' dir='ltr'>Meursii</span> <span class='ocrx_word' id='word_1_524' title='bbox 1997 992 2006 1016; x_wconf 76' lang='lat' dir='ltr'>t</span> <span class='ocrx_word' id='word_1_525' title='bbox 2032 979 2062 1014; x_wconf 89' lang='lat' dir='ltr'>is</span> <span class='ocrx_word' id='word_1_526' title='bbox 2085 977 2226 1013; x_wconf 90' lang='lat' dir='ltr'>scilicet</span> <span class='ocrx_word' id='word_1_527' title='bbox 2250 974 2288 1009; x_wconf 90' lang='lat' dir='ltr'>in</span> <span class='ocrx_word' id='word_1_528' title='bbox 2322 971 2416 1008; x_wconf 88' lang='lat' dir='ltr'>Bibl.</span> 
     </span>
     <span class='ocr_line' id='line_1_70' title="bbox 1407 1034 2420 1088; baseline -0.021 -4"><span class='ocrx_word' id='word_1_529' title='bbox 1407 1052 1526 1084; x_wconf 83' lang='lat' dir='ltr'>Graec.</span> <span class='ocrx_word' id='word_1_530' title='bbox 1550 1041 1800 1080; x_wconf 84' lang='lat' dir='ltr'>Alexandride</span> <span class='ocrx_word' id='word_1_531' title='bbox 1820 1037 2066 1088; x_wconf 85' lang='lat' dir='ltr'>proturbatO,</span> <span class='ocrx_word' id='word_1_532' title='bbox 2090 1034 2212 1070; x_wconf 89' lang='lat' dir='ltr'>solum</span> <span class='ocrx_word' id='word_1_533' title='bbox 2238 1034 2420 1067; x_wconf 80' lang='lat' dir='ltr'>Anax-an—</span> 
     </span>
     <span class='ocr_line' id='line_1_71' title="bbox 1408 1095 2421 1146; baseline -0.022 -4"><span class='ocrx_word' id='word_1_534' title='bbox 1408 1105 1525 1142; x_wconf 86' lang='lat' dir='ltr'>dridae</span> <span class='ocrx_word' id='word_1_535' title='bbox 1545 1115 1682 1138; x_wconf 88' lang='lat' dir='ltr'>nomen</span> <span class='ocrx_word' id='word_1_536' title='bbox 1697 1128 1706 1145; x_wconf 90' lang='lat'>,</span> <span class='ocrx_word' id='word_1_537' title='bbox 1728 1107 1904 1146; x_wconf 83' lang='lat' dir='ltr'>tanquam</span> <span class='ocrx_word' id='word_1_538' title='bbox 1920 1095 2090 1141; x_wconf 88' lang='lat' dir='ltr'>utrisque</span> <span class='ocrx_word' id='word_1_539' title='bbox 2110 1100 2328 1133; x_wconf 89' lang='lat' dir='ltr'>commune,</span> <span class='ocrx_word' id='word_1_540' title='bbox 2348 1096 2421 1134; x_wconf 88' lang='lat' dir='ltr'>pro</span> 
     </span>
     <span class='ocr_line' id='line_1_72' title="bbox 1409 1141 2421 1212; baseline -0.022 -14"><span class='ocrx_word' id='word_1_541' title='bbox 1409 1161 1573 1212; x_wconf 82' lang='lat' dir='ltr'>genuino</span> <span class='ocrx_word' id='word_1_542' title='bbox 1594 1157 1737 1194; x_wconf 83' lang='lat' dir='ltr'>habuit.</span> <span class='ocrx_word' id='word_1_543' title='bbox 1759 1159 1839 1204; x_wconf 80' lang='lat' dir='ltr'>Ego</span> <span class='ocrx_word' id='word_1_544' title='bbox 1853 1153 1947 1189; x_wconf 90' lang='lat' dir='ltr'>nihil</span> <span class='ocrx_word' id='word_1_545' title='bbox 1969 1150 2093 1187; x_wconf 86' lang='lat' dir='ltr'>adhuc</span> <span class='ocrx_word' id='word_1_546' title='bbox 2106 1144 2318 1196; x_wconf 83' lang='lat' dir='ltr'>argumenti</span> <span class='ocrx_word' id='word_1_547' title='bbox 2336 1141 2421 1178; x_wconf 88' lang='lat' dir='ltr'>novi</span> 
     </span>
     <span class='ocr_line' id='line_1_73' title="bbox 1411 1201 2424 1268; baseline -0.021 -13"><span class='ocrx_word' id='word_1_548' title='bbox 1411 1219 1598 1268; x_wconf 87' lang='lat' dir='ltr'>prolatum</span> <span class='ocrx_word' id='word_1_549' title='bbox 1635 1213 1784 1262; x_wconf 83' lang='lat' dir='ltr'>reperio</span> <span class='ocrx_word' id='word_1_550' title='bbox 1799 1240 1807 1255; x_wconf 92' lang='lat'>,</span> <span class='ocrx_word' id='word_1_551' title='bbox 1840 1209 1939 1259; x_wconf 89' lang='lat' dir='ltr'>quod</span> <span class='ocrx_word' id='word_1_552' title='bbox 1972 1207 2168 1256; x_wconf 79' lang='lat' dir='ltr'>pristinam</span> <span class='ocrx_word' id='word_1_553' title='bbox 2204 1201 2424 1252; x_wconf 90' lang='lat' dir='ltr'>opinionem</span> 
     </span>
     <span class='ocr_line' id='line_1_74' title="bbox 1413 1265 2426 1313; baseline -0.021 0"><span class='ocrx_word' id='word_1_554' title='bbox 1413 1289 1531 1313; x_wconf 88' lang='lat' dir='ltr'>meam</span> <span class='ocrx_word' id='word_1_555' title='bbox 1550 1275 1609 1310; x_wconf 80' lang='lat' dir='ltr'>vel</span> <span class='ocrx_word' id='word_1_556' title='bbox 1630 1272 1827 1308; x_wconf 88' lang='lat' dir='ltr'>minimum</span> <span class='ocrx_word' id='word_1_557' title='bbox 1847 1268 2045 1304; x_wconf 74' lang='lat' dir='ltr'>labefactet</span> <span class='ocrx_word' id='word_1_558' title='bbox 2067 1280 2073 1300; x_wconf 91' lang='lat'><strong>:</strong></span> <span class='ocrx_word' id='word_1_559' title='bbox 2095 1265 2172 1300; x_wconf 90' lang='lat' dir='ltr'>imo</span> <span class='ocrx_word' id='word_1_560' title='bbox 2197 1269 2327 1297; x_wconf 87' lang='lat' dir='ltr'>contra</span> <span class='ocrx_word' id='word_1_561' title='bbox 2349 1271 2426 1294; x_wconf 89' lang='lat' dir='ltr'>non</span> 
     </span>
     <span class='ocr_line' id='line_1_75' title="bbox 1413 1318 2426 1384; baseline -0.02 -13"><span class='ocrx_word' id='word_1_562' title='bbox 1413 1346 1534 1384; x_wconf 85' lang='lat' dir='ltr'>pauca</span> <span class='ocrx_word' id='word_1_563' title='bbox 1568 1339 1654 1368; x_wconf 89' lang='lat' dir='ltr'>sunt</span> <span class='ocrx_word' id='word_1_564' title='bbox 1683 1329 1730 1365; x_wconf 87' lang='lat' dir='ltr'>ad</span> <span class='ocrx_word' id='word_1_565' title='bbox 1754 1339 1928 1368; x_wconf 87' lang='lat' dir='ltr'>manum,</span> <span class='ocrx_word' id='word_1_566' title='bbox 1960 1322 2098 1373; x_wconf 88' lang='lat' dir='ltr'>quibus</span> <span class='ocrx_word' id='word_1_567' title='bbox 2122 1334 2166 1357; x_wconf 90' lang='lat' dir='ltr'>ea</span> <span class='ocrx_word' id='word_1_568' title='bbox 2194 1318 2426 1361; x_wconf 87' lang='lat' dir='ltr'>firmissime,</span> 
     </span>
     <span class='ocr_line' id='line_1_76' title="bbox 1415 1375 2429 1443; baseline -0.02 -14"><span class='ocrx_word' id='word_1_569' title='bbox 1415 1400 1596 1443; x_wconf 86' lang='lat' dir='ltr'>quantum</span> <span class='ocrx_word' id='word_1_570' title='bbox 1617 1389 1653 1425; x_wconf 93' lang='lat' dir='ltr'>in</span> <span class='ocrx_word' id='word_1_571' title='bbox 1674 1385 1838 1434; x_wconf 85' lang='lat' dir='ltr'>antiquis</span> <span class='ocrx_word' id='word_1_572' title='bbox 1859 1383 1969 1419; x_wconf 91' lang='lat' dir='ltr'>rebus</span> <span class='ocrx_word' id='word_1_573' title='bbox 1986 1379 2165 1427; x_wconf 84' lang='lat' dir='ltr'>consequi</span> <span class='ocrx_word' id='word_1_574' title='bbox 2184 1378 2290 1419; x_wconf 87' lang='lat' dir='ltr'>licet,</span> <span class='ocrx_word' id='word_1_575' title='bbox 2311 1375 2429 1411; x_wconf 85' lang='lat' dir='ltr'>stabi-</span> 
     </span>
     <span class='ocr_line' id='line_1_77' title="bbox 1415 1433 2429 1499; baseline -0.023 -11"><span class='ocrx_word' id='word_1_576' title='bbox 1415 1452 1475 1488; x_wconf 88' lang='lat' dir='ltr'>liri</span> <span class='ocrx_word' id='word_1_577' title='bbox 1495 1448 1623 1499; x_wconf 81' lang='lat' dir='ltr'>possit.</span> <span class='ocrx_word' id='word_1_578' title='bbox 1644 1445 1712 1482; x_wconf 86' lang='lat' dir='ltr'>Ille</span> <span class='ocrx_word' id='word_1_579' title='bbox 1740 1445 1819 1492; x_wconf 88' lang='lat' dir='ltr'>ipse</span> <span class='ocrx_word' id='word_1_580' title='bbox 1849 1448 2057 1491; x_wconf 86' lang='lat' dir='ltr'>perpetuus</span> <span class='ocrx_word' id='word_1_581' title='bbox 2085 1438 2162 1473; x_wconf 91' lang='lat' dir='ltr'>fere</span> <span class='ocrx_word' id='word_1_582' title='bbox 2186 1433 2429 1471; x_wconf 83' lang='lat' dir='ltr'>librariorum</span> 
     </span>
     <span class='ocr_line' id='line_1_78' title="bbox 1417 1491 2428 1547; baseline -0.023 0"><span class='ocrx_word' id='word_1_583' title='bbox 1417 1522 1523 1547; x_wconf 85' lang='lat' dir='ltr'>error</span> <span class='ocrx_word' id='word_1_584' title='bbox 1546 1508 1584 1543; x_wconf 92' lang='lat' dir='ltr'>in</span> <span class='ocrx_word' id='word_1_585' title='bbox 1597 1501 1815 1541; x_wconf 89' lang='lat' dir='ltr'>nominibus</span> <span class='ocrx_word' id='word_1_586' title='bbox 1831 1500 1935 1535; x_wconf 89' lang='lat' dir='ltr'>hisce</span> <span class='ocrx_word' id='word_1_587' title='bbox 1956 1493 2215 1546; x_wconf 87' lang='lat' dir='ltr'>permutandis</span> <span class='ocrx_word' id='word_1_588' title='bbox 2233 1491 2344 1528; x_wconf 89' lang='lat' dir='ltr'>binos</span> <span class='ocrx_word' id='word_1_589' title='bbox 2357 1502 2428 1524; x_wconf 88' lang='lat' dir='ltr'>no-</span> 
     </span>
     <span class='ocr_line' id='line_1_79' title="bbox 1418 1553 2427 1610; baseline -0.022 -6"><span class='ocrx_word' id='word_1_590' title='bbox 1418 1568 1476 1605; x_wconf 85' lang='lat' dir='ltr'>bis</span> <span class='ocrx_word' id='word_1_591' title='bbox 1498 1567 1739 1610; x_wconf 75' lang='lat' dir='ltr'>diversosque</span> <span class='ocrx_word' id='word_1_592' title='bbox 1759 1558 1963 1606; x_wconf 86' lang='lat' dir='ltr'>scriptores</span> <span class='ocrx_word' id='word_1_593' title='bbox 1986 1554 2141 1590; x_wconf 86' lang='lat' dir='ltr'>indicat.</span> <span class='ocrx_word' id='word_1_594' title='bbox 2171 1554 2229 1587; x_wconf 89' lang='lat' dir='ltr'>De</span> <span class='ocrx_word' id='word_1_595' title='bbox 2252 1553 2427 1585; x_wconf 82' lang='lat' dir='ltr'>Anaxan-</span> 
     </span>
     <span class='ocr_line' id='line_1_80' title="bbox 1420 1604 2439 1664; baseline -0.024 0"><span class='ocrx_word' id='word_1_596' title='bbox 1420 1626 1529 1664; x_wconf 92' lang='lat' dir='ltr'>dride</span> <span class='ocrx_word' id='word_1_597' title='bbox 1545 1622 1690 1660; x_wconf 82' lang='lat' dir='ltr'>comico</span> <span class='ocrx_word' id='word_1_598' title='bbox 1706 1632 1764 1655; x_wconf 88' lang='lat' dir='ltr'>res</span> <span class='ocrx_word' id='word_1_599' title='bbox 1779 1616 1952 1653; x_wconf 78' lang='lat' dir='ltr'>facillime</span> <span class='ocrx_word' id='word_1_600' title='bbox 1967 1620 2092 1663; x_wconf 87' lang='lat' dir='ltr'>potest</span> <span class='ocrx_word' id='word_1_601' title='bbox 2111 1610 2159 1647; x_wconf 90' lang='lat' dir='ltr'>ad</span> <span class='ocrx_word' id='word_1_602' title='bbox 2175 1607 2361 1658; x_wconf 75' lang='lat' dir='ltr'>liquidun·¹</span> <span class='ocrx_word' id='word_1_603' title='bbox 2376 1604 2439 1640; x_wconf 83' lang='lat' dir='ltr'>de·-</span> 
     </span>
     <span class='ocr_line' id='line_1_81' title="bbox 1421 1662 2435 1728; baseline -0.025 -6"><span class='ocrx_word' id='word_1_604' title='bbox 1421 1684 1529 1728; x_wconf 88' lang='lat' dir='ltr'>duci;</span> <span class='ocrx_word' id='word_1_605' title='bbox 1550 1680 1616 1717; x_wconf 88' lang='lat' dir='ltr'>sed</span> <span class='ocrx_word' id='word_1_606' title='bbox 1639 1679 1678 1715; x_wconf 90' lang='lat' dir='ltr'>in</span> <span class='ocrx_word' id='word_1_607' title='bbox 1704 1672 1955 1714; x_wconf 83' lang='lat' dir='ltr'>Alexandride</span> <span class='ocrx_word' id='word_1_608' title='bbox 1970 1670 2152 1708; x_wconf 86' lang='lat' dir='ltr'>historico</span> <span class='ocrx_word' id='word_1_609' title='bbox 2175 1668 2294 1704; x_wconf 87' lang='lat' dir='ltr'>fateor</span> <span class='ocrx_word' id='word_1_610' title='bbox 2309 1662 2435 1713; x_wconf 85' lang='lat' dir='ltr'>paullo</span> 
     </span>
     <span class='ocr_line' id='line_1_82' title="bbox 1421 1723 2436 1791; baseline -0.024 -12"><span class='ocrx_word' id='word_1_611' title='bbox 1421 1740 1704 1791; x_wconf 83' lang='lat' dir='ltr'>impeditiorem</span> <span class='ocrx_word' id='word_1_612' title='bbox 1734 1746 1814 1770; x_wconf 87' lang='lat' dir='ltr'>esse</span> <span class='ocrx_word' id='word_1_613' title='bbox 1839 1729 2104 1781; x_wconf 88' lang='lat' dir='ltr'>probationem</span> <span class='ocrx_word' id='word_1_614' title='bbox 2128 1725 2177 1761; x_wconf 92' lang='lat' dir='ltr'>ob</span> <span class='ocrx_word' id='word_1_615' title='bbox 2213 1723 2436 1771; x_wconf 83' lang='lat' dir='ltr'>scripturam</span> 
     </span>
    </p>
   </div>
   <div class='ocr_carea' id='block_1_7' title="bbox 1424 1778 2441 1894">
    <p class='ocr_par' dir='ltr' id='par_1_10' title="bbox 1424 1778 2441 1894">
     <span class='ocr_line' id='line_1_83' title="bbox 1424 1778 2441 1842; baseline -0.023 -7"><span class='ocrx_word' id='word_1_616' title='bbox 1424 1809 1591 1837; x_wconf 82' lang='lat' dir='ltr'>veterum</span> <span class='ocrx_word' id='word_1_617' title='bbox 1617 1793 1829 1842; x_wconf 84' lang='lat' dir='ltr'>ambiguam</span> <span class='ocrx_word' id='word_1_618' title='bbox 1852 1803 1859 1823; x_wconf 89' lang='lat'>:</span> <span class='ocrx_word' id='word_1_619' title='bbox 1883 1796 1923 1824; x_wconf 86' lang='lat' dir='ltr'>ut</span> <span class='ocrx_word' id='word_1_620' title='bbox 1942 1787 2041 1824; x_wconf 86' lang='lat' dir='ltr'>enirn</span> <span class='ocrx_word' id='word_1_621' title='bbox 2059 1796 2194 1820; x_wconf 91' lang='lat' dir='ltr'>nomen</span> <span class='ocrx_word' id='word_1_622' title='bbox 2213 1782 2287 1818; x_wconf 91' lang='lat' dir='ltr'>hoc</span> <span class='ocrx_word' id='word_1_623' title='bbox 2306 1781 2357 1815; x_wconf 80' lang='lat' dir='ltr'>ita</span> <span class='ocrx_word' id='word_1_624' title='bbox 2377 1778 2441 1813; x_wconf 87' lang='lat' dir='ltr'>de-</span> 
     </span>
     <span class='ocr_line' id='line_1_84' title="bbox 1425 1834 2439 1894; baseline -0.025 0"><span class='ocrx_word' id='word_1_625' title='bbox 1425 1857 1522 1894; x_wconf 89' lang='lat' dir='ltr'>derit</span> <span class='ocrx_word' id='word_1_626' title='bbox 1540 1852 1758 1891; x_wconf 82' lang='lat' dir='ltr'>scholiastes</span> <span class='ocrx_word' id='word_1_627' title='bbox 1780 1854 1909 1883; x_wconf 86' lang='lat' dir='ltr'>noster</span> <span class='ocrx_word' id='word_1_628' title='bbox 1929 1852 1966 1880; x_wconf 86' lang='lat' dir='ltr'>ct</span> <span class='ocrx_word' id='word_1_629' title='bbox 1987 1841 2181 1879; x_wconf 86' lang='lat' dir='ltr'>Plutarch.</span> <span class='ocrx_word' id='word_1_630' title='bbox 2202 1840 2239 1875; x_wconf 91' lang='lat' dir='ltr'>in</span> <span class='ocrx_word' id='word_1_631' title='bbox 2259 1834 2439 1886; x_wconf 85' lang='lat' dir='ltr'>Lysandr.</span> 
     </span>
    </p>
   </div>
   <div class='ocr_carea' id='block_1_8' title="bbox 1425 1894 2440 1964">
    <p class='ocr_par' dir='ltr' id='par_1_11' title="bbox 1425 1894 2440 1964">
     <span class='ocr_line' id='line_1_85' title="bbox 1425 1894 2440 1964; baseline -0.023 -14"><span class='ocrx_word' id='word_1_632' title='bbox 1425 1928 1461 1964; x_wconf 90' lang='lat' dir='ltr'>p.</span> <span class='ocrx_word' id='word_1_633' title='bbox 1483 1912 1570 1956; x_wconf 72' lang='lat'>343,</span> <span class='ocrx_word' id='word_1_634' title='bbox 1588 1914 1615 1946; x_wconf 83' lang='lat' dir='ltr'>B</span> <span class='ocrx_word' id='word_1_635' title='bbox 1629 1939 1638 1956; x_wconf 97' lang='lat'>,</span> <span class='ocrx_word' id='word_1_636' title='bbox 1660 1916 1783 1944; x_wconf 88' lang='lat' dir='ltr'>tamen</span> <span class='ocrx_word' id='word_1_637' title='bbox 1798 1905 1835 1941; x_wconf 92' lang='lat' dir='ltr'>in</span> <span class='ocrx_word' id='word_1_638' title='bbox 1857 1907 1995 1948; x_wconf 79' lang='lat' dir='ltr'>Quaest.</span> <span class='ocrx_word' id='word_1_639' title='bbox 2015 1903 2079 1936; x_wconf 89' lang='lat' dir='ltr'>Gr.</span> <span class='ocrx_word' id='word_1_640' title='bbox 2107 1896 2277 1946; x_wconf 83' lang='lat' dir='ltr'>ejusdem</span> <span class='ocrx_word' id='word_1_641' title='bbox 2296 1894 2440 1930; x_wconf 82' lang='lat' dir='ltr'>Plutar-</span> 
     </span>
    </p>
   </div>
   <div class='ocr_carea' id='block_1_9' title="bbox 1427 1953 2464 3340">
    <p class='ocr_par' dir='ltr' id='par_1_12' title="bbox 1427 1953 2464 3340">
     <span class='ocr_line' id='line_1_86' title="bbox 1427 1953 2437 2019; baseline -0.024 -11"><span class='ocrx_word' id='word_1_642' title='bbox 1427 1971 1538 2019; x_wconf 69' lang='lat' dir='ltr'>chip.</span> <span class='ocrx_word' id='word_1_643' title='bbox 1562 1980 1652 2016; x_wconf 84' lang='grc'>292,</span> <span class='ocrx_word' id='word_1_644' title='bbox 1676 1967 1719 2008; x_wconf 87' lang='lat' dir='ltr'>F,</span> <span class='ocrx_word' id='word_1_645' title='bbox 1747 1971 1783 1999; x_wconf 90' lang='lat' dir='ltr'>et</span> <span class='ocrx_word' id='word_1_646' title='bbox 1802 1960 1919 1998; x_wconf 86' lang='lat' dir='ltr'>schol.</span> <span class='ocrx_word' id='word_1_647' title='bbox 1939 1956 2111 2006; x_wconf 86' lang='lat' dir='ltr'>Euripid.</span> <span class='ocrx_word' id='word_1_648' title='bbox 2136 1954 2183 1991; x_wconf 86' lang='lat' dir='ltr'>ad</span> <span class='ocrx_word' id='word_1_649' title='bbox 2202 1953 2335 1989; x_wconf 88' lang='lat' dir='ltr'>Alcest.</span> <span class='ocrx_word' id='word_1_650' title='bbox 2363 1963 2400 1985; x_wconf 74' lang='lat' dir='ltr'>V.</span> <span class='ocrx_word' id='word_1_651' title='bbox 2424 1962 2437 1983; x_wconf 95' lang='lat'>1</span> 
     </span>
     <span class='ocr_line' id='line_1_87' title="bbox 1428 2014 2445 2079; baseline -0.025 -13"><span class='ocrx_word' id='word_1_652' title='bbox 1428 2035 1574 2079; x_wconf 84' lang='lat' dir='ltr'>prostat</span> <span class='ocrx_word' id='word_1_653' title='bbox 1600 2019 1861 2072; x_wconf 79' lang='grc' dir='ltr'>Ἀναξανδρίδης</span> <span class='ocrx_word' id='word_1_654' title='bbox 1884 2020 1900 2054; x_wconf 85' lang='grc' dir='ltr'><em>ὃ</em></span> <span class='ocrx_word' id='word_1_655' title='bbox 1923 2015 2072 2066; x_wconf 74' lang='grc' dir='ltr'>Δελφός·</span> <span class='ocrx_word' id='word_1_656' title='bbox 2105 2023 2304 2049; x_wconf 89' lang='lat' dir='ltr'>numerum</span> <span class='ocrx_word' id='word_1_657' title='bbox 2335 2014 2445 2056; x_wconf 78' lang='lat' dir='ltr'>auget</span> 
     </span>
     <span class='ocr_line' id='line_1_88' title="bbox 1430 2065 2438 2130; baseline -0.025 -6"><span class='ocrx_word' id='word_1_658' title='bbox 1430 2084 1607 2124; x_wconf 86' lang='lat' dir='ltr'>Proverb.</span> <span class='ocrx_word' id='word_1_659' title='bbox 1630 2087 1732 2130; x_wconf 85' lang='lat' dir='ltr'>App.</span> <span class='ocrx_word' id='word_1_660' title='bbox 1754 2082 1836 2114; x_wconf 88' lang='lat' dir='ltr'>Vat.</span> <span class='ocrx_word' id='word_1_661' title='bbox 1857 2079 1898 2113; x_wconf 93' lang='lat' dir='ltr'>C.</span> <span class='ocrx_word' id='word_1_662' title='bbox 1920 2089 1951 2119; x_wconf 94' lang='lat'>1,</span> <span class='ocrx_word' id='word_1_663' title='bbox 1976 2075 1997 2109; x_wconf 86' lang='lat'>5</span> <span class='ocrx_word' id='word_1_664' title='bbox 2021 2088 2028 2109; x_wconf 77' lang='grc' dir='ltr'>ε</span> <span class='ocrx_word' id='word_1_665' title='bbox 2049 2074 2071 2117; x_wconf 80' lang='grc' dir='ltr'>ἡ</span> <span class='ocrx_word' id='word_1_666' title='bbox 2090 2069 2224 2121; x_wconf 78' lang='grc' dir='ltr'>ἱστορία</span> <span class='ocrx_word' id='word_1_667' title='bbox 2239 2066 2322 2118; x_wconf 79' lang='grc' dir='ltr'>παρ’</span> <span class='ocrx_word' id='word_1_668' title='bbox 2343 2065 2438 2102; x_wconf 77' lang='grc' dir='ltr'>Ἀνα-</span> 
     </span>
     <span class='ocr_line' id='line_1_89' title="bbox 1432 2124 2447 2195; baseline -0.025 -13"><span class='ocrx_word' id='word_1_669' title='bbox 1432 2143 1590 2195; x_wconf 78' lang='grc' dir='ltr'>ξανδρίδῃ</span> <span class='ocrx_word' id='word_1_670' title='bbox 1609 2142 1641 2178; x_wconf 82' lang='grc' dir='ltr'>ἐν</span> <span class='ocrx_word' id='word_1_671' title='bbox 1671 2137 1791 2189; x_wconf 83' lang='grc' dir='ltr'>πρώτῃ</span> <span class='ocrx_word' id='word_1_672' title='bbox 1813 2133 1890 2185; x_wconf 80' lang='grc' dir='ltr'>περὶ</span> <span class='ocrx_word' id='word_1_673' title='bbox 1911 2135 1978 2170; x_wconf 84' lang='grc' dir='ltr'>τῶν</span> <span class='ocrx_word' id='word_1_674' title='bbox 1997 2127 2211 2175; x_wconf 84' lang='grc' dir='ltr'>συληθέντων</span> <span class='ocrx_word' id='word_1_675' title='bbox 2243 2124 2447 2174; x_wconf 28' lang='grc' dir='ltr'>ἐνιΔελφοῖς</span> 
     </span>
     <span class='ocr_line' id='line_1_90' title="bbox 1433 2183 2446 2249; baseline -0.026 -10"><span class='ocrx_word' id='word_1_676' title='bbox 1433 2198 1662 2249; x_wconf 79' lang='grc' dir='ltr'>ἀναθημάτων</span> <span class='ocrx_word' id='word_1_677' title='bbox 1675 2210 1682 2216; x_wconf 88' lang='grc'><em>·</em></span> <span class='ocrx_word' id='word_1_678' title='bbox 1698 2193 1801 2244; x_wconf 90' lang='lat' dir='ltr'>quod</span> <span class='ocrx_word' id='word_1_679' title='bbox 1816 2205 1910 2241; x_wconf 90' lang='lat' dir='ltr'>opus</span> <span class='ocrx_word' id='word_1_680' title='bbox 1924 2203 1999 2226; x_wconf 91' lang='lat' dir='ltr'>non</span> <span class='ocrx_word' id='word_1_681' title='bbox 2014 2185 2117 2224; x_wconf 91' lang='lat' dir='ltr'>aliud</span> <span class='ocrx_word' id='word_1_682' title='bbox 2131 2183 2303 2222; x_wconf 85' lang='lat' dir='ltr'>existimo</span> <span class='ocrx_word' id='word_1_683' title='bbox 2314 2210 2322 2226; x_wconf 96' lang='lat'>,</span> <span class='ocrx_word' id='word_1_684' title='bbox 2336 2192 2446 2228; x_wconf 84' lang='lat' dir='ltr'>quam</span> 
     </span>
     <span class='ocr_line' id='line_1_91' title="bbox 1434 2237 2449 2309; baseline -0.026 -12"><span class='ocrx_word' id='word_1_685' title='bbox 1434 2262 1554 2309; x_wconf 84' lang='lat' dir='ltr'>ipsam</span> <span class='ocrx_word' id='word_1_686' title='bbox 1571 2254 1809 2304; x_wconf 87' lang='lat' dir='ltr'>Delphorum</span> <span class='ocrx_word' id='word_1_687' title='bbox 1830 2249 2047 2292; x_wconf 84' lang='lat' dir='ltr'>historiam,</span> <span class='ocrx_word' id='word_1_688' title='bbox 2071 2244 2176 2293; x_wconf 89' lang='lat' dir='ltr'>cujus</span> <span class='ocrx_word' id='word_1_689' title='bbox 2207 2242 2303 2278; x_wconf 84' lang='lat' dir='ltr'>forte</span> <span class='ocrx_word' id='word_1_690' title='bbox 2324 2237 2449 2288; x_wconf 91' lang='lat' dir='ltr'>primo</span> 
     </span>
     <span class='ocr_line' id='line_1_92' title="bbox 1435 2296 2449 2354; baseline -0.026 1"><span class='ocrx_word' id='word_1_691' title='bbox 1435 2317 1625 2354; x_wconf 88' lang='lat' dir='ltr'>volumine</span> <span class='ocrx_word' id='word_1_692' title='bbox 1639 2313 1685 2349; x_wconf 90' lang='lat' dir='ltr'>de</span> <span class='ocrx_word' id='word_1_693' title='bbox 1705 2308 1871 2347; x_wconf 85' lang='lat' dir='ltr'>donariis</span> <span class='ocrx_word' id='word_1_694' title='bbox 1887 2307 1987 2343; x_wconf 88' lang='lat' dir='ltr'>furto</span> <span class='ocrx_word' id='word_1_695' title='bbox 2003 2301 2198 2340; x_wconf 87' lang='lat' dir='ltr'>subductis</span> <span class='ocrx_word' id='word_1_696' title='bbox 2214 2296 2449 2348; x_wconf 88' lang='lat' dir='ltr'>potissimum</span> 
     </span>
     <span class='ocr_line' id='line_1_93' title="bbox 1437 2354 2453 2425; baseline -0.026 -12"><span class='ocrx_word' id='word_1_697' title='bbox 1437 2383 1586 2425; x_wconf 81' lang='lat' dir='ltr'>egerat3</span> <span class='ocrx_word' id='word_1_698' title='bbox 1606 2371 1809 2409; x_wconf 89' lang='lat' dir='ltr'>Schottum</span> <span class='ocrx_word' id='word_1_699' title='bbox 1841 2373 1941 2402; x_wconf 86' lang='lat' dir='ltr'>certe</span> <span class='ocrx_word' id='word_1_700' title='bbox 1967 2375 2052 2399; x_wconf 89' lang='lat' dir='ltr'>cum</span> <span class='ocrx_word' id='word_1_701' title='bbox 2078 2354 2362 2397; x_wconf 84' lang='lat' dir='ltr'>Anaximandro</span> <span class='ocrx_word' id='word_1_702' title='bbox 2386 2364 2453 2388; x_wconf 92' lang='lat' dir='ltr'>suo</span> 
     </span>
     <span class='ocr_line' id='line_1_94' title="bbox 1438 2415 2452 2478; baseline -0.026 -7"><span class='ocrx_word' id='word_1_703' title='bbox 1438 2433 1605 2477; x_wconf 84' lang='lat' dir='ltr'>Milesio,</span> <span class='ocrx_word' id='word_1_704' title='bbox 1632 2440 1743 2478; x_wconf 89' lang='lat' dir='ltr'>quem</span> <span class='ocrx_word' id='word_1_705' title='bbox 1773 2423 1910 2473; x_wconf 88' lang='lat' dir='ltr'>reponi</span> <span class='ocrx_word' id='word_1_706' title='bbox 1935 2419 2104 2463; x_wconf 77' lang='lat' dir='ltr'>volebat,</span> <span class='ocrx_word' id='word_1_707' title='bbox 2128 2415 2223 2452; x_wconf 87' lang='lat' dir='ltr'>nihil</span> <span class='ocrx_word' id='word_1_708' title='bbox 2249 2422 2452 2450; x_wconf 85' lang='lat' dir='ltr'>moramur.</span> 
     </span>
     <span class='ocr_line' id='line_1_95' title="bbox 1439 2467 2456 2529; baseline -0.027 0"><span class='ocrx_word' id='word_1_709' title='bbox 1439 2491 1593 2529; x_wconf 88' lang='lat' dir='ltr'>Sublata</span> <span class='ocrx_word' id='word_1_710' title='bbox 1616 2488 1713 2523; x_wconf 85' lang='lat' dir='ltr'>soret</span> <span class='ocrx_word' id='word_1_711' title='bbox 1731 2483 1852 2520; x_wconf 89' lang='lat' dir='ltr'>omnis</span> <span class='ocrx_word' id='word_1_712' title='bbox 1871 2478 2091 2524; x_wconf 84' lang='lat' dir='ltr'>difficultas,</span> <span class='ocrx_word' id='word_1_713' title='bbox 2111 2475 2141 2511; x_wconf 91' lang='lat' dir='ltr'>si</span> <span class='ocrx_word' id='word_1_714' title='bbox 2159 2482 2203 2510; x_wconf 91' lang='lat' dir='ltr'>ut</span> <span class='ocrx_word' id='word_1_715' title='bbox 2221 2467 2456 2508; x_wconf 82' lang='lat' dir='ltr'>Anaxandri-</span> 
     </span>
     <span class='ocr_line' id='line_1_96' title="bbox 1442 2529 2455 2585; baseline -0.026 0"><span class='ocrx_word' id='word_1_716' title='bbox 1442 2550 1498 2585; x_wconf 83' lang='lat' dir='ltr'>dae</span> <span class='ocrx_word' id='word_1_717' title='bbox 1513 2546 1646 2584; x_wconf 84' lang='lat' dir='ltr'>comici</span> <span class='ocrx_word' id='word_1_718' title='bbox 1664 2541 1794 2578; x_wconf 87' lang='lat' dir='ltr'>Suidas</span> <span class='ocrx_word' id='word_1_719' title='bbox 1807 2568 1816 2585; x_wconf 92' lang='lat'>‚</span> <span class='ocrx_word' id='word_1_720' title='bbox 1834 2538 1886 2574; x_wconf 86' lang='lat' dir='ltr'>sic</span> <span class='ocrx_word' id='word_1_721' title='bbox 1906 2538 1995 2573; x_wconf 90' lang='lat' dir='ltr'>item</span> <span class='ocrx_word' id='word_1_722' title='bbox 2010 2529 2294 2572; x_wconf 85' lang='lat' dir='ltr'>Alexandridae‚</span> <span class='ocrx_word' id='word_1_723' title='bbox 2308 2532 2455 2562; x_wconf 86' lang='lat' dir='ltr'>servato</span> 
     </span>
     <span class='ocr_line' id='line_1_97' title="bbox 1440 2593 2457 2642; baseline -0.027 1"><span class='ocrx_word' id='word_1_724' title='bbox 1440 2607 1636 2642; x_wconf 86' lang='lat' dir='ltr'>literarum</span> <span class='ocrx_word' id='word_1_725' title='bbox 1662 2599 1794 2635; x_wconf 89' lang='lat' dir='ltr'>ordine</span> <span class='ocrx_word' id='word_1_726' title='bbox 1808 2626 1817 2642; x_wconf 91' lang='lat'>,</span> <span class='ocrx_word' id='word_1_727' title='bbox 1851 2593 2080 2631; x_wconf 86' lang='lat' dir='ltr'>meminisset</span> <span class='ocrx_word' id='word_1_728' title='bbox 2101 2603 2108 2624; x_wconf 75' lang='grc' dir='ltr'>ε</span> <span class='ocrx_word' id='word_1_729' title='bbox 2130 2593 2386 2624; x_wconf 82' lang='lat' dir='ltr'>verumtamen</span> <span class='ocrx_word' id='word_1_730' title='bbox 2411 2594 2457 2617; x_wconf 91' lang='lat' dir='ltr'>eo</span> 
     </span>
     <span class='ocr_line' id='line_1_98' title="bbox 1444 2642 2456 2711; baseline -0.025 -12"><span class='ocrx_word' id='word_1_731' title='bbox 1444 2664 1525 2711; x_wconf 87' lang='lat' dir='ltr'>ipso</span> <span class='ocrx_word' id='word_1_732' title='bbox 1546 2662 1584 2697; x_wconf 91' lang='lat' dir='ltr'>in</span> <span class='ocrx_word' id='word_1_733' title='bbox 1599 2661 1683 2695; x_wconf 92' lang='lat' dir='ltr'>loco</span> <span class='ocrx_word' id='word_1_734' title='bbox 1712 2656 1802 2691; x_wconf 90' lang='lat' dir='ltr'>dum</span> <span class='ocrx_word' id='word_1_735' title='bbox 1829 2653 1874 2688; x_wconf 92' lang='lat' dir='ltr'>de</span> <span class='ocrx_word' id='word_1_736' title='bbox 1892 2646 2156 2686; x_wconf 87' lang='lat' dir='ltr'>Anaxandride</span> <span class='ocrx_word' id='word_1_737' title='bbox 2177 2642 2358 2680; x_wconf 85' lang='lat' dir='ltr'>historico</span> <span class='ocrx_word' id='word_1_738' title='bbox 2385 2652 2456 2688; x_wconf 89' lang='lat' dir='ltr'>pe-</span> 
     </span>
     <span class='ocr_line' id='line_1_99' title="bbox 1445 2696 2459 2760; baseline -0.025 -4"><span class='ocrx_word' id='word_1_739' title='bbox 1445 2721 1545 2756; x_wconf 87' lang='lat' dir='ltr'>nitus</span> <span class='ocrx_word' id='word_1_740' title='bbox 1564 2724 1678 2760; x_wconf 78' lang='lat' dir='ltr'>taret,</span> <span class='ocrx_word' id='word_1_741' title='bbox 1701 2726 1776 2748; x_wconf 91' lang='lat' dir='ltr'>non</span> <span class='ocrx_word' id='word_1_742' title='bbox 1795 2711 1874 2746; x_wconf 76' lang='lat' dir='ltr'>leve</span> <span class='ocrx_word' id='word_1_743' title='bbox 1893 2706 2002 2743; x_wconf 89' lang='lat' dir='ltr'>nobis</span> <span class='ocrx_word' id='word_1_744' title='bbox 2023 2718 2091 2754; x_wconf 85' lang='lat' dir='ltr'>pro</span> <span class='ocrx_word' id='word_1_745' title='bbox 2111 2698 2367 2740; x_wconf 76' lang='lat' dir='ltr'>Alexandride</span> <span class='ocrx_word' id='word_1_746' title='bbox 2387 2696 2459 2732; x_wconf 90' lang='lat' dir='ltr'>do-</span> 
     </span>
     <span class='ocr_line' id='line_1_100' title="bbox 1446 2753 2457 2818; baseline -0.025 -5"><span class='ocrx_word' id='word_1_747' title='bbox 1446 2783 1664 2813; x_wconf 83' lang='lat' dir='ltr'>cumentum</span> <span class='ocrx_word' id='word_1_748' title='bbox 1688 2767 1916 2818; x_wconf 77' lang='lat' dir='ltr'>suppeditat.</span> <span class='ocrx_word' id='word_1_749' title='bbox 1951 2767 2051 2799; x_wconf 84' lang='lat' dir='ltr'>Pone</span> <span class='ocrx_word' id='word_1_750' title='bbox 2076 2759 2215 2803; x_wconf 71' lang='lat' dir='ltr'>veteri,</span> <span class='ocrx_word' id='word_1_751' title='bbox 2247 2768 2360 2806; x_wconf 87' lang='lat' dir='ltr'>quem</span> <span class='ocrx_word' id='word_1_752' title='bbox 2389 2753 2457 2789; x_wconf 90' lang='lat' dir='ltr'>de-</span> 
     </span>
     <span class='ocr_line' id='line_1_101' title="bbox 1447 2811 2462 2883; baseline -0.025 -11"><span class='ocrx_word' id='word_1_753' title='bbox 1447 2834 1616 2883; x_wconf 82' lang='lat' dir='ltr'>scripsit,</span> <span class='ocrx_word' id='word_1_754' title='bbox 1638 2826 1882 2879; x_wconf 75' lang='lat' dir='ltr'>grammatico</span> <span class='ocrx_word' id='word_1_755' title='bbox 1903 2835 1979 2858; x_wconf 87' lang='lat' dir='ltr'>non</span> <span class='ocrx_word' id='word_1_756' title='bbox 2000 2819 2138 2856; x_wconf 86' lang='lat' dir='ltr'>comici</span> <span class='ocrx_word' id='word_1_757' title='bbox 2160 2825 2322 2859; x_wconf 88' lang='lat' dir='ltr'>tantum,</span> <span class='ocrx_word' id='word_1_758' title='bbox 2340 2811 2405 2849; x_wconf 86' lang='lat' dir='ltr'>sed</span> <span class='ocrx_word' id='word_1_759' title='bbox 2425 2818 2462 2847; x_wconf 84' lang='lat' dir='ltr'>et</span> 
     </span>
     <span class='ocr_line' id='line_1_102' title="bbox 1448 2870 2462 2936; baseline -0.026 -6"><span class='ocrx_word' id='word_1_760' title='bbox 1448 2890 1637 2934; x_wconf 88' lang='lat' dir='ltr'>historici,</span> <span class='ocrx_word' id='word_1_761' title='bbox 1666 2886 1731 2936; x_wconf 88' lang='lat' dir='ltr'>qui</span> <span class='ocrx_word' id='word_1_762' title='bbox 1766 2883 1899 2920; x_wconf 91' lang='lat' dir='ltr'>eodem</span> <span class='ocrx_word' id='word_1_763' title='bbox 1929 2879 2082 2915; x_wconf 87' lang='lat' dir='ltr'>nomine</span> <span class='ocrx_word' id='word_1_764' title='bbox 2120 2876 2324 2917; x_wconf 89' lang='lat' dir='ltr'>diceretur,</span> <span class='ocrx_word' id='word_1_765' title='bbox 2350 2870 2462 2907; x_wconf 80' lang='lat' dir='ltr'>fuisse</span> 
     </span>
     <span class='ocr_line' id='line_1_103' title="bbox 1450 2926 2461 2987; baseline -0.027 0"><span class='ocrx_word' id='word_1_766' title='bbox 1450 2949 1622 2987; x_wconf 86' lang='lat' dir='ltr'>notitiam</span> <span class='ocrx_word' id='word_1_767' title='bbox 1643 2960 1650 2980; x_wconf 88' lang='lat'>:</span> <span class='ocrx_word' id='word_1_768' title='bbox 1672 2945 1716 2980; x_wconf 87' lang='lat' dir='ltr'>de</span> <span class='ocrx_word' id='word_1_769' title='bbox 1738 2943 1857 2978; x_wconf 87' lang='lat' dir='ltr'>altero</span> <span class='ocrx_word' id='word_1_770' title='bbox 1880 2938 2020 2975; x_wconf 85' lang='lat' dir='ltr'>scilicet</span> <span class='ocrx_word' id='word_1_771' title='bbox 2042 2948 2090 2971; x_wconf 92' lang='lat' dir='ltr'>ne</span> <span class='ocrx_word' id='word_1_772' title='bbox 2118 2931 2275 2971; x_wconf 86' lang='lat' dir='ltr'>verbulo</span> <span class='ocrx_word' id='word_1_773' title='bbox 2309 2926 2461 2977; x_wconf 88' lang='lat' dir='ltr'>quidem</span> 
     </span>
     <span class='ocr_line' id='line_1_104' title="bbox 1452 2991 2464 3049; baseline -0.025 -4"><span class='ocrx_word' id='word_1_774' title='bbox 1452 3007 1678 3049; x_wconf 82' lang='lat' dir='ltr'>monuisset3</span> <span class='ocrx_word' id='word_1_775' title='bbox 1698 3001 1827 3037; x_wconf 88' lang='lat' dir='ltr'>saltem</span> <span class='ocrx_word' id='word_1_776' title='bbox 1848 3006 1888 3033; x_wconf 89' lang='lat' dir='ltr'>ut</span> <span class='ocrx_word' id='word_1_777' title='bbox 1904 2994 2039 3032; x_wconf 83' lang='lat' dir='ltr'>lectori</span> <span class='ocrx_word' id='word_1_778' title='bbox 2052 2991 2285 3032; x_wconf 88' lang='lat' dir='ltr'>consuleret,</span> <span class='ocrx_word' id='word_1_779' title='bbox 2302 2994 2464 3032; x_wconf 85' lang='lat' dir='ltr'>eumque</span> 
     </span>
     <span class='ocr_line' id='line_1_105' title="bbox 1452 3047 2464 3102; baseline -0.027 0"><span class='ocrx_word' id='word_1_780' title='bbox 1452 3067 1546 3102; x_wconf 86' lang='lat' dir='ltr'>duos</span> <span class='ocrx_word' id='word_1_781' title='bbox 1564 3062 1735 3100; x_wconf 87' lang='lat' dir='ltr'>homines</span> <span class='ocrx_word' id='word_1_782' title='bbox 1759 3058 1929 3094; x_wconf 86' lang='lat' dir='ltr'>diversos</span> <span class='ocrx_word' id='word_1_783' title='bbox 1956 3053 2170 3089; x_wconf 87' lang='lat' dir='ltr'>discernere</span> <span class='ocrx_word' id='word_1_784' title='bbox 2192 3047 2368 3089; x_wconf 89' lang='lat' dir='ltr'>doceret,</span> <span class='ocrx_word' id='word_1_785' title='bbox 2391 3052 2464 3090; x_wconf 80' lang='lat' dir='ltr'>qua</span> 
     </span>
     <span class='ocr_line' id='line_1_106' title="bbox 1453 3097 2463 3172; baseline -0.028 -11"><span class='ocrx_word' id='word_1_786' title='bbox 1453 3126 1490 3161; x_wconf 89' lang='lat' dir='ltr'>in</span> <span class='ocrx_word' id='word_1_787' title='bbox 1513 3130 1617 3172; x_wconf 84' lang='lat' dir='ltr'>parte</span> <span class='ocrx_word' id='word_1_788' title='bbox 1630 3150 1639 3166; x_wconf 92' lang='lat'>,</span> <span class='ocrx_word' id='word_1_789' title='bbox 1662 3117 1822 3161; x_wconf 89' lang='lat' dir='ltr'>erroris,</span> <span class='ocrx_word' id='word_1_790' title='bbox 1843 3113 1908 3163; x_wconf 89' lang='lat' dir='ltr'>qui</span> <span class='ocrx_word' id='word_1_791' title='bbox 1927 3124 1975 3148; x_wconf 88' lang='lat' dir='ltr'>ex</span> <span class='ocrx_word' id='word_1_792' title='bbox 1992 3105 2240 3156; x_wconf 84' lang='lat' dir='ltr'>homonymia</span> <span class='ocrx_word' id='word_1_793' title='bbox 2258 3101 2366 3139; x_wconf 88' lang='lat' dir='ltr'>facile</span> <span class='ocrx_word' id='word_1_794' title='bbox 2385 3097 2463 3134; x_wconf 84' lang='lat' dir='ltr'>ori-</span> 
     </span>
     <span class='ocr_line' id='line_1_107' title="bbox 1456 3155 2463 3227; baseline -0.028 -9"><span class='ocrx_word' id='word_1_795' title='bbox 1456 3191 1527 3227; x_wconf 89' lang='lat' dir='ltr'>tur,</span> <span class='ocrx_word' id='word_1_796' title='bbox 1542 3175 1739 3216; x_wconf 69' lang='lat' dir='ltr'>amovendi</span> <span class='ocrx_word' id='word_1_797' title='bbox 1761 3185 1892 3217; x_wconf 83' lang='lat' dir='ltr'>causa,</span> <span class='ocrx_word' id='word_1_798' title='bbox 1914 3181 2003 3206; x_wconf 84' lang='lat' dir='ltr'>cura</span> <span class='ocrx_word' id='word_1_799' title='bbox 2030 3163 2360 3216; x_wconf 80' lang='lat' dir='ltr'>grammaticorum</span> <span class='ocrx_word' id='word_1_800' title='bbox 2377 3155 2463 3192; x_wconf 84' lang='lat' dir='ltr'>alias</span> 
     </span>
     <span class='ocr_line' id='line_1_108' title="bbox 1455 3215 2463 3282; baseline -0.029 -6"><span class='ocrx_word' id='word_1_801' title='bbox 1455 3238 1621 3282; x_wconf 83' lang='lat' dir='ltr'>excellit,</span> <span class='ocrx_word' id='word_1_802' title='bbox 1642 3242 1684 3271; x_wconf 87' lang='lat' dir='ltr'>ut</span> <span class='ocrx_word' id='word_1_803' title='bbox 1699 3246 1743 3269; x_wconf 87' lang='lat' dir='ltr'>ex</span> <span class='ocrx_word' id='word_1_804' title='bbox 1768 3232 1850 3279; x_wconf 89' lang='lat' dir='ltr'>ipso</span> <span class='ocrx_word' id='word_1_805' title='bbox 1867 3227 1983 3265; x_wconf 85' lang='lat' dir='ltr'>Snida</span> <span class='ocrx_word' id='word_1_806' title='bbox 2003 3229 2239 3272; x_wconf 90' lang='lat' dir='ltr'>compertum</span> <span class='ocrx_word' id='word_1_807' title='bbox 2255 3215 2434 3254; x_wconf 81' lang='lat' dir='ltr'>habemus</span> <span class='ocrx_word' id='word_1_808' title='bbox 2452 3223 2463 3246; x_wconf 88' lang='lat'><strong>:</strong></span> 
     </span>
     <span class='ocr_line' id='line_1_109' title="bbox 1457 3279 2464 3340; baseline -0.031 -5"><span class='ocrx_word' id='word_1_809' title='bbox 1457 3296 1555 3335; x_wconf 87' lang='lat' dir='ltr'>haud</span> <span class='ocrx_word' id='word_1_810' title='bbox 1583 3306 1669 3330; x_wconf 85' lang='lat' dir='ltr'>sane</span> <span class='ocrx_word' id='word_1_811' title='bbox 1690 3287 1889 3340; x_wconf 81' lang='lat' dir='ltr'>probabile</span> <span class='ocrx_word' id='word_1_812' title='bbox 1911 3283 2071 3321; x_wconf 83' lang='lat' dir='ltr'>videtur.</span> <span class='ocrx_word' id='word_1_813' title='bbox 2093 3284 2277 3318; x_wconf 65' lang='lat' dir='ltr'>Praeterea</span> <span class='ocrx_word' id='word_1_814' title='bbox 2300 3279 2464 3310; x_wconf 79' lang='lat' dir='ltr'>nostram</span> 
     </span>
    </p>
   </div>
  </div>
 </body>
</html>
