2533 3808
261 218 335 252 604

304 300 361 340 qui
380 298 508 328 stercus
528 293 684 325 borinum
699 290 818 330 furati
840 291 968 327 essent,
995 290 1058 327 Eq.
1079 291 1148 318 655.
1168 285 1278 325 Kcsr.]

307 347 348 376 In
368 342 490 374 Avibus
509 345 626 378 Legum
641 338 691 368 vel
707 337 908 368 decretorum
926 333 1033 373 populi
1053 332 1208 371 venditor,
1225 333 1279 372 ψη-

303 388 551 429 φισματοπώλης,
563 383 804 416 Nuhicuculiam
817 381 952 411 vixdum
966 379 1126 410 conditam
1137 378 1278 417 advenit,

303 443 398 475 quem
416 434 479 463 cito
495 432 702 463 Pisthetaerus
715 429 826 468 abigit,
844 429 1059 458 1035--1052.

264 480 475 513 Lesiarcleici
495 477 623 516 libelli,
639 476 817 517 ληξιαρχικὰ
831 473 1012 515 γράμματα,
1029 471 1123 513 apud
1144 470 1278 503 demar-

303 527 394 561 chos,
411 525 500 556 Ναί).
517 527 569 555 37.

263 573 412 604 Libanus
425 579 519 602 mons
533 593 542 608 ,
557 569 613 600 Pl.
629 571 699 599 703.

265 619 404 650 Libatio.
423 619 461 648 Li
467 617 583 648 bantes
596 614 755 646 dicebant
767 612 877 644 adesse
892 611 1021 646 πολλοὺς
1033 610 1196 649 κάγαθούς,
1215 618 1280 650 quo

302 664 438 696 abirent
459 665 517 702 qui
547 662 630 692 mali
641 660 810 699 flzcinoris
827 659 890 690 sibi
908 659 1028 689 conscii
1055 659 1176 695 essent,
1195 659 1278 688 Pac.

302 713 373 742 968.
393 711 472 741 Post
487 709 669 740 libationes
684 706 841 738 (licebant
854 729 862 744 ‚
877 705 1061 744 Ἐκκέχυται
1072 727 1081 743 ,
1094 704 1179 734 κάλει
1194 703 1260 734 θεὸν
1270 727 1280 742 ,

303 760 390 788 Ran.
411 758 482 786 479.

262 804 375 836 Liberi
395 803 548 834 homines
568 801 649 833 olim
665 800 815 832 brassica
830 801 862 830 et
879 799 977 830 alliis
985 796 1278 837 staqellabantur,

302 852 386 880 Ran.
405 852 476 879 621.

265 896 367 935 Libya
382 906 392 926 .·
413 895 455 926 ibi
474 894 594 925 nuiltae
609 901 687 924 aves
701 894 733 923 et
753 890 993 929 mircesormce
1008 889 1201 927 animalia,
1220 891 1279 919 Αυ.

302 946 341 973 65
355 966 363 980 ‚
378 941 435 972 ubi
451 941 568 979 Libyca
591 940 669 970 avis.
691 938 787 977 Libya
801 961 809 976 ‚
826 937 928 977 patria
945 944 1060 975 gruum
1074 959 1082 974 ,
1105 937 1162 966 Ao.
1181 939 1258 966 1136
1271 959 1281 974 ,

302 988 357 1028 qui
378 996 414 1018 eo
440 987 612 1027 quotannis
635 986 791 1024 migrant,
807 984 849 1014 ib.
868 986 938 1014 710.
958 984 1001 1014 In
1019 982 1121 1021 Libya
1139 982 1280 1020 laserpi-

303 1036 403 1072 tium,
418 1037 476 1064 Ac.
492 1036 561 1064 534.
580 1032 795 1063 Memoratur
819 1029 927 1069 Libya
945 1028 1015 1059 sch.
1033 1031 1090 1059 Αυ.
1112 1031 1201 1066 1407,
1217 1030 1279 1067 Eq.

303 1083 375 1115 894,
399 1084 486 1111 1189.
506 1079 632 1118 Libyca
649 1077 776 1115 σπολάς,
793 1076 968 1116 Sophocles
987 1078 1046 1106 Av.
1065 1077 1136 1107 933.
1155 1075 1281 1115 Libyca

302 1127 483 1161 dialectics,
504 1128 562 1157 Ac.
583 1129 649 1156 122.

262 1173 388 1213 Libya,
408 1175 522 1204 mater
537 1174 666 1204 Lanzice
684 1180 726 1202 ex
742 1171 841 1209 Belo,
860 1172 942 1202 Pac.
961 1172 1032 1200 758.

264 1219 378 1258 Libyes
401 1228 466 1259 quo
486 1219 611 1250 honore
634 1217 823 1257 affecerint
847 1219 993 1248 Battum
1020 1218 1164 1255 Cyrenes
1187 1215 1283 1255 apud

304 1267 395 1305 ipsos
412 1265 632 1303 conditorem,
650 1265 704 1295 Pl.
723 1267 795 1295 925.

264 1312 435 1351 Libystica
452 1311 583 1351 sabula
607 1311 648 1342 cle
674 1311 796 1350 aquila
821 1311 893 1340 suis
919 1311 1039 1350 pennis
1063 1310 1110 1348 (in
1139 1309 1281 1348 saqitta)

296 1366 477 1398 percussa,
505 1357 599 1398 apud
622 1357 822 1396 AEsclzylum
848 1358 881 1387 in
909 1355 1198 1395 Myrmidonibus,
1224 1358 1282 1387 Aa.

304 1407 373 1442 807,
393 1408 464 1436 808.

262 1451 420 1490 Lictores,
443 1452 627 1493 ῥαὸὃῡῦχοι,
655 1450 835 1492 ῥαὸδοφὸροι
849 1472 856 1486 ,
883 1450 917 1480 in
937 1449 1102 1489 thymele,
1122 1451 1283 1480 curantes

304 1498 472 1539 εὐκοσμίαν
488 1501 719 1538 spectatorum
734 1521 743 1535 ‚
759 1499 840 1528 Pac.
860 1500 930 1528 734.

263 1546 461 1584 Licymnius
478 1554 498 1576 a
522 1545 712 1584 Tlepolemo
725 1546 852 1575 occisus
875 1552 944 1574 esse
966 1545 1140 1574 narratur
1161 1543 1204 1574 ab
1228 1543 1282 1574 Al-

303 1600 423 1622 cmena
441 1591 619 1631 insubida
633 1591 790 1622 Xenoclis
808 1592 930 1629 traqici
943 1614 950 1628 ,
972 1589 1062 1621 Nub.
1085 1592 1172 1620 1264.
1189 1592 1282 1630 Licy-

302 1638 567 1678 mnius‚sabula
584 1637 785 1677 EuripidiS,
799 1639 834 1667 in
855 1635 1067 1667 Didascaliis
1081 1645 1145 1667 non
1167 1645 1285 1667 memo-

303 1687 420 1720 ratur,
440 1688 500 1717 Aa.
527 1687 615 1715 1242.
634 1683 790 1723 [ἰοὶ-1111111
807 1682 951 1713 fulminis
965 1683 1090 1722 jactus,
1113 1684 1227 1723 qualis
1249 1686 1284 1715 in

305 1733 481 1771 Licymnio
498 1731 677 1771 Euripidis
695 1731 847 1770 aliquem
864 1731 954 1767 urit,
972 1732 1029 1761 Aa.
1049 1731 1136 1760 1242.

264 1779 372 1817 Liqna
390 1781 422 1809 et
436 1780 546 1818 picem
561 1779 747 1817 exportare
765 1776 901 1807 Athenis
917 1777 1073 1814 vetitum,
1091 1777 1153 1816 Eq.
1171 1776 1241 1808 279.

266 1825 422 1863 Litceum,
438 1825 521 1856 urbs
539 1824 687 1862 Doridis,
704 1825 774 1856 not.
789 1823 845 1854 Pl.
861 1826 932 1854 385.

265 1871 386 1902 Limum
401 1895 409 1909 ,
435 1871 525 1902 locus
550 1873 669 1902 Atticae
687 1878 774 1900 sacer
798 1869 939 1906 Baccho,
967 1870 1024 1908 qui
1050 1869 1214 1908 templum
1240 1869 1285 1900 ibi

305 1917 465 1956 babebat,
483 1917 590 1949 lucum
608 1916 745 1955 etfesta
759 1923 835 1946 cum
852 1914 965 1946 clzoris
979 1914 1022 1945 ibi
1038 1915 1229 1954 celebrata,
1245 1918 1285 1947 ut

306 1966 456 1996 testatur
474 1963 721 2000 Callimachus,
739 1965 826 1994 Ran.
847 1966 918 2000 216,
937 1964 1007 1999 217,
1028 1966 1098 1994 219.

264 2011 405 2048 Lindus,
425 2010 534 2041 Rlioa'i
551 2010 646 2047 urbs,
665 2010 759 2040 Prol.
777 2010 843 2047 XI,
859 2012 916 2046 31;
934 2010 988 2039 XI
996 2010 1028 2047 V,
1050 2013 1075 2039 1.

266 2057 359 2089 Linea
377 2057 482 2095 ionga,
504 2059 596 2096 Vesp.
620 2060 688 2094 106,
705 2055 745 2086 de
761 2063 831 2095 qua
847 2054 925 2086 vide
940 2057 974 2085 in
989 2055 1127 2086 ludices.

266 2108 386 2142 Lingua
404 2105 623 2133 victimarum
638 2110 780 2132 seorsum
796 2109 818 2131 a
831 2102 950 2131 ceteris
967 2103 1055 2132 extis
1068 2101 1235 2132 secabatur
1249 2103 1285 2133 in

305 2149 503 2189 sacrificiis,
520 2151 578 2179 Ao.
602 2151 678 2180 1705
692 2150 723 2179 et
736 2147 821 2185 sch„
836 2149 918 2178 Pac.
939 2151 1027 2182 1060,
1048 2148 1114 2179 sch.
1134 2152 1222 2180 1109.
1242 2152 1284 2180 In

300 2196 449 2236 publicis
482 2194 659 2235 sacrificiis
694 2194 868 2225 exciditur
904 2195 937 2224 et
972 2195 1145 2225 Mercurio
1175 2203 1284 2226 conse-

305 2245 441 2281 cratur,
463 2244 629 2274 sermonis
651 2241 798 2280 domiuo,
822 2240 876 2271 Pl.
905 2244 993 2271 1110.
1011 2241 1130 2279 Lingua
1146 2242 1286 2281 praeconi

306 2290 355 2327 tit,
373 2291 394 2319 i.
414 2298 441 2320 e.
461 2289 583 2327 (latur,-
601 2296 683 2319 nam
693 2287 910 2328 proeconibus
926 2289 1146 2319 victimarum
1161 2289 1287 2328 linquce

305 2335 505 2371 dabantur,·
520 2338 568 2366 sic
584 2335 826 2373 Callistratus,
841 2333 919 2365 ibid.

268 2382 467 2421 Lipsydrium
480 2404 488 2420 ‚
511 2382 604 2413 locus
620 2383 742 2412 Atticae
763 2383 855 2412 circa
871 2380 924 2412 vel
949 2389 1054 2420 super
1078 2381 1286 2413 Parnetliem

309 2429 351 2466 (c.
370 2429 454 2467 not.)
471 2439 481 2459 .·
510 2430 546 2459 in
572 2428 609 2459 ‘id
635 2436 734 2458 muro
759 2429 911 2458 cinctum
932 2427 974 2459 ab
991 2427 1228 2459 Alcnueoniclis
1252 2431 1287 2460 in

308 2475 394 2505 betto
409 2476 530 2505 contra
543 2472 786 2505 Pisistratidas
799 2475 922 2505 civium
931 2482 1019 2514 pars
1035 2474 1189 2513 collecta,
1208 2476 1284 2515 Lys.

309 2526 379 2552 665.

270 2568 438 2606 [λίπ’-φά,
456 2569 520 2607 Eq.
536 2569 608 2597 912.

268 2614 408 2651 Lot-hus,
426 2613 515 2652 λόχος
529 2636 536 2650 ,
555 2614 637 2652 quot
654 2612 803 2642 militum
819 2611 936 2642 coliors
945 2611 1063 2650 suerit
1082 2613 1177 2651 apud
1191 2614 1286 2645 Allie-

309 2662 438 2690 nienses
463 2660 495 2689 ct
520 2658 812 2695 Lacedcemonios,
842 2659 953 2688 varice
981 2659 1179 2698 sententiae,
1205 2660 1284 2691 Aclz.

314 2708 401 2736 1074.
420 2705 512 2736 Adde
528 2704 774 2735 Lacedaemonii.

268 2753 385 2789 Locris,
401 2755 458 2782 Aa.
482 2755 549 2782 152.

269 2801 424 2830 Locustce
437 2806 544 2838 quare
560 2797 838 2838 τετραπτερυλλίδες
859 2796 978 2834 dictoe,
996 2796 1074 2828 Aen.
1093 2799 1164 2829 871.
1182 2799 1286 2829 Locu-

309 2847 371 2874 stis
390 2844 612 2874 vescebantur
626 2844 708 2874 otim
723 2845 905 2882 tenuiores,
921 2843 1000 2874 Aeli.
1021 2848 1107 2874 1116.

270 2891 364 2930 Λόγοι.
384 2890 448 2920 duo
469 2893 502 2921 in
528 2890 682 2922 Nubibus
699 2890 958 2928 introducuntur,
972 2893 1011 2921 ut
1026 2890 1225 2923 scholiastes
1241 2892 1288 2923 ad

313 2946 342 2967 c.
361 2939 419 2967 689
437 2936 531 2974 (licit,
552 2938 584 2966 in
602 2937 709 2966 caveis
725 2936 916 2974 textilibus,
933 2937 1025 2967 velut
1041 2945 1129 2975 aves,
1146 2947 1286 2977 pugnau-

309 2985 360 3014 tcs
383 2983 464 3013 inter
482 2991 534 3021 se,
560 2984 670 3013 ,105105
686 2985 717 3013 et
745 2982 886 3020 injustus
899 3006 908 3021 ,
930 2985 1000 3013 uter
1017 2982 1222 3015 instituturus
1247 2987 1288 3016 sit

310 3029 528 3068 Phidippideu.
557 3031 631 3058 Post
657 3029 891 3067 altercationes,
918 3029 949 3060 in
975 3029 1094 3068 quihus
1122 3031 1288 3070 utriusque

311 3084 380 3105 mos
404 3076 554 3114 apparet,
573 3077 734 3106 889-933
747 3099 756 3114 ,
780 3078 950 3106 monentur
973 3084 992 3106 a
1007 3076 1111 3106 Choro
1123 3100 1132 3115 ,
1151 3081 1186 3107 ut
1211 3078 1290 3108 anti-

312 3130 409 3160 quam
434 3124 465 3151 ct
487 3130 603 3151 novam
629 3121 829 3161 disciplinam
856 3121 966 3152 ordine
984 3125 1167 3163 exponant,
1188 3127 1288 3155 934-

312 3172 384 3198 9110.
411 3167 582 3206 Antiquam
610 3170 641 3197 et
666 3168 880 3198 venerabilem
904 3168 1138 3207 educationem,
1162 3179 1200 3200 ex
1227 3180 1288 3209 qua

312 3213 621 3244 Marathonomachae
634 3214 878 3245 Atheniensibus
892 3215 952 3245 orti
967 3238 974 3253 ‚
994 3217 1027 3245 ut
1041 3224 1131 3245 suam
1148 3225 1220 3246 cum
1237 3226 1290 3247 no·

311 3269 362 3290 uc
393 3259 568 3298 disciplinae
597 3260 737 3299 nequitia
772 3269 959 3300 comparans
987 3262 1111 3301 egregie
1139 3262 1290 3294 describit

313 3308 434 3341 iustus,
451 3308 648 3342 961-1023,
667 3306 816 3337 laudatus
831 3316 848 3337 a
864 3307 969 3337 Choro
982 3330 990 3345 ,
1007 3308 1093 3339 illius
1109 3309 1170 3339 {cvi
1187 3309 1287 3340 homi-

314 3361 369 3382 nes
396 3352 499 3382 felices
523 3352 735 3391 praedicante,
767 3356 966 3384 1024-1029
1005 3357 1095 3385 Justo
1121 3355 1289 3386 insolenter

315 3397 418 3429 illudit
438 3401 469 3428 et
487 3398 608 3436 argutis
625 3406 710 3437 eum,
737 3398 910 3435 dialecticae
936 3400 1132 3432 fallaciarum
1159 3402 1287 3442 imperi·

919 203 1077 241 INDEX
1103 200 1352 239 NOMINUM
1382 201 1446 238 ET
1476 202 1669 240 RERUM.

1380 289 1467 326 tum,
1490 288 1664 319 rationibus
1682 290 1848 332 convincit
1867 290 2008 329 Injustus
2028 292 2061 321 et
2081 298 2198 321 novam
2216 290 2356 332 discipli·

1379 342 1452 363 nam
1467 343 1529 364 11011
1545 334 1648 364 5010111
1664 334 1746 365 hona
1759 336 1867 366 omnia
1883 337 2025 376 praehere
2037 336 2186 375 ostendit,
2203 336 2259 368 sed
2275 339 2356 369 obti-

1379 389 1455 411 nere
1482 381 1579 412 etiarn
1603 382 1687 420 apud
1713 390 1824 413 omnes
1850 382 1969 414 invicto
1989 384 2107 423 modo,
2141 387 2354 416 1034—1101.

1379 428 1484 463 Quare
1500 426 1620 457 victum
1638 436 1672 458 sc.
1688 428 1805 459 fatetur
1819 430 1938 468 iustus,
1955 432 1987 462 et
2000 430 2038 461 ad
2052 431 2249 470 spectatores
2261 430 2357 462 cinae-
2414 451 2416 453 -

1379 473 1435 503 dos
1452 473 1634 512 transfugit,
1658 477 1871 506 1102—1104.

1341 521 1479 558 Loricoe,
1496 520 1577 550 alise
1591 521 1802 558 ἁλυσειδωτοί,
1820 522 1899 552 aliae
1913 522 2122 561 στατοὶ,Ραε.
2141 526 2232 557 1228.

1340 566 1464 604 Loxias,
1483 568 1546 606 Eq.
1564 569 1653 604 1047,
1675 569 1765 605 1072,
1782 568 1837 598 Pl.
1854 570 1884 598 8.
1904 570 2017 605 Quare
2031 570 2083 599 ita
2100 568 2211 600 dictus
2224 569 2357 608 Apollo,

1339 664 1498 690 Lucernas
1515 659 1676 699 gestantes
1691 659 1829 697 incurvi,
1847 660 1923 698 Lys.
1943 662 2033 690 1003.

1340 706 1494 744 Lucifera,
1512 705 1682 746 Φωσφόρος
1697 715 1705 736 :
1722 714 1778 745 per
1792 714 1862 737 eam
1874 706 1960 744 jurat
1972 705 2086 737 mulier
2100 708 2179 746 Lys.
2194 710 2265 739 738.
2280 707 2360 739 Vide

1382 753 1491 783 Diana.

1340 801 1512 831 Luctantes
1528 808 1546 830 a
1562 800 1673 830 ventre
1688 799 1793 829 vestes
1809 797 1980 837 rejiciunt,
1996 805 2116 838 quare,
2134 800 2210 839 Lys.
2232 803 2309 831 1083
2327 803 2362 832 ee

1380 846 1450 877 seli.
1471 848 1695 878 Luctatorum
1706 844 1870 884 fraudes,
1891 847 1974 876 Han.
1994 846 2082 875 1400.

1342 893 1460 924 Ludus
1481 893 1571 933 ἄρτια
1595 893 1648 922 καὶ
1673 891 1805 932 περισσά
1819 915 1827 929 ,
1852 891 1907 922 Pl.
1927 893 1997 921 816.
2016 890 2134 921 Ludus
2155 890 2196 922 cle
2219 891 2362 923 nucibus

1382 939 1517 980 qualis,
1542 939 1596 970 Pl.
1629 940 1716 969 1057.
1741 937 1829 969 Ludi
1855 938 2008 978 χύτρινοι,
2041 937 2249 976 Chytrorum
2268 937 2363 976 sesto

1382 987 1553 1025 celebrati,
1570 989 1655 1018 Rau.
1671 989 1742 1018 218.

1341 1036 1462 1072 Luna,
1482 1036 1596 1064 mater
1619 1034 1742 1064 Musoei
1765 1032 1857 1063 vatis
1879 1039 1924 1063 ex
1950 1032 2139 1072 Eumolpo,
2165 1034 2250 1063 Itan.
2273 1034 2361 1063 1033.

1382 1082 1494 1117 Luna,
1512 1081 1641 1117 Diana,
1660 1080 1788 1110 Hecate
1805 1077 1943 1117 eaedem,
1958 1078 2013 1109 Pl.
2029 1081 2099 1109 594.
2121 1078 2220 1117 Cons.
2239 1079 2338 1110 Diana
2354 1102 2366 1117 ,

1382 1128 1510 1158 Hecate.
1533 1127 1641 1157 Groeci
1658 1125 1779 1156 lunam
1795 1124 2023 1155 observabant
2044 1126 2080 1156 tn
2097 1127 2189 1155 omni
2206 1133 2244 1156 re
2263 1133 2364 1165 119671-

1383 1172 1440 1210 da,
1456 1173 1608 1203 maxime
1621 1173 1771 1201 omnium
1789 1170 2048 1209 Lacedoemonii,
2062 1173 2102 1202 ut
2115 1173 2198 1202 ante
2207 1179 2364 1210 puqnam

1382 1217 1654 1254 Marathoniam,
1670 1215 1749 1247 Aeli.
1762 1218 1812 1248 84.
1832 1218 1939 1247 Lunce
1955 1216 2203 1256 eclipsisfacta
2218 1216 2363 1248 Boedro-

1383 1267 1491 1296 mione
1508 1265 1591 1295 anni
1607 1271 1673 1303 quo
1692 1262 1877 1294 Stratocles
1888 1263 2018 1294 archon
2037 1265 2125 1301 erat,
2145 1264 2268 1295 Cleone
2279 1263 2368 1295 duce

1383 1312 1510 1349 creato,
1528 1309 1618 1341 lvub.
1636 1311 1705 1340 584.
1718 1313 1816 1340 Lunae
1829 1309 1937 1340 sedem
1950 1310 2155 1349 speculantur
2170 1309 2364 1350 philosophi,

1385 1356 1475 1389 ΝΜ).
1499 1356 1586 1387 1507.
1603 1357 1645 1386 In
1664 1354 1923 1393 eademfabula
1939 1359 2028 1386 Luna
2049 1355 2267 1386 introducitur
2285 1365 2364 1396 que-

1384 1412 1455 1435 rens
1471 1403 1511 1434 de
1532 1402 1671 1433 turbatis
1688 1410 1772 1432 nova
1789 1404 1970 1441 temporum
1993 1403 2231 1442 computatione
2254 1403 2343 1435 restis
2355 1426 2365 1442 ‚

1384 1459 1456 1491 quae
1471 1451 1557 1481 lunae
1571 1448 1848 1480 vicissitudinibus
1866 1449 2059 1489 respondere
2075 1449 2245 1489 debebant,
2264 1453 2366 1482 607—

1385 1502 1454 1528 626.
1474 1497 1567 1528 Adde
1583 1496 1766 1536 Speculum.
2032 1514 2036 1521 .

1313 1546 1316 1593 l
1344 1544 1476 1576 Lunulae
1489 1544 1605 1575 statuis
1620 1543 1793 1582 impositae,
1810 1550 1932 1582 quare,
1949 1544 2006 1573 Αυ.
2026 1543 2102 1573 1114
2120 1550 2169 1582 sq.
2187 1542 2221 1572 el
2236 1541 2342 1573 schol.

1313 1595 1316 1600 ’
1344 1593 1470 1631 Lupini
1487 1602 1497 1622 .-
1515 1593 1562 1622 eis
1583 1599 1650 1630 pro
1671 1590 1816 1621 calculis
1835 1589 2094 1629 suffraqiorum
2109 1589 2366 1629 utebantur-ju-

1315 1674 1317 1677 ,
1384 1638 1483 1676 diceS,
1496 1639 1578 1668 ante
1591 1636 1749 1678 χοιρίναις,
1769 1637 1863 1675 Vesp.
1879 1639 1949 1667 333.
1965 1635 2104 1676 Lupinos
2115 1635 2225 1666 rodere
2234 1637 2266 1667 et
2279 1636 2366 1676 allia,

1315 1690 1317 1727 ῑ
1385 1683 1634 1723 dejudicibus,
1652 1685 1731 1722 Lys.
1751 1686 1811 1714 690
1827 1682 1904 1714 coll.
1925 1684 1988 1722 Eq.
2004 1685 2054 1713 41.

1315 1736 1318 1760 1
1344 1733 1474 1771 Lupus.
1506 1732 1550 1761 In
1577 1732 1687 1761 Attica
1712 1730 1793 1760 olim
1821 1729 1877 1760 lex
1891 1728 2036 1768 J‘ubebat
2063 1728 2162 1768 lupos
2183 1727 2270 1759 coedi
2288 1736 2366 1759 cum

1384 1785 1507 1817 maqno
1528 1778 1671 1816 prcemio
1691 1775 1852 1807 caedentis
1872 1786 1881 1806 :
1901 1774 1977 1806 inde
1996 1775 2116 1815 Apollo
2131 1775 2248 1810 λύκειος
2264 1777 2297 1806 et
2313 1775 2366 1805 λυ-

1385 1824 1541 1862 κοκτόνος,
1558 1826 1616 1854 Av-
1633 1826 1703 1855 369.

1344 1872 1492 1903 Luscinia
1511 1880 1519 1900 ε
1537 1871 1606 1909 ejus
1629 1868 1788 1900 invocatio
1804 1870 1837 1899 et
1853 1867 1922 1898 laus
1945 1867 2083 1906 eximia,
2105 1870 2164 1899 Av.
2188 1870 2365 1899 209—222.

1385 1916 1554 1954 Luscinia,
1573 1917 1655 1947 socia
1678 1915 1873 1955 hymnorum
1891 1914 2002 1952 chori,
2025 1917 2082 1945 Aa.
2099 1917 2158 1945 676
2181 1923 2253 1955 sqq.
2273 1914 2367 1946 Adde

1386 1963 1430 1994 ib.
1453 1967 1526 1995 1381
1547 1964 1580 1994 et
1593 1962 1699 1993 schol.
1723 1963 1829 1992 Verno
1847 1963 1996 2000 tempore
2011 1962 2047 1991 in
2063 1962 2175 1992 Attica
2192 1964 2365 2001 apparent

1387 2011 1554 2047 lusciniae,
1570 2009 1613 2040 ib.
1634 2011 1705 2039 683.

1345 2058 1521 2094 Lustrator,
1541 2057 1556 2086 ὁ
1573 2055 1798 2096 περιστίαρχος,
1817 2053 1991 2093 concionis,
2006 2053 2100 2085 Eccl.
2124 2055 2192 2087 128.
2212 2054 2366 2094 Populus

1386 2103 1599 2135 Atheniensis
1616 2109 1723 2141 quum
1740 2102 1775 2131 in
1793 2102 1982 2131 concionem
1997 2102 2218 2137 convenerat,
2239 2099 2367 2132 lustra-

1388 2150 1491 2181 batur
1503 2148 1670 2189 porcetto,
1689 2149 1747 2187 qui
1762 2148 1904 2189 κάθαρμα
1918 2146 2118 2185 vocabatur,
2136 2146 2215 2178 Aeli.
2231 2148 2282 2178 44.

1346 2198 1468 2227 Lusus.
1490 2194 1568 2227 Vide.
1581 2193 1698 2225 Ludus.

1346 2242 1510 2282 Lycabetti
1536 2240 1622 2280 apud
1643 2240 1842 2280 AEschylum;
1867 2239 2090 2279 Lycabettus,
2108 2247 2203 2270 mons
2225 2240 2366 2278 Alticoe,

1387 2291 1474 2320 Ran.
1500 2292 1586 2319 1056.

1346 2337 1486 2375 Lyceus,
1502 2335 1643 2372 πίθηκος,
1665 2332 1877 2372 Phrynichus
1890 2334 1948 2363 Aa.
1969 2334 2016 2362 11.

1346 2387 1483 2422 Lyceum
1497 2404 1505 2420 ,
1531 2382 1749 2420 qismnasium
1773 2379 1932 2417 Athenis,
1950 2378 2073 2408 intrant
2096 2380 2128 2408 et
2152 2380 2271 2410 exeunt
2294 2387 2369 2410 cum

1387 2429 1484 2460 armis
1502 2427 1673 2458 militantes
1689 2435 1696 2455 :
1718 2432 1799 2456 nam
1818 2426 1852 2455 in
1877 2431 1914 2454 eo
1937 2425 1977 2455 ut
1990 2424 2151 2463 proxime
2164 2423 2284 2454 urbem
2303 2425 2372 2455 sito

1387 2475 1553 2511 ἐξοπλίσεις
1566 2476 1599 2505 et
1613 2472 1832 2513 probationes
1848 2470 2003 2501 militum
2011 2469 2156 2509 fiebunt,
2174 2471 2256 2501 Pac.
2272 2473 2345 2502 355.

1347 2522 1513 2562 Lychnus:
1531 2521 1601 2560 ejus
1614 2519 1703 2557 origo
1717 2526 1734 2548 a
1750 2517 1837 2557 figuli
1857 2518 1927 2547 rota
1943 2518 1976 2547 et
1990 2524 2107 2546 munus
2119 2539 2128 2554 ,
2144 2516 2236 2547 Eccl.
2257 2519 2367 2549 1-17.

1387 2568 1545 2608 Lychnus,
1565 2563 1848 2606 lychnuchus,fr.
1868 2565 1938 2594 274.
1954 2563 2157 2602 Lychnorum
2180 2563 2366 2600 [0113150111-

1389 2615 1526 2645 tillantes
1542 2613 1682 2652 pluviam
1702 2611 1881 2650 significant
1893 2633 1902 2647 ,
1923 2611 2017 2648 Vesp.
2037 2611 2198 2639 260-263
2214 2611 2246 2639 et
2259 2609 2365 2641 scleol.

1347 2662 1496 2700 Lycinus,
1513 2659 1628 2696 (fictus)
1647 2658 1731 2688 tilius
1743 2656 1839 2694 Celei,
1852 2657 1944 2695 pater
1960 2654 2156 2693 Ainphithei,
2176 2654 2254 2685 Aeli.
2275 2659 2323 2686 50.

1347 2708 1439 2746 Lycis
1464 2709 1556 2745 poeta
1581 2704 1740 2741 comicus,
1769 2704 1827 2743 qui
1853 2703 1893 2732 ul
1913 2700 2071 2740 sriqidus
2094 2702 2368 2740 perstrinqilur,·

1388 2753 1475 2784 niliit
1490 2753 1562 2791 ejus
1573 2751 1755 2790 supererat
1768 2749 2077 2788 qrammaticorum
2095 2749 2262 2787 tempore,
2280 2750 2364 2779 Itan.

1392 2800 1438 2829 14.
1464 2799 1610 2829 Vocatur
1626 2798 1730 2827 etiam
1747 2796 1871 2834 [ζμ-αδ,
1889 2792 1970 2824 ibid.

1348 2845 1460 2884 Lycius
1476 2843 1600 2883 Apollo,
1617 2844 1679 2882 Eq.
1699 2843 1786 2872 1210.

1348 2894 1449 2931 Lyco,
1461 2890 1561 2930 filius
1575 2889 1745 2927 Autolyci,
1760 2887 1858 2918 homo
1872 2885 2006 2924 monis,-
2023 2885 2086 2916 alii
2102 2888 2295 2918 memorum!
2310 2888 2367 2925 Ly-

1387 2946 1501 2969 conem
1524 2936 1590 2975 (rel
1610 2935 1752 2974 Lycum)
1774 2934 2093 2974 quinquertionem,
2120 2941 2202 2964 nam
2217 2933 2367 2963 διαλυκώ-

1389 2995 1474 3015 νισον
1493 2982 1648 3022 leqcbant
1666 2980 1824 3011 nonnulli
1848 2981 1941 3019 I'esp.
1960 2982 2049 3010 1169.

1348 3037 1443 3072 Lyco,
1457 3031 1605 3069 conviva,
1624 3032 1656 3060 in
1679 3030 1788 3068 l'espis
1810 3031 1897 3059 1301.

1347 3083 1386 3118 Ly
1394 3087 1442 3108 co.
1462 3077 1597 3116 Lyconis
1614 3084 1708 3113 uxor,
1726 3074 1869 3112 Rhodia,
1884 3076 1997 3106 mater
2009 3073 2176 3112 Autolyci,
2193 3072 2234 3104 ob
2250 3074 2368 3112 turpes

1391 3132 1498 3155 mores
1513 3125 1545 3154 in
1562 3122 1729 3154 comoediis
1745 3123 1884 3160 notata,
1903 3120 1996 3152 velut
2012 3119 2056 3150 ab
2073 3118 2241 3159 Eupolide
2252 3142 2261 3158 ,
2290 3121 2364 3159 Lys.

1390 3174 1457 3202 270.

1348 3215 1564 3257 Lycomedes,
1589 3223 1653 3246 rea·
1670 3215 1788 3254 Scyri,
1811 3212 1888 3243 dolo
1912 3213 2010 3243 necat
2031 3210 2195 3244 Theseum
2218 3210 2366 3249 eandem,

1388 3263 1510 3295 deinde
1530 3262 1572 3293 ab
1594 3260 1849 3293 Atheniensibus
1863 3261 2005 3296 occisus,
2022 3258 2076 3288 Pl.
2097 3259 2154 3288 627

1351 3308 1544 3349 Lycoplzron
1563 3307 1796 3338 Chalcidensis
1810 3328 1818 3344 ,
1837 3305 2033 3344 impellente
2047 3302 2230 3334 Ptolem‘z’o
2251 3301 2368 3332 Phila-

1389 3355 1512 3394 (lelplio
1528 3378 1535 3391 ,
1567 3352 1790 3385 .—1le.1·anclrioe
1820 3353 1947 3382 veteres
1977 3348 2156 3380 comoedias
2187 3347 2342 3387 διώρθωσε
2354 3371 2364 3385 ,

1393 3402 1485 3434 Prot.
1506 3403 1570 3439 IX,
1587 3410 1621 3437 a,
1644 3403 1677 3430 l—'i
1695 3408 1780 3439 sqq„
1797 3402 1895 3437 36,p.
1916 3398 2022 3433 ,x'1.x·;
2037 3397 2079 3434 X,
2095 3403 2128 3433 a,
2148 3397 2163 3425 έι
2178 3403 2250 3434 sqq.
