2533 3808
288 177 356 214 504

343 263 452 306 1061,
473 261 520 296 35
545 260 1014 311 ’EpttGpm‘cov——nkuvffiae
1038 281 1113 304 om.
1146 272 1190 305 R.
1212 271 1296 322 ἐφύ-

285 318 422 369 ὅριστον
439 319 558 366 πλῧμα
580 331 654 355 0111.
674 323 733 364 V„
753 321 816 368 qui
833 321 912 370 ejus
936 324 1018 360 loco
1036 327 1143 374 ponit
1161 341 1295 378 κακεμ-

284 374 402 425 φάτως
420 374 476 410 ἐπὶ
500 374 679 416 συνουσίας
698 373 771 413 εἶπε
786 377 823 414 τὸ
840 379 1019 418 ἐκπλύνειν
1033 413 1041 427 ,
1063 397 1147 433 quae
1176 386 1221 422 ad
1238 388 1296 423 ἐκ-

282 430 416 467 πλύνειε
438 440 607 480 spectant
627 446 662 469 V.
686 436 795 473 1062.
811 461 849 467 -
868 439 914 473 36
933 438 996 492 γὰρ
1015 439 1062 483 ὂξ.
1079 445 1123 477 V.

339 490 447 533 1062,
466 490 512 531 43
532 489 641 540 τύχης
655 495 697 528 R.
718 493 930 544 ὠφεληθειήν
954 501 998 533 V.
1017 512 1092 535 0111.
1122 504 1166 536 G.
1184 526 1224 530 —
1245 503 1292 545 45

280 544 457 583 ἐκπλύνειν
476 550 520 583 V.
539 549 618 584 sine
638 565 686 586 σε.

337 605 445 648 1063,
463 604 510 639 50
528 605 704 643 νοθευουσι
718 606 775 644 τὸν
791 602 880 646 οἶνον
899 615 943 648 R.
966 612 1023 649 καὶ
1042 613 1291 668 τὸν-σαπρόν

278 672 351 695 0111.
368 664 411 696 V.
424 661 660 709 μωθυλεύουσι
675 666 719 702 Θ.
735 666 1055 708 νῳθυλεύουσιΑΙά.
1076 672 1292 711 ὀνθυλεύουσι

277 717 411 754 Suidas
446 732 473 754 s.
514 721 729 766 Καπηλικῶς
765 732 801 759 ct
837 728 1054 764 Eustathius
1092 743 1127 778 p.
1179 733 1289 781 1329.

277 792 292 806 u
307 775 461 824 Alioqui
479 777 674 826 legendum
700 781 820 818 fuerat
835 783 1008 821 νοθεύουσι
1021 816 1030 832 ,
1049 789 1150 836 quod
1170 802 1291 838 neque

275 833 400 882 ipsum
423 835 462 870 in
487 835 734 874 adulterando
752 841 842 876 vino
868 851 923 878 est
948 845 1133 893 ignotum.
1162 846 1289 884 Ὀνθυ-

274 890 385 927 λεύειν
407 901 533 928 autem
549 894 746 942 dixerunt,
769 907 805 934 et
824 901 1042 947 μονθυλεύειν
1060 918 1066 925 ·
1091 905 1194 953 quod
1221 920 1290 955 po-

274 949 408 985 sterius
424 951 493 986 etsi
515 951 837 1002 facesserejubeat
865 958 1064 1007 Phrynich.
1088 975 1121 1009 p.
1142 962 1204 1009 (34,
1220 977 1288 999 ex—

273 1019 418 1055 ponens
439 1008 629 1056 μολύνοντα
646 1012 840 1064 ταράττειν,
855 1024 1036 1066 utrasque
1051 1027 1175 1056 tamen
1191 1023 1289 1058 ὀνθυ-

271 1062 401 1106 λεύσεις
414 1073 449 1101 et
464 1066 702 1114 μονθυλεύσεις
723 1084 828 1119 aeque
852 1072 983 1123 dignas
1003 1075 1135 1113 habuit
1158 1079 1287 1115 Pollux

273 1135 364 1170 quas
384 1123 583 1161 adnotaret
605 1128 645 1172 6,
677 1128 738 1175 60,
762 1131 951 1174 ὀνθυλεύεις
974 1135 1054 1170 solo
1088 1145 1287 1173 contentus

274 1181 380 1228 991,
410 1195 626 1232 quanquam
655 1185 722 1232 ibi,
745 1190 958 1227 tacentibus
983 1194 1139 1243 reliquis
1167 1200 1282 1240 MSS„

272 1239 643 1290 Falckenburgianus
663 1247 836 1283 ostendat
867 1250 1101 1298 βονθυλεύειν,
1131 1255 1287 1301 perinde

271 1308 313 1331 ac
329 1299 526 1347 superiore
545 1301 626 1337 loco
649 1304 881 1352 βονθυλεύσεις
897 1323 903 1329 ·
922 1307 1127 1358 depravate
1145 1313 1287 1348 scilicet

272 1367 341 1402 pro
363 1356 592 1403 μονθυλεύειν.
614 1363 746 1410 Neque
766 1363 902 1401 dubito
919 1367 1010 1414 quin
1027 1382 1072 1403 ex
1099 1368 1285 1416 ejusmodi

270 1424 398 1450 errore
425 1415 639 1463 prodierint
674 1421 852 1468 Hesychii
889 1424 1196 1474 Βομὸυλεύματα,
1227 1429 1284 1464 vel

270 1471 396 1518 potius
412 1500 421 1517 ,
446 1481 486 1508 ut
506 1474 622 1511 scribi
647 1476 787 1513 debent
806 1508 815 1524 ,
836 1480 967 1517 ordine
989 1496 1141 1532 quoque
1165 1498 1282 1522 voca-

225 1547 228 1550 *
270 1527 447 1565 bulorum
478 1545 552 1566 non
573 1545 830 1583 repugnante,
865 1539 1144 1589 Βονθυλεύματα.
1171 1545 1282 1588 Quod

268 1587 426 1626 Casaub.
445 1589 492 1624 ad
513 1590 648 1628 Athen.
676 1607 704 1637 1,
729 1601 765 1641 4,
785 1605 929 1642 censet,
953 1603 1124 1647 originem
1142 1603 1284 1637 dedisse

267 1645 349 1679 huic
369 1651 452 1680 voci
473 1651 601 1684 coloris
616 1653 780 1698 aliquam
798 1658 1068 1693 sitnilitmlinem
1087 1664 1182 1694 inter
1199 1674 1282 1696 emt-

266 1705 463 1740 (limentum
481 1708 532 1741 lta
548 1719 736 1754 vocatum,
763 1722 799 1747 et
815 1727 944 1750 veram
966 1715 1080 1764 ὄνθον,
1099 1731 1281 1767 perquam

268 1768 417 1797 tenuem
435 1763 547 1799 habet
567 1767 646 1802 veri
668 1770 831 1816 speciem
855 1787 861 1806 .·
889 1773 1066 1820 equidem
1090 1775 1188 1811 haud
1209 1777 1281 1812 ad-

267 1832 424 1867 sperner
440 1822 583 1858 Kuhnii
600 1826 783 1862 rationem
804 1829 851 1864 ad
872 1831 1011 1868 Polluc.
1034 1833 1068 1877 6,
1089 1846 1150 1880 91,
1168 1848 1279 1883 quam

267 1876 372 1912 fulcit
392 1879 512 1926 prima
536 1881 641 1917 verbi
663 1892 828 1931 potestas
852 1900 897 1922 ex
918 1890 1073 1925 vetustis
1094 1903 1281 1939 gramma—

266 1935 349 1971 ticis
373 1950 393 1972 a
416 1938 532 1974 Suida
553 1951 773 1978 conservata
796 1944 831 1979 in
856 1944 1144 1996 Ὠνθυλευμένος,
1174 1953 1191 1986 ὃ
1218 1965 1279 1987 κο-

264 1992 366 2044 πρίας
388 1992 504 2044 γέμων
522 2011 529 2018 ·
562 2001 755 2046 quomodo
786 2001 861 2038 dici
893 2005 1017 2052 potuit
1051 2015 1277 2045 stercoratus

264 2064 371 2099 ager,
393 2061 430 2088 et
467 2053 652 2092 laetamine
667 2067 878 2096 saturatus:
904 2075 972 2097 nec
997 2065 1197 2114 quicquam
1218 2069 1277 2103 of—

264 2110 394 2146 ficiunt
419 2125 501 2160 quae
534 2127 554 2149 a
587 2116 779 2165 Stephano
811 2120 1057 2167 proferuntur
1097 2124 1206 2162 Thes.
1240 2127 1276 2162 in

264 2165 494 2206 Ὀνθυλεύειν.
514 2174 732 2220 Ducangius
747 2175 908 2212 adscivit
920 2178 1148 2226 ΜονΟηλευτή
1161 2197 1168 2204 ·
1184 2185 1277 2219 Phu-

263 2227 419 2261 vorinus
440 2230 591 2264 Camers
614 2244 621 2265 :
645 2231 812 2282 Καρύκκη
827 2262 836 2278 ,
858 2234 970 2272 κοιλία
985 2265 994 2282 ,
1011 2237 1052 2282 ἢν
1068 2243 1125 2275 νῦν
1144 2244 1274 2289 μονΟη-

261 2282 384 2328 λευτὴν
403 2286 564 2322 καλοῦσι·
582 2289 704 2326 minus
723 2300 831 2328 caute
848 2307 856 2328 :
872 2295 1006 2331 Suidas
1023 2297 1167 2347 integra
1184 2314 1276 2337 voce

261 2340 299 2376 in
322 2341 466 2392 Καρυκη
484 2372 492 2387 ,
512 2347 743 2392 μονθυλευτήν
759 2363 766 2370 ·
789 2359 950 2401 uterque
971 2357 1102 2392 sumsit
1121 2357 1167 2393 ab
1190 2361 1276 2395 Ari-

261 2399 457 2446 stophanis
478 2401 594 2440 schol.
608 2403 653 2439 ad
668 2408 762 2454 Equ.
783 2421 817 2443 v.
833 2410 920 2451 342,
934 2412 1040 2461 cujus
1054 2425 1274 2465 corruptam

261 2470 345 2505 quae
366 2458 403 2492 in
433 2459 544 2495 editis
572 2470 674 2497 extat
703 2464 901 2503 lectionem
933 2471 1171 2509 Pliavorinus
1207 2489 1275 2511 ex-

261 2516 408 2564 pressit.
431 2519 584 2565 Suidas,
601 2521 813 2566 Καπηλικῶς
831 2539 838 2547 ·
861 2527 935 2562 ἀντὶ
956 2532 1014 2564 τοῦ
1036 2535 1274 2582 πανουργικῶς

264 2574 374 2620 (miro
391 2586 519 2610 errore
536 2576 619 2614 cod.
640 2582 711 2614 LB.
726 2587 1006 2634 πανηγυρικῶς),
1024 2587 1097 2624 ἐπεὶ
1116 2591 1145 2624 οἱ
1162 2590 1274 2634 κάπη-

259 2629 314 2666 λοι
332 2630 550 2668 ὀνθυλεύουσι
576 2633 633 2670 τὸν
654 2629 743 2672 οἶνον
765 2646 854 2680 ete„
882 2642 1079 2690 interjecta
1117 2659 1272 2693 prorsus

260 2696 416 2735 resecat,
438 2703 522 2738 quae
542 2700 663 2728 tamen
679 2697 876 2734 commode
896 2700 1117 2747 retinentur,
1142 2711 1272 2752 utpote

259 2746 303 2782 ad
326 2748 593 2795 explicandum
612 2753 813 2796 καπηλικῶς
836 2757 923 2793 satis
949 2761 1148 2807 apposita,
1171 2774 1271 2809 prse-

259 2805 386 2840 sertim
409 2819 526 2854 quum
558 2808 596 2844 in
623 2812 779 2847 Comico
809 2818 866 2850 τοῦΙ
899 2815 1086 2866 προσώπου
1111 2817 1153 2854 τὰ
1182 2819 1269 2870 ῥάκη

259 2863 455 2899 confestim
484 2875 701 2915 sequantur.
733 2873 827 2907 Sunt
852 2874 1046 2911 enimvero
1065 2885 1100 2912 et
1130 2878 1270 2925 ἱματιο-

258 2920 429 2969 κάπηλοι,
450 2924 512 2972 qui
538 2934 701 2962 coemtas
717 2927 763 2964 ab
781 2931 862 2967 aliis
882 2942 1004 2969 vestes
1018 2933 1095 2982 jam
1115 2935 1271 2973 detritas

259 2991 371 3026 quam
390 2990 548 3028 possunt
564 2984 790 3023 nitidissime
810 2990 994 3031 reficiunt,
1008 3001 1047 3028 ut
1062 3007 1177 3029 novas
1196 2994 1271 3031 fere

259 3039 503 3085 mentiantur,
526 3050 561 3076 ct
583 3045 718 3080 emtori
742 3059 870 3094 partun
894 3059 1005 3086 cauto
1029 3052 1134 3088 facile
1153 3054 1273 3102 impo-

259 3103 372 3130 nant:
396 3096 496 3132 haud
525 3101 634 3136 aliter
663 3116 754 3139 unus
781 3106 839 3141 illa
872 3121 1079 3156 pannosam
1108 3111 1270 3148 frontem

259 3166 408 3189 cerussa
441 3168 701 3198 renovaverat.
743 3166 860 3200 Porro
895 3167 1069 3203 adsutum
1107 3169 1195 3204 illud
1233 3171 1270 3206 in

259 3211 373 3259 Suida
391 3212 438 3247 ad
461 3214 590 3261 linem,
613 3219 643 3253 οἱ
663 3218 815 3263 κάπηλοι
830 3225 925 3271 ὑμῶν
942 3226 1078 3262 Οολοῦσι
1096 3225 1151 3262 τὸν
1168 3220 1269 3275 οἶνον,

259 3269 434 3317 repudiat
458 3273 541 3311 cod.
570 3278 654 3319 LB„
677 3278 826 3316 videtur
853 3291 977 3320 autem
1008 3286 1135 3320 nescio
1163 3286 1270 3335 cujus

259 3327 518 3377 interpretatio
536 3335 668 3371 ,lt-saise
690 3350 719 3383 1,
741 3351 802 3386 22,
824 3340 889 3378 ubi
912 3356 1012 3380 nunc
1035 3345 1072 3381 in
1100 3345 1271 3382 versione

1043 183 1335 223 ADNOTATIO
1366 189 1419 226 IN
1447 191 1620 232 SCHOL.

1356 278 1488 313 Graeca
1506 293 1513 314 ε
1533 281 1563 315 οἱ
1585 280 1738 327 κάπηλοί
1758 301 1817 322 σου
1841 289 2003 339 μίσγουσι
2020 291 2077 328 τὸν
2107 287 2196 332 οἶνον
2217 295 2326 337 ὕδατι.
2349 318 2364 334 »

1356 334 1501 370 HEMST.
1521 336 1576 372 lb.
1605 341 1872 390 συμμιγνύοντες
1903 350 1946 383 R.
1973 352 2159 388 Praeterea
2181 354 2220 389 in
2246 358 2291 391 R.
2319 357 2365 393 ad

1355 390 1389 425 h.
1412 404 1445 426 v.
1477 394 1658 443 scriptum
1686 397 1768 450 ὅπερ
1792 403 2014 453 ἡμερωτικῶς
2039 408 2236 457 λεγομένας.
2258 436 2296 442 -
2316 414 2361 449 51

1354 453 1566 497 κωμωτικῶς
1582 453 1628 490 Θ.
1647 452 1791 497 Ἄλλως.
1808 466 2037 508 κωμαστικῶς
2055 466 2158 502 Junt.
2179 469 2362 519 ε”Ῐαιμ-Θ,

1354 506 1634 557 ἐψυμμ-Ιυῃῐ.
1649 536 1688 541 -
1709 513 1755 549 52
1782 514 1908 564 ἔχουσα
1929 521 2098 559 additum
2121 538 2167 560 ex
2197 527 2241 563 Θ.
2258 552 2297 558 —
2317 529 2363 572 54

1354 561 1596 614 Κομμωτικῶς
1611 578 1712 606 recte
1732 575 1804 608 LB.
1825 574 1863 609 in
1894 576 2038 615 scholio
2061 584 2258 632 marginali
2276 601 2282 621 ε
2301 585 2363 622 in-

1354 630 1410 658 ter
1430 637 1561 661 versus
1592 640 1708 676 supra
1727 631 1930 676 καπηλικῶς
1956 636 2106 674 additur
2135 645 2361 689 κωμωτικῶς.

1351 684 1433 717 Vox
1451 685 1728 722 recentioribus
1749 688 1923 727 adamata
1942 706 1950 727 ε
1973 694 2263 745 Photiojudice,
2282 704 2364 738 Iso-

1351 740 1462 775 cratis
1484 742 1623 779 ἐπανθεῖ
1646 749 1716 786 τοῖς
1735 744 1848 794 λόγοις
1879 750 1915 784 οὐ
1941 749 2044 798 μόνον
2072 751 2241 804 ἔμφυτον,
2275 758 2363 795 ἀλλὰ

1350 794 1408 831 καὶ
1434 800 1656 846 κομμωτικὸν
1680 801 1819 851 κάλλος,
1848 805 2030 846 Biblioth.
2059 823 2096 859 p.
2132 818 2219 862 749.
2253 817 2361 865 Apud

1351 856 1520 893 Eustath.
1543 858 1589 894 ad
1613 860 1654 895 lt.
1676 864 1719 905 A,
1742 874 1779 910 p.
1803 863 1866 910 96,
1885 866 2022 902 Nestor
2042 869 2078 904 οὐ
2097 868 2200 917 μόνον
2220 877 2296 914 ταῖς
2311 874 2361 909 ἐν·

1349 912 1456 954 νοίαις
1469 913 1570 961 ἡδὺς,
1593 916 1682 953 ἀλλὰ
1700 918 1758 954 καὶ
1776 922 1818 970 τῇ
1838 921 1959 972 φράσει
1971 927 2204 974 κομμωτικός.
2220 930 2362 967 Psellus

1350 971 1557 1009 Heliodoro
1579 975 1714 1012 tribuit
1744 977 1782 1014 τὸ
1801 978 1927 1021 κάλλος
1951 986 2011 1019 τοῦ
2035 983 2138 1034 λόγου
2167 984 2245 1023 οὔτε
2271 987 2362 1025 πάνυ

1348 1030 1571 1077 κομμωτικὸν
1589 1032 1646 1068 καὶ
1668 1035 1858 1085 θεατρικὸν,
1879 1037 1956 1075 οὔτε
1981 1039 2048 1089 μὴν
2071 1041 2222 1080 Ἀττικόν
2243 1060 2280 1082 τε
2301 1045 2359 1082 καὶ

1349 1087 1577 1139 ὑπερήφανον.
1597 1091 1679 1127 vid.
1696 1095 1973 1143 Hermogenem
1995 1099 2082 1149 Περὶ
2098 1100 2140 1137 ἷδ.
2160 1115 2198 1150 p.
2224 1103 2310 1148 305,
2325 1111 2362 1139 et

1351 1143 1422 1179 353
1445 1159 1452 1180 :
1475 1139 1543 1182 οἷον
1567 1147 1695 1197 κόσμος
1715 1165 1764 1191 τις
1791 1151 2004 1202 ἐπικείμενος
2031 1155 2153 1200 ἔξωθεν
2175 1173 2359 1208 κομμωτι-

1348 1200 1416 1243 κός.
1451 1206 1595 1241 fimus-T.
1621 1208 1786 1256 Regius:
1809 1210 1903 1247 Καπ.
1941 1213 2016 1250 ἀντὶ
2042 1219 2102 1252 τοῦ
2131 1220 2361 1265 κωμαστικῶς

1347 1259 1404 1296 καὶ
1440 1262 1761 1312 ἐψιμμιθιωμένως,
1789 1267 1848 1303 καὶ
1878 1269 1890 1318 (
1906 1271 1928 1305 l.
1947 1271 1993 1307 52
2010 1274 2087 1322 sq.l
2106 1296 2156 1302 —
2174 1274 2270 1321 ξένην
2301 1274 2359 1313 καὶ

1347 1316 1573 1356 ἐπίπλαστον.

1406 1377 1513 1423 1065,
1532 1392 1550 1424 7
1571 1382 1630 1415 τοῦ
1651 1381 1820 1431 δέγματος
1836 1386 1966 1423 codex.

1404 1436 1515 1480 1067,
1545 1438 1588 1473 13
1609 1439 1836 1484 Συνουσιάζει
1853 1458 1902 1481 σε.
1924 1445 2022 1481 Huic
2043 1446 2163 1483 verbo
2189 1461 2235 1484 an
2259 1462 2280 1485 a
2299 1463 2360 1487 re-

1345 1494 1579 1533 centioribus
1602 1500 1742 1536 Graecis
1756 1501 1884 1539 addita
1904 1504 1963 1549 sit,
1984 1518 2095 1554 quam
2110 1506 2171 1543 hic
2188 1507 2360 1545 obtinere

1344 1550 1469 1597 debet,
1489 1562 1656 1601 potestas
1673 1559 1726 1592 ad
1745 1560 1968 1597 concubitum
1985 1565 2213 1609 sollicitandi,
2232 1565 2358 1603 dicere

1344 1623 1419 1644 non
1449 1624 1605 1660 possum
1627 1628 1634 1649 :
1653 1617 1850 1653 confirmat
1884 1628 1985 1656 certe
2017 1621 2205 1670 vulgatam
2234 1625 2358 1661 Suidae

1344 1669 1544 1706 lectionem
1558 1699 1567 1716 ,
1604 1673 1742 1725 Πειρῶν
1763 1703 1771 1719 ,
1800 1675 2030 1727 προσβάλλων
2049 1708 2058 1724 ,
2097 1681 2330 1725 συνουσιάζων
2348 1698 2355 1705 ·

1343 1741 1454 1776 quam
1472 1731 1640 1777 Kuster.,
1662 1733 1742 1769 sine
1760 1733 1878 1770 dubio
1897 1746 2021 1772 motus
2042 1737 2151 1774 verbi
2180 1739 2352 1777 insolen-

1343 1785 1411 1831 tia,
1429 1787 1563 1836 refingi
1585 1789 1702 1825 voluit
1725 1791 1761 1826 in
1789 1791 2020 1841 προσὸάλλων
2050 1794 2128 1847 περὶ
2157 1796 2350 1839 συνουσίας.

1341 1844 1486 1879 HEMST.

1400 1908 1496 1947 1074
1520 1902 1682 1945 ἀλαζῶνα
1704 1905 1838 1942 codex.

1399 1961 1508 2007 1075,
1527 1974 1574 2009 29
1592 1962 1693 1999 τοῦτό
1711 1978 1794 2014 φασι
1817 1967 1955 2017 ῥιφῆναι
1977 1968 2194 2018 βουλομένων
2215 1971 2261 2008 Θ.

1397 2019 1506 2064 1076,
1530 2020 1573 2054 31
1594 2019 1633 2056 τὸ
1652 2019 1684 2057 δὲ
1706 2021 1740 2057 τί
1761 2021 1876 2072 ἔλεγον
1898 2022 2005 2067 οὕτως
2024 2028 2054 2062 οἱ
2082 2028 2354 2077 χαλεπαίνοντες

1339 2077 1381 2110 R.
1400 2073 1451 2110 ὅτι
1472 2077 1501 2111 οἱ
1519 2077 1787 2125 χαλεπαίνοντες
1807 2080 1844 2117 τὸ
1865 2084 2096 2127 συνουσιάζειν
2114 2084 2220 2127 οὕτως
2236 2085 2352 2136 ἔλεγον

1338 2131 1375 2169 τὸ
1395 2132 1428 2169 τί
1443 2134 1489 2170 Θ.
1510 2135 1594 2171 Ald.
1610 2135 1649 2171 τὸ
1670 2139 1904 2182 συνουσιάζειν
1921 2141 2065 2178 illatum
2085 2157 2130 2179 cx
2149 2145 2348 2182 scholio-v.

1343 2191 1452 2237 1078.
1471 2216 1510 2222 -
1533 2193 1578 2227 36
1600 2192 1657 2231 σὸν
1679 2208 1753 2233 0111.
1775 2200 1894 2234 Dorv.

1394 2250 1517 2296 1078,
1542 2252 1589 2287 38
1617 2254 1833 2305 συνεχώρουν
1863 2256 2083 2294 Schaeferus.
2113 2262 2264 2310 συνεχῶς
2295 2256 2352 2298 οῧν

1337 2307 1472 2343 codex.

1395 2369 1486 2403 1081
1507 2369 1559 2405 sie
1577 2370 1615 2406 in
1637 2374 1696 2414 R„
1718 2370 1810 2409 Ἀντὶ
1828 2377 1886 2410 τοῦ
1903 2373 1953 2416 τίς
1977 2390 2036 2424 μοι
2053 2375 2352 2428 ἐπιτρέπει-διε-

1336 2425 1564 2476 σπεκλωμένη
1585 2442 1592 2449 ·
1613 2427 1652 2463 τὸ
1674 2427 1709 2464 δὲ
1736 2428 1932 2481 σπέκλωμοι
1950 2431 2006 2469 ἐπὶ
2025 2437 2085 2469 τοῦ
2117 2436 2351 2479 συνουσιάζειν

1334 2482 1509 2520 τάττουσι.
1530 2485 1587 2521 τὸν
1603 2480 1690 2537 ἦχον
1718 2486 1753 2523 δὲ
1774 2487 1867 2538 λέγει
1893 2491 1966 2540 (vel
1994 2490 2146 2542 λέγουσι)
2168 2494 2225 2530 τὸν
2255 2496 2351 2545 γινό-

1334 2556 1435 2589 μενον
1456 2543 1488 2577 ἐν
1508 2545 1550 2592 τῇ
1574 2546 1737 2596 συνουσίᾳ
1761 2549 1803 2583 R.
1832 2550 1874 2583 In
1893 2552 1951 2592 V„
1973 2548 2076 2601 Παρὰ
2099 2549 2137 2587 τὸ
2163 2550 2351 2589 πλέκεσθαι

1333 2598 1391 2634 καὶ
1410 2600 1656 2643 συνουσιάζειν.
1679 2602 1862 2652 ἐπίκλωμα
1884 2603 1950 2656 γὰρ
1974 2599 2060 2656 ἦχος
2079 2609 2138 2651 τῆς
2155 2610 2348 2652 συνουσίας.

1332 2658 1352 2699 ἡ
1376 2656 1606 2705 διαλελυμένη
1626 2659 1751 2709 κυρίως
1768 2661 1824 2697 ἐπὶ
1846 2663 2007 2712 σχοινίων
2033 2665 2099 2700 τῶν
2115 2664 2321 2704 πλακέντων
2338 2698 2349 2717 ,

1332 2705 1406 2748 εἶτα
1437 2713 1666 2751 διαλυθέντων
1695 2717 1729 2752 ἐν
1750 2717 1874 2769 χρόνῳ.
1907 2721 1937 2756 οἱ
1968 2719 2002 2756 δὲ
2027 2724 2348 2773 συγγεγαμημένη,

1331 2776 1558 2821 γεγηρεικυῖα.
1576 2798 1617 2803 -
1635 2776 1683 2816 46
1701 2773 1735 2810 δὲ
1758 2789 1831 2812 om.
1851 2778 1913 2824 Θ.,
1935 2779 1999 2827 qui
2018 2785 2062 2824 47
2080 2778 2136 2816 ἵνα
2159 2782 2206 2830 μή
2231 2798 2282 2826 τις
2302 2785 2347 2823 Θ.

1331 2845 1345 2860 «
1362 2829 1432 2864 Vix
1454 2831 1684 2881 perspicias,
1706 2835 1900 2881 quomodo
1917 2865 1926 2882 ,
1958 2837 1988 2873 si
2008 2850 2180 2886 personae
2195 2839 2348 2888 juvenis

1330 2895 1530 2935 aptentur,
1557 2891 1574 2924 ὁ
1593 2890 1621 2924 δ’
1636 2890 1830 2942 ἐπιτρέψων
1852 2894 1924 2930 ἐστὶ
1945 2894 1995 2937 τίς
2013 2910 2022 2941 ;
2049 2909 2199 2951 sensum
2230 2913 2347 2949 expe-

1331 2944 1402 2979 diri
1421 2945 1525 2980 velit.
1551 2946 1588 2981 Si
1609 2957 1772 2985 mentem
1796 2951 1876 2999 ejus
1899 2965 2100 3002 assequor,
2128 2955 2178 2992 ita
2200 2958 2347 2995 censuit

1329 3002 1573 3050 accipienda,
1601 3007 1707 3053 quasi
1737 3009 1900 3056 primum
1923 3011 2142 3049 adolescens
2170 3014 2344 3052 acerbam

1329 3059 1580 3098 dilectissimae
1606 3077 1681 3100 snae
1711 3067 1951 3105 amissionem
1972 3069 2099 3107 dolere
2123 3085 2160 3108 se
2198 3073 2312 3122 fingat
2333 3089 2342 3110 ε

1329 3131 1378 3152 an
1397 3121 1589 3167 qaisquam
1607 3127 1674 3158 erit
1689 3152 1699 3167 ,
1716 3138 1788 3171 per
1805 3140 1910 3173 quem
1934 3129 2025 3163 milti
2048 3131 2157 3165 liceat
2177 3144 2222 3166 ea
2231 3132 2344 3177 frui?

1331 3177 1478 3225 tuipse,
1508 3179 1718 3228 Cliremyle,
1742 3183 1805 3230 qui
1828 3184 1922 3220 mihi
1944 3184 2023 3233 jam
2043 3186 2144 3222 visus
2173 3200 2214 3223 es
2240 3187 2340 3225 iliam

1329 3243 1527 3272 attrectare
1541 3267 1550 3283 ,
1574 3238 1635 3274 alii
1659 3240 1784 3289 plures
1804 3254 1932 3278 amore
1951 3243 2051 3292 capti
2074 3244 2340 3282 intercedens:

1331 3301 1407 3329 tum
1439 3304 1595 3344 repente
1617 3325 1626 3339 ,
1660 3297 1805 3346 abjecta
1839 3300 2081 3338 simulatione
2103 3331 2112 3348 ,
2150 3316 2262 3352 quam
2296 3317 2342 3340 ne

1332 3361 1474 3399 puncto
1493 3354 1641 3401 quidem
1664 3357 1846 3405 temporis
1867 3358 2051 3396 sustinere
2072 3368 2235 3408 poterat,
2255 3374 2338 3397 cum
