2533 3808
268 235 339 267 302

317 320 379 345 944.
410 306 684 356 Κηφισοφῶνταε
704 299 788 339 εὈτι
807 300 914 338 ἐδόκει
934 300 1050 342 δοῦλος
1065 299 1110 337 ὢν
1125 302 1144 336 6
1164 301 1281 351 Κηφι-

268 367 377 416 σοφῶν
394 363 576 411 συμπονεῖν
597 361 706 410 αὐτὶ3,
726 373 785 394 και
802 357 952 407 μάλιστα
970 355 1014 393 τὰ
1034 357 1141 406 μέλη,
1163 355 1199 393 ὃν
1223 355 1282 392 καὶ

267 426 414 459 συνεῖναι
428 421 470 469 τῇ
486 419 619 467 γυναικὶ
639 417 741 453 αὐτοῦ
757 415 990 466 κωμῳδοῦσιν.
1013 414 1171 465 (ἔτερος
1154 412 1189 450 οέ
1212 415 1282 450 ἐστι

268 477 497 548 Κηφισοφῶνω
500 476 518 510 6
541 473 600 510 καὶ
626 472 664 509 τὸ
692 471 864 541 ψηφισμα
882 470 1080 521 εισενεγκὼν
1109 468 1192 520 ὑπὲρ
1222 472 1281 506 τοῦ

232 555 247 579 5
267 536 441 585 εἱρχθῆναι
455 533 515 576 τ’ἧς
530 532 563 567 ἐν
580 528 770 582 πρυτανείῳ
786 527 975 577 σιτήσεως.)

301 636 303 638 ¹
319 602 380 627 946.
409 587 470 633 τὴν
485 587 652 624 ὑπόθεσιν.
670 594 708 623 R.

318 659 379 685 947.
394 645 440 696 [ἢ
457 645 493 682 τὸ
508 647 633 681 σαυτοῦ
649 657 657 681 t
673 643 756 681 ζΌτι
772 640 933 692 δυσγενὴς
948 643 965 679 6
979 639 1175 692 Εὐριπίδης.
1192 641 1282 678 ἐπῶν

267 701 319 749 δὲ,
334 705 400 739 τῶν
417 701 594 751 ἰαμὸείων.
611 699 675 746 ἔπη
689 699 827 751 γὰρκαὶ
844 697 931 735 αὐτὰ
945 697 1133 747 καλοῦσιν.]

317 774 379 798 948.
408 758 529 811 [ἀργόν
550 772 558 796 :
577 757 712 808 “Ώσπερ
729 755 769 794 σὺ
785 755 846 802 τὴν
864 757 894 794 N
900 755 993 802 ιόὸην
1009 754 1068 792 καὶ
1088 755 1145 791 τὸν
1165 754 1284 805 Ἀχιλ-

218 836 248 860 10
265 816 327 854 λέα
343 816 503 862 ἐποίησας
521 815 623 865 μηδὲν
636 813 826 864 λέγοντας]

318 887 379 912 949.
408 877 429 919 ἢ
449 873 531 924 γυνή
553 872 590 910 τέ
616 888 672 922 μοι
695 874 748 922 χὼ
768 872 908 913 δοῦλοςε
930 869 1018 908 Ἀντὶ
1039 873 1097 907 τοῦ
1122 867 1166 905 τὰ
1184 869 1280 906 αὔτα.

266 931 325 969 καὶ
347 933 393 974 εἷς
413 935 512 968 τοῦτο
534 930 750 981 κωμῳδεῖται
775 931 792 965 6
819 927 1022 978 Εὐριπίδης,
1042 926 1093 964 ὅτι
1117 925 1285 978 διαφόροις

267 992 336 1032 τοῖς
350 988 544 1040 προσώποις
558 987 738 1029 ἀνοικείους
753 985 871 1035 λόγους
883 984 1101 1037 περιτίθησιν.

319 1059 382 1084 950.
412 1045 463 1082 ὅτι
476 1045 534 1082 καὶ
549 1043 711 1095 παρθένος
727 1045 760 1080 ἐν
778 1041 978 1094 τραγῳδίαις
991 1041 1093 1091 λέγει.
1106 1049 1143 1078 R.
1163 1048 1203 1077 V.

218 1120 248 1144 15
319 1117 382 1141 951.
412 1103 539 1154 [ταῦτα
557 1116 565 1140 :
585 1102 635 1140 Τὸ
650 1100 724 1144 τοὺς
741 1099 876 1142 δούλους
896 1102 964 1142 τοῖς
977 1098 1155 1140 δεσπόταις
1176 1097 1284 1135 ἰσοτί-

269 1175 349 1210 μους
362 1160 503 1211 ποιεῖν.]]

319 1231 382 1255 952.
413 1215 663 1268 δημοκρατικὸν
675 1227 684 1253 :
696 1213 753 1253 Τὰ
764 1214 842 1266 περὶ
853 1212 1084 1264 δημοκρατίας
1094 1212 1153 1249 καὶ
1165 1211 1285 1257 ἰσότη-

268 1289 339 1320 τος,
358 1290 471 1323 φησιν,
502 1273 612 1311 ἔασον.
630 1272 709 1322 ἐμὸν
728 1272 794 1323 γάρ
810 1273 881 1308 ἐστι
899 1272 1061 1320 μᾶλλον
1047 1284 1134 1319 εμπε
1124 1272 1283 1320 ριπατῆ-

270 1346 353 1369 σαι
343 1332 420 1383 περὶ
435 1332 572 1376 τούτου,
595 1331 631 1367 οὐ
651 1329 720 1367 σόν.
741 1328 889 1387 παρόσον
909 1327 1054 1378 ἡσυγίας
1073 1327 1132 1364 καὶ
1153 1325 1286 1378 εἰρήνης

218 1409 252 1433 20
271 1391 288 1425 6
316 1388 386 1431 θεὸς
411 1389 526 1431 αἴτιος.
537 1387 651 1435 (ἔασον
674 1390 729 1423 οὖν
755 1389 782 1423 ὠ
806 1392 885 1422 τᾶν
913 1387 1016 1436 ὀρθῶς
1040 1383 1106 1435 γάρ
1130 1398 1190 1420 σου
1219 1399 1286 1419 κα-

269 1462 311 1491 τη
314 1451 406 1496 γορεῖ
419 1446 474 1483 ἐπὶ
490 1448 531 1495 τῇ
548 1444 683 1481 πάντων
706 1441 919 1493 ἀδολεσχίαε
907 1458 924 1479 ο
941 1440 1132 1491 Αἰσχύλος,
1151 1456 1210 1477 και
1225 1455 1286 1477 ουκ

271 1501 311 1539 ἂν
339 1502 427 1553 ἔχοις
454 1503 730 1551 ἐμπεριπατῆσαι
757 1498 833 1537 οὐδὲ
860 1498 1036 1536 ἐπαινέσαι
1063 1497 1203 1534 σεαυτὸν
1231 1497 1286 1534 ἐπὶ

269 1559 404 1611 τούτῳ.)
425 1558 583 1610 [Ἄλλως.
601 1559 637 1596 οὗ
652 1558 701 1594 δεῖ
718 1572 772 1602 σε,
793 1556 892 1608 φησὶ,
912 1558 1022 1601 ζητεῖν
1039 1554 1128 1597 ὅπως
1147 1553 1186 1591 ἂν
1206 1556 1287 1591 ἀπο·

270 1615 378 1666 δείξῃς
396 1619 440 1658 ὡς
458 1615 625 1653 κάλλιστα
641 1618 739 1652 τοῦτο
755 1614 889 1656 ἐποίεις.
907 1615 944 1650 οὗ
961 1612 1026 1665 γὰρ
1042 1612 1146 1650 καλὸν
1164 1611 1196 1655 ἐξ
1212 1612 1285 1649 ἴσου

221 1697 251 1721 25
269 1672 344 1715 τοὺς
358 1673 494 1716 δούλους
509 1678 577 1715 τοῖς
594 1671 772 1714 δεσπόταις
785 1670 1088 1723 παρρησιάζεσθαι.
1105 1669 1288 1722 περίπατος

271 1730 305 1767 δὲ
320 1729 511 1782 διατριὸή]

322 1801 384 1825 954.
413 1787 489 1830 τοὺς
505 1789 538 1824 ἐν
553 1786 714 1839 δράματι.
731 1794 768 1823 R.

323 1858 385 1882 956.
414 1843 628 1894 γωνιασμοὺς
645 1856 654 1881 ;
680 1842 945 1893 Πλαγιασμοὺς,
963 1841 1109 1885 ἀπάτας.
1130 1856 1287 1892 καχυπο-

271 1904 447 1938 τοπεῖσθαι
461 1901 513 1948 δὲ,
528 1901 602 1938 ἀντὶ
617 1904 677 1937 τοῦ
691 1899 782 1937 κακὰ
799 1901 963 1946 ὓπονοεῖν,
979 1899 1036 1936 ἐάν
1051 1915 1100 1943 τις
1113 1901 1157 1942 εἷς
1171 1898 1291 1941 αὐτοὺς

221 1986 255 2010 30
272 1958 492 2009 τεχνάσηται.
507 1985 558 1992 -
578 1957 753 2009 ἀποφυγὰς
765 1957 823 1995 καὶ
837 1956 1035 2007 ἀπαγωγάς.
1052 1964 1090 1993 R.
1110 1964 1153 1993 M.

324 2029 385 2053 958.
415 2016 494 2067 κάχ’
513 2018 756 2053 ὑποτοπεῖσθαι
777 2028 785 2053 :
807 2015 858 2052 Τὸ
874 2014 1000 2052 τέλειον
1017 2012 1108 2051 κακὰ
1125 2014 1289 2052 ὑπονοεῖν.

272 2084 310 2114 R.
324 2082 362 2111 V.
381 2075 545 2119 ὑπονοεῖν,
563 2073 621 2110 ἐάν
640 2088 690 2115 τις
704 2072 889 2115 εἷς·αὗτοὺς
904 2071 1125 2123 τεχνάσηται.
1145 2078 1186 2108 Ε.

323 2146 386 2171 960.
411 2133 440 2169 εἰ
456 2133 569 2173 κακῶς
588 2129 714 2180 ἔλεγον.
731 2136 768 2165 R.
783 2137 823 2165 V.

324 2204 387 2229 961.
416 2191 477 2226 οὐκ
494 2187 772 2237 ἐκομπολάκουνζ
789 2185 915 2228 Κενοὺς
928 2187 989 2223 οὐκ
1004 2184 1136 2223 ἐποίουν
1153 2184 1290 2237 ψόφους.

222 2274 254 2299 81>
275 2249 335 2285 οὐκ
351 2246 464 2296 ἔλεγον
480 2245 647 2295 κομπώδη
660 2247 704 2287 ὡς
720 2247 737 2280 6
752 2242 936 2294 Αἰσχύλος.
950 2265 1001 2271 -—
1015 2241 1292 2294 ἐμεγαλορρημό-

273 2318 362 2342 νουν.
383 2306 428 2343 Θ.

326 2374 389 2399 962⁷..
420 2359 487 2396 ἀπὸ
507 2362 565 2396 τοῦ
585 2364 715 2411 φρονεῖν
736 2356 940 2400 ἀποσπάσας
956 2370 965 2395 ;
983 2358 1035 2395 Οὖ
1051 2355 1113 2403 τὴν
1133 2356 1293 2408 φρόνησιν

277 2420 386 2455 αὐτῶν
405 2416 605 2468 ἀφειλόμην,
623 2415 690 2452 ἀπὸ
706 2419 762 2452 τοῦ
785 2417 916 2467 φρονεῖν
936 2413 994 2451 καὶ
1012 2417 1160 2451 συνεῖναι
1181 2413 1219 2451 τὸ
1237 2415 1294 2450 λε-

275 2474 416 2525 γόμενον
433 2473 635 2515 ἀποσπάσας
650 2472 780 2515 αὐτούς.

225 2557 263 2584 ⁴6
328 2544 390 2568 963.
420 2529 590 2581 [Κύκνους
614 2543 622 2568 :
647 2528 731 2567 “On
759 2528 816 2565 δύο
841 2527 970 2566 Κύκνοι
995 2527 1161 2577 ἐγένοντο·
1187 2530 1204 2565 6
1234 2526 1294 2577 μὲν

279 2587 392 2639 Ἄρεος
422 2587 509 2632 υἱὸς,
539 2589 556 2623 6
583 2587 636 2637 ὑφ’
666 2584 876 2636 Ἡρακλέους
905 2584 1088 2636 φονευθεὶς,
1117 2587 1160 2626 ὡς
1187 2586 1221 2620 ἐν
1252 2587 1294 2635 τῇ

280 2644 412 2682 Ἀσπίδι
431 2643 607 2688 Ἡσίοδος,
632 2645 649 2679 6
673 2641 708 2679 δὲ
731 2641 962 2686 Ποσειδῶνος,
987 2643 1004 2677 6
1029 2642 1086 2676 ὑπ’
1103 2639 1294 2691 Ἀχιλλέως·

278 2704 324 2745 ὡς
337 2701 396 2738 καὶ
414 2701 582 2751 Πίνδαρος
597 2698 754 2750 ἱστορεῖ]

335 2755 773 2810 κωδωνοφαλαροπώλουςῑ

230 2847 262 2869 ⁴5
281 2817 422 2869 ρήνεγκε
436 2814 631 2867 «χρωμένους
644 2812 778 2851 κώδωσί
791 2827 894 2855 τινας.
912 2811 1119 2863 [κώδωνας’
1105 2827 1138 2848 εν
1154 2812 1222 2854 τοῖς
1238 2827 1298 2864 φα-

280 2874 394 2926 λάροις
409 2889 467 2910 και
479 2873 631 2923 χαλινοῖς
643 2873 709 2908 τῶν
722 2869 838 2907 ἵππων
852 2885 866 2906 ε
869 2883 1002 2919 χοντας
1004 2867 1022 2919 Ἦ

331 2945 394 2969 965
419 2929 633 2990 Φορμίσιος;
651 2926 798 2977 Δίδυμός
814 2941 914 2978 φησιν
930 2925 981 2962 ὅτι
1001 2925 1191 2977 Φορμίσιος
1213 2927 1298 2978 δρα-

282 2987 394 3030 στικὸς
421 2991 461 3033 ἠν
489 3003 548 3024 και
566 2986 627 3032 τὴν
646 2985 756 3035 κόμην
779 2983 910 3036 τρέφων
939 2982 997 3020 καὶ
1025 2982 1164 3035 φοὸερὸς
1193 2984 1298 3020 δοκῶν

283 3039 379 3082 εῖναι.
404 3044 454 3081 διὸ
477 3059 537 3082 και
566 3042 740 3094 Αἰσχύλου
767 3039 921 3091 μαθητὴν
947 3039 1048 3077 αὐτόν
1073 3055 1174 3090 φησιν
1201 3034 1298 3077 εῖναι.

233 3102 388 3172 50’βοιθυς
403 3103 471 3139 δὲ
454 3117 493 3147 ην
511 3101 570 3138 καὶ
585 3100 694 3138 καθίει
706 3098 763 3137 τὸν
779 3097 940 3148 πώγωνα.
958 3098 1175 3147 κωμῳδεῖται
1191 3097 1226 3135 δὲ
1243 3102 1301 3139 καὶ

286 3160 331 3201 εἰς
347 3157 562 3207 δωροδοκίαν.

304 3215 546 3263 Μεγαίνετός
561 3215 588 3251 θ
602 3217 620 3251 6
633 3214 781 3261 Μάνηςε
800 3213 841 3252 Ο
858 3211 1115 3262 Μεγαίνετος,“
1095 3228 1146 3251 οτι
1160 3213 1198 3251 οὔ
1213 3211 1301 3249 πάν-

286 3286 351 3313 τως
379 3270 565 3330 βάρὸαρος,
584 3272 659 3308 ἀλλ’
681 3270 881 3316 ἀναίσθητος
899 3285 958 3307 και
983 3270 1044 3306 οὐκ
1066 3269 1210 3316 ἀστεῖος.
1239 3270 1300 3306 αὖ·

289 3327 391 3374 θάδης
410 3326 444 3366 δὲ
459 3331 554 3370 οὗτος
569 3343 626 3365 και
644 3330 710 3365 τῶν
727 3326 1008 3379 στρατηγιώντων
1024 3325 1096 3364 ἐστι
1115 3341 1172 3363 και
1193 3326 1303 3369 ἄλλως

796 2753 1019 2796 Ἀπολλώνιός
1035 2768 1136 2806 φησιν
1156 2769 1207 2790 οτι
1225 2769 1291 2791 πα-

1012 217 1264 256 SCHOLIA
1299 219 1358 256 IN
1392 219 1597 258 RANAS.

1336 301 1469 352 θρασύς.
1488 301 1575 344 τινὲς
1600 301 1635 338 δὲ
1653 301 1780 339 δούλων
1805 302 1970 351 ὀνόματα.
1989 325 2038 331 -
2063 303 2271 354 Μεγαίνετός
2288 307 2316 344 θ’
2334 308 2352 344 6

1336 355 1504 406 Μάγνης.
1523 358 1720 410 Ἀμφότεροι
1738 358 1917 411 βαρὸαροι.
1932 372 1969 401 Α.

1388 431 1451 456 966.
1469 420 1922 470 σαλπιγγολογχυπηνάδαιε
1941 421 2143 473 Σάλπιγγας
2156 438 2214 461 και
2226 423 2355 476 λογχας

1335 489 1394 511 και
1411 478 1542 521 υπηνας
1561 475 1704 526 ἔχοντες.
1720 480 1820 514 τοῦτο
1842 478 1877 515 δε
1903 479 1949 521 εἰς
1971 479 2028 516 τὸν
2049 480 2282 539 Φορμίσιον’
2263 498 2354 521 απο-

1335 532 1435 569 τείνει
1456 556 1507 561 ——
1523 535 1568 575 ὡς
1588 533 1693 582 μέγαν
1716 533 1838 584 ἔγοντα
1861 535 2021 585 πώγωνα.
2040 531 2115 575 εἶπε
2135 538 2170 575 δὲ
2189 540 2354 584 συνθέτως
2370 554 2389 580 5

1336 589 1375 626 τὸ
1398 589 1460 638 μὲν
1484 589 1552 627 ἀπὸ
1570 594 1628 626 τοῦ
1648 590 1818 640 πολέμου,
1837 593 1876 629 τὸ
1899 591 1934 629 δὲ
1959 593 2027 631 ἀπὸ
2044 598 2102 632 τοῦ
2125 594 2296 646 πώγωνος.
2316 611 2353 640 Β,

1336 658 1375 686 v.
1391 652 1437 689 Θ.
1460 658 1504 689 Μ.

1390 713 1830 764 σαρκασμοπιτυοκάμπται
1855 729 1864 753 :
1887 715 1951 758 Ὡς
1969 716 2198 768 σαρκάζοντας
2217 720 2277 769 μὲν
2295 721 2354 759 καὶ

1337 770 1645 821 προσποιουμένους
1663 769 1706 807 τὰ
1725 770 1914 820 πολεμικὰ,
1937 773 1998 809 οὐκ
2024 774 2157 819 ἀληθῶς
2183 776 2218 812 δὲ
2242 776 2355 814 τοιού-

1338 841 1428 870 τους·
1446 827 1562 878 ἷσγύος
1579 827 1614 864 δὲ
1630 827 1928 878 ἐπιμελουμένους.
1948 829 1999 866 διὸ
2022 845 2081 866 και
2105 830 2162 867 τὸν
2182 833 2354 883 Μεγαίνε-
2375 841 2408 866 ¹0

1338 899 1394 921 τον
1409 884 1531 931 Μάνην
1544 888 1648 931 εἶπεν,
1660 886 1697 921 οὗ
1711 885 1848 929 πάντως
1861 885 2047 938 βοίρὸαρον,
2059 888 2133 925 ἀλλ’
2143 889 2355 936 ἀναίσθητον.

1340 941 1494 987 ἐπίτηδες
1514 943 1548 979 6.=.
1568 941 1739 993 ἐχρησατο
1761 945 1830 985 τοῖς
1855 943 2021 987 συνθέτοις
2047 944 2102 982 διὰ
2120 945 2158 982 τὸ
2182 947 2356 998 Αἰσχύλου

1338 1001 1426 1044 ἦθος.
1441 1021 1480 1025 -
1498 999 1571 1036 ἀντὶ
1588 1004 1646 1037 τοῦ
1661 999 1822 1050 μεγάλαι.
1838 1007 1877 1037 R.
1891 1008 1930 1036 V.
1978 1000 2137 1052 [Ἄλλως.
2157 1018 2358 1055 σαρκασμο-

1339 1071 1600 1105 πιτυοκαμπτης
1627 1057 1785 1103 συνετέθη
1813 1056 1909 1108 παρὰ
1936 1057 1974 1095 τὸ
2003 1061 2203 1110 σαρκασμὸς
2231 1060 2290 1098 καὶ
2319 1061 2359 1098 τὸ

1339 1112 1437 1156 πίτυς
1452 1113 1510 1150 καὶ
1526 1113 1565 1150 τὸ
1581 1114 1742 1162 κάμπτω.
1765 1114 1836 1152 ἔστι
1853 1115 1888 1152 δὲ
1905 1116 2104 1167 σαρκασμὸς
2123 1117 2276 1169 εἰρωνεία
2298 1120 2360 1156 δα·
2377 1130 2409 1156 15

1339 1170 1447 1222 κνηρὰ
1464 1171 1523 1207 καὶ
1542 1170 1710 1223 βαρύτης,
1731 1171 1804 1209 ὅθεν
1828 1172 1887 1209 καὶ
1911 1172 1972 1219 τὴν
1995 1175 2116 1220 κλῆσιν
2144 1174 2216 1225 ἔχει
2238 1178 2283 1219 ὣς
2305 1171 2359 1214 οῖᾶ

1339 1244 1371 1265 τι
1396 1227 1509 1279 θηρίον
1530 1228 1631 1278 σαρκὶ
1659 1229 1796 1280 ἐμφυέν.
1825 1229 1922 1266 ἄλλοι
1942 1230 1976 1267 δὲ
2005 1232 2224 1283 σαρκασμοὺς
2247 1237 2359 1271 νοοῦσι

1339 1284 1414 1327 τοὺς
1434 1284 1607 1335 μαλακοὺς
1624 1285 1682 1322 καὶ
1701 1288 1831 1339 φθορεῖς
1851 1287 1917 1325 ἀπὸ
1941 1291 1998 1325 τοῦ
2027 1288 2088 1331 τὰς
2111 1288 2240 1341 σάρκας
2264 1290 2360 1340 κοίμ-

1339 1357 1447 1387 πτειν,
1466 1341 1541 1387 ἤτοι
1561 1342 1749 1380 συνθλίὸειν
1769 1344 1865 1389 δίκην
1880 1344 2009 1387 πίτυος.
2026 1344 2097 1382 ἔστι
2117 1346 2152 1383 δὲ
2168 1345 2226 1384 καὶ
2243 1362 2360 1384 πιτυο-

1340 1398 1501 1448 κάμπτης
1521 1398 1700 1450 φάρμακον
1721 1401 1933 1452 φθοροποιὸν,
1953 1404 1998 1444 ὡς
2017 1404 2050 1439 ἐν
2074 1403 2143 1446 τοῖς
2168 1403 2282 1453 νόμοις
2302 1403 2360 1441 εὕ-
2378 1411 2413 1438 w

1342 1472 1454 1506 ρηται.
1471 1462 1589 1493 Victor.
1619 1458 1987 1511 βυκινοκονταρογέναι.
2013 1459 2162 1508 μαλακοὶ
2187 1460 2247 1498 καὶ
2277 1466 2360 1514 φθο-

1341 1516 1418 1566 ρεῖς.
1439 1516 1504 1567 O]

1393 1591 1454 1616 967.
1483 1577 1692 1630 Θηραμένης
1715 1591 1724 1617 :
1743 1577 1803 1621 Ὡς
1823 1579 1954 1622 ἀστεῖος
1975 1578 2047 1628 (καὶ
2065 1579 2229 1629 πιθανὸς),
2256 1582 2363 1620 Κλει-

1340 1638 1451 1688 τοφῶν
1471 1635 1506 1674 δὲ
1527 1639 1571 1680 ὡς
1591 1636 1691 1688 ἀργὸς
1708 1637 1933 1688 ἐκωμῳδεῖτο.
1953 1640 2011 1674 νῦν
2031 1636 2066 1673 δὲ
2085 1638 2130 1680 ὡς
2148 1637 2363 1688 παλίμὸολον

1342 1693 1401 1730 καὶ
1424 1697 1614 1746 πανοῦργον
1632 1693 1790 1744 βούλεται
1814 1697 1931 1731 τοῦτον
1952 1693 2146 1742 ἀποδεῖξαι,
2171 1695 2230 1732 καὶ
2245 1711 2362 1749 παρα-
2380 1709 2414 1735 25

1342 1751 1486 1797 πλήσιον
1503 1751 1712 1803 Θηραμένει.
1727 1774 1776 1780 —-
1792 1753 1809 1788 6
1826 1752 1968 1794 ἀστεῖος.
1986 1759 2024 1788 R.

1395 1833 1456 1857 970.
1485 1821 1522 1857 οὔ
1542 1820 1642 1866 Χῖος,
1665 1818 1754 1856 ἀλλὰ
1783 1821 1866 1862 Κῖος
1888 1832 1897 1857 :
1921 1818 2015 1867 (”Ότι
2038 1819 2130 1857 δοκεῖ
2146 1821 2364 1873 προσγεγρά-

1344 1880 1425 1929 φθαι
1440 1880 1482 1928 τῇ
1495 1873 1842 1929 πολιτείᾳ,”Αγνωνος
1861 1875 1961 1912 αὐτὸν
1977 1875 2210 1926 ποιησαμένου
2220 1906 2229 1923 ,
2241 1881 2285 1920 ὡς
2299 1878 2364 1917 Εὔ-

1343 1936 1439 1978 πολις
1458 1934 1621 1973 Πόλεσιν.
1643 1934 1863 1986 Ἀρίσταρχος
1887 1932 1922 1970 δὲ
1944 1935 1989 1975 ὡς
2006 1933 2243 1983 γεγραμμένου
2266 1937 2365 1987 Κῶος

1345 1990 1527 2060 ἐξηγεῖται·
1547 1991 1598 2028 ὅτι
1611 1990 1692 2042 πρὸς
1712 1990 1750 2027 τὸ
1766 1992 1863 2041 Κῷος
1882 1989 2043 2039 εἰσήγαγε
2061 1989 2100 2027 τὸ
2117 1992 2209 2033 Χῖος.
2225 1991 2282 2028 τὸν
2298 1991 2363 2044 γὰρ
2383 1998 2417 2023 ³⁰

1347 2047 1565 2099 ἀντίστροφον
1588 2049 1636 2084 τῶ
1656 2045 1730 2097 Χίῳ
1753 2045 1936 2095 λέγεσθαι.)
1963 2049 2062 2082 τοῦτο
2091 2049 2148 2083 οὖν
2174 2061 2288 2097 φησιν,
2315 2047 2365 2085 ὅτι

1346 2104 1504 2142 οὐδέποτε
1531 2085 1744 2142 κακοὸολεῖε
1731 2119 1748 2139 0
1773 2101 2016 2154 Θηραμένης
1999 2118 2044 2145 ως
2068 2103 2101 2139 ἐν
2121 2105 2365 2155 ἀστραγάλοις,

1348 2163 1422 2199 ἀλλ’
1448 2160 1678 2212 ἐπιτυγχάνει.
1705 2159 1905 2204 ἐπιπλήττει
1931 2158 1965 2196 δὲ
1990 2161 2082 2211 αὐτῷ
2108 2162 2126 2196 ὃ
2152 2161 2365 2213 Δημήτριος,

1347 2221 1391 2260 ὡς
1409 2218 1567 2260 τελέως
1549 2222 1723 2267 αγνοοῦντι
1742 2217 1794 2254 ὅτι
1813 2218 1953 2259 Κῖοςν
1913 2232 1967 2262 ην.
1989 2216 2205 2267 (παραλείπει
2223 2218 2297 2255 δὲ”
2275 2234 2367 2269 ομως

1346 2291 1405 2313 και
1424 2275 1523 2318 αὐτὸς
1533 2274 1592 2312 ὅτι
1611 2274 1705 2312 οὐδὲν
1728 2279 1828 2320 ἧττον
1850 2273 1946 2326 παρὰ
1969 2273 2031 2319 τὴν
2053 2273 2211 2312 ὑπόνοιαν
2235 2274 2366 2327 εἴρηται
2384 2286 2418 2311 ³5

1348 2333 1422 2370 ἀντὶ
1440 2337 1498 2371 τοῦ
1519 2335 1619 2385 Κῷος
1640 2335 1731 2375 Κῖος.
1749 2331 1896 2381 Δίδυμος
1914 2330 1950 2368 δέ
1965 2346 2066 2383 φησιν
2082 2330 2133 2368 ὅτι
2150 2331 2291 2370 δύναται
2308 2334 2367 2370 καὶ

1347 2394 1408 2437 τῆς
1424 2390 1609 2442 παροιμίας
1629 2393 1839 2439 μεμνῆσθαι,
1859 2390 1896 2426 οὗ
1916 2390 2014 2434 Χῖος,
2034 2388 2124 2425 ἀλλὰ
2145 2391 2244 2436 Κῖος,
2263 2390 2367 2462 παρρ-

1348 2463 1405 2485 σον
1425 2446 1575 2489 ποικίλος
1592 2461 1642 2488 τις
1665 2462 1711 2482 ων
1735 2446 1793 2483 καὶ
1813 2444 2056 2497 ἀγχίστροφος,
2080 2446 2268 2494 καθωμίλει
2290 2446 2368 2490 τους

1349 2520 1501 2556 καιρους,
1513 2503 1597 2562 πρὸς
1608 2502 1646 2540 τὸ
1659 2504 1808 2555 κρεῖττον
1823 2502 1922 2553 μέρος
1937 2502 1990 2539 ἀεὶ
2004 2500 2113 2544 διδους
2125 2501 2254 2540 ἑαυτόν.
2269 2506 2368 2555 Κῷος

1350 2560 1383 2598 δὲ
1401 2560 1535 2610 ἐλέγετο
1553 2554 1664 2609 εἶναι.)
2384 2573 2420 2598 40

1401 2636 1464 2660 971.
1493 2625 1633 2659 τοιαῦτα
1656 2621 1769 2671 μέντοι
1797 2619 1858 2670 ’γὼ
1880 2622 2011 2671 φρονεῖν
2030 2633 2039 2658 z
2064 2619 2115 2658 T6
2133 2621 2261 2672 πλῆρες
2286 2621 2366 2670 μέν·

1349 2694 1400 2717 τοι
1417 2678 1494 2729 ἐγώ.
1516 2678 1676 2730 [εἴσθεσις
1697 2680 1757 2722 τῆς
1776 2677 1895 2722 διπλῆς
1915 2678 1960 2719 εἷς
1978 2676 2036 2714 δύο
2055 2676 2228 2728 περιόδους
2245 2679 2368 2730 διῃρη-

1353 2736 1436 2786 μένη
1446 2765 1455 2782 ,
1476 2737 1514 2773 ἐκ
1532 2735 1650 2772 κώλων
1666 2733 1836 2783 ἷαμὸικῶν
1850 2733 2015 2786 διμέτρων
2033 2733 2281 2780 ἀκαταλήκτων
2297 2736 2367 2774 κα’.

1351 2793 1415 2831 εἰσὶ
1435 2792 1469 2830 δὲ
1489 2795 1549 2838 τῆς
1569 2792 1630 2842 μὲν
1643 2791 1780 2842 πρώτης
1792 2789 1950 2842 περιόδου
1974 2792 2071 2828 κῶλα
2091 2791 2134 2837 θ’,
2149 2795 2211 2838 τῆς
2235 2791 2271 2829 δὲ
2290 2793 2369 2830 δευ-

1351 2850 1449 2902 τέρας
1464 2851 1559 2887 κῶλα
1576 2848 1789 2886 δυοκαίδεκα.
1807 2843 1846 2894 ἧς
1858 2847 1900 2885 τὰ
1916 2848 1963 2895 η’,
1982 2848 2039 2894 ια’,
2055 2848 2117 2894 ιδ’,
2130 2849 2368 2895 καταληκτικοί

1353 2910 1447 2945 εἰσιν.
1467 2905 1523 2944 ἐπὶ
1538 2909 1587 2958 τῷ
1605 2907 1693 2944 τέλει
1711 2908 1771 2951 τῆς
1791 2905 1851 2954 μὲν
1866 2904 2004 2957 πρώτης
2018 2904 2176 2956 περιόδου
2184 2905 2356 2958 κπαροίγρα

1353 2981 1430 3018 φας,
1455 2967 1514 3010 τῆς
1536 2963 1571 3000 δὲ
1591 2962 1746 3014 δευτέρας
1765 2962 1823 2999 δύο
1847 2963 1982 3009 διπλαῖ,
2007 2965 2029 3008 ἡ
2056 2961 2117 3012 μὲν
2142 2963 2178 2999 ἐν
2201 2963 2293 3014 ἀρχῇ
2310 2966 2369 3000 τοῦ

1353 3023 1481 3067 κώλου,
1510 3024 1531 3066 ἡ
1565 3020 1599 3058 δὲ
1627 3019 1718 3058 κατὰ
1744 3019 1782 3057 τὸ
1809 3019 1920 3068 τέλος,
1949 3018 2139 3072 ἀμφότεραι
2165 3018 2229 3064 ἔξω
2257 3035 2370 3058 νενευ-

1353 3078 1478 3131 κυῖαι.]]

1405 3156 1466 3182 973.
1494 3145 1536 3193 τῇ
1556 3140 1741 3194 τραγῳδία.
1761 3147 1799 3178 R.
1828 3147 1868 3176 V.

2387 2880 2421 2905 4⁵

2389 3168 2424 3193 50

1406 3219 1466 3245 974.
1497 3203 1741 3254 διαγινώσκειν.
1762 3211 1797 3241 R.
1814 3211 1854 3240 V.

1407 3282 1471 3307 976.
1502 3266 1559 3304 καὶ
1586 3267 1646 3309 τὰς
1669 3266 1776 3310 οἰκίας
1805 3279 1813 3305 :
1844 3264 2034 3317 Προσέχειν
2061 3266 2103 3315 τῇ
2131 3263 2221 3314 οἰκίᾳ
2247 3262 2306 3301 καὶ
2334 3263 2372 3300 οὗ

1356 3325 1523 3375 πολέμοις.
