2533 3808
158 258 230 292 202

210 339 270 387 (τῷ
285 333 423 385 χορηγῷ
439 329 583 373 σώζεται
601 340 609 365 :
629 325 734 364 Ἤτοι
749 323 801 361 ὅτι
815 325 884 360 τῶν
899 321 1109 372 σπλάγχνων
1126 319 1185 357 καὶ

154 398 222 433 τῶν
241 388 417 430 ἐντοσθίων
435 383 691 439 ὑφαιρουμένων
714 383 850 419 δοκοῦσι
871 379 973 432 μέρος
997 394 1031 416 τι
1058 381 1117 416 τοῦ
1139 379 1188 414 ἱε-

157 452 246 505 ρείου
263 446 448 499 κερδαίνειν
469 446 498 481 οἱ
517 442 673 490 θύοντες.)

209 520 287 545 1021.
319 503 438 555 σχίζας
457 516 465 540 :
490 499 621 551 Σχίζας
641 496 765 549 κυρίως
788 494 903 545 ἔλεγον
929 497 960 532 οἱ
978 493 1121 531 παλαιοὶ
1145 492 1190 529 τὰ

119 580 134 603 5
156 566 211 604 ἐπὶ
231 566 305 605 ταῖς
325 560 455 602 θυσίαις
474 558 636 608 τιθέμενα
656 555 757 601 ξύλα,
775 557 820 596 ὡς
837 553 897 591 καὶ
921 552 1083 604 (Όμηρος
1110 557 1186 597 [Od.

154 632 193 669 Γ,
211 626 275 666 459]
295 639 309 653 α
330 619 407 657 καῖε
427 617 455 654 δ’
476 615 533 654 ἐπὶ
554 613 673 666 σχίζῃς
692 615 710 649 ὁ
728 611 850 663 γέρων.
874 629 887 644 »

209 692 290 717 1026.
323 677 510 727 (μαντικῶς
526 672 565 710 τὸ
582 672 755 725 φρύγανον
780 683 788 708 z
809 671 856 707 Οἱ
875 667 943 721 γὰρ
962 666 1030 704 ἀπὸ
1050 670 1110 704 τοῦ
1129 682 1191 703 πυ-

156 737 210 790 ρὸς
229 733 475 786 μαντευόμενοι
491 729 534 768 τὰ
552 729 707 783 φρύγανα
724 726 939 765 ὑποτιθέασιν
955 727 1001 768 εἷς
1015 725 1053 762 τὸ
1068 724 1191 776 ἐξάψαι

154 793 244 833 κατὰ
261 793 322 839 τὴν
345 790 540 840 ἐπιστήμην
560 788 623 834 τὴν
644 788 800 835 ἑαυτῶν.)

105 865 136 889 10
210 866 288 891 1027.
317 853 390 893 πῶς
411 849 439 886 δ’
457 848 534 899 οὐχὶ
554 861 562 886 z
583 844 695 885 Τοῦτό
715 860 830 897 φησιν,
847 842 921 881 ἐπεὶ
939 841 1092 879 ὑπέὸαλε
1110 840 1192 893 φρύ-

155 926 243 962 γανα
262 909 347 962 πρὸς
365 908 404 945 τὸ
419 905 568 958 ἀνάψαι,
585 907 630 946 ὥς
647 905 678 940 οἱ
695 902 845 952 μάντεις.
864 901 961 938 αὐτοὶ
976 901 1043 955 γὰρ
1061 900 1192 941 ἑαυτοῖς

155 968 215 1006 καὶ
233 966 277 1004 τὰ
298 965 454 1019 φρύγανα
474 961 605 1000 τιθέασι
624 960 708 1012 πρὸς
725 958 921 1009 ἐπιστήμην
942 960 1085 996 ἑαυτῶν.

157 1059 159 1061 ,
209 1025 272 1063 ὅσα
294 1023 362 1077 χρὴ
381 1037 389 1062 :
417 1022 464 1061 Τί
483 1020 549 1073 γὰρ
569 1021 607 1058 οὐ
632 1025 739 1061 ποιεῖς
764 1017 829 1055 ὅσα
851 1017 920 1069 χρὴ
941 1016 1018 1059 τοὺς
1046 1015 1192 1061 ἐπιστή-

157 1100 280 1136 μονας,

107 1167 137 1190 15
212 1157 290 1181 1020.
322 1140 396 1178 ἀντὶ
415 1142 474 1176 τοῦ
495 1136 605 1175 ὁπόσα
625 1136 706 1189 χρή.
724 1143 762 1172 R.

212 1214 290 1239 1080.
322 1197 455 1248 εὖπόρῳ
474 1195 559 1247 πρὸς
573 1194 612 1231 τὸ
633 1193 789 1230 ἐπινοεῖν.
809 1199 848 1230 R.

212 1272 289 1297 1031.
320 1254 520 1307 (Στιλὸίδην
551 1267 558 1291 :
582 1252 625 1290 ‘O
648 1249 834 1295 Στιλὸίδης
854 1248 1031 1297 εὐδόκιμος
1051 1247 1109 1284 καὶ
1127 1261 1194 1283 πε-

160 1317 315 1370 ριὸόητος
334 1314 473 1364 μάντις,
493 1314 560 1348 τῶν
577 1309 653 1352 τοὺς
672 1306 840 1349 παλαιοὺς
859 1305 1038 1358 χρησμοὺς
1055 1304 1195 1354 ἐξηγου-

161 1376 284 1426 μένων.
301 1371 507 1411 ἀστειότατα
522 1368 557 1406 δὲ
571 1372 672 1405 τοῦτο
686 1363 892 1417 παρέπλεξε.
974 1363 1116 1405 Ἄλλως.
1132 1361 1193 1407 τὴν

105 1449 142 1473 20
161 1433 289 1487 φλόγα,
305 1429 402 1483 παρὰ
421 1430 459 1466 τὸ
479 1426 642 1472 στίλὸειν,
661 1424 735 1474 ἅμα
757 1425 792 1460 δὲ
808 1422 867 1460 καὶ
887 1420 983 1472 παρὰ
999 1421 1055 1458 τὸν
1073 1420 1194 1470 μάντιν

120 1479 124 1484 Γ
160 1490 360 1535 Στιλὸίδην,
379 1487 414 1525 ὅν
444 1502 527 1539 φησι
554 1483 750 1534 Φιλόχορος
778 1482 1009 1525 ἀκολουθῆσαι
1029 1481 1063 1516 ἐν
1087 1480 1193 1516 Σικε-

157 1550 234 1595 λία,
247 1548 350 1594 ἡνίκα
367 1544 557 1593 ἐπολέμουν
573 1542 742 1587 Ἀθηναῖοι
756 1538 815 1577 καὶ
830 1540 875 1580 εἷς
890 1536 1053 1576 Σικελίαν
1072 1535 1197 1588 ἐστρά-

158 1590 267 1646 τεὺον.
288 1604 462 1656 μέμνηται
485 1600 520 1639 δὲ
547 1602 650 1637 αὐτοῦ
679 1598 739 1636 καὶ
761 1597 913 1639 Εὔπολις
933 1595 1083 1634 Πόλεσιν
1107 1612 1122 1627 «
1151 1597 1196 1636 ὡς

160 1684 175 1699 «
196 1660 252 1704 οῧν
272 1663 333 1701 τίν’
354 1661 441 1699 ἔλθω
461 1658 549 1705 δῆτά
569 1673 621 1695 σοι
642 1659 710 1694 τῶν
732 1656 911 1706 μάντεων,
930 1652 1073 1705 πότερος
1098 1651 1197 1702 ἀμεί-

110 1734 143 1759 25
161 1744 176 1758 α
194 1739 261 1762 νων
279 1719 494 1773 ἀμφοτέρων,
511 1717 533 1763 ἢ
553 1715 757 1761 Στιλβίδης
778 1715 806 1763 υ)

213 1780 320 1824 πιέζει
338 1793 346 1817 :
369 1777 458 1816 Ἀντὶ
476 1779 536 1813 τοῦ
555 1775 675 1820 λυπεῖ,
694 1775 739 1816 ὡς
757 1770 877 1809 λοιπὸν
898 1769 1026 1807 ἐκείνου
1048 1770 1197 1820 ἀπορου-

164 1840 265 1891 μένου
283 1837 338 1876 διὰ
356 1836 395 1874 τὸ
414 1838 532 1872 τοῦτον
554 1833 794 1881 εὐδοκιμῆσαι.

217 1911 296 1936 1032.
325 1894 386 1933 καὶ
410 1891 532 1934 παιδὸς
562 1889 658 1928 οὐδὲν
681 1888 796 1934 δεήσει
825 1901 834 1925 :

164 1957 341 2008 ὑπηρετῶ,
360 1951 419 1990 καὶ
438 1949 539 2003 χρεία
557 1950 618 1986 οὐκ
638 1947 734 1985 ἔσται
754 1944 887 1987 παιδός.
911 1943 1143 1996 φιλοτιμεῖται
1164 1942 1198 1980 δὲ

866 1887 1033 1937 Ἔμαυτῷ
1044 1915 1054 1935 ,
1084 1885 1198 1937 φησὶν,

111 2030 145 2055 30
164 2015 242 2068 περὶ
261 2013 320 2055 τὰς
339 2009 530 2063 ὑπηρεσίας
549 2005 640 2045 κατὰ
667 2005 781 2056 πάντα
799 2004 856 2041 τὸν
878 2001 1066 2048 Στιλὸίδην
1091 2002 1198 2038 πλεο-

164 2075 291 2112 νεκτῶν
318 2069 377 2107 καὶ
398 2068 485 2106 θύων
506 2065 565 2104 καὶ
596 2065 788 2115 ὑπηρετῶν.
825 2067 898 2108 [Hic
912 2065 1062 2097 desinunt
1083 2065 1200 2096 scholia

165 2133 322 2174 Raveun]
403 2123 545 2166 Ἄλλως.
566 2123 797 2174 φιλοτιμεῖται
816 2118 896 2171 περὶ
913 2117 974 2160 τὰς
995 2117 1199 2169 ὑπηρεσίας,

163 2188 220 2226 ἵνα
242 2185 332 2225 κατὰ
350 2184 464 2222 πάντα
487 2182 544 2220 τὸν
566 2179 754 2224 Στιλῧίδην
775 2179 990 2215 πλεονεκτεῖν
1018 2176 1121 2227 δοκῇ,
1141 2176 1200 2213 καὶ

165 2246 252 2284 θύων
273 2244 332 2283 καὶ
350 2244 541 2293 ὑπηρετῶν.
563 2238 630 2290 ἐγὼ
649 2232 718 2285 οὖν,
748 2236 862 2289 φησὶν,
883 2235 969 2273 οἴσω
990 2234 1050 2272 καὶ
1069 2233 1200 2286 τράπε-

114 2323 147 2348 35
167 2308 239 2351 ζαν,
255 2307 300 2346 ὡς
320 2301 368 2353 μὴ
390 2302 520 2338 δεῖσθαι
540 2296 671 2339 παιδός.

221 2374 299 2399 1039.
327 2358 427 2407 ταυὲηὶ
456 2356 618 2408 δέδραται
643 2367 652 2392 :
685 2351 860 2411 [Kopwffi
879 2350 1051 2389 εἰσιόντων
1077 2350 1201 2403 ἑτέρων

168 2419 373 2470 ὑποκριτῶν.
393 2407 423 2454 οἳ
443 2414 479 2452 δὲ
500 2413 612 2464 στίχοι
632 2411 697 2449 εἶσὶ
713 2411 782 2456 πζ’,
802 2413 848 2447 ὧν
869 2411 898 2446 οἳ
921 2409 981 2459 μὲν
1002 2409 1054 2446 κδ’
1077 2408 1200 2458 ἷαμὸι-

168 2477 221 2515 κοὶ
249 2475 422 2528 τρίμετροι
455 2471 710 2517 ἀκατάληκτοι,
743 2470 773 2506 οἱ
805 2467 879 2513 ἑξῆς
909 2467 969 2514 μα’
1005 2467 1202 2504 δακτυλικοὶ

170 2534 360 2584 ἑξάμετροι.
387 2530 461 2575 ἑξῆς
480 2528 608 2566 τούτων
629 2527 740 2564 κῶλον
760 2524 876 2575 ὅμοιον
900 2526 937 2560 ἐκ
955 2523 1152 2560 σπονδείων.
1173 2526 1202 2561 οἱ

116 2604 151 2629 40
170 2592 244 2638 ἑξῆς
269 2590 351 2628 δέκα
372 2586 569 2626 δακτυλικοὶ
590 2584 782 2635 ἑξάμετροι.
806 2582 878 2633 μεθ’
899 2581 954 2624 οὓς
976 2581 1120 2631 {afflata
1144 2581 1202 2628 ιδ’,

169 2646 215 2688 ῶν
233 2649 425 2687 τελευταῖον
441 2664 457 2678 ιι
471 2646 532 2682 οὐκ
548 2641 762 2687 ἀποπετήσει
778 2644 899 2678 θᾶττον
915 2641 960 2681 εἷς
973 2638 1170 2687 Ἐλύμνιον.
1188 2656 1202 2672 >1

171 2708 226 2745 ἐπὶ
244 2712 317 2749 ταῖς
335 2703 516 2742 ἀποθέσεσι
532 2700 770 2753 παράγραφος.
792 2697 847 2736 ἐπὶ
863 2700 912 2749 τῷ
928 2697 1017 2733 τέλει
1034 2695 1201 2748 κορωνίς.]

172 2767 275 2811 διπλῆ
310 2762 370 2801 καὶ
393 2761 522 2803 ἔκθεσις
554 2761 600 2801 εἷς
627 2757 772 2807 ἷάμὸους
799 2754 1000 2807 τριμέτρους
1027 2753 1204 2799 ἀκαταλή-

171 2839 270 2866 κτους
283 2822 347 2860 κδ’.
363 2829 405 2858 V.
423 2819 582 2870 δέδραται
596 2815 631 2853 δὲ
650 2814 724 2852 ἀντὶ
740 2817 798 2851 τοῦ
817 2812 990 2865 δέδαρται.
1009 2811 1068 2849 καὶ
1083 2811 1205 2861 εΌμη-

120 2900 153 2924 45
174 2898 226 2934 ρος
247 2887 298 2928 [11.
320 2886 375 2925 Ψ,
395 2882 457 2923 169]
479 2895 493 2909 ἰ
522 2874 601 2927 περὶ
621 2872 656 2910 δὲ
677 2871 785 2925 δρατὰ
807 2870 955 2920 σώματα
975 2869 1062 2915 νήει.
1085 2887 1100 2902 »
1127 2872 1144 2906 ὁ
1170 2868 1204 2907 δὲ

172 2940 289 2991 λόγος,
309 2941 418 2975 ταῦτα
434 2933 548 2972 πάντα
564 2929 845 2984 παρεσκεύασται
864 2928 923 2966 καὶ
939 2927 1150 2980 πέπρακται.

229 3010 305 3034 1040.
331 2993 512 3042 θυλήματα
535 3004 543 3029 :
565 2993 597 3028 Τ
601 2989 622 3026 ὰ
641 2989 709 3031 τοῖς
730 2990 815 3030 θεοῖς
835 2984 1043 3035 ἐπιθυόμενα
1065 2985 1202 3037 ἄλφιτα.
1232 3012 1240 3023 .

175 3053 405 3106 ἐπιρραίνεται
425 3049 460 3087 δὲ
479 3049 558 3100 οἴνῳ
578 3047 637 3085 καὶ
654 3045 772 3097 ἐλαίῳ.
793 3043 1028 3091 Τηλεκλείδης
1045 3044 1206 3096 Στερροῖς

176 3132 190 3147 «
210 3106 238 3150 ῶ
259 3108 392 3148 δέσποθ’
413 3107 530 3158 Ἑρμῆ
543 3135 552 3152 ,
570 3104 681 3142 κάπτε
700 3106 767 3140 τῶν
788 3101 1009 3152 θυλημάτων.
1031 3119 1047 3134 »

903 234 1172 274 -SCHOLIA
1209 234 1269 272 IN
1303 234 1513 273 PACEM.

1249 320 1416 370 σκομένου
1435 321 1565 369 μᾶλλον
1581 319 1670 372 ἤπερ
1687 321 1755 358 ἀπὸ
1771 324 1832 368 τῆς
1849 320 1983 373 τέχνης.

2067 321 2209 367 Ἄλλως.
2232 325 2285 360 οὑ-

1246 393 1302 420 τος
1322 377 1443 427 μάντις
1459 381 1500 423 ἠν
1520 377 1580 414 καὶ
1598 378 1858 430 χρησμολόγος,
1877 379 1954 422 τοὺς
1972 381 2286 431 προγεγενημέναις

1247 434 1390 487 χρόνους
1416 435 1654 485 ἐξηγούμενος.
1685 439 1731 479 ὡς
1758 439 1848 490 ἀφυῆ
1881 437 1916 474 δὲ
1944 438 2004 475 καὶ
2037 440 2126 489 [οὐκ]
2158 438 2285 491 ἀκριὸῆ

1250 493 1371 543 μάντιν
1394 493 1495 530 αὐτὸν
1516 495 1697 546 κωμῳδεῖν
1720 494 1893 545 βούλεται.
1914 496 1972 533 καὶ
1993 496 2056 548 ὅρα
2078 500 2151 540 πῶς
2178 501 2288 535 καθα-

1251 554 1334 604 ρῶς·
1362 550 1491 588 ἐκείνου
1520 550 1586 603 γὰρ
1616 551 1769 594 εἰπόντος
1795 551 1847 589 ὅτι
1868 552 1989 603 μάντις
2017 569 2067 597 τις
2086 553 2251 605 πρόεισιν,
2271 556 2289 591 ὃ
2308 569 2324 593 5

1251 608 1362 662 ἕτερος
1387 611 1425 646 οὗ
1457 608 1707 660 συγκατέθετο,
1729 610 1806 647 ἀλλ’
1833 610 1958 662 ἔφησεν
1986 613 2024 648 οὗ
2053 611 2102 661 μὰ
2132 612 2185 650 Δί’
2212 612 2289 650 ἀλλ’

1250 667 1423 720 Ἱεροκλῆς
1454 669 1558 705 ἐστιν.
1576 670 1621 710 ὡς
1639 668 1708 705 ἀπὸ
1725 673 1784 706 τοῦ
1806 667 1972 718 ὀνόματος
1993 669 2096 706 αὐτοῦ
2122 685 2291 720 γινωσκο-

1252 725 1353 776 μένου
1384 728 1518 776 μᾶλλον
1547 725 1569 772 ἢ
1602 730 1663 773 τῆς
1691 726 1829 778 τέχνης.
1862 726 1922 763 καὶ
1954 725 2108 770 Εὔπολις
2141 728 2291 766 Πόλεσιν

1252 802 1267 816 α
1287 783 1489 836 Ἱερόκλεες,
1511 783 1667 835 βέλτιστε
1685 785 1906 836 χρησμῳδῶν
1928 782 2023 827 ἄναξ.
2046 801 2062 816 »ι

1305 861 1384 886 1047.
1416 847 1473 891 οὑξ
1494 848 1617 899 Ὠρεοῦ
1638 861 1646 886 :
1670 847 1864 886 Διαὲάλλει
1891 847 1994 884 αὐτὸν
2019 849 2065 890 ὡς
2090 848 2128 885 οὐ
2147 848 2292 894 πολίτην
2313 865 2347 890 10

1253 906 1328 943 ἀλλ’
1352 905 1501 943 Εὒὸοέα.
1520 905 1572 942 διὸ
1595 906 1693 951 δηλοῖ
1710 905 1762 943 ὅτι
1783 907 1828 948 ὡς
1848 904 1937 949 ξένος
1957 907 2018 943 οὐκ
2038 907 2148 943 εὐνοεῖ
2164 909 2207 958 τῇ
2230 908 2293 944 Εἷ-

1254 964 1350 1016 ρήνῃ.
1377 964 1495 1014 Ὠρεὸς
1516 964 1551 1001 δὲ
1577 963 1729 1007 Εὐὸοίας
1749 963 1862 1011 πόλις,
1882 963 1925 1009 ἣν
1944 962 2108 1016 εΌμηρος
2127 963 2294 1002 Ἱστιαίαν

1253 1021 1368 1074 φησίν.

1308 1092 1387 1116 1048.
1418 1079 1518 1125 δῆλός
1535 1079 1603 1116 ἐσθ’
1625 1074 1721 1122 οὑτός
1736 1082 1767 1128 γ’
1788 1079 1840 1116 ὅτι
1861 1093 1870 1118 t
1894 1079 2115 1132 Προείπομεν
2133 1078 2200 1132 γὰρ
2215 1079 2295 1132 περὶ

1254 1135 1415 1174 Εὖὸοέων
1433 1139 1478 1179 ὡς
1495 1135 1534 1173 ἂν
1555 1131 1662 1182 ἧσσον
1679 1137 1969 1189 προθυμουμένων
1986 1140 2029 1189 τῇ
2052 1137 2184 1189 εἰρήνῃ.
2315 1152 2348 1176 15

1308 1213 1387 1237 1050.
1417 1199 1507 1237 κατὰ
1535 1200 1598 1246 τὴν
1627 1206 1747 1238 κνῖσαν
1779 1215 1787 1239 :
1824 1201 1884 1244 Ὡς
1916 1200 1972 1238 διὰ
2003 1201 2210 1253 προφάσεως
2237 1205 2296 1240 τοῦ

1254 1257 1435 1308 σχήματος
1451 1261 1512 1303 τῆς
1529 1258 1693 1308 μαντείας
1713 1260 1992 1305 ἐπεισπηδῶντος
2012 1263 2072 1297 τοῦ
2091 1259 2297 1311 Ἱεροκλέους

1254 1316 1313 1352 καὶ
1334 1315 1538 1367 μετέχοντος
1557 1319 1625 1353 τῶν
1644 1318 1813 1367 εὐωχιῶν.

1310 1393 1389 1417 1051.
1420 1378 1468 1429 μὴ
1489 1383 1547 1416 νῦν
1567 1382 1649 1432 ὁρᾶν
1680 1381 1834 1430 δοκῶμεν
1855 1395 1863 1419 :
1888 1380 1950 1426 Μὴ
1977 1380 2297 1433 προσποιησώμεθα

1256 1437 1358 1474 αὐτὸν
1377 1436 1585 1488 ἑωρακέναι,
1601 1438 1682 1487 μηδ’
1700 1440 1794 1490 αὐτῷ
1809 1438 2126 1490 προσλαλήσωμεν,
2141 1437 2198 1476 ἵνα
2213 1440 2297 1476 ἀπο-
2317 1452 2353 1476 20

1257 1494 1369 1546 ρηθεὶς
1385 1492 1542 1546 παρέλθῃ
1561 1493 1669 1543 μηδὲν
1691 1494 1881 1545 ἐνοχλήσας
1899 1498 1996 1544 ἡμῖν.

1311 1571 1389 1596 1052.
1418 1557 1468 1600 τίς
1488 1561 1508 1603 ἡ
1530 1556 1629 1596 θυσία
1650 1572 1658 1596 t
1688 1557 1863 1610 Ἱεροκλῆς
1882 1557 2024 1602 ἐπιστὰς
2050 1558 2216 1607 ἄκλητος,
2239 1559 2299 1597 καὶ

1255 1619 1365 1654 ταῦτα
1383 1615 1707 1668 περιεργαζόμενος,
1727 1616 1793 1653 τίνι
1812 1611 1884 1664 οὖν,
1906 1616 2008 1669 φησὶ,
2028 1619 2096 1654 τῶν
2117 1619 2220 1665 θεῶν;

1311 1693 1390 1719 1053.
1423 1679 1512 1717 ὄπτα
1531 1679 1571 1716 σὺ
1593 1682 1672 1729 σιγῆ
1691 1692 1699 1717 :
1722 1679 1986 1730 Ἀπαλλαγῆναι
2003 1679 2106 1718 αὐτὸν
2121 1685 2234 1728 ποιεῖ,
2249 1679 2298 1730 μὴ

1256 1736 1435 1789 προσέχων
1458 1735 1546 1787 μηδὲ
1567 1735 1752 1782 ἀκηκοέναι
1772 1736 2080 1788 προσποιούμενος.
2102 1732 2172 1776 οἷον
2189 1738 2296 1789 μηδὲν
2318 1751 2354 1776 25

1258 1795 1428 1847 ἀποκρίνῃ
1449 1795 1534 1847 πρὸς
1553 1794 1591 1832 τὸ
1611 1793 1794 1846 ἐρωτηθέν.

1312 1859 1380 1896 ἀπὸ
1396 1862 1456 1905 τῆς
1472 1857 1594 1911 ὀσφύος
1610 1871 1618 1896 2
1635 1857 1719 1896 Ἐπὶ
1736 1861 1795 1895 τοῦ
1815 1861 1932 1909 βωμοῦ
1951 1856 1995 1895 τὰ
2009 1857 2194 1909 σπλάγχνα
2209 1858 2300 1896 ὄπτα

1259 1920 1293 1956 ἐν
1311 1921 1405 1969 σιγῆ.
1422 1916 1516 1968 λέγει
1536 1910 1606 1962 οἶν,
1628 1915 1697 1952 ἀπὸ
1717 1919 1778 1962 τῆς
1797 1915 1921 1968 ὀσφύος
1937 1915 1994 1953 τὸν
2009 1915 2189 1954 ὂὸελίσκον
2207 1917 2300 1955 ἀπά-

1257 1992 1357 2027 γαγε.
1375 1969 1443 2013 οἷον
1459 1974 1611 2027 πρόσεχε
1633 1973 1680 2023 μὴ
1697 1973 1768 2026 ἅψῃ
1791 1975 1914 2020 αὐτῆς·
1932 1973 2042 2025 ταύτῃ
2060 1973 2128 2026 γὰρ
2146 1976 2299 2024 μαντεύ-

1259 2050 1365 2072 ονται.
1422 2035 1482 2076 Εἰς
1511 2033 1550 2069 τὸ
1571 2031 1665 2070 αὐτό.
1697 2031 1871 2084 ἀναχώρει
1895 2032 1964 2069 ἀπὸ
1986 2034 2053 2069 τῶν
2076 2032 2208 2085 ἱερείων
2238 2033 2304 2079 καὶ,
2319 2048 2354 2072 30

1260 2092 1449 2145 ἀφίστασο,
1469 2090 1586 2143 φησίν.

1316 2169 1393 2194 1054.
1421 2157 1443 2200 ἡ
1463 2153 1582 2206 κέρκος
1600 2155 1693 2191 ποιεῖ
1713 2167 1721 2192 :
1747 2153 1791 2191 ‘H
1813 2153 1896 2204 οὐρὰ
1916 2152 2010 2191 καλὰ
2030 2154 2206 2204 σημαίνει.
2230 2154 2302 2199 ἔθος

1260 2213 1328 2267 γὰρ
1359 2207 1452 2265 εἶχον
1480 2211 1544 2259 τὴν
1576 2214 1683 2265 ὀσφῦν
1716 2211 1775 2249 καὶ
1808 2211 1870 2257 τὴν
1899 2213 2020 2265 κέρκον
2048 2211 2234 2251 ἐπιτιθέναι
2251 2216 2302 2265 τῷ

1259 2272 1359 2324 πυρὶ,
1379 2271 1439 2309 καὶ
1459 2270 1492 2314 ἐξ
1513 2273 1625 2308 αὐτῶν
1647 2269 1803 2320 σημείοις
1818 2270 1888 2308 τισὶ
1903 2276 2082 2309 κατανοεῖν
2105 2272 2135 2308 εἷ
2152 2271 2302 2325 εὐπρόσ-

1261 2332 1377 2373 δεκτος
1398 2333 1419 2376 ἡ
1441 2330 1560 2378 θυσία,
1586 2329 1644 2366 καὶ
1665 2328 1756 2365 ἄλλα
1788 2328 1867 2365 τινὰ
1887 2328 1972 2381 πρὸς
1991 2328 2035 2366 τὰ
2057 2327 2213 2380 νεύματα
2237 2345 2303 2377 ση-
2317 2341 2353 2368 35

1263 2394 1344 2439 μεῖα
1363 2387 1571 2438 λαμὸάνειν,
1592 2386 1672 2439 περὶ
1692 2380 1739 2423 ῶν
1758 2385 1821 2432 τὴν
1842 2387 1960 2424 θυσίαν
1980 2387 2127 2425 ἐποίουν.

1317 2465 1394 2489 1050.
1423 2450 1661 2502 τάπάργματα
1684 2464 1693 2488 t
1722 2449 1797 2492 Τὰς
1820 2448 1999 2502 ἀπαρχὰς,
2030 2450 2068 2493 ἃς
2087 2450 2247 2489 εἰώθασιν
2268 2452 2302 2490 οἱ

1262 2512 1362 2560 ἱερεῖς
1380 2508 1586 2558 λαμὸάνειν.
1609 2510 1626 2544 ὁ
1647 2507 1819 2559 Ἱεροκλῆς
1835 2511 1945 2544 ταῦτα
1962 2506 2136 2556 σημαίνει.

1318 2580 1396 2605 1058.
1426 2565 1541 2603 πολλὰ
1560 2565 1721 2617 πράττεις
1743 2578 1751 2603 2
1776 2559 1860 2603 Οῗον
1884 2563 1997 2601 πολλὰ
2018 2565 2224 2617 περιεργάζῃ
2241 2566 2302 2604 καὶ

1263 2626 1577 2675 πολυπραγμονεῖς.
2319 2649 2356 2674 40

1319 2701 1395 2725 1000.
1426 2688 1565 2735 γλῶττα
1595 2685 1701 2736 χωρὶς
1720 2685 1883 2735 τέμνεται
1909 2699 1916 2723 :
1945 2685 2016 2723 Καὶ
2044 2690 2145 2724 τοῦτο
2175 2682 2303 2741 παροι-

1265 2745 1387 2795 μιακὸν
1411 2744 1479 2781 ἀπὸ
1499 2743 1658 2795 Ὁμήρου
1688 2748 1763 2789 [Od.
1786 2751 1826 2788 Γ,
1847 2748 1912 2789 332]
1937 2762 1950 2775 «
1976 2744 2052 2781 ἀλλ’
2073 2744 2135 2795 ἄγε
2154 2745 2304 2796 τάμνετε

1266 2802 1326 2852 μὲν
1356 2800 1534 2852 γλώσσας,
1562 2819 1577 2833 »
1610 2799 1655 2843 ὥς
1688 2816 1772 2852 φησι
1805 2800 2079 2852 Καλλίστρατος.
2110 2802 2170 2839 καὶ
2200 2807 2303 2842 τοῦτο

1265 2859 1299 2896 δὲ
1320 2857 1526 2909 Ἱεροκλέους
1545 2857 1629 2909 πρὸς
1646 2857 1683 2894 τὸ
1701 2857 1783 2900 ἔθος.
1804 2857 2062 2909 προειρήκαμεν
2079 2859 2115 2897 δὲ
2138 2859 2191 2898 ὅτι
2210 2862 2305 2914 χρη..

1265 2916 1432 2967 σμολόγος
1452 2915 1642 2967 Ἱεροκλῆς·
1670 2913 1787 2966 διόπερ
1814 2919 1872 2952 νῦν
1895 2919 2058 2966 χρησμοῦ
2085 2917 2175 2962 τινὸς
2200 2918 2303 2957 αὐτὸν
2319 2934 2355 2960 45

1263 2973 1431 3027 προσάγει
1452 2971 1723 3022 μνημονεύοντα.

1319 3049 1395 3075 1063.
1426 3037 1459 3078 ἐς
1489 3034 1642 3087 κεφαλήν
1672 3050 1724 3072 σοι
1759 3049 1767 3073 :
1791 3034 1851 3078 Ὡς
1879 3036 2167 3089 καταρασαμένου
2197 3039 2304 3077 αὐτοῦ

1264 3095 1324 3133 καὶ
1351 3093 1668 3146 βλασφημήσαντος
1689 3091 1810 3145 φησὶν,
1826 3095 1872 3136 εἷς
1890 3092 1953 3140 τὴν
1973 3094 2128 3155 κεφαλὴν
2148 3094 2239 3134 ἔλθοι
2263 3096 2304 3135 τὸ

122 3185 156 3209 50
230 3181 306 3207 1044.
336 3165 445 3217 δάφνη
475 3179 524 3206 τις
549 3159 826 3213 ἐστεφανωμένος
847 3173 855 3198 :
884 3162 930 3198 Οἱ
958 3161 1059 3210 ἱερεῖς
1088 3157 1147 3195 καὶ
1175 3159 1206 3196 οἱ
1266 3152 1386 3199 δεινὸν,
1403 3150 1560 3189 τουτέστι
1580 3153 1716 3202 σεαυτῷ
1738 3150 1929 3201 μάντευσαι
1949 3151 2034 3205 ὅπερ
2054 3157 2154 3196 εἶπας
2175 3154 2304 3206 δυσχε-

177 3227 314 3279 μάντεις
334 3223 443 3275 δάφνη
465 3223 708 3272 ἐστεφανοῦντο
728 3221 774 3261 εἷς
793 3217 973 3269 γνώρισμα
993 3219 1053 3262 τῆς
1071 3215 1205 3267 τέχνης.
1267 3210 1331 3263 {³5¹ss-

1413 3207 1558 3251 Ἄλλως.
1581 3214 1738 3258 μιμεῖται
1754 3208 1831 3252 τοὺς
1849 3209 2126 3262 χρησμολόγους·
2148 3209 2222 3249 ἔστι
2236 3211 2302 3266 γὰρ
2320 3229 2355 3255 50

230 3298 307 3323 ω...
336 3285 380 3324 ὡς
402 3278 536 3323 ἀλαζὼν
559 3292 567 3316 ;
589 3277 652 3319 Ὡς
673 3275 740 3313 ἀπὸ
757 3279 818 3322 τῆς
838 3276 946 3327 ὄψεως
967 3273 1102 3318 ἀλαζὼν
1123 3274 1205 3326 φαί-
1265 3268 1325 3306 καὶ
1345 3270 1362 3305 ὃ
1382 3267 1556 3318 Ἱεροκλῆς
1575 3266 1827 3318 χρησμολόγος·
1849 3267 1967 3320 διόπερ
1988 3271 2047 3305 νῦν
2065 3272 2226 3321 χρησμοῦ
2246 3285 2299 3307 τι·

176 3358 281 3381 νεται.

226 3413 302 3440 1046,
322 3397 492 3448 Ἱεροκλῆς
515 3407 522 3432 :
546 3393 606 3435 Ὡς
626 3391 692 3429 ἀπὸ
711 3395 770 3428 τοῦ
790 3389 955 3439 ὀνόματος
976 3391 1079 3427 αὐτοῦ
1099 3402 1206 3439 γινω-

1265 3341 1319 3369 νος
1339 3324 1556 3375 μνημονεύει.

1324 3401 1400 3426 1064.
1432 3388 1494 3424 οὐκ
1526 3384 1654 3429 ἀΐοντες
1685 3401 1692 3425 ;
1721 3388 1774 3426 Οὐ
1799 3390 1962 3430 νοοῦντες.
1999 3387 2116 3431 οἵτινες
2149 3387 2204 3426 διὰ
2234 3386 2296 3434 τὴν
