2485 3808
33 3259 104 3413 l

38 3416 43 3504 ι

938 201 1185 241 SCHOLIA
1223 204 1276 241 ΙΝ
1315 205 1507 246 NUBES.

163 287 254 332 ἑξῆς,
284 285 342 324 καὶ
368 283 643 336 προσκαταθείην
671 284 710 321 ἂν
731 284 929 335 τριώᾶολον,
956 284 1044 322 ὥστε
1065 284 1190 335 ὀμόσαι

161 344 201 390 νὴ
224 343 303 382 Δία.
335 363 379 368 -
409 341 473 379 κᾶν
499 341 774 393 προσκαταθείην
809 356 816 379 :
854 343 913 380 Μὰ
944 342 1001 380 τὸν
1031 343 1096 380 Δία
1131 343 1190 380 καὶ

160 400 412 454 προκαταθείην
430 399 469 436 ἂν
486 399 562 445 ἤτοι
582 400 886 450 προκαταίάλοιμι
906 416 957 452 τρ.
979 408 1070 438 cant.
1091 401 1151 453 3.J

206 470 291 498 1237.
322 457 547 508 διασμηχθεὶς
573 470 580 495 :
611 457 676 500 ‘stc
702 457 758 494 ἐπὶ
783 458 936 509 κεράμου
957 458 977 503 ἢ
1008 461 1114 496 ἀσκοῦ
1133 460 1189 496 τὸν

85 523 90 527 “
123 527 140 552 5
158 516 258 567 λόγον
276 518 445 561 ποιεῖται,
471 515 591 558 οἵτινες
610 515 825 566 σμηχόμενοι
850 516 930 553 ἁλσὶ
950 516 1117 567 βελτίονες
1133 517 1187 566 γί-

158 589 288 613 νονται·
317 573 389 623 ἅμα
410 572 444 610 δὲ
462 572 512 610 ὅτι
529 573 606 616 τοὺς
631 577 934 626 παραφρονοῦντας
959 574 1188 625 διαῧρέχομεν

157 632 238 670 ἁλσὶ
251 632 310 670 καὶ
325 631 429 683 ἐλαίῳ
440 661 450 677 ,
467 632 525 668 καὶ
544 633 767 703 ὠφελοῦνται.
840 632 1003 681 ιἌλλως.
1021 635 1066 675 ὡς
1082 633 1189 682 παχύ-

157 691 279 742 δερμον
298 689 400 726 αὐτὸν
416 689 587 740 χλευάζει.
602 688 644 726 τὰ
659 704 724 740 γαρ
741 689 858 759 mtA3‘2
875 690 941 726 ὑπὸ
957 691 1106 739 πιμελης
1122 692 1188 726 τῶν

156 747 336 808 δερμάτων
362 747 442 784 ἁλσὶ
463 746 710 796 μαλαττόμενα
732 746 894 798 εὐρύτερα
912 747 1053 798 γίνεται.
1075 747 1189 784 ὄναιτο

106 817 137 842 10
157 810 227 852 οὖν,
254 805 369 858 φησὶν,
390 805 639 856 ἀποκαθαρθεὶς
666 804 727 850 τὴν
744 804 943 855 παχύτητα.
964 808 985 850 ἡ
1011 804 1188 856 μεταφορὰ

156 864 224 900 ἀπὸ
239 879 307 901 των
331 865 480 914 βυρσῶν.
501 866 611 900 ταῦτα
631 861 667 900 δὲ
684 863 816 912 λέγει’
795 878 869 908 ητοι
887 863 991 900 ἀσκον
1011 861 1032 907 ἢ
1053 863 1188 912 ἀγγεῖον

154 923 306 973 χαλκοῦν
324 921 514 972 βαστάζων.
528 923 537 969 )
558 919 630 972 [ὡς
645 920 698 956 ἐπ’
713 919 850 970 ἀγγείου
864 919 885 965 ἢ
902 922 1007 957 ἀσκοῦ
1019 935 1026 942 ·
1039 919 1125 962 τινὲς
1139 919 1186 966 δὲ,

153 982 199 1022 ὡς
230 979 286 1016 ἐπὶ
314 978 416 1016 οἴνου.
446 980 478 1015 οἱ
508 977 574 1028 γὰρ
606 977 786 1027 δεχόμενοι
815 977 900 1020 ἅλας
925 978 963 1014 οὗ
991 977 1186 1028 τρέπονται.

152 1035 295 1079 Ἄλλως.
316 1035 378 1081 τὴν
399 1034 598 1086 μεταφορὰν
622 1034 760 1085 εἴληφεν
779 1034 849 1071 ἀπὸ
865 1036 932 1071 τῶν
950 1034 1112 1086 κεράμων
1129 1034 1187 1072 καὶ

104 1104 133 1128 15
153 1097 211 1131 τοῦ
229 1093 320 1131 οἴνου
333 1123 342 1139 ,
361 1086 410 1135 οἷς
427 1092 507 1134 ἅλες
525 1091 713 1142 βάλλονται
719 1091 818 1164 ὑπὲρ
839 1095 899 1129 τοῦ
921 1091 969 1141 μὴ
989 1092 1187 1136 ἐξίστασθαι

152 1149 241 1200 μηδὲ
268 1149 386 1194 ὀξίζειν
417 1150 578 1200 εὐχερῶς.
604 1148 626 1194 ἢ
657 1148 731 1186 ἐπεὶ
759 1148 837 1192 τους
856 1149 922 1186 ὑπὸ
943 1148 1047 1199 μέθης
1067 1149 1186 1202 ὡσπερ

149 1211 453 1280 παραφρονοῦντας
477 1206 682 1258 ὑποὸρέχειν
702 1208 870 1244 εἰώθαμεν
889 1207 993 1245 ε’λαίω
1015 1207 1096 1245 ἆλσι
1125 1224 1187 1257 με-

150 1264 319 1338 μιγμένῳ.
337 1267 383 1308 ὡς
398 1269 455 1302 οὖν
469 1268 528 1303 τοῦ
545 1266 722 1302 δανειστοῦ
741 1264 790 1314 μὴ
807 1249 1060 1311 καθεστηκότος
1071 1296 1079 1312 ,
1097 1267 1141 1302 ἀ)
1142 1265 1186 1303 λὰ

149 1323 208 1361 καὶ
237 1327 553 1376 παραφρονοῦντος,
580 1325 626 1366 ὡς
651 1322 708 1361 ἐπι
737 1323 1034 1394 ὡμολογημένοιςΜ
1051 1324 1187 1375 εςαρνός

96 1388 130 1413 2⁰
150 1382 254 1428 ἐστιν,
282 1379 372 1418 οὕτω
396 1384 439 1433 τῇ
466 1396 644 1433 μεταφορα
661 1379 848 1431 ἐχρήσατο.
872 1381 975 1432 φησὶν
995 1385 1066 1428 οὐν,
1087 1383 1123 1419 οὐ
1144 1398 1186 1419 τα

145 1439 294 1490 τυχόντα
311 1443 408 1482 οὗτος
429 1438 622 1491 ὠφεληθείη
640 1437 854 1490 διαὸρεχθεις
871 1438 983 1477 ἁλσίν.
1001 1462 1046 1467 —
1063 1443 1187 1491 καθαρ-

147 1497 233 1540 θείς·
249 1496 293 1534 τὰ
314 1496 381 1549 γὰρ
399 1496 605 1547 πασσόμενα
623 1495 708 1548 κρέα
730 1496 898 1540 δυσωδίας
914 1497 974 1534 καὶ
994 1497 1186 1543 σκωλήκων

145 1555 308 1607 καθαίρετ
310 1571 356 1592 αι.
372 1556 418 1594 Θ.
427 1554 446 1607 J

213 1626 293 1652 12:28.
334 1612 367 1656 ἓξ
406 1618 491 1664 χοᾶς
527 1611 725 1664 χωρήσεται
774 1615 792 1650 8
836 1612 1024 1665 ἐγκέφαλος
1068 1615 1184 1652 αὐτοῦ.

95 1684 128 1710 25
149 1670 222 1720 ἅμα
259 1669 295 1707 δὲ
332 1669 390 1708 ἐπὶ
418 1669 571 1722 κεράμου
608 1669 630 1716 ἢ
669 1672 779 1707 ἀσκοῦ
822 1669 934 1720 ἔμεινε
968 1677 1185 1723 μεταφορᾶς,

143 1730 178 1774 ὃς
200 1730 258 1768 ἐὰν
272 1733 433 1782 σμηχθῇ,
452 1730 556 1768 πλέον
574 1731 683 1782 χωρεῖ
708 1732 775 1767 τῶν
805 1732 1074 1783 ἐμπεφρακότων
1095 1734 1186 1771 ἀπο-

144 1786 380 1838 ὅεὸλημένων.
405 1799 487 1828 R.V.
505 1784 559 1837 [ἓξ
578 1786 664 1838 χοὰς
697 1800 706 1826 :
728 1786 842 1826 Πάλιν
872 1789 1031 1840 χλευάζει
1057 1792 1104 1832 ὡς
1129 1790 1185 1827 ἐπὶ

143 1845 322 1898 ἀμφορέως
351 1845 410 1883 καὶ
436 1844 539 1883 οἴνου.
567 1843 590 1890 ἢ
622 1844 707 1897 πρὸς
737 1844 781 1882 τὰ
801 1846 982 1898 ἀνωτέρω,
1014 1847 1054 1884 ἂν
1089 1863 1184 1898 σμη-

141 1907 228 1955 χθῇ,
242 1903 345 1941 πλέον
362 1902 528 1955 χωρήσει.
569 1901 686 1955 ὥσπερ
705 1903 904 1948 ληκυθος
885 1922 910 1946 η
927 1906 1047 1948 ἀσκὸς,
1064 1905 1184 1947 neiiAAo

89 1970 124 1996 30
143 1977 175 1999 τι
204 1963 271 1999 τῶν
290 1960 466 1999 τοιούτων.
496 1959 600 1998 πλέον
605 1960 686 2032 γὰρ
703 1963 817 2021 χωρεῖ
825 1962 892 1998 τῶν
911 1963 1182 2022 ἐμπεφρακότων

141 2017 450 2078 ἀποὸεὸλημένων.
472 2033 573 2069 χοευς
602 2017 638 2055 δέ
666 2020 757 2055 ἐστιν
784 2013 871 2062 εἶδος
888 2020 1035 2072 με’τρου,
1063 2023 1091 2072 ᾧ
1124 2037 1182 2070 με-

139 2080 257 2130 τροῦσι
279 2076 335 2114 τὸν
365 2080 468 2114 οἶνον.
490 2075 508 2113 ὃ
536 2075 596 2112 καὶ
627 2075 779 2112 κλίνεται
798 2076 924 2127 χοέως,
948 2079 994 2120 ὡς
1023 2078 1179 2123 Πηλέως·

140 2137 186 2179 ὡς
201 2134 260 2172 καὶ
277 2136 311 2173 ἐν
328 2134 489 2173 Ἱππεῦσι
507 2134 573 2184 [95]
590 2149 694 2186 φησιν

364 2221 428 2252 ἀλλ’
446 2221 580 2260 ἐξένεγκέ
597 2231 649 2261 μοι
664 2221 785 2261 ταχέως
800 2221 885 2252 οἴνου
899 2225 972 2262 χοᾶ.

88 2308 122 2334 35
140 2297 286 2334 ἐνταῦθα
307 2295 342 2333 δὲ
360 2295 400 2333 τὸ
418 2300 520 2347 χοᾶς,
537 2296 567 2332 εἰ
589 2294 650 2346 μὲν
670 2302 886 2347 περισπᾶται
898 2326 907 2343 ,
924 2299 963 2334 ἐκ
983 2298 1102 2336 τούτου
1119 2303 1178 2337 τοῦ

138 2352 239 2404 χοεύς
257 2355 347 2399 ἐστι,
369 2353 460 2390 κατὰ
482 2351 664 2398 ποιητικὴν
686 2352 815 2390 ἄδειαν.
840 2356 924 2405 χοῇς
946 2353 1011 2406 γὰρ
1034 2354 1177 2408 ὤφειλεν

139 2413 245 2448 εἰπεῖν
277 2413 322 2453 ὡς
340 2412 459 2462 ἱππῇς.
478 2412 508 2448 εἰ
536 2410 570 2448 δὲ
591 2410 794 2463 βαρύνεται,
825 2411 860 2455 ἐξ
878 2411 995 2464 ἑτέρας
1015 2414 1104 2450 ἐστὶν
1122 2417 1178 2452 εὐ-

139 2469 246 2514 θείας,
273 2467 347 2514 ἥτις
370 2468 462 2506 ἐστὶν
489 2471 511 2514 ἡ
541 2467 607 2520 χοὴ
638 2469 814 2515 θηλυκῶς,
846 2469 905 2506 καὶ
935 2470 1087 2508 κλίνεται
1116 2476 1176 2519 τ’ἧς

104 2560 109 2563 .
137 2527 232 2576 χοῆς.

86 2598 121 2623 4ο
193 2595 271 2621 1240.
300 2579 522 2635 καταπροίξει
542 2596 550 2622 :
569 2583 864 2636 Καταφρονήσεις·
881 2584 978 2636 παρὰ
995 2586 1056 2632 τὴν
1077 2592 1175 2639 προῖ-

138 2655 196 2678 κα.
212 2639 342 2691 δωρεὰν
363 2642 539 2692 ἐπεγχανῇ
565 2643 660 2696 μοι]

189 2697 299 2744 ἥσθην
319 2711 327 2737 :
343 2699 602 2751 Παρεπιγραφή
621 2700 705 2736 ἐστι.
723 2701 832 2749 γελῶν
851 2699 918 2754 γὰρ
938 2702 1039 2739 τοῦτό
1059 2718 1173 2755 φησιν.

138 2755 322 2806 ἔκκαχάζει
336 2756 403 2808 γαρ
422 2773 482 2802 της
499 2756 732 2809 προσηγορίας
751 2758 901 2801 ἀκούσας
918 2763 975 2797 τοῦ
996 2761 1096 2812 Διὸς,
1117 2763 1175 2813 γέ-

137 2814 232 2850 λωτα
246 2813 302 2850 τὸν
320 2813 448 2852 ἐκείνου
463 2814 676 2864 τιθέμενος“
655 2831 765 2886 ορκον.
782 2820 894 2853 ταῦτα
912 2817 948 2854 δέ
970 2834 1084 2871 φησιν,
1100 2822 1173 2859 ἐπεὶ

85 2881 119 2907 45
138 2871 173 2906 δε
160 2869 332 2906 εδίδακται
352 2870 440 2919 μήτε
474 2871 532 2908 τὸν
551 2872 617 2910 Δία
640 2872 728 2922 μήτε
755 2888 832 2915 τους
856 2873 980 2931 ἄλλους
1016 2879 1036 2921 ἡ
1040 2880 1173 2927 γεισθαι

137 2925 231 2969 θεους
243 2956 254 2976 ,
275 2926 397 2964 ἄλλα
379 2943 401 2972 η
419 2927 480 2971 τὰς
497 2929 613 2981 Νεφέ)
615 2945 654 2972 ας
675 2930 734 2967 καὶ
753 2929 810 2967 τὸν
829 2928 975 2978 Δῖνον,
956 2949 1001 2976 ως
1016 2949 1139 2986 εφησεν
1156 2938 1174 2973 8

137 2984 340 3036 Σωκράτης.

191 3055 269 3079 1241.
299 3046 367 3083 τοῖς
395 3040 518 3078 εἰδόσιν
547 3055 556 3080 :
579 3042 668 3082 Ἀντὶ
696 3047 774 3090 τοῦ,
804 3045 880 3094 ἐμοὶ
913 3062 962 3083 τω
992 3047 1105 3087 εἰδότι.
1131 3050 1170 3102 [ἢ

135 3099 205 3140 τοῖς
223 3097 434 3147 ἐπιστήμοσι
449 3098 509 3135 καὶ
525 3099 662 3146 εἰδόσιν,
679 3100 735 3138 ὅτι
754 3103 771 3137 ὃ
792 3101 878 3145 Ζεὺς
895 3104 1002 3147 οὐδείς
1019 3107 1102 3144 ἐστι.
1121 3108 1172 3145 διὸ

84 3174 119 3198 50
136 3155 196 3193 καὶ
214 3155 361 3206 γέλωτος
379 3155 555 3201 ποιητικὸς
573 3159 591 3193 8
611 3157 695 3201 Ζευς
714 3161 732 3195 8
750 3159 846 3210 παρα
863 3161 928 3199 σοί.
932 3161 951 3213 J

189 3227 267 3251 1242.
297 3213 372 3250 ἀντὶ
389 3216 450 3251 τοῦ
469 3212 554 3265 ὑπὲρ
573 3217 620 3251 ὧν
637 3215 917 3267 ἐὸλασφήμησεν.
935 3231 976 3260 v.

188 3283 267 3309 1246.
297 3269 372 3308 εἰπὲ
389 3269 490 3320 μόνον
502 3270 540 3308 τὸ
553 3272 672 3309 δοκοῦν
684 3287 749 3310 σοι.
765 3282 803 3311 R.
806 3283 846 3312 V.
866 3276 1077 3327 [ἀποδώσειν
1092 3295 1166 3318 cot:

135 3327 236 3371 Τινὲς
253 3331 353 3366 τοῦτο
372 3331 432 3365 τοῦ
448 3329 618 3380 κλητῆρος
635 3333 720 3367 εἰναι
735 3330 905 3382 λέγουσιν.
920 3332 942 3378 ἢ
963 3335 1170 3380 εἰσελθόντος

271 3403 376 3425 senon.
397 3402 556 3425 AMS'ropn.

2209 227 2279 259 129

1246 291 1304 324 τοῦ
1327 290 1415 341 Στρε
1401 290 1571 342 4202300‘
1559 306 1576 328 0
1604 294 1680 330 δανε
1687 309 1759 331 ιστν
1745 296 1779 339 ’,ς
1813 311 1936 348 φησιτ·
1927 314 1992 348 ρος
2009 300 2065 336 τὸν
2088 301 2281 356 μάρτυρα]

1246 351 1787 399 τι1ααρύριιτσινοοανειι-τπς
1777 354 1942 392 ἷσελθόντ
1932 361 2279 413 .οςτοῦΣτρεψιάδου.

1246 404 1288 440 R.
1310 406 1327 440 8
1347 404 1478 456 μάρτυς
1498 407 1581 457 φνσὶ
1598 424 1647 446 τω
1667 410 1786 447 Πασιά
1808 413 2014 457 εἰσελθόντος
2033 419 2091 453 τοῦ
2108 419 2283 471 Στρεψιά-

1247 460 1323 506 δου,
1341 461 1438 499 ὅτιτί
1456 478 1508 500 σοι
1535 465 1627 502 δοκεῖ
1647 467 1783 518 δράσειν
1804 472 1820 506 8
1838 472 2066 523 Στρεψιάδης.
2089 476 2282 528 εἰσέρχεται

1248 517 1281 553 δε
1303 490 1448 556 ε”κκῧάλὶ
1435 535 1483 556 ειν
1504 522 1690 573 κάρδοπον,
1707 524 1762 562 ἵνα
1783 527 1877 578 αὐτῳ
1898 529 2062 582 διαλεχθῃ
2080 532 2193 576 καθὼς
2208 535 2316 572 {St-⁵

1246 574 1390 625 δάχθη
1379 577 1444 614 υπὸ
1460 583 1518 616 τοῦ
1541 581 1759 633 Σωκράτους.
1778 592 1817 621 V.

1302 645 1378 671 1248.
1411 635 1516 682 (τουτὶ
1537 636 1571 672 τί
1591 638 1710 676 ἐστιν;
1732 641 1902 679 Εισελθων
1924 646 1940 680 ὁ
1967 646 2182 698 Στρεψιάδης
2198 665 2283 702 προ-

1245 690 1326 734 ἦλθε
1341 690 1414 726 πά)
1419 706 1446 726 ιν
1461 707 1520 737 της
1535 693 1665 739 οἰκίας,
1684 696 1859 749 σκαφίδιον
1871 698 1892 743 ἢ
1916 702 2075 750 μαγίδιον
2092 703 2282 756 ἐξαγαγών.

1246 747 1304 783 ἀνε
1290 754 1401 799 ρωτᾷ
1418 743 1477 786 οῦν
1501 750 1603 787 αὐτὸν
1633 752 1691 788 καὶ
1721 738 1950 803 πύνθάνεται,
1975 757 1995 793 ὅ
2024 759 2058 795 τί
2086 775 2169 799 ποτε
2203 765 2286 802 αὐτὸ

1245 805 1506 874 προσαγορεύοι.
1529 810 1546 844 8
1573 807 1607 845 δὲ
1635 809 1787 855 συνηθως
1814 813 1916 850 τοῦτο’
1938 829 2040 866 φησιν
2076 819 2284 870 ἀρσενικως,
2309 839 2338 861 ιιι

1244 861 1426 912 κάρδοπος.
1449 868 1546 907 οὗτος
1565 864 1600 901 δὲ
1620 866 1686 904 ὑπὸ
1701 871 1760 905 τοῦ
1780 870 1988 922 Σωκράτους
2008 874 2186 926 καρδόπην
2204 880 2287 916 αὐτὸ

1245 919 1444 958 δεδίδακται
1462 921 1589 972 λέγειν.
1614 939 1668 961 ινα
1683 920 1740 962 οῦν
1766 928 1884 976 ἀμαθη
1905 929 1964 967 καὶ
1985 931 2193 972 ἀπαίδευτον
2220 937 2288 974 ἀπὸ

1244 980 1303 1014 τοῦ
1322 978 1459 1029 πρώτου
1483 981 1648 1033 ἀποδείςῃ
1678 983 1735 1020 τὸν
1760 985 1954 1034 δανειστὴν,
1986 988 2075 1026 ούτω
2101 992 2269 1043 φησίν.)
2254 994 2288 1038 εξ

1243 1038 1289 1071 ὧν
1312 1035 1418 1085 ἔμαθε
1434 1053 1531 1089 παρα
1552 1040 1771 1092 Σωκράτους.
1792 1052 1831 1082 R.

1298 1107 1375 1131 1252.
1406 1096 1470 1146 οὐχ
1487 1111 1565 1133 οσον
1584 1098 1646 1148 γε’
1641 1100 1676 1135 υ.’
1697 1100 1847 1140 εἷδέναιῑ
1867 1103 2044 1152 (Ἀντὶτοῦ
2064 1109 2110 1150 ὡς
2132 1109 2284 1161 νομίζω.)
2310 1125 2339 1148 15

1244 1152 1277 1188 ἐν
1303 1151 1374 1189 ὅσω
1391 1154 1426 1190 ἐν
1444 1155 1586 1208 ἐμαυτῷ
1612 1158 1683 1206 εἰμι
1699 1158 1759 1195 καὶ
1779 1153 1855 1197 οἶδά
1880 1178 1925 1201 τι.

1298 1222 1378 1247 1253.
1409 1189 1687 1265 ἀπολιταργιεῖς.
1707 1215 1797 1254 Αντι
1813 1233 1872 1255 του
1891 1221 2104 1272 ἀποδραμεῒ,
2117 1225 2283 1278 ἀποσκιρ-

1242 1266 1359 1312 τήσεις
1378 1268 1447 1306 ἀπὸ
1465 1285 1526 1315 της
1551 1271 1666 1323 θύρας.
1690 1273 1800 1311 ἔνεστι
1823 1275 1858 1313 δὲ
1879 1279 1913 1314 ἐν
1939 1294 1980 1329 τῃ
2002 1279 2092 1324 λέξει
2110 1281 2148 1319 τὸ
2169 1283 2286 1334 ἀργὸν,

1243 1325 1326 1377 ὅπερ
1344 1327 1417 1364 ἐστι
1436 1327 1475 1364 τὸ
1496 1329 1607 1379 ταχὺ,
1622 1346 1682 1368 και
1703 1332 1741 1369 τὸ
1761 1332 1909 1372 λίαν.οὐ
1931 1336 2065 1388 ταχέως
2080 1333 2150 1387 οῦν,
2170 1356 2285 1392 φησιν,

1244 1383 1451 1434 ἀποδραυ.εἷ.
1478 1386 1578 1438 λιταρ
1581 1387 1724 1437 γισμους
1741 1389 1776 1427 δε
1795 1391 1938 1429 εκάλουν
1955 1395 2014 1431 καὶ
2029 1395 2072 1432 τὰ
2087 1398 2284 1449 σκιρτήμα-
2305 1417 2339 1440 2ο

1242 1455 1298 1478 τα.
1323 1466 1368 1471 —-
1387 1443 1815 1497 ὑποχωρησεις,ἀπέλθῃς.
1836 1462 1896 1491 Βν

1298 1511 1376 1536 1255.
1401 1499 1495 1545 θήσω
1510 1510 1726 1553 πρυτανεῖα;
1741 1506 1883 1558 Γραφὴν
1897 1509 1988 1546 κατὰ
2006 1514 2092 1548 σοῦ
2081 1513 2282 1563 ποιήσομαι.

1245 1571 1277 1592 εν
1294 1555 1360 1607 γαρ
1379 1573 1428 1594 τω
1445 1560 1640 1613 πρυτανείῳ
1660 1562 1814 1601 ἐτίθεσαν
1842 1564 1902 1608 τὰς
1921 1581 1988 1603 των
2010 1567 2113 1605 δικῶν
2137 1572 2282 1623 γραφάς.

1298 1628 1374 1653 1256.
1404 1619 1719 1667 προσαποοαλεῖςῑ
1742 1620 1832 1659 Αν-ι
1847 1637 1906 1660 του
1926 1625 2130 1676 ςημιωθῆσῃ
2157 1627 2216 1664 καὶ
2239 1628 2283 1666 τὰ

1243 1686 1430 1723 πρυτανεια
1448 1674 1532 1726 πρὸς
1554 1682 1628 1719 ταῖς
1647 1677 1781 1715 δώδεκα
1803 1681 1915 1727 μναῖς.
1939 1680 2011 1732 [δ”
1996 1697 2069 1719 εστι
2085 1683 2123 1720 τὸ
2140 1683 2282 1724 δέκατον
2301 1702 2334 1727 25

1242 1732 1301 1766 τοῦ
1326 1731 1523 1780 τιμήματος
1539 1736 1600 1779 τῆς
1632 1734 1740 1780 δίκης·
1773 1734 1857 1787 ὅπερ
1880 1740 2037 1776 καλεῖται
2075 1742 2282 1793 συνωνύμως

1242 1788 1532 1838 παρακαταὸολη.
1537 1790 1554 1841 J
1571 1813 1623 1819 —-
1643 1793 1839 1841 ἀπολέσεις,
1859 1796 1960 1846 φησὶ,
1981 1797 2040 1834 καὶ
2076 1798 2120 1835 τὰ
2154 1801 2211 1838 επὶ
2238 1805 2281 1853 τῇ

1241 1848 1356 1897 γραφῇ
1388 1847 1622 1897 ἀναλώματα,
1649 1850 1762 1900 μάτην
1785 1851 1872 1889 αὐτὰ
1892 1854 2061 1901 ποιήσας,
2078 1856 2134 1894 διὰ
2156 1858 2195 1895 τὸ
2218 1875 2282 1896 πε-

1241 1902 1414 1952 ριέσεσθαί
1434 1919 1494 1942 σου
1519 1905 1575 1943 τὸν
1596 1907 1666 1944 υἱόν
1682 1924 1747 1958 μου
1764 1909 1909 1961 λέγοντα
1926 1911 1982 1948 τὸν
1999 1912 2205 1966 ἀδικώτερον
2222 1917 2274 1954 λό-

1239 1974 1310 2009 γον.
1329 1968 1366 1997 V.
2292 1993 2330 2017 30

1293 2029 1371 2055 1258.
1402 2017 1453 2055 ὅτι
1481 2019 1523 2065 ἣν
1543 2019 1610 2057 ἔδει
1641 2037 1678 2058 σε
1710 2023 1903 2075 καρδόπην,
1932 2025 2072 2077 εἴρηκας
2091 2028 2275 2081 κάρδοπον.

1238 2075 1440 2120 εὖηθικως
1422 2091 1457 2113 οε
1478 2077 1552 2114 ἀντὶ
1569 2082 1628 2115 τοῦ
1645 2080 1872 2124 ἀπαιδεύτως.
1893 2090 1931 2119 R.
1948 2090 1988 2119 V.
2014 2084 2153 2135 εἴρηκας
2174 2088 2275 2133 ἀνοή-

1237 2148 1313 2175 τιι.1ς
1339 2150 1385 2176 ιι1ς
1416 2134 1451 2171 δὲ
1474 2134 1658 2185 βέὸαιον”
1639 2152 1730 2188 3Aoev
1756 2138 1795 2175 τὸ
1824 2143 1963 2185 νικῆσαι
1992 2145 2275 2194 κατειρωνεύεται

1237 2191 1354 2228 αὐτοῦ.
1373 2199 1413 2229 V.

1291 2261 1370 2286 1259.
1400 2248 1489 2300 [ἰώ
1484 2250 1542 2287 μοί
1557 2263 1638 2299 μοι;
1656 2253 1835 2304 Κορωνὶς*
1822 2254 1921 2306 ετέρα
1936 2256 2050 2305 ὁμοία.
2065 2258 2095 2294 οἱ
2110 2257 2144 2294 δὲ
2162 2258 2274 2310 στίχοι
2293 2279 2326 2303 ³5

1236 2305 1393 2354 ἰαμὸικοὶ
1425 2306 1600 2359 τρίμετροι
1631 2309 1867 2356 ἀκατάληκτοι
1895 2312 1965 2379 μγ’.
1997 2329 2043 2350 ιι1ν
2076 2314 2274 2366 προτίθεται

1234 2343 1370 2399 κώλα
1352 2363 1426 2401 ούο·
1446 2363 1485 2400 τὸ
1502 2380 1638 2416 πρωτον
1660 2367 1930 2405 ἀντισπαστικὸν
1953 2369 2160 2422 μονόμετρον
2181 2372 2272 2410 ἀκα-

1233 2419 1423 2466 τάληκτον·
1440 2422 1479 2459 τὸ
1498 2422 1655 2475 δεύτερον
1677 2425 1838 2475 ἰαμοικὸν
1858 2427 2067 2479 μονόμετρον
2088 2432 2270 2481 βραχυκα-

1233 2477 1419 2524 τάληκτον.
1438 2482 1455 2517 8
1476 2479 1511 2517 δε
1532 2482 1726 2526 τελευταῖος
1745 2484 1873 2522 τούτων

1314 2571 1416 2607 αὐτοῖς
1431 2576 1551 2612 τροχοῖς
1563 2576 1626 2610 τοῖς
1640 2578 1723 2606 σοῖσι
1737 2577 1789 2606 καὶ
1804 2577 1973 2617 ξυνωρίσιν.
2289 2590 2324 2615 40

1232 2650 1288 2687 ἐπὶ
1303 2666 1353 2688 τω
1370 2650 1459 2688 τέλει
1476 2653 1628 2704 κορωνίς.
1641 2654 1659 2706 J

1287 2721 1364 2747 1261.
1395 2726 1462 2746 των
1486 2711 1689 2763 Καρκίνου;
1710 2712 1811 2751 Επεὶ
1832 2729 2000 2764 τραγικως
2019 2715 2213 2767 ανεφώνησε
2230 2717 2268 2753 τὸ

1232 2763 1271 2801 ἰώ
1293 2765 1352 2814 μοί
1372 2769 1523 2815 μοι.οἱ
1512 2767 1543 2804 δὲ
1565 2769 1740 2819 Καρκίνου
1757 2771 1877 2813 παῖδες
1894 2772 2070 2818 Ξενοκλης
2087 2774 2146 2810 καὶ
2163 2773 2269 2811 Ξενό-

1229 2837 1344 2872 τιμος,
1375 2823 1435 2860 καὶ
1465 2827 1483 2861 8
1512 2823 1554 2873 μὲ
1559 2842 1574 2861 ν
1603 2827 1788 2886 χορευτὴς,
1820 2829 2035 2873 Ξενοκλῆς
2017 2845 2051 2866 οε
2076 2830 2266 2881 τραγωδίας

1230 2895 1389 2926 ποιητης.
1403 2882 1490 2952 παρ’
1506 2882 1667 2920 ὑπόνοιαν
1687 2882 1722 2920 83
1742 2888 1833 2930 εἰπε,
1855 2885 1928 2922 δεον
1945 2885 2090 2925 παίδων.
2162 2887 2180 2938 ff
2190 2886 2266 2926 Ἄλ-
2283 2901 2316 2925 45

1227 2936 1306 2980 λως.
1331 2937 1415 2990 φασὶ
1418 2954 1434 2975 ν
1454 2941 1499 2981 ὡς
1517 2941 1535 2976 8
1555 2939 1727 2992 Καρκίνος
1743 2945 1840 2984 οὗτος
1858 2957 1961 2988 ποιητ
1949 2959 2002 2988 ης
2022 2942 2069 2980 ὢν
2088 2944 2266 2996 τραγικὸς,

1229 2995 1352 3045 εἰσήγα
1355 2995 1394 3046 γέ
1402 3012 1497 3038 τινας
1506 3012 1574 3033 των
1589 2996 1703 3034 θειι1ν”
1685 3014 1719 3034 εν
1729 3014 1795 3035 τινι
1810 2999 1960 3051 δράματι
1971 3001 2264 3046 δεινοπαθοῦντας.

1228 3058 1440 3096 Ju11t.,viet.
1463 3052 1852 3105 δαιμόνωνζΔαίμονες
1869 3072 1899 3094 οι
1920 3057 2006 3104 θεοὶ,
2023 3058 2192 3108 δαήμονές
2211 3075 2263 3097 τι·

1228 3125 1279 3152 νες
1304 3109 1437 3156 ὄντεςῆ
1465 3114 1506 3155 ζα
1537 3141 1545 3149 .
1657 3143 1665 3151 .
1698 3129 1748 3164 ροι
1773 3113 1794 3160 ἢ
1819 3114 1888 3152 ἀπὸ
1907 3120 1966 3153 τοῦ
1990 3116 2106 3155 πάντα
2128 3118 2262 3170 μερίζε-

1228 3171 1324 3213 σθαι,
1346 3168 1544 3205 δάσσεσθαι.
1570 3177 1651 3207 Vict.
2280 3194 2313 3218 50

1282 3238 1358 3262 1263.
1389 3228 1457 3262 οῖον
1474 3224 1564 3263 κατὰ
1581 3231 1709 3265 σαυτοῦ
1725 3232 1783 3266 νῦν
1798 3228 1905 3281 χώρει
1919 3230 1977 3267 καὶ
1995 3230 2043 3280 μὴ
2056 3233 2131 3269 καθ
2145 3235 2257 3281 ἡμων.

1227 3289 1264 3319 R.
1280 3290 1320 3319 V.

1282 3353 1358 3378 ¹264.
1390 3334 1417 3378 ‹⁴3⁹›
1435 3342 1563 3393 σκληρὲ
1578 3342 1700 3392 δαῖμον
1719 3357 1726 3381 :
1747 3346 1870 3382 Ταῦτα
1887 3345 2095 3390 Ξενοκλέους
2112 3346 2204 3384 ἐστὶν
2220 3349 2259 3385 ἐκ

2104 3420 2120 3442 v
