2533 3808
247 258 321 290 678

284 332 450 367 Phthiam
462 332 507 363 ad
522 331 704 368 Eurytum,
722 327 780 366 qui
799 332 876 356 eum
889 324 1027 363 expiat,
1044 322 1256 353 venationem

287 380 468 420 calydonii
484 378 579 417 apri,
595 375 720 413 Euryti
734 371 857 403 caedem
872 370 915 401 ab
932 367 1123 409 improvido
1136 367 1236 399 Peleo
1249 390 1257 404 ,

284 429 342 466 qui
356 426 487 456 Iolcum
501 422 547 453 ad
560 423 719 452 Acastum
732 417 825 457 suqit
837 428 847 448 :
863 417 916 448 hic
933 424 1008 447 eum
1023 415 1139 454 expiat
1152 415 1185 444 et
1194 420 1260 453 per

284 472 475 503 calumnias
491 469 628 504 rixeris,
644 474 722 506 quae
739 465 879 495 Peleum
888 462 1035 502 frustra
1051 461 1257 497 tentaverat,

285 517 406 548 belluis
424 519 457 547 in
473 515 566 546 Pelio
584 514 696 552 objicit
711 523 720 543 .·
737 511 795 542 sed
810 511 946 550 accepto
962 517 1024 548 per
1047 507 1258 539 Mercurium

281 563 396 603 qladio
420 561 669 602 ἠφαιστοτεύκτῳ
684 560 868 595 servatum
890 556 1044 596 yladium
1072 554 1115 585 ab
1140 554 1259 584 Acasto

281 610 491 640 occultatum
505 610 532 638 ei
548 607 663 638 reddit
679 605 817 636 Chiron.
832 604 942 635 Peleus
955 601 1123 633 Thetideni
1143 599 1177 630 in
1193 608 1259 629 ma-

280 655 465 686 trimonium
480 653 601 693 accepit
617 652 659 683 ob
674 652 851 690 castitatem
864 662 871 689 ;
884 650 938 681 sed
951 649 1080 680 relictus
1093 646 1133 678 ab
1147 654 1183 677 ea
1197 647 1257 683 est,

280 701 464 741 ineliquata
478 700 568 741 quod
587 701 833 731 interveniente
853 698 949 729 Peleo
971 693 1260 733 Achillemfiliuni

283 750 318 779 in
336 750 411 788 iqne
425 747 782 786 imniortatemjacere
807 754 873 777 non
886 745 1037 784 poterat,
1068 744 1107 773 ut
1124 743 1262 772 usserat

282 794 369 825 alios
385 795 512 824 nrztttos
528 802 571 824 ex
591 794 690 824 Peleo
701 817 709 831 ‚
730 792 820 824 Nub.
845 794 918 823 1067
935 800 984 831 sq.
999 808 1041 815 -
1053 789 1181 826 Peleus,
1201 791 1260 818 tra-

280 841 382 880 goedia
400 840 558 880 Euripidis
570 863 578 879 ,
595 843 678 871 h'an.
696 842 766 871 863.

240 888 369 926 Pelias,
385 889 536 927 Neptuni
550 889 582 917 et
605 886 834 926 Tyriisfilius‚
858 887 935 924 Lus.
958 887 1025 915 139.
1041 884 1066 914 Α
1086 881 1260 914 nonnullis

280 934 403 965 Peleus
420 935 452 964 in
479 933 571 964 ludis
590 932 823 971 (siinebribus)
840 932 946 963 Petite
965 930 1123 971 qladium
1142 938 1163 960 a
1184 929 1259 960 Vul-

280 989 366 1012 cano
391 980 582 1019 consectum
609 980 648 1011 ob
676 981 872 1011 castitatem
896 980 1061 1018 accepisse
1087 976 1258 1013 traditur,

281 1028 368 1059 A'ub.
387 1031 476 1059 1063.

237 1075 376 1107 Pelium
394 1085 404 1105 .·
433 1076 468 1105 in
493 1082 529 1105 eo
555 1073 663 1105 bestiis
689 1073 732 1104 ab
758 1075 880 1104 Acasto
905 1073 1088 1112 exponitur
1116 1069 1260 1108 Peleus,

282 1122 369 1152 Nub.
390 1125 478 1152 1063.

239 1169 461 1200 Pellanenses
478 1167 612 1199 decreto
630 1167 796 1198 adversus
814 1169 1000 1206 Diaqoram
1015 1165 1154 1196 Mettum
1171 1171 1259 1194 com-

278 1216 438 1256 prehensi
452 1217 491 1246 ut
505 1216 672 1250 ἐκδιέόντες
689 1216 717 1254 (9
734 1223 799 1250 an,
819 1213 909 1255 quod
926 1212 1067 1244 evadere
1086 1220 1163 1243 euni
1179 1213 1206 1241 si
1213 1219 1260 1241 re-

281 1264 392 1302 rint?)
410 1265 468 1293 Aa.
492 1265 580 1293 1073.

240 1309 376 1348 Pellene,
394 1309 474 1340 urbs
490 1308 650 1349 (Achaice)
662 1333 671 1347 ‚
694 1317 796 1349 quam
812 1307 1030 1346 affectabant
1048 1304 1259 1337 Lacedieino·

281 1358 328 1386 nii
342 1380 350 1395 ,
366 1358 546 1387 nominata
563 1356 767 1395 respiciendo
784 1355 829 1386 ad
848 1356 1059 1385 meretricem
1077 1353 1259 1390 Pellenen,

280 1404 355 1441 Lys.
371 1405 442 1434 996.
468 1408 514 1433 An
532 1403 678 1434 Pellenen
694 1403 800 1433 volare
815 1402 954 1440 cogitas?
970 1400 1087 1440 quoerit
1101 1400 1262 1430 Pistllelae-

281 1458 335 1479 rus
350 1458 388 1480 ex
404 1450 532 1481 homine
554 1450 635 1480 male
651 1449 770 1479 amicto
793 1452 850 1480 Aa.
872 1451 944 1479 1421
966 1457 972 1478 z
992 1456 1072 1478 nam
1090 1447 1260 1485 Pellenae,

279 1496 414 1527 Achaioe
435 1497 537 1535 urbe,
561 1498 596 1527 in
620 1495 865 1527 certaminibus
880 1496 1044 1525 Mercurii
1061 1493 1155 1532 festo
1173 1495 1261 1524 actis

278 1551 342 1582 pro
361 1545 508 1583 prcemio
534 1545 583 1574 est
611 1543 721 1580 laena,
747 1551 823 1582 quw
848 1542 892 1572 ibi
914 1543 1121 1581 [irascentes
1142 1540 1260 1581 stunt,

280 1589 361 1621 ibid.

243 1637 387 1676 Pelopiae
404 1639 508 1668 terrie
525 1635 693 1676 Calydon,
710 1634 892 1674 Euripides
912 1637 996 1666 [ἴση.
1016 1637 1104 1665 1238.

239 1684 498 1723 Peloponnesiaci
514 1684 589 1715 belli
611 1692 733 1714 caussae
748 1685 779 1713 et
794 1682 883 1712 initia
900 1683 1035 1721 (coniica
1051 1682 1190 1720 fictione)
1206 1690 1261 1712 ex-

280 1733 444 1770 ponuntur
475 1730 555 1761 Ach.
587 1734 760 1761 515-536.
803 1731 875 1760 Hoc
905 1729 1033 1760 bellum
1065 1731 1189 1768 incepit
1219 1729 1262 1759 ab

281 1786 371 1808 anno
386 1777 573 1816 Pythodori
590 1776 782 1814 archontis,
799 1778 985 1807 secundum
1000 1776 1260 1815 Philochorum,

282 1826 362 1854 Pac.
389 1827 460 1854 990.

243 1870 483 1910 Peloponnesii,
502 1871 565 1910 Eq.
587 1873 644 1901 279
657 1894 666 1907 ‚
686 1871 760 1909 Lys.
778 1873 834 1907 33,
851 1872 909 1907 40,
936 1871 998 1900 etc.
1025 1870 1263 1909 Peloponnesii

282 1919 444 1956 Jn'aqorce
464 1919 496 1947 in
520 1919 624 1956 caput
645 1919 796 1956 prceniia
812 1916 1063 1956 proponebant,
1080 1918 1162 1947 teste
1178 1919 1261 1947 Cra-

283 1967 354 1994 tero
372 1966 539 2004 Συναγωγῇ
555 1965 759 2003 ψηφισμάτων
773 1988 781 2002 ,
807 1967 889 1994 ttun.
909 1967 978 1994 320.
1000 1963 1263 2002 Peloponnesias

281 2011 438 2041 ‚Siceliota
460 2011 611 2048 Alcaeus,
635 2011 775 2049 Eupolis
806 2011 935 2041 Thesm.
964 2014 1030 2041 162.
1059 2011 1263 2050 Peloponne-

284 2060 412 2088 siorum
426 2057 611 2095 (linteolus,
630 2058 715 2088 A‘ub.
735 2060 811 2095 402,
828 2060 884 2088 Ac.
908 2061 995 2087 1203.

242 2104 351 2143 Pel-ips
366 2104 490 2134 Tantali
510 2104 592 2134 lilius
609 2104 711 2134 Pisani
727 2104 814 2134 venit
837 2106 869 2135 et
897 2103 1183 2143 (Enomaifiliam
1202 2104 1263 2135 du-

283 2153 339 2189 cit,
355 2150 518 2190 Euripides
533 2150 718 2190 Iphiqenia
738 2153 898 2189 Taurica,
920 2154 1002 2182 Itan.
1027 2155 1101 2182 1232
1116 2160 1162 2191 sq.
1182 2155 1263 2182 Ora-

282 2198 400 2229 culum
424 2198 540 2237 Pelopi
566 2197 687 2229 datum
716 2198 759 2228 ab
784 2198 937 2237 Apolline
954 2200 1084 2237 Napa’o
1108 2199 1203 2229 Lesbi
1223 2199 1264 2230 de

283 2253 370 2284 aqno
383 2253 489 2275 aureo
509 2244 663 2279 nocendo,
681 2245 771 2276 Nub.
790 2247 857 2275 144.
878 2245 961 2284 Ejus
970 2245 1070 2285 fitius
1084 2246 1261 2285 Alcathus‚

286 2291 366 2322 Ach.
383 2294 454 2323 774.

242 2338 436 2377 Penelopen,
452 2340 573 2369 castam
598 2338 766 2376 seminani,
787 2346 952 2377 nunquam
978 2337 1052 2368 l'ecit
1075 2338 1239 2378 Euripides
1253 2363 1262 2378 ,

289 2385 417 2415 Ttiesm.
438 2387 494 2415 547
513 2394 584 2425 sqq.

243 2431 428 2470 Penelopes
457 2439 536 2462 aves
550 2455 558 2469 ‚
589 2430 632 2461 ab
669 2432 798 2461 Oceano
831 2431 967 2461 telluris
991 2430 1124 2471 fiiiibus
1138 2456 1148 2470 ,
1184 2434 1261 2472 ete,

287 2477 419 2507 Alc-(eus
437 2480 494 2508 Ao.
515 2480 601 2507 1410.

244 2525 398 2560 Penestae,
414 2524 447 2553 το
462 2524 581 2559 Οητικον
599 2523 695 2562 apud
715 2523 910 2555 Thessalos:
924 2526 999 2555 erat
1014 2524 1097 2555 olim
1112 2527 1262 2565 populus

287 2569 398 2599 (lictus
426 2578 448 2599 a
465 2571 628 2607 Penesta,
656 2571 714 2608 qui
743 2578 847 2608 qenus
876 2570 1021 2601 (lectitavit
1050 2580 1072 2601 a
1104 2572 1262 2604 Thessalo

287 2614 547 2654 He1·culisfilio‚
576 2617 664 2654 l'esp.
688 2618 776 2653 1271,
799 2619 874 2646 1273
887 2625 936 2656 3(].

247 2662 629 2699 Pentacosioniediinni,
655 2671 732 2701 (luce
756 2663 874 2693 classis
895 2664 1015 2703 populi
1034 2664 1262 2706 Atheniensis,

289 2710 351 2748 Eq.
371 2711 442 2739 627.

246 2756 448 2794 Pentapolis
465 2756 616 2794 5quth
635 2757 704 2786 not.
721 2756 816 2786 Plut.
835 2759 894 2787 925
912 2757 1003 2787 (ΜΓ.

247 2803 416 2834 Pentheus
433 2805 594 2835 violentus
609 2806 641 2835 in
660 2804 844 2843 Bacchum,
863 2807 923 2845 Eq.
940 2808 1011 2836 700.

247 2850 415 2882 Penlilitlia
433 2851 583 2890 (quinque
597 2851 773 2890 lapillorum
788 2851 882 2883 ludus
897 2852 1148 2893 inuliebris),·t'r.
1169 2858 1240 2886 335.

247 2897 472 2936 Peparethiuin
491 2897 601 2928 vinum
614 2898 687 2936 ‚siz
706 2901 777 2929 301.

249 2945 361 2983 Peplus
380 2945 546 2975 Miner-nce
563 2954 628 2976 acu
640 2947 755 2984 pictus
768 2967 776 2982 ,
794 2947 933 2985 proprie
953 2946 1061 2977 velum
1082 2950 1178 2979 naris
1195 2951 1263 2979 Pa-

290 2989 521 3030 nathenaicce‚
548 2993 611 3030 Eq.
632 2996 690 3022 566
711 2994 743 3022 et
760 2992 845 3031 sch„
869 2996 927 3023 Ar.
955 2995 1012 3024 827
1035 2995 1069 3024 ct
1090 2995 1174 3033 sch,
1190 2996 1261 3027 sch.

290 3038 352 3076 Eq.
377 3040 463 3067 1180.
489 3037 573 3068 Add.
598 3039 818 3069 Panathenaea.

250 3084 387 3114 Percote
402 3092 408 3112 z
424 3091 498 3113 euni
509 3084 625 3114 urbem
640 3086 1056 3124 Artuscries,secundum
1070 3088 1262 3127 Neanthen,

294 3130 440 3169 tui-yllus
454 3132 503 3161 est
524 3131 735 3162 Themistocli
749 3132 793 3163 ad
807 3134 985 3172 straquta,
1011 3136 1073 3174 Eq.
1092 3137 1140 3166 84-

251 3175 364 3206 Perdix
378 3199 385 3213 ‚
411 3185 530 3216 cunp0,
560 3179 734 3209 nonnullis
756 3180 896 3220 μάγειρος
920 3204 928 3219 ,
966 3181 1097 3212 claudus
1115 3182 1265 3221 Athenis,

293 3222 376 3252 alibi
387 3231 516 3262 quoque
529 3227 755 3263 memoratus;
770 3227 812 3256 ab
823 3236 859 3256 eo
871 3226 1029 3258 derivant
1046 3229 1266 3267 proverbiale

294 3269 440 3309 Πέρδικος
465 3270 592 3308 σκέλος,
621 3273 678 3302 Ao.
704 3276 791 3303 1292.
820 3273 932 3304 Perdix
959 3274 1109 3314 claudus,
1139 3279 1267 3316 Anaq„

288 3315 341 3353 sr.
364 3317 431 3347 148.

255 3362 366 3393 Perdix
386 3372 393 3392 :
414 3364 621 3404 ἐκπερδικίσαι
635 3365 678 3396 ab
701 3365 778 3398 dolo
799 3367 977 3407 perdicum
1002 3377 1067 3410 quo
1093 3371 1267 3400 venatores

296 3408 488 3449 ausuqiunt
503 3433 512 3449 ,
537 3410 707 3452 descripto
723 3416 779 3445 Av.
799 3416 859 3446 768
877 3438 886 3453 ,
910 3418 979 3447 767.

258 3454 412 3493 Peregrini
440 3457 576 3488 Athenas
601 3458 738 3490 cilantnr
770 3460 801 3491 in
823 3461 1000 3501 judiciuin,
1036 3465 1093 3494 ¹-lit
1126 3466 1198 3494 1454
1218 3473 1265 3504 sq.

915 239 1068 276 INDEX
1097 235 1330 274 NOMINUM
1360 235 1424 272 ET
1453 233 1644 272 RERUM.

1361 320 1452 351 Adde
1477 319 1611 351 Judicia.
1640 320 1924 358 Pereqrinorum‚
1957 322 2018 349 τῶν
2054 319 2162 358 ξένων,
2195 321 2333 350 nomina

1358 367 1399 402 εἰς
1413 367 1481 402 τοὺς
1495 367 1637 403 πίνακας,
1653 365 1904 397 Atheniensium
1920 366 1960 401 εἰς
1974 366 2043 400 τοὺς
2056 365 2202 406 φράτορας
2219 367 2335 396 inscri-

1360 412 1539 451 bebantur,
1562 415 1617 444 Αυ.
1647 415 1736 443 1669.
1759 414 1871 448 Quare
1899 413 2159 451 pereqrinitatis
2181 413 2336 443 accusati

1358 458 1594 490 demonstrare
1602 459 1766 490 debebant
1781 467 1861 489 avos
1874 468 1952 489 suos
1962 468 2001 489 ezr>
2012 459 2175 498 phratria
2183 467 2262 496 esse,
2276 461 2334 490 Av.

1359 508 1430 537 765.
1458 508 1633 546 Pereqrini
1658 508 1714 546 qui
1736 514 1771 536 se
1787 508 1875 536 cives
1893 506 2161 544 mentiebantur,
2180 505 2334 545 quando,

1359 562 1428 593 qua
1446 562 1587 591 caussa,
1604 561 1670 593 quo
1690 561 1830 583 numero
1850 552 1987 583 Athenis
1998 553 2112 592 pulsi,
2135 554 2228 592 Vesp.
2243 554 2314 583 718.

1320 598 1471 633 Pergasae,
1494 603 1607 634 paqus
1622 596 1772 633 Atticus,
1790 595 1850 633 Eq.
1868 597 1938 624 321.

1319 641 1481 679 Pericles,
1501 641 1693 680 Xanthippi
1701 640 1813 680 filius,
1836 640 1925 671 Nub.
1943 642 1993 671 64.
2022 640 2159 671 Pericles
2186 640 2338 671 Euboeam

1360 693 1544 732 prostravit,
1563 692 1822 724 Atheniensibus
1836 701 1897 732 per
1910 693 2091 723 victoriam
2101 692 2337 724 deAbantibus

1362 739 1694 778 ti·ibutariamsecit,
1707 739 1797 771 Nub.
1812 742 1881 770 213.
1894 741 2023 770 Samios
2034 739 2085 770 bis
2098 739 2227 778 domat,
2245 742 2336 779 l'esp.

1361 788 1430 816 283.
1453 787 1596 817 Periclis
1620 788 1656 817 in
1684 786 1860 825 republica
1885 785 2108 817 adversarius
2129 786 2339 826 Thucydides

1360 834 1398 864 M
1400 833 1477 864 elesi
1482 835 1503 873 i,
1514 833 1642 864 secund
1647 841 1702 864 unz
1716 832 1965 872 Theopompum
1976 835 2150 871 Pantceni,
2164 835 2255 873 Vesp.
2265 836 2338 865 91'17.

1361 881 1511 911 Pericles
1535 879 1718 919 (edificavit
1732 881 1842 909 stoam
1853 879 2080 918 ἀλφιτοπώλιδα
2095 879 2142 910 ad
2155 881 2339 919 Piraeeum,

1360 926 1439 957 Ach.
1468 929 1538 958 548.
1568 926 1650 958 Nihil
1668 935 1706 956 ex
1725 928 1881 965 Prytaneo
1895 950 1905 964 ,
1934 927 1956 956 i.
1975 934 2003 956 e.
2022 926 2218 965 reipublicae
2234 926 2340 957 admi-

1362 975 1567 1004 nistratione
1584 996 1591 1013 ,
1627 973 1768 1004 lucratus
1784 974 1850 1011 est,
1868 974 1930 1012 Eq.
1948 976 2018 1004 283.
2046 975 2094 1003 De
2112 973 2257 1004 Periclis
2271 974 2337 1004 elo-

1362 1022 1502 1060 quentia
1516 1022 1643 1051 minua
1659 1020 1751 1050 locus
1775 1019 1953 1058 Eupolidis
1965 1041 1975 1054 ‚
2005 1019 2083 1051 Ach.
2104 1022 2175 1051 530.
2193 1022 2340 1060 Aspasia

1362 1067 1434 1106 ejus
1448 1070 1613 1107 maqistra
1629 1067 1833 1107 eloquentiae
1847 1069 1879 1097 et
1895 1066 2069 1107 σοφίστρια,
2084 1066 2127 1097 ib.
2143 1069 2342 1106 527‚postea

1361 1123 1464 1152 uror,
1480 1114 1560 1145 ibid.
1579 1137 1588 1152 ,
1605 1116 1669 1154 Eq.
1685 1117 1756 1144 969.
1783 1113 1918 1144 Pericles
1937 1115 2057 1153 riqinti
2075 1113 2212 1144 talenta
2226 1113 2267 1144 ad
2281 1123 2339 1145 ne-

1363 1162 1517 1192 cessarios
1547 1170 1623 1191 usus
1651 1161 1810 1191 ἀπώλεσεν
1846 1161 1918 1199 (pro
1945 1160 2128 1199 ἀνάλωσεν),
2153 1161 2342 1192 secundum

1361 1207 1566 1245 nonnullos,
1597 1207 1690 1238 velut
1718 1206 1917 1246 Ephorum,
1947 1206 2166 1238 Cteandridce
2188 1208 2344 1239 Lacedoe-

1361 1257 1554 1285 moritorum
1568 1253 1754 1284 harmostce
1769 1255 1801 1283 et
1812 1253 2052 1290 Plistounacli,
2069 1262 2135 1293 quo
2149 1255 2259 1285 Attico
2271 1256 2343 1286 solo

1356 1303 1563 1341 parcerent,
1581 1309 1621 1331 ea
1650 1302 1821 1339 larqitus‚·
1850 1300 2037 1331 secundum
2051 1301 2134 1331 alios
2151 1302 2186 1331 in
2205 1303 2343 1333 struen-

1362 1349 1406 1380 da
1423 1351 1542 1379 statua
1558 1348 1885 1387 clii-yselephantina
1904 1349 1941 1378 M
1945 1349 2070 1378 inei-oce
2081 1356 2155 1378 una
2169 1357 2248 1379 cum
2264 1349 2344 1380 Phi-

1362 1395 1421 1426 dia
1445 1404 1482 1426 ea
1498 1396 1560 1426 sibi
1587 1394 1774 1433 lucrifecit,
1797 1394 1925 1434 populo
1939 1396 2056 1425 autem
2070 1396 2105 1424 in
2123 1396 2255 1426 ratione
2270 1396 2345 1427 red-

1364 1442 1474 1474 denda
1491 1443 1602 1479 dizit,
1619 1444 1671 1477 Εἰς
1684 1442 1719 1472 τὸ
1736 1442 1802 1471 δέον
1826 1441 1985 1478 ἀνήλωσα,
2009 1441 2098 1472 Nub.
2119 1444 2190 1473 859.
2209 1442 2345 1474 Pericles

1362 1492 1509 1519 metuens
1527 1498 1565 1519 ne
1583 1489 1615 1519 in
1631 1492 1751 1528 partem
1766 1488 1892 1518 veniret
1908 1487 2026 1518 Phidiae
2048 1487 2216 1519 infortunii
2232 1513 2241 1527 ,
2260 1488 2345 1521 bello

1362 1536 1502 1567 incendit
1536 1537 1674 1567 Athenas
1718 1544 1773 1574 per
1801 1534 1972 1565 scintillam
2009 1534 2129 1566 decreti
2169 1537 2316 1576 Megarici
2336 1561 2345 1576 ,

1362 1585 1445 1614 Pac.
1475 1587 1649 1614 606-611.
1678 1584 1852 1614 Nimirum
1880 1581 2012 1613 Pericle
2040 1581 2081 1613 dc
2098 1583 2218 1622 populi
2241 1584 2344 1623 jussu

1362 1631 1562 1663 moderante
1578 1630 1721 1662 Phidias
1735 1631 1898 1661 iitinervce
1909 1629 2220 1669 statuamfecerat,
2233 1632 2346 1670 conse-

1363 1681 1419 1710 cta
1428 1678 1517 1714 furti
1535 1678 1736 1715 damnatus,
1751 1677 1850 1714 cuius
1871 1678 2022 1707 conscius
2030 1676 2147 1715 suerit
2170 1678 2319 1709 Pericles
2335 1690 2345 1709 .-

1363 1727 1391 1756 is
1402 1734 1443 1756 ne
1454 1734 1573 1765 poenas
1594 1724 1697 1755 daret
1712 1732 1789 1754 (nini
1803 1723 1948 1762 artifice,
1964 1723 2278 1756 administrationis
2291 1735 2346 1756 ra-

1365 1774 1390 1802 ti
1395 1780 1488 1802 onem
1499 1780 1561 1802 non
1576 1771 1659 1802 redd
1663 1770 1696 1801 id
1701 1773 1740 1808 it;
1751 1770 1810 1801 sed
1821 1772 2108 1810 Meyer-emesam
2119 1779 2255 1802 sacram
2267 1771 2345 1803 dea-

1366 1818 1427 1849 bus
1440 1820 1569 1849 terram
1584 1819 1773 1856 moverant,
1789 1818 1987 1848 sollicitavit
1997 1817 2141 1856 decreto,
2154 1820 2263 1849 Attico
2292 1828 2346 1850 eos

1363 1866 1434 1896 solo
1445 1874 1590 1904 prorsus
1612 1867 1767 1902 arcente,
1795 1868 1853 1895 605
1868 1888 1876 1902 ‚
1903 1868 1974 1894 606.
2003 1866 2052 1895 De
2069 1863 2202 1895 decreto
2227 1866 2259 1896 et
2280 1865 2346 1896 hac

1363 1920 1484 1942 caussa
1502 1911 1627 1942 decreti
1654 1911 1742 1941 adde
1766 1911 1835 1941 sch.
1855 1911 1935 1942 Ach.
1957 1915 2029 1949 532,
2055 1913 2139 1942 Pac.
2161 1914 2237 1950 246,
2260 1916 2318 1943 502
2334 1935 2343 1950 ,

1365 1963 1425 1991 609
1437 1969 1446 1998 ;
1462 1959 1521 1990 sed
1534 1961 1757 1999 suspicionem
1772 1959 1871 1990 illam
1886 1959 1926 1989 de
1939 1967 2061 1989 caussa
2074 1959 2200 1990 decreti
2216 1968 2346 1991 vanam

1364 2015 1434 2037 esse
1458 2009 1647 2045 temporum
1677 2008 1810 2036 ratione
1829 2007 2024 2037 evincitur:
2039 2013 2119 2036 nam
2137 2005 2281 2038 Phidias
2297 2016 2346 2038 se-

1359 2057 1453 2094 ptem
1470 2055 1573 2084 annis
1590 2055 1672 2084 ante
1698 2053 1778 2084 betti
1803 2055 1960 2084 exortum
1983 2054 2127 2092 ejectus,
2157 2055 2238 2084 Pac.
2265 2058 2346 2093 (305,

1366 2107 1436 2134 606.
1454 2103 1518 2133 Alii
1534 2102 1652 2133 dicunt
1665 2104 1879 2141 Meqarenses
1897 2102 1939 2133 ub
1956 2104 2025 2142 <ipso
2037 2101 2152 2141 fuisse
2168 2105 2348 2134 accusatos

1365 2152 1523 2189 rapuisse
1544 2149 1708 2180 mutieres
1728 2151 1856 2180 Atticas
1871 2147 1979 2188 festo,
1995 2148 2038 2180 ib.
2063 2152 2133 2180 009.
2159 2151 2203 2180 In
2224 2150 2349 2181 Achar-

1364 2196 1523 2228 nensibus
1538 2196 1671 2226 Pericles
1695 2197 1711 2226 ὁ
1734 2197 1914 2235 Ὀλύμπιος,
1930 2196 2032 2227 iratus
2048 2195 2089 2226 ob
2107 2196 2238 2227 ancillas
2263 2197 2344 2228 duas

1364 2244 1502 2283 Aspasiae
1516 2244 1627 2274 :unicae
1639 2246 1746 2283 raptas
1760 2252 1777 2273 a
1791 2243 2038 2282 Megarensibus,
2049 2242 2174 2274 decreta
2186 2244 2298 2275 scribit
2312 2244 2343 2275 in

1364 2300 1416 2322 eos
1429 2291 1599 2321 scolioruni
1623 2290 1781 2328 modo,ut
1804 2291 1999 2320 Timocreon
2022 2289 2171 2321 Rhodius
2189 2292 2221 2321 in
2244 2291 2348 2322 scolio

1364 2339 1534 2368 cecinerat
1558 2337 1702 2368 Plutum
1724 2345 1789 2368 non
1799 2336 1918 2367 debere
1932 2338 2008 2376 μήτε
2021 2340 2059 2376 γῄ
2072 2337 2142 2377 μήτ’
2161 2338 2191 2368 ἐν
2207 2338 2346 2378 θαλάσσῃ

1364 2387 1434 2424 μήτ’
1451 2386 1480 2415 ἐν
1508 2385 1625 2425 ἠπείρῳ
1647 2388 1789 2424 φανῆναι,
1817 2396 1832 2410 «
1852 2383 2091 2422 Megarensibus
2114 2393 2178 2414 non
2195 2384 2289 2416 licere
2313 2386 2346 2415 in

1365 2432 1491 2471 regione
1503 2431 1606 2462 Altina
1631 2439 1733 2470 neque
1759 2430 1791 2461 in
1820 2432 1904 2461 terra
1918 2439 2021 2469 neque
2034 2430 2067 2461 in
2082 2431 2161 2461 mari
2175 2440 2344 2470 manere‚»

1363 2479 1445 2510 Ach.
1475 2481 1649 2509 530-334.
1682 2478 1826 2508 Perii-lis
1843 2478 2015 2508 sententia
2043 2477 2084 2508 de
2112 2478 2346 2509 invasionibus

1363 2525 1699 2556 Lacedceinoniorum
1716 2527 1750 2555 inf
1767 2525 1916 2554 Atticam
1934 2532 1998 2554 non
2018 2524 2184 2555 curandis
2201 2526 2233 2555 et
2247 2526 2345 2556 inva-

1362 2572 1475 2603 denda
1491 2572 1634 2602 minibus
1650 2572 1877 2611 Peloponneso
1892 2579 1993 2601 suam
2002 2570 2097 2609 sacit
2111 2571 2295 2612 AEschytus
2309 2573 2344 2603 in

1368 2621 1471 2650 Rarus
1491 2621 1702 2650 1463—1465.

1325 2666 1488 2703 Pericles,
1508 2666 1727 2704 Hippocratis
1739 2664 1860 2703 fitius,
1876 2663 1965 2695 Nub.
1988 2666 2078 2695 1001.

1322 2713 1470 2743 Pericles
1483 2735 1491 2750 ,
1511 2712 1585 2743 dux
1602 2711 1648 2742 ad
1665 2714 1873 2750 Arqinusas,
1889 2711 2055 2750 supplicio
2070 2709 2240 2750 affectus,
2258 2713 2343 2742 Ran.

1369 2763 1376 2788 1
1390 2761 1455 2788 190.

1322 2805 1504 2843 Periclidus,
1528 2805 1602 2836 clim:
1619 2803 1886 2842 Lacedoemonius,
1901 2804 2032 2843 supplex
2047 2804 2087 2835 ab
2103 2803 2346 2837 Atheniensibus

1363 2853 1469 2892 copias
1493 2852 1619 2892 petebat
1641 2851 1680 2882 ad
1702 2851 1818 2882 bellum
1842 2850 2090 2890 Messeniacum,
2115 2853 2192 2892 Lys.
2214 2854 2291 2883 1138
2305 2871 2346 2878 -

1367 2903 1456 2931 1142.
2192 2913 2201 2919 ⁸

1323 2947 1597 2986 Pei-nftipnenus,
1626 2945 1721 2976 Nelei
1733 2944 1835 2984 filius
1849 2968 1858 2983 ,
1882 2953 1925 2976 ex
1939 2953 2005 2985 quo
2022 2944 2189 2976 oriundus
2215 2945 2346 2977 Melan-

1366 2994 1445 3025 thus
1462 3017 1471 3032 ,
1500 2992 1580 3024 Ach.
1606 2994 1673 3023 146.

1324 3046 1428 3073 Persae
1446 3064 1455 3079 ,
1474 3043 1531 3071 Ac.
1551 3041 1621 3070 484.
1644 3041 1681 3070 ln
1700 3040 1888 3070 certamine
1914 3038 1955 3069 de
1975 3039 2084 3078 qentis
2098 3039 2308 3079 antiquitate
2323 3049 2347 3072 a

1366 3087 1558 3127 Phrqqibus
1578 3087 1676 3123 ricti,
1697 3085 1786 3116 Sub.
1805 3088 1875 3115 398.
1893 3087 2023 3116 Eorum
2049 3084 2191 3123 braccoe,
2206 3086 2345 3126 θύλακοι,

1372 3137 1464 3173 resp.
1485 3136 1572 3164 1087.
1595 3134 1819 3164 nasturtium
1847 3131 2012 3172 (κάρδαμα)
2031 3131 2127 3171 apud
2149 3139 2222 3170 eos,
2251 3132 2343 3163 A'ub.

1367 3185 1447 3219 2363
1467 3190 1533 3221 quo
1553 3187 1660 3220 quare
1677 3180 1839 3216 utantur,
1869 3179 1998 3210 Thesm.
2026 3182 2096 3209 616.
2125 3177 2344 3217 Aurifodinae

1366 3231 1400 3259 in
1419 3236 1534 3259 eorum
1563 3230 1657 3258 terra
1671 3250 1681 3264 ‚
1707 3227 1784 3257 Ach.
1801 3228 1850 3256 82.
1867 3227 1965 3256 Inter
1980 3226 2059 3256 vina
2075 3225 2271 3268 consultare
2294 3233 2344 3256 so·

1369 3276 1438 3306 lent
1464 3276 1598 3311 Pei-sce,
1627 3275 1690 3313 Eq.
1717 3276 1767 3303 91.
1797 3274 1913 3303 Persae
1934 3273 1967 3302 in
1993 3274 2074 3302 Asia
2089 3271 2317 3311 potentissimi
2335 3294 2345 3309 ,

1367 3322 1429 3353 sub
1447 3323 1554 3353 Dario
1576 3322 1757 3359 Hystaspae
1778 3320 1884 3350 Caras
1897 3321 1930 3350 et
1946 3319 2097 3350 Milesios
2114 3318 2268 3356 vincunt,
2285 3316 2342 3348 Pl.

1372 3373 1460 3404 1002.
1495 3371 1562 3399 ilex
1583 3370 1770 3398 Persarum
1794 3367 1861 3397 κατ’
1876 3367 1983 3406 ἐξοχὴν
2005 3365 2116 3396 dictus
2139 3365 2231 3405 μέγας
2257 3365 2344 3404 βασι-

1369 3417 1447 3454 λεὺς,
1470 3415 1525 3446 ΡΙ.
1557 3417 1630 3453 170;
1650 3414 1740 3445 sedet
1766 3413 1828 3444 sub
1855 3421 1964 3444 aurea
1987 3412 2155 3452 platano,
2184 3410 2266 3443 Ach.
2292 3412 2342 3441 82.

1374 3466 1488 3495 Persic
1502 3471 1605 3502 quiini
1634 3464 1760 3493 tiaram
1789 3461 1842 3492 cel
1863 3461 2034 3500 plicatam
2061 3459 2112 3490 vel
2129 3459 2163 3490 in
2188 3457 2343 3497 frontem
