2533 3808
229 287 299 320 142

224 364 337 418 ὄρνεόν
356 365 446 400 ε’στιν
466 357 704 411 ευρισκόμενον
721 357 755 393 ἐν
775 356 844 398 τοῖς
861 355 954 392 ἕλεσι
969 353 1027 391 καὶ
1043 352 1251 404 τερπόμενον

225 426 258 460 ἐν
275 427 344 463 τοῖς
367 418 542 465 πηλώδεσι
561 415 676 458 τόποις
693 413 752 452 καὶ
772 413 951 463 τέλμασιν.
971 412 1069 460 ἡμεῖς
1090 410 1124 447 δὲ
1146 411 1253 447 ἀττα-

224 483 310 529 γῆνα
331 476 431 514 αὐτὸν
451 474 597 526 φαμέν.)

275 550 336 572 258.
368 536 402 570 ἐν
418 549 466 569 τω
485 530 696 582 δικαστηρίω
710 528 876 575 δηλονότι.
895 529 940 570 ὡς
953 528 1130 579 παραινῶν
1149 526 1183 562 δε
1172 523 1255 561 λέ-

189 607 204 630 6
223 609 274 643 γει
292 607 343 629 οτι
364 591 411 639 μὴ
431 593 540 628 λυποῦ
561 588 612 626 ὅτι
628 587 830 633 ἐτυπτήθης·
854 601 914 623 και
933 584 999 636 γὰρ
1021 581 1177 633 μείζονάς
1194 595 1254 618 σου

223 651 368 693 κολάζω.
386 656 425 684 V.
743 683 745 685 ,

274 721 337 745 260.
359 705 432 743 ἀντι
455 709 513 742 τοῦ
538 704 619 742 εἴσω
638 705 777 755 ἡμερων
800 700 977 753 τεσσάρων
1001 698 1139 741 πάντως
1162 696 1256 740 υετὸς

222 764 361 814 γίνεται·
380 763 491 813 μύκης
508 761 543 799 δέ
557 764 647 799 ἐστιν
664 763 681 797 ὁ
696 759 775 812 περὶ
792 758 852 802 τὰς
872 757 1076 809 θρυαλλίδας
1090 754 1254 807 σπινθὴρ,

223 823 257 865 ὃς
277 821 332 859 διὰ
355 836 417 866 την
443 819 669 872 περιέγουσαν
696 817 827 867 ικμάδα
845 816 1008 868 ἀποπηδᾷ
1028 818 1087 852 τοῦ
1110 813 1256 865 λύχνου,

174 892 205 916 10
224 877 478 929 πολεμούμενος
499 894 548 914 τιι)
565 876 718 914 ἐναντίιι.)
736 883 776 912 V.

275 950 339 976 261.
369 937 426 974 τὸν
445 935 511 974 Δία
530 934 638 973 ὑετόν.
658 942 699 971 V.

276 1009 338 1033 262.
371 993 485 1044 (ουτοιὶ
501 992 673 1043 μύκητες.
693 988 841 1029 Φασιν”
821 1005 873 1026 οτι
887 991 984 1026 υετοῧ
1003 987 1185 1038 μελλοντος
1202 1000 1258 1036 γε·

225 1051 341 1090 νέσθαι
363 1068 393 1089 οι
424 1067 504 1103 περι
523 1050 586 1096 τὴν
616 1048 805 1101 θρυαλλίδα
838 1063 896 1084 του
921 1046 1048 1097 λύγνου
1077 1046 1258 1094 σπινθηρες

226 1111 462 1156 ἀποπηδωσιν,
488 1108 544 1151 οὒς
571 1106 727 1158 μύκητας
761 1121 818 1142 νυν
843 1104 956 1154 λέγ,ει
981 1108 1026 1147 ὡς
1050 1119 1110 1141 του
1129 1101 1258 1153 λύχνου

176 1181 207 1205 15
225 1166 483 1218 ἐναντιουμένου
502 1182 551 1203 τιι)
564 1180 689 1217 νοτερῳ
707 1163 793 1215 ἀέρι.
815 1162 874 1200 καὶ
889 1161 1032 1214 Ἄρατος
1048 1165 1126 1207 [976]

347 1261 366 1297 ἢ
382 1259 416 1290 λυ
419 1269 504 1299 χνοιο
517 1258 646 1313 μύκητες
660 1256 824 1297 ἐγείρονται
838 1255 904 1310 περὶ
921 1254 1027 1295 μύξαν,

348 1306 444 1337 νύκτα
462 1305 543 1335 κατὰ
561 1304 674 1340 νοτίην.
1133 1299 1149 1319 '⁴

226 1391 313 1435 τινὲς
331 1392 367 1430 δέ
384 1406 467 1444 φασι
492 1390 548 1427 τὸν
576 1388 713 1438 μύκητα
733 1386 877 1439 ζωύφιόν
896 1401 928 1423 τι
949 1389 1035 1422 εἰναι
1051 1383 1261 1422 λεπτότατον

227 1449 318 1487 πάνυ
343 1448 458 1496 σκνιψὶ
484 1446 610 1492 ἐοικὸς,
637 1445 654 1482 ὃ
683 1446 724 1482 δι’
753 1443 949 1496 ὒπερὸολὴν
974 1442 1183 1487 λεπτότητος
1203 1444 1263 1486 τ’ἧς

175 1519 210 1543 20
229 1507 360 1559 ψύξεως
382 1510 443 1552 τ’ῆς
467 1505 546 1556 περὶ
568 1504 624 1541 τὸν
652 1503 737 1555 ἀέρα
768 1506 888 1539 θαττον
918 1499 1262 1550 ἀντιλαμίανόμενον

227 1564 306 1617 περὶ
323 1564 380 1602 τὸν
404 1562 557 1614 λύχνον
552 1577 713 1607 ιπταται,
735 1559 862 1611 Θέρμης
885 1561 1086 1608 ἐπιθυμοῦν,
1116 1557 1175 1595 καὶ
1197 1572 1261 1593 πε-

229 1637 382 1674 ρικρουον
411 1624 444 1659 ἐν
467 1636 515 1657 τω
543 1619 659 1671 λύχνῳ
681 1618 772 1655 ποιεῖ
794 1621 993 1668 σπινθῆρας·
1026 1615 1100 1653 όθεν
1120 1614 1262 1665 τεκμαί-

230 1695 345 1730 ρονται
361 1679 418 1716 τὸν
437 1677 544 1715 υετόν.
564 1692 624 1714 και
646 1674 876 1726 Καλλίμαχος
898 1680 949 1721 [fr.
969 1679 1016 1720 47]
1042 1692 1057 1707 ιι
1079 1673 1164 1720 ἄδην
1190 1671 1264 1723 ἐγέ-

228 1752 325 1774 νοντο
343 1736 503 1787 μύκητες.
526 1737 553 1783 2)

178 1812 211 1836 25
282 1808 346 1833 263.
378 1794 468 1845 φιλεῖ
490 1806 498 1831 :
522 1791 653 1842 Ἤγουν
674 1793 691 1827 ὅ
710 1788 806 1832 Ζεύς.
837 1797 922 1827 Vict.

283 1866 348 1890 264.
380 1853 487 1888 δεῖται
507 1849 542 1887 δὲ
563 1865 621 1886 και
637 1864 704 1885 των
725 1846 937 1899 καρπίμων;
959 1846 1022 1884 ὅσα
1042 1845 1089 1894 μή
1109 1847 1180 1882 ἐστι
1199 1847 1266 1882 τῶν

231 1925 374 1962 καρπων
398 1924 555 1960 πρωιμα.
575 1915 615 1943 V.
638 1906 836 1955 μάλισταδ’
864 1920 927 1941 οσα
954 1904 1001 1954 μὴ
1014 1903 1169 1977 Ἣι’πρι)ιυ.ά
1196 1904 1268 1940 ἐστι

231 1984 299 2006 των
317 1983 460 2035 καρπων
479 1967 586 2003 δεῖται
611 1964 744 2006 ὕδατος.
767 1971 803 2000 R.
823 1962 1028 2014 (εμφαίνει
1010 1962 1066 1999 οιὰ
1086 1961 1213 1999 τούτων
1228 1961 1267 1997 τὸ

232 2023 416 2094 γεωργικὸν
437 2027 532 2069 ἠθος,
547 2026 583 2059 56
603 2021 698 2072 μάλα
719 2020 907 2072 δεικνύωνς
895 2019 946 2056 ότι
963 2019 1058 2068 μέλει
1076 2019 1188 2060 αὐτοις
1201 2034 1267 2055 των

181 2098 215 2123 30
233 2082 428 2135 καρπίμων.
455 2104 505 2109 —-
527 2078 742 2150 διῃρημένως
768 2092 921 2128 χρωνται
949 2081 991 2128 τῇ
1022 2076 1163 2126 τοιαύτη
1195 2076 1270 2112 δια-

235 2141 353 2190 στολῇ.
380 2137 530 2184 δέονται,
548 2136 664 2189 φασὶν,
682 2138 712 2172 οἱ
731 2150 858 2186 καρποι
880 2138 938 2172 τοῦ
957 2136 1071 2180 ὑετου,
1086 2149 1144 2171 και
1163 2134 1270 2183 μάλι-

236 2213 301 2234 στα
318 2198 348 2234 οἱ
366 2195 413 2247 μὴ
433 2195 499 2247 πρὸ
516 2211 636 2247 καιρου
658 2192 856 2244 σπαρέντες.
872 2194 926 2242 V.)

288 2269 352 2293 266.
384 2253 560 2305 γενόμενοι
577 2268 656 2305 περι
670 2252 727 2289 τὸν
745 2255 836 2289 οἰκον
854 2267 913 2288 του
929 2249 1199 2292 Φιλοκλέωνος
1187 2264 1269 2286 υπο-

237 2312 490 2362 μιμνήσκονται
505 2312 631 2356 αὐτου,
646 2309 704 2347 καὶ
724 2308 771 2359 μὴ
789 2307 979 2360 εωρακότες
994 2307 1097 2345 αὐτὸν
1113 2307 1186 2357 μεθ’
1199 2309 1274 2344 ἑαυ-

185 2387 218 2410 35
237 2373 303 2408 τῶν
323 2369 538 2420 διαλέγονται
557 2368 635 2420 περὶ
656 2369 772 2404 αὐτοῦ.
792 2375 833 2403 V.

289 2441 351 2465 268.
385 2426 538 2479 (ἐφολκὸς
548 2420 589 2471 ἦν
603 2439 610 2463 z
625 2424 786 2476 Ἔφολκὶς
801 2422 925 2475 κυρίως
935 2422 1074 2473 λέγεται
1092 2425 1110 2468 ἡ
1127 2421 1272 2472 λέμὸος,

237 2486 312 2532 ἤτοι
332 2488 353 2530 ἡ
377 2483 483 2536 μικρὰ
514 2488 595 2525 ναῦς
619 2487 640 2528 ἡ
668 2483 722 2534 ὑφ’
758 2481 875 2533 ἑτέρας
899 2480 982 2523 νεὼς
1005 2480 1194 2530 ἑλκομένη,
1219 2479 1274 2517 διὰ

241 2542 451 2593 βραδυτῆτα.
473 2540 557 2592 φησὶ
570 2543 649 2590 γοῦν
671 2540 845 2576 κάνταῦθα
866 2536 919 2574 ὅτι
939 2540 1004 2588 οὐχ
1025 2537 1090 2574 ὑπό
1107 2552 1195 2579 τινος
1215 2538 1274 2573 ἑλ-

240 2599 381 2649 κόμενος
407 2597 588 2650 ἐξηρχετο,
622 2595 712 2633 ἀλλὰ
731 2611 865 2647 πρωτον
895 2598 1012 2645 ἡγεῖτο
1034 2597 1148 2644 ἡμῶν.
1203 2593 1274 2631 νυνὶ

188 2672 223 2697 40
240 2656 275 2694 δὲ
294 2656 327 2694 τί
342 2655 460 2693 παθιι)ν
474 2657 535 2692 οὐκ
552 2654 742 2706 εξέρχεται
734 2655 756 2702 ,)
1228 2686 1233 2691 ,

294 2728 356 2752 269.
387 2718 445 2751 τοῦ
467 2714 649 2763 μελοποιοῦ
669 2711 713 2748 τὰ
739 2711 827 2761 μέλη
849 2705 943 2762 ᾐδεν.
965 2714 1006 2757 ἠν
1025 2708 1059 2747 δὲ
1080 2709 1139 2748 καὶ
1158 2724 1277 2762 τραγι-

243 2771 310 2815 κός.
327 2779 367 2808 V.

296 2843 358 2867 270.
389 2827 546 2879 [στάντες
578 2841 586 2866 :
615 2826 692 2879 Πρὸ
717 2828 783 2864 τῶν
815 2828 924 2878 θυρῶν
952 2829 1011 2863 τοῦ
1041 2824 1278 2867 Φιλοκλέωνος

245 2886 384 2929 στάντες
401 2888 431 2923 οἱ
451 2890 510 2923 τοῦ
527 2890 631 2937 χοροῦ
653 2885 691 2922 τὸ
719 2884 887 2934 στάσιμον
920 2884 1040 2937 ᾄδουσι
1065 2884 1178 2933 μέλος.
1210 2886 1277 2920 τῶν

194 2972 228 2996 45
245 2944 310 2995 γὰρ
325 2947 470 2996 χορικῶν
490 2946 602 2994 μελῶν
623 2942 666 2980 τὰ
684 2942 745 2993 μέν
767 2944 839 2980 ἐστι
855 2941 1047 2993 παροδικὰ,
1064 2944 1109 2984 ὡς
1124 2941 1163 2978 τὸ
1182 2946 1278 2987 [Nub.

248 3007 311 3047 276]
328 3020 339 3034 u
357 3001 472 3039 ἀέναοι
486 3001 641 3053 νεφέλαι,
653 3002 810 3052 ἀρθῶμεν
826 3000 1014 3052 φανεραί,»
1033 2999 1092 3036 καὶ
1108 2999 1146 3036 τὸ
1163 3014 1280 3051 προει-

249 3058 392 3111 ρημένον
414 3060 558 3096 ἐνταῦθα
580 3075 593 3091 ιι
613 3058 720 3109 χώρει
735 3056 894 3109 πρόὸαιν’
911 3056 1125 3109 ἐρρωμένως.
1147 3075 1160 3090 u
1181 3056 1223 3093 τὰ
1245 3055 1280 3094 δὲ

250 3116 425 3165 στάσιμα,
445 3118 489 3158 ὡς
505 3115 543 3152 τὸ
563 3115 686 3167 παρόν.
708 3115 864 3167 καιπαρ’
884 3114 1051 3166 Αἷσχύλιι)
1074 3120 1194 3160 [prom.
1213 3119 1278 3160 397]

204 3202 207 3205 -
252 3192 267 3207 α
288 3189 396 3211 στενω
422 3188 459 3210 σε
479 3179 538 3216 τᾶς
558 3173 743 3222 οὐλομένας
770 3172 897 3223 τύχας,
917 3175 1158 3225 Προμηθεῦ.»
1178 3171 1220 3209 τὸ
1246 3172 1281 3209 δὲ

218 3229 446 3302 Οπροωδικόι,
471 3229 514 3267 τὰ
535 3230 569 3267 δε
598 3230 793 3281 μεσωδικὰ,
817 3229 858 3266 τὰ
879 3229 914 3267 δὲ
935 3229 1109 3282 επιι)δι)ιὰ,
1136 3229 1216 3281 περι
1235 3234 1281 3267 ων

218 3271 456 3340 Οπροείρηται
476 3286 564 3330 τίνος
576 3287 678 3339 χάριν
703 3286 791 3324 οὕτω
811 3288 1014 3334 καλοῦνται,
1035 3286 1077 3324 τὰ
1094 3259 1128 3324 δὲ
1149 3286 1283 3330 ἐξοδικα

253 3346 275 3392 ἢ
299 3344 563 3397 υποχιι)ρητικὰ,
576 3345 662 3395 ἅπερ
680 3344 736 3381 επὶ
753 3347 792 3394 τῇ
811 3343 912 3396 ἐξόδιι)
931 3349 990 3382 τοῦ
1008 3344 1217 3397 δράματος
1202 3344 1284 3381 ἄδε-

254 3419 335 3453 ται,
353 3405 397 3446 ὡς
412 3405 445 3441 ἐν
462 3405 511 3454 τῷ
534 3402 688 3441 Πλούτου
715 3401 865 3453 δράματι
885 3402 922 3439 τὸ
943 3421 958 3437 ιι
981 3402 1094 3440 οὐκέτι
1109 3405 1168 3439 νῦν
1187 3402 1217 3453 γ’
1235 3404 1283 3439 εἰ·
1311 3424 1316 3449 g

1311 3270 1313 3281 1
1342 3231 1438 3284 φησί.
1461 3230 1576 3281 παχὺς
1597 3228 1631 3266 δὲ
1655 3228 1830 3272 πλούσιος.
1858 3232 1896 3268 ἐκ
1919 3229 1954 3267 δὲ
1975 3235 2035 3269 τοῦ
2056 3229 2210 3269 ἐναντίου
2231 3230 2376 3273 λεπτοὺς

1313 3331 1314 3336 ¹
1342 3289 1419 3331 τοὺς
1437 3288 1586 3333 πένητας
1614 3287 1743 3338 φησίν.)

974 266 1226 306 SCHOLIA
1263 266 1322 305 ΙΝ
1361 266 1590 307 VESPAS.

1310 351 1368 395 κὸς
1387 351 1525 401 μέλλειν
1547 353 1617 390 οὐδ’
1637 355 1748 406 ἡμᾶς,
1764 353 1841 390 ἀλλ’
1861 354 2053 406 ἀναχωρεῖν
2081 355 2128 397 εἷς
2151 353 2342 393 τοῦπισθεν.

1312 410 1361 446 δεῖ
1381 409 1448 462 γὰρ
1465 409 1610 446 κατόπιν
1629 411 1757 447 τούτων
1778 410 1921 463 ᾄδοντας
1940 412 2094 450 ἕπεσθαι.
2118 412 2154 464 ιι]

1365 480 1427 506 271.
1459 467 1576 512 ἐπειδὴ
1602 467 1705 513 ἥδετο
1735 472 1805 511 τοῖς
1838 469 1990 521 ᾅσμασι,
2014 474 2115 508 τοῦτο
2141 471 2217 509 κατ’
2243 470 2346 509 αὐτὸν

1314 524 1498 570 ἀπατήσας
1523 524 1683 575 βούλεται
1699 525 1916 576 κατενέγκαι.
1936 534 1977 563 V.

1366 594 1429 620 274.
1462 583 1548 631 (μῶν
1566 581 1766 619 ἀπολώλεκε
1785 582 1846 625 τὰς
1860 582 2015 632 ἕμὸάδας
2030 597 2038 622 :
2060 584 2127 624 Ἐκ
2146 588 2207 623 τοῦ
2221 584 2350 628 εἰκότος
2365 600 2383 625 5

1313 638 1376 685 τὴν
1395 642 1452 675 τοῦ
1472 638 1629 691 γέροντος
1658 638 1715 675 ἐπὶ
1737 638 1780 676 τὰ
1802 639 1894 677 ἔνδον
1912 641 2091 693 διατριὸὴν
2107 641 2345 695 τεκμαίρεται.

1317 696 1516 748 βουέωνιῴη
1538 696 1572 734 δὲ
1588 696 1645 734 τὸν
1668 696 1828 748 βουὸῶνα
1852 696 2004 748 ἀλγοίη.)

1367 768 1429 793 278.
1459 756 1520 792 οὐκ
1540 754 1580 791 ἄν
1602 770 1650 797 τις
1670 755 1857 792 ἀναπεῖσαι
1878 755 1978 792 αὐτὸν
1998 755 2149 801 ἠδύνατο
2166 758 2214 800 εἷς
2234 756 2349 810 ἕτερόν

1314 827 1364 858 τι,
1381 813 1589 864 φιληδοῦντα
1609 815 1651 863 τῇ
1671 815 1772 862 ἡμῶν
1792 812 1967 864 διατριῧῇ.
1987 821 2027 850 V.

1368 883 1432 908 279.
1465 870 1558 920 (ἀλλ’
1576 868 1704 906 ὁπόταν
1731 883 1740 908 :
1768 867 1900 920 Ἤγουν
1920 869 2023 908 ὁπότε
2045 873 2262 921 μεταστῆσαι
2285 875 2347 910 τοῦ
2374 887 2406 912 ιο

1317 926 1464 970 δικάζειν
1487 926 1680 978 παρεκάλει
1703 927 1804 965 αὐτόν
1825 943 1894 974 τις,
1922 927 2014 971 ὅπως
2037 927 2078 966 ἂν
2105 927 2153 979 μὴ
2178 929 2352 976 αἰδεσθείη

1317 984 1372 1021 διὰ
1389 987 1457 1022 τῶν
1481 986 1681 1037 ὀφθαλμῶν,
1705 984 1801 1022 κάτω
1830 985 1982 1033 κύπτων,
2006 986 2100 1024 λίθον
2124 985 2218 1038 ἕψεις
2242 986 2352 1037 ἔλεγε.

1317 1042 1486 1094 παροιμία
1507 1042 1542 1080 δέ
1562 1044 1652 1080 ἐστιν
1671 1042 1727 1079 ἐπὶ
1748 1046 1815 1080 τῶν
1833 1043 2010 1081 ἀδυνάτων
2029 1043 2188 1095 γενέσθαι
2207 1044 2246 1082 τὸ
2261 1044 2354 1082 λίθον

1318 1099 1427 1152 ἕψεις,
1442 1102 1488 1143 ὡς
1503 1099 1562 1137 καὶ
1582 1099 1620 1137 τὸ
1636 1100 1774 1138 πλίνθον
1797 1100 1954 1148 πλύνεις,
1980 1101 2039 1139 καὶ
2061 1100 2192 1154 χύτραν
2217 1101 2356 1140 ποικίλ-

1317 1160 1406 1205 λεις,
1429 1158 1488 1195 καὶ
1511 1160 1557 1200 εἷς
1583 1157 1675 1210 ὕδωρ
1697 1157 1854 1210 γράφεις,
1887 1158 1945 1196 καὶ
1972 1158 2122 1197 Αἰθίοπα
2147 1159 2353 1209 λευκαίνεις,
2379 1177 2411 1203 15

1319 1215 1378 1253 καὶ
1397 1215 1488 1252 κατὰ
1502 1214 1676 1261 θαλάττης
1694 1215 1862 1268 σπείρεις,
1881 1216 1941 1253 καὶ
1962 1214 2006 1253 τὰ
2019 1217 2190 1267 τοιαῦτα.)

1372 1287 1433 1311 28ι.
1466 1272 1534 1322 (διὰ
1551 1272 1608 1310 τὸν
1625 1273 1781 1323 χθεσινὸν
1797 1273 1975 1324 ἄνθρωπον
1992 1287 2000 1312 :
2016 1273 2132 1312 Πάλιν
2151 1273 2358 1326 στοχάζεται

1320 1330 1438 1382 ἑτέραν
1469 1329 1643 1382 πρόφασιν
1668 1333 1728 1376 τῆς
1747 1331 1963 1383 ἀπολείψεως
1989 1333 2112 1379 αὐτοῦ,
2132 1335 2177 1375 ὡς
2198 1332 2360 1385 κρινομέ-

1320 1403 1378 1424 νου
1394 1387 1484 1430 τινὸς
1506 1387 1565 1424 καὶ
1585 1387 1807 1439 διαφυγόντος
1827 1388 1889 1434 τὴν
1911 1388 2104 1435 καταδίκην
2129 1389 2274 1434 ἀναξίως
2300 1390 2361 1428 καὶ

1321 1447 1360 1483 ἐκ
1376 1445 1496 1482 τούτου
1517 1444 1719 1492 ὀδυνηθέντα
1737 1445 1796 1482 καὶ
1813 1445 2015 1484 κακωθέντα
2032 1447 2304 1499 ἀπολειφθῆναι.)
2380 1464 2415 1489 20

1377 1505 1464 1553 (283).
1494 1502 1538 1540 τὰ
1567 1503 1595 1540 ’ν
1617 1503 1761 1556 Σάμω·
1753 1533 1761 1542 .
1784 1503 1857 1554 [Τὰ
1884 1504 1964 1556 περὶ
1991 1503 2116 1554 Σάμου
2141 1506 2362 1543 ἐννεακαιδε-

1322 1560 1455 1613 κάτῳ
1436 1576 1504 1598 ετει
1523 1560 1687 1612 πρότερον
1718 1560 1774 1597 ἐπὶ
1794 1560 2009 1610 Τιμοκλέους
2035 1561 2198 1614 ἄρχοντος
2216 1563 2363 1613 γεγονε.]

1325 1618 1507 1664 Μιλησίων
1524 1618 1590 1670 γάρ
1610 1633 1693 1656 ποτε
1714 1618 1773 1655 καὶ
1799 1618 1943 1668 Σαμίων
1965 1618 2175 1670 μαχομένων
2192 1619 2364 1666 Ἀθηναῖοι

1324 1676 1603 1729 παρακληθέντες
1623 1675 1688 1713 ὑπὸ
1709 1676 1892 1722 Μιλησίων
1908 1679 1953 1720 εἰς
1970 1676 2177 1728 συμμαχίαν
2200 1677 2364 1730 ἐπεστρά-

1324 1750 1448 1772 τευσαν
1472 1734 1563 1772 κατὰ
1588 1737 1655 1772 τῶν
1678 1734 1835 1784 Σαμίων,
1854 1735 2064 1787 Περικλέους
2090 1735 2284 1786 ἡγουμένου
2303 1740 2362 1774 τοῦ
2383 1748 2417 1773 25

1326 1793 1546 1831 Ξανθίππου.
1568 1795 1684 1835 κακῶς
1704 1791 1739 1830 δὲ
1762 1792 1969 1836 διατεθέντες
1990 1792 2120 1842 Σάμιοι
2135 1792 2364 1846 ἐπεχείρησαν

1327 1851 1411 1901 πρὸς
1427 1850 1484 1888 τὸν
1505 1850 1653 1902 βασιλέα
1676 1853 1744 1887 τῶν
1771 1853 1918 1903 Περσῶν
1935 1851 2102 1889 ἐπελθεῖν.
2127 1850 2187 1888 καὶ
2207 1850 2247 1896 δὴ
2266 1855 2367 1889 τοῦτο

1329 1908 1494 1958 μαθόντες
1510 1908 1682 1954 Ἀθηναῖοι
1696 1908 1846 1960 τριήρεις
1862 1907 2053 1958 πολεμικὰς
2070 1908 2147 1945 κατ’
2165 1909 2279 1946 αὐτῶν
2299 1924 2366 1946 κα-

1327 1965 1553 2011 τεσκεύασαν,
1572 1966 1781 2017 Περικλέους
1808 1965 2085 2016 εἰσηγησαμένου
2115 1967 2242 2003 αὐτῶν.
2263 1970 2365 2004 τοῦτο

1329 2023 1363 2060 δὲ
1389 2022 1554 2073 μαθόντες
1575 2023 1703 2073 Σάμιοι
1723 2022 1883 2074 μηχανήν
1906 2038 1982 2060 τινα
2003 2022 2269 2061 κατασκεύασαν
2287 2024 2364 2062 κατ’
2385 2046 2421 2072 30

1330 2084 1455 2127 αὐτῶν,
1471 2081 1512 2127 ἣν
1533 2081 1699 2131 μαθόντες
1723 2081 1894 2127 Ἀθηναῖοι
1920 2080 1987 2118 ὑπό
2011 2097 2101 2124 τινος
2128 2082 2370 2134 Καρυστίωνος

1330 2138 1562 2191 ἐφυλάςαντο,
1585 2154 1645 2176 και
1666 2138 1821 2188 Σαμίους
1839 2137 1900 2188 μὲν
1921 2154 2037 2181 κακως
2057 2138 2230 2187 διέθηκαν,
2251 2139 2308 2178 τὸν
2333 2139 2369 2178 δὲ

1332 2196 1595 2249 Καρυστίωνα
1581 2195 1749 2246 ετίμησαν
1765 2196 1896 2249 σφόδρα
1913 2195 2001 2246 μετὰ
2019 2211 2080 2233 του
2099 2195 2216 2247 γένους
2232 2197 2292 2235 και
2309 2200 2371 2244 τῆς

1331 2257 1443 2292 αὐτων
1463 2253 1637 2298 πολιτείας
1652 2254 1818 2300 ἠξίωσαν.
1840 2271 1885 2298 ως
1905 2258 1962 2292 οὐν
1979 2269 2067 2297 τινος
2089 2253 2372 2301 ἑξαπατήσαντος

1331 2313 1390 2351 καὶ
1411 2312 1563 2356 εἰπόντος
1583 2312 1704 2350 ἑαυτὸν
1724 2317 1812 2350 εἶναι
1832 2312 1890 2350 τὸν
1911 2312 2066 2362 μηνυτὴν
2096 2316 2156 2350 τοῦ
2186 2312 2369 2366 σκαιωρή-
2390 2340 2423 2366 35

1334 2387 1441 2421 ματος
1458 2373 1525 2408 τῶν
1544 2370 1690 2419 Σαμίων
1703 2400 1712 2416 ,
1730 2369 1789 2407 καὶ
1812 2369 1868 2407 διὰ
1887 2373 1988 2408 τοῦτο
2005 2369 2231 2413 ἀπολυθέντος
2243 2400 2253 2418 ,
2268 2370 2370 2423 φησὶν

1304 2446 1306 2453 ¹
1333 2430 1530 2474 ὠδυνῆσθαι
1544 2428 1601 2465 τὸν
1619 2426 1866 2473 Φιλοκλέωνα,
1892 2429 1938 2470 ὡς
1957 2429 2034 2470 ταῖς
2053 2427 2257 2471 καταδίκαις
2277 2430 2371 2479 μᾶλ-

1305 2509 1307 2526 ;
1333 2487 1391 2523 λον
1411 2486 1592 2537 χαίροντα.
1611 2508 1662 2513 -
1678 2484 1722 2522 τὰ
1741 2484 1821 2536 περὶ
1842 2484 1964 2534 Σάμον
1986 2485 2026 2521 ιθ’
2048 2484 2115 2522 ἔτει
2135 2484 2301 2538 πρότερον
2316 2485 2372 2523 ἐπὶ

1334 2545 1548 2592 Τιμοκλέους
1567 2542 1683 2593 γέγονε
1703 2542 1762 2579 καὶ
1786 2542 1842 2578 ε’πὶ
1860 2546 1921 2579 τοῦ
1945 2541 2020 2587 ἑξῆς
2037 2542 2251 2594 Μορυχίδου.
2275 2542 2371 2580 οὐδὲν

1306 2637 1309 2648 1
1334 2600 1459 2637 κωλύει
1481 2600 1539 2637 τὸν
1566 2598 1662 2651 ἐχθὲς
1692 2599 1890 2651 κρινόμενον
1917 2599 2192 2648 ἀναμιμνήσκειν
2214 2599 2292 2644 τοὺς
2318 2601 2372 2638 δι-
2391 2628 2427 2653 40

1335 2656 1466 2700 καστὰς
1498 2657 1583 2700 ἰδίας
1609 2657 1697 2699 τινὸς
1728 2656 1923 2708 εὐεργεσίας
1952 2658 2105 2700 παλαιᾶς
2129 2657 2371 2708 γεγενημένης.

1337 2715 1507 2762 Ἀθηναῖοι
1535 2713 1570 2752 δὲ
1597 2713 1787 2760 Μιλησίους
1821 2713 2076 2764 ἐπαγαγόμενοι
2102 2714 2283 2753 ἐκάκωσαν
2308 2716 2372 2763 τὴν

1338 2772 1458 2823 Σάμον
1483 2772 1541 2810 καὶ
1562 2772 1750 2825 ἔμφρουρον
1768 2772 1947 2818 ἐποίησαν,
1970 2771 2032 2818 τὴν
2053 2773 2289 2826 δημοκρατίαν
2309 2789 2375 2811 κα-

1337 2830 1572 2876 ταστήσαντες
1609 2829 1665 2866 διὰ
1693 2828 1914 2880 Περικλέους.
1948 2829 2079 2879 Σάμιοι
2108 2829 2144 2867 δὲ
2172 2830 2374 2878 ἀπέστησαν

1336 2887 1421 2940 πρὸς
1439 2886 1596 2939 βασιλέα.
1618 2886 1676 2924 καὶ
1691 2886 1768 2923 τότε
1789 2888 1819 2924 οἱ
1834 2887 2005 2933 Ἀθηναῖοι
2024 2887 2149 2930 τελέως
2170 2888 2294 2932 αὐτοὺς
2311 2904 2374 2927 κα-

1337 2944 1593 2994 τεπολέμησαν,
1619 2944 1676 2981 ἵνα
1706 2943 1810 2980 πάλιν
1839 2943 2081 2995 προσηγγέλθη
2117 2946 2285 2998 Περικλεῖ
2323 2945 2375 2984 ὅτι

1339 3002 1526 3041 Φοίνισσαι
1546 3004 1623 3046 νῆες
1639 3003 1779 3052 παρεῖεν
1805 3003 1991 3052 βοηθοῦσαι
2009 3001 2313 3051 Σαμίοις.’το’ὐ’τον
2333 3002 2375 3040 ἂν

2392 2920 2427 2946 45

1310 3089 1311 3095 ,
1340 3059 1392 3106 εἴη
1412 3059 1524 3110 λέγειν
1544 3058 1629 3110 πρὸς
1644 3057 1721 3100 τοὺς
1741 3057 1906 3102 δικαστὰς
1928 3058 2186 3110 ἀπηγγελκέναι
2202 3059 2262 3098 καὶ
2281 3061 2374 3113 ὠφε-

1311 3147 1313 3168 3
1339 3119 1444 3163 λῆσαι
1458 3116 1520 3162 τὴν
1537 3115 1648 3152 πόλιν.
1666 3121 1705 3152 V.

1393 3188 1454 3212 286.
1489 3173 1579 3223 (ἀλλ’
1595 3166 1623 3209 ὦ
1638 3171 1725 3222 ’γάθ’
1743 3171 1908 3210 ἀνίστασο
1930 3185 1939 3211 :
1963 3172 2056 3226 Πρὸς
2072 3173 2130 3211 τὸν
2147 3172 2375 3211 Φιλοκλέωνα
2395 3205 2428 3233 50

1396 3360 1461 3384 288.
1492 3346 1619 3391 ἄδηλον
1648 3346 1677 3382 εἰ
1702 3344 1737 3382 ὃν
1766 3345 1909 3397 προεῖπε
1941 3345 2096 3398 Λάχητα
2123 3345 2146 3392 ἢ
2171 3345 2276 3384 ἄλλον
2302 3345 2378 3384 τινὰ

1345 3401 1601 3455 κριθησόμενον.
1620 3409 1660 3439 V.
