2533 3808
213 167 289 202 414

212 263 248 298 p.
265 247 352 284 608.
377 240 566 293 Σωκράτης
587 236 748 274 Meinek.
769 233 816 270 ad
830 231 1066 281 Euphorion.
1081 243 1117 278 p.
1147 230 1218 274 175

211 303 379 343 defendit
389 314 435 338 ex
445 301 565 346 Etym.
580 299 628 331 M.
642 307 680 343 p.
695 293 784 340 389,
799 292 860 336 18,
872 289 939 326 ubi
951 285 1219 341 ὃγραμματικὸς

212 360 401 412 Σωκράτης
427 359 660 392 memoratur
685 350 778 399 :qui
809 349 916 385 locus
948 348 1031 396 ipse
1064 358 1218 395 quoque

210 419 293 456 vitii
312 421 507 465 suspectus
527 418 596 448 est.
617 412 732 445 Dum.

265 488 352 536 964.
367 481 565 521 Praemittit
582 478 668 516 Ald.
694 478 769 514 hoc
789 475 978 520 scholion,
995 472 1108 525 ψωλὸν
1129 470 1221 521 γενέ-

210 548 288 582 σθαι
305 559 312 580 :
335 539 467 583 Ψωλὸς
483 541 501 576 5
522 536 766 589 λειπόδερμος,
787 532 964 578 ὀξυτόνως.
984 531 1042 569 καὶ
1063 529 1222 582 Empti-iso>-

209 605 279 649 λος,
294 604 311 639 5
329 600 383 638 ἐπὶ
409 596 522 651 βραχὺ
539 599 701 636 τοιοῦτος.
720 593 742 639 ἢ
763 595 780 631 5
797 591 967 643 ἀσχήμων
986 588 1075 627 κατὰ
1091 587 1222 641 παρέκ-

210 674 309 696 τασιν
336 661 396 695 τοῦ
433 654 566 707 μορίου.
599 655 745 690 ἐνταῦθα
774 651 802 688 δ’
827 650 919 691 ἰδίως
952 648 1008 686 ἐπὶ
1030 649 1098 684 τῶν
1118 646 1221 699 μέχρι

208 718 340 755 πολλοῦ
359 712 615 762 διεσκυλμένων
637 708 906 762 (διελκυσμένων
925 707 1097 752 Photius,
1115 706 1222 742 διειλ-

209 773 389 825 κυσμένων
410 771 590 810 Proverb.
606 769 785 820 Append.
804 771 889 804 Vat.
909 772 943 811 4,
961 772 1021 814 49.
1036 768 1221 802 Kusterus

210 829 514 882 διεσκολυμμένων
527 860 536 877 ,
553 828 726 877 Toupius
744 826 901 864 Emend.
929 824 1002 860 vol.
1035 824 1070 869 3,
1088 837 1123 873 p.
1147 823 1222 870 549

209 891 353 928 ἐπὶτῶν
387 887 492 940 μέχρι
507 888 609 924 πιλοῦ
637 882 932 932 διεσκολλυμένων
960 882 1021 918 vel
1047 881 1224 918 διεσκολυ-

211 947 354 997 μένων).
371 945 467 998 παρὰ
487 944 522 983 δὲ
545 943 680 996 Διφίλῳ
697 944 731 979 ἐν
757 947 826 984 τοῖς
847 939 1084 990 Ἐναγίσμασι
1104 954 1222 990 παρα-

210 1005 397 1050 πεποίηται
420 1003 502 1055 ἄχρι
521 1006 581 1039 τοῦ
596 1000 775 1053 λάρυγγος.
802 999 981 1037 Scholion
998 998 1070 1034 hoc
1085 1011 1161 1034 non
1177 1011 1223 1034 ex

210 1063 408 1100 veteribus
426 1062 464 1098 in
488 1061 787 1110 Aristophanem
814 1057 1094 1094 commentariis
1121 1056 1222 1106 peti—

211 1133 291 1160 tum
314 1153 323 1170 ,
350 1121 417 1159 sed
448 1134 493 1158 ex
525 1119 674 1157 duabus
703 1118 827 1155 Suidae
856 1117 988 1166 glossis
1021 1115 1156 1153 Ψωλόν
1188 1123 1225 1151 et

211 1178 557 1229 Ἀπεσκολλυμμένος
582 1177 851 1227 compositum,
866 1174 995 1212 verbis
1019 1175 1164 1210 ἐνταῦθα
1195 1173 1224 1209 δ’

212 1240 305 1281 ἰδίως
325 1238 542 1276 substitutis
572 1249 643 1287 pro
666 1249 711 1272 eo
729 1233 831 1284 quod
856 1233 957 1283 apud
982 1231 1136 1270 Suidam
1169 1232 1225 1268 le-

213 1299 315 1348 gitur
334 1296 458 1347 ἐλέχθη
484 1294 533 1332 δέ.
556 1294 692 1332 Suidas
713 1302 837 1329 autem
857 1305 923 1328 sua
947 1304 1024 1327 non
1048 1304 1094 1327 ex
1114 1290 1226 1326 scho-

212 1357 322 1393 liasta
336 1354 616 1404 Aristophanis,
631 1352 696 1390 sed
707 1365 755 1388 ex
768 1350 904 1388 Photio
923 1348 1096 1397 sumpsit,
1112 1360 1225 1396 quem

212 1414 299 1451 vide
323 1427 361 1463 p.
384 1413 474 1459 657,
497 1425 563 1458 7-1
576 1425 607 1448 1.
623 1409 835 1448 Duum—26
854 1406 1062 1458 ἐσκολύρθαι
1080 1410 1224 1442 Portus.

212 1472 404 1524 σκολύφθαι
424 1471 507 1509 Ald.
525 1468 809 1521 ἀποκεκαλύερθαι
828 1467 962 1504 Suidas
984 1480 1010 1503 s.
1026 1464 1170 1510 Ψωλός,
1189 1465 1227 1501 id

213 1540 269 1569 est
289 1528 561 1582 ἀπεσκολύφθαι.
577 1554 618 1560 -
637 1542 682 1574 27
704 1524 970 1575 πεποικιλμένον
987 1526 1158 1574 ineptum
1172 1532 1228 1561 est

213 1599 251 1627 et
271 1603 340 1626 suo
366 1589 452 1625 loco
472 1596 617 1624 motum
648 1586 812 1623 videtur.
834 1589 903 1622 Est
921 1584 1020 1621 enim
1042 1584 1228 1633 glossema

214 1647 393 1698 adjectivi
408 1645 636 1684 κατάπαστον
653 1658 690 1681 v.
707 1645 796 1692 968.
818 1647 936 1681 Dmn.

269 1715 359 1763 967,
379 1714 423 1750 31
450 1709 690 1760 ἐπεισήνεγκεν
712 1710 759 1747 Θ.

267 1780 356 1826 969,
373 1783 419 1820 42
437 1774 624 1825 Σμικύθης.
645 1777 739 1819 Quae
759 1773 805 1809 de
822 1771 1018 1820 Smicythe
1035 1771 1228 1808 Thracum

213 1849 301 1886 rege
321 1835 412 1872 dicit
429 1834 664 1879 scholiastes,
687 1832 779 1868 mihi
801 1838 888 1867 sunt
904 1830 1015 1866 valde
1039 1839 1227 1879 suspecta.

214 1897 275 1930 An
298 1893 420 1930 voluit
432 1891 699 1940 Miltocythen,
718 1889 764 1926 de
779 1902 855 1938 quo
871 1888 1092 1938 Xenophon
1110 1887 1226 1925 Anab.

215 1964 257 1997 2,
273 1965 310 1999 2,
327 1966 346 1998 7
357 1953 371 1988 Ξ)
382 1950 669 1991 Doiantos-43
684 1950 801 1998 Κυροῦ
817 1947 901 1998 [sic]
920 1946 976 1983 τὸν
993 1945 1228 1997 Ἀρταξέρξην,

216 2010 264 2054 45
299 2008 374 2051 τοὺς
404 2007 533 2050 Λυδίας
561 2008 607 2045 Θ.
644 2004 834 2056 βασιλεύειν
856 2009 901 2042 G.
926 2018 947 2041 a
971 2018 1028 2054 pr.
1057 2018 1105 2041 m.
1125 2029 1162 2035 -
1182 2007 1228 2048 46

214 2069 405 2106 Bekkerus
431 2064 716 2115 Λακεδαιμονίοις
735 2063 966 2116 προσθέμενος
994 2064 1040 2105 εἷς
1065 2061 1144 2100 πόλ.
1172 2062 1229 2100 τὸν

213 2125 298 2178 πρὸς
318 2125 385 2163 Ἀθ.
406 2126 458 2175 ἐχ.
486 2139 542 2176 χρ.
564 2121 771 2172 Sequentia
785 2136 859 2160 om.
881 2124 977 2161 Θ.-
996 2122 1043 2158 50
1057 2124 1074 2158 ὃ
1088 2135 1163 2158 om.
1182 2125 1228 2158 V.

267 2193 358 2240 973,
380 2192 402 2227 6
427 2189 667 2227 scribebatur
691 2188 806 2225 ἁπλοῖ.

267 2256 366 2305 975,
399 2268 442 2291 10
467 2255 608 2306 πονηρῷ
628 2252 663 2291 ὃν
694 2257 738 2290 V.
763 2251 911 2305 πονηρὸν
943 2251 1025 2289 ὄντα
1057 2255 1102 2289 G.
1119 2276 1160 2284 —
1184 2266 1224 2289 11

214 2315 351 2352 ἅπαντα
373 2314 420 2352 Θ.

268 2391 357 2426 979,
381 2390 426 2413 12
446 2374 641 2426 Σύμμαχος
660 2389 734 2412 om.
756 2375 801 2413 Θ.
824 2383 860 2411 et
889 2376 932 2411 13
957 2373 1009 2419 δή.
1032 2374 1137 2411 Idem
1156 2390 1229 2411 ποι-

217 2440 384 2487 ραιτεῖται
413 2435 459 2472 Θ.
491 2435 670 2484 ἀπορεῖται
703 2433 901 2469 Dobraeus.
940 2435 1058 2469 Recte
1090 2432 1231 2469 habere

214 2493 368 2529 videtur
404 2496 575 2543 παρεῖται.
610 2495 693 2528 Hoc
723 2491 823 2527 enim
856 2491 966 2537 dicit,
1004 2491 1231 2540 interpretes

214 2551 341 2587 locum
373 2549 475 2585 hunc
494 2561 570 2584 non
591 2549 772 2596 attigisse.
800 2551 978 2584 D1Nn.-
1005 2549 1049 2584 15
1081 2548 1228 2598 διαὸάλῃ

215 2608 261 2646 Θ.
280 2631 322 2638 —-
340 2607 384 2643 18
403 2606 524 2642 ἐκεῖνοι
539 2607 568 2641 οἱ
583 2609 627 2642 V.
640 2630 681 2636 -
702 2619 746 2654 19
761 2604 1074 2653 ἅμα-Ἀθηναίων
1095 2608 1229 2644 0111.Θ.

269 2671 359 2718 984,
381 2670 505 2705 21-23
522 2669 601 2704 haec
620 2671 664 2705 V.
685 2668 767 2719 παρ’
785 2667 943 2705 ὑπόνοιαν
964 2668 1142 2717 ἐπήνεγκε.
1167 2670 1231 2706 Το-

218 2726 300 2780 ρύνη
329 2725 365 2763 δὲ
393 2725 433 2763 τὸ
462 2728 523 2771 τῆς
551 2724 681 2777 χύτρας
712 2725 925 2776 κινητήριον.
959 2727 1048 2776 Παρ’
1070 2725 1229 2763 ὑπόνοιαν

218 2783 330 2828 δοῖδυξ
349 2783 560 2828 αὔξει-λίαν
586 2786 731 2834 μικρῶν.
758 2785 881 2821 Ταῦτα
913 2785 959 2826 ὡς
977 2783 1061 2835 πρὸς
1092 2786 1158 2821 Κλ.
1191 2800 1228 2821 π.

218 2869 257 2875 -
272 2857 318 2881 22
339 2844 423 2881 Ald.
448 2845 592 2895 μικρῶν.
614 2842 635 2888 ἢ
656 2843 712 2880 ἐπὶ
745 2845 811 2880 τῶν
842 2842 1098 2893 αὐξανομένων,
1128 2843 1229 2895 φησὶν

219 2904 236 2940 ὁ
265 2900 480 2953 Χρύσιππος.
510 2899 600 2938 ἀλλὰ
630 2901 688 2938 καὶ
715 2901 770 2938 ἐπὶ
803 2903 870 2937 τῶν
902 2900 1022 2953 μικρὸν
1059 2901 1229 2951 μενόντων

217 2958 351 3011 εἴρηται
379 2963 401 3005 ἡ
420 2958 601 3011 παροιμία.
631 2961 648 2996 5
684 2959 750 3010 γὰρ
779 2959 891 3003 δοῖδυξ
925 2958 1043 3012 μικρός
1074 2960 1147 2996 ἐστι
1171 2961 1230 2997 καὶ

218 3015 435 3068 στρογγύλος.
454 3020 544 3063 Quae
561 3030 608 3054 ex
623 3018 785 3055 Zenobii
810 3018 992 3055 Proverb.
1011 3020 1044 3065 3,
1059 3025 1107 3062 40
1129 3018 1231 3055 illata

218 3087 300 3111 esse
323 3074 589 3111 animadvertit
609 3076 828 3113 Dindorfius
844 3106 853 3123 ,
875 3076 942 3113 ubi
964 3085 1065 3113 recte
1085 3077 1157 3125 legi
1182 3075 1228 3125 μὴ

219 3130 472 3180 αὐξανομένων.
490 3157 530 3163 -
545 3134 591 3169 23
608 3134 692 3171 Ald.
716 3133 853 3186 χύτρας.
877 3138 1058 3185 πανταχοῦ
1077 3133 1112 3170 δὲ
1130 3133 1232 3171 ἐκτεί-

219 3203 333 3240 νεται,
355 3191 384 3226 εἰ
408 3189 467 3227 καὶ
487 3190 568 3240 παρ’
590 3191 758 3228 Εὐπόλιδι
778 3191 951 3244 «τορύνην
969 3192 1053 3234 τέως
1075 3191 1115 3237 δὴ
1139 3191 1231 3244 ξίφος

218 3247 469 3297 ὖπεζωσμένος.
488 3266 503 3281 »
530 3248 587 3284 καὶ
605 3243 698 3292 αὖθις
722 3267 736 3284 α
752 3250 810 3287 καὶ
836 3252 898 3287 τὰν
924 3248 1097 3287 ἐπιοδόνον
1127 3253 1231 3294 (cor-

220 3314 375 3356 ruptum
403 3318 450 3343 ex
473 3304 659 3357 ἐτνοδόνον)
685 3307 838 3359 τορύναν.
858 3309 965 3347 Illata
993 3321 1039 3345 ex
1067 3308 1183 3346 Suida
1200 3322 1227 3345 s.

959 143 1256 184 ADNOTATIO
1284 142 1339 179 IN
1368 143 1540 182 SCHOL.

1280 228 1417 280 Τορύνη
1431 258 1440 275 ,
1464 231 1529 278 qui
1548 230 1611 266 illa
1638 230 1792 279 quidem
1809 259 1818 277 ,
1843 233 2021 280 πανταχοῦ
2051 229 2087 267 δὲ
2105 229 2289 270 ἐκτείνεται

1279 286 1307 322 εἰ
1328 285 1375 335 μὴ
1396 286 1464 336 (sic
1496 288 1596 323 enim
1628 287 1887 335 scribendum)
1915 290 1997 341 παρ’
2021 288 2215 337 Εὐπόλιδι,
2243 304 2290 329 ex

1279 344 1425 381 scholio
1443 344 1491 381 ad
1511 345 1650 381 Avium
1664 359 1702 382 v.
1724 348 1771 392 78
1792 348 1971 397 sumpsit,
1996 348 2042 384 (le
2068 361 2136 385 suo
2165 356 2291 385 autem

1279 402 1457 439 Leonidae
1488 402 1627 451 adjecit
1655 406 1870 454 exemplum
1897 419 1943 442 ex
1972 407 2126 443 Anthol.
2147 407 2223 443 Pal.
2249 407 2291 451 6,

1283 461 1374 507 305,
1393 460 1453 497 καὶ
1471 454 1565 502 αὖθις
1585 477 1600 493 «
1618 460 1677 497 καὶ
1695 461 1755 498 τὰν
1782 462 1956 500 ἐτνοδόνον
1983 465 2138 516 τορύναν.
2153 482 2168 496 »
2192 465 2294 502 Reli-

1281 531 1355 567 qua
1381 531 1482 554 nunc
1511 526 1598 554 sunt
1615 518 1731 555 verba
1754 519 1898 571 τορύνην
1927 520 2011 564 τέως
2031 521 2072 568 δὴ
2097 522 2187 574 ξίφος
2208 524 2296 559 ὓπε-

1281 575 1470 625 ζωσμένος,
1486 576 1524 612 in
1544 575 1683 625 quibus
1700 576 1747 612 ad
1767 578 1906 613 senarii
1927 578 2087 616 sormam
2108 594 2296 617 revocan-

1282 633 1339 670 dis
1357 635 1496 670 frustra
1511 634 1726 670 laboratum
1743 643 1807 671 est.
1828 636 1959 684 Neque
1976 638 2075 674 enim
2094 638 2297 688 Eupolidis

1282 692 1360 728 haec
1379 691 1499 728 verba
1515 700 1622 737 sunt,
1646 691 1711 728 sed
1726 693 1924 741 scriptoris
1941 694 2101 743 alicujus
2118 696 2298 746 prosaici,

1283 764 1366 799 quae
1390 758 1477 787 ante
1508 753 1688 800 πανταχοῦ
1724 748 1760 787 δέ
1787 751 2053 789 transloeanda
2082 763 2188 798 sunt,
2213 754 2298 796 τέως

1282 809 1321 845 in
1340 824 1377 846 τε
1393 810 1439 850 ὡς
1455 817 1612 845 mutato.
1628 812 1746 845 Dmn.
1759 833 1799 839 —
1814 814 1860 852 24
1880 809 1984 845 addit
2000 810 2086 847 Ald.
2104 811 2163 847 καὶ
2180 811 2300 859 ὖηνεία

1284 867 1368 915 (scr.
1383 866 1483 912 ὑηνία
1502 867 1563 903 hic
1582 874 1618 903 et
1635 866 1762 916 paullo
1782 867 1881 916 post)
1900 870 1920 912 ἡ
1937 867 2069 920 μωρία,
2083 869 2128 909 ὡς
2143 870 2298 920 ἀλλαχοῦ

1283 924 1526 977 Ἀριστοφάνης
1540 925 1642 975 (Pac.
1662 924 1753 974 928)
1773 942 1787 957 «
1802 923 1857 961 ἵνα
1879 923 1927 975 μὴ
1948 923 2091 975 γένηται
2107 925 2302 976 Θεαγένους

1283 982 1395 1028 ὑηνία.
1417 1000 1432 1015 ιι
1455 982 1556 1024 Τινὲς
1576 982 1614 1019 δὲ
1639 982 1776 1028 ὓηνείαν
1803 981 1865 1028 τὴν
1886 984 1925 1020 ἐκ
1944 986 2012 1021 τῶν
2032 982 2159 1035 χοίρων
2185 985 2302 1022 δυσω-

1284 1043 1357 1081 δίαν
1389 1043 1492 1095 φασὶν
1516 1073 1526 1090 ,
1567 1041 1663 1095 οἵπερ
1705 1042 1877 1095 διαφόροις
1913 1042 2081 1093 ἐδέσμασι
2126 1042 2302 1096 χρώμενοι

1284 1101 1418 1148 δυσώδη
1438 1104 1656 1139 ἀποπατοῦσι
1672 1101 1731 1138 καὶ
1747 1103 1792 1143 εἷς
1808 1100 1972 1153 βόρὲορον
1990 1101 2197 1139 διαλύονται.
2212 1105 2303 1140 Haec

1285 1173 1438 1211 quoque
1454 1164 1634 1197 Musurus
1652 1160 1787 1209 adjecit
1813 1173 1860 1196 ex
1881 1160 1999 1198 Suida
2017 1174 2044 1197 s.
2067 1158 2194 1206 Ὑηνία
2206 1188 2215 1205 ,
2235 1161 2303 1210 qui

1285 1232 1329 1256 ex
1351 1219 1496 1255 scholio
1516 1219 1562 1255 ad
1580 1219 1687 1256 Pacis
1702 1231 1737 1254 V.
1758 1219 1833 1266 928
1860 1219 2031 1268 sumpsit.
2054 1218 2221 1265 Κουτάλη
2247 1227 2304 1256 est

1285 1278 1470 1327 glossema
1496 1276 1828 1326 graecobarbarum
1843 1277 2022 1314 vocabuli
2036 1275 2175 1328 τορύνη.
2188 1281 2302 1314 Dum.

1285 1358 1336 1363 -—
1351 1336 1478 1372 Schol.
1499 1336 1573 1384 988
1589 1348 1663 1371 om.
1680 1337 1726 1373 G.
1748 1335 1793 1372 Θ.

1340 1395 1430 1443 989,
1451 1407 1498 1440 27
1516 1393 1576 1430 καὶ
1597 1407 1670 1430 0111.
1690 1397 1732 1430 V.
1750 1418 1791 1424 -
1809 1395 1857 1430 30
1876 1395 1993 1442 μαθεῖν
2018 1392 2127 1439 ἄλλην
2147 1392 2238 1430 θέλει
2256 1396 2303 1430 V.

1340 1459 1429 1501 994,
1452 1452 1499 1489 36
1519 1453 1730 1490 ἀντεποιεῖτο
1749 1453 1796 1490 Θ.
1820 1450 2034 1500 Legebatur
2053 1456 2277 1500 μετεποιεῖτο.

1341 1524 1414 1560 997
1434 1524 1509 1547 om.
1524 1511 1572 1548 Θ.
1593 1535 1634 1542 -
1653 1512 1771 1555 38-43
1794 1511 1834 1547 in
1854 1513 1898 1546 V.
1919 1518 1975 1546 est
1998 1510 2121 1554 διπλῆ,
2146 1507 2198 1545 ὅτι
2221 1508 2305 1546 εἰώ-

1288 1571 1385 1606 θασιν
1417 1569 1502 1619 (scr.
1527 1566 1684 1617 εἰσίασιν)
1707 1570 1737 1605 οἱ
1757 1567 1962 1619 ὑποκριταὶ,
1991 1566 2051 1604 καὶ
2075 1566 2160 1604 εἷσὶν
2180 1565 2305 1617 ἴαμὸοι

1287 1626 1463 1679 τρίμετροι
1497 1625 1734 1671 ἀκατάληκτοι
1768 1627 1825 1671 ιη’.
1850 1650 1891 1657 -
1917 1626 1963 1670 43
1998 1624 2122 1667 ἄλλως.
2151 1622 2305 1668 Ἕξεισιν

1289 1684 1346 1722 ἐπὶ
1365 1688 1410 1721 V.
1425 1709 1465 1715 -—
1485 1689 1530 1730 47
1548 1683 1673 1734 ὁμοίως
1692 1698 1766 1721 om.
1781 1688 1825 1721 V.

1340 1743 1439 1791 998,
1471 1743 1517 1779 50
1538 1742 1703 1778 correxit
1731 1741 1962 1778 Dindorfius.
1989 1740 2183 1778 Edebatur
2201 1740 2306 1792 φησὶν

1287 1802 1333 1842 ὡς
1364 1800 1424 1837 καὶ
1457 1798 1549 1836 ἔνδον
1574 1797 1624 1850 (δὲ
1657 1800 1718 1836 hic
1748 1800 1932 1849 adjiciunt
1961 1803 2006 1835 V.
2035 1799 2095 1846 Θ.,
2124 1811 2202 1835 11011
2236 1799 2300 1849 G.)

1289 1858 1416 1897 ἄλλων.
1440 1880 1477 1887 —
1498 1859 1541 1895 51
1562 1856 1715 1910 ἐκφέρειν
1736 1872 1811 1895 om.
1831 1859 1878 1896 Θ.

1346 1930 1456 1961 1001,
1488 1917 1534 1953 53
1569 1915 1731 1967 ἐξήγαγε,
1752 1918 1797 1960 54
1824 1913 1994 1952 συνοικίαι
2025 1913 2085 1952 καὶ
2115 1912 2236 1968 μικραὶ
2259 1914 2305 1954 Θ.

1290 1975 1326 2012 αἱ
1348 1988 1423 2011 om.
1440 1975 1551 2011 etiam
1569 1977 1613 2012 V.

1347 2039 1443 2077 1004
1461 2063 1471 2080 ,
1502 2038 1523 2076 4
1561 2032 1618 2070 τὸν
1670 2031 1798 2070 Γλάνιν
1848 2031 1905 2069 τὸν
1941 2030 2051 2069 Βάκιν
2085 2031 2204 2069 εἰπών.
2233 2031 2307 2070 ἔστι

1289 2090 1354 2144 γὰρ
1378 2093 1424 2130 Θ.

1348 2155 1458 2201 1008,
1477 2154 1499 2190 6
1519 2152 1634 2204 ἰχθύος
1654 2154 1700 2190 Θ.
1713 2176 1755 2182 -
1768 2153 1790 2189 8
1808 2152 1971 2203 glossam
1988 2150 2103 2196 ἔπαιξε
2123 2165 2145 2189 a
2168 2165 2216 2189 m.
2232 2166 2307 2190 recz

1289 2211 1404 2249 habet
1431 2215 1491 2258 V.,
1509 2225 1583 2248 om.
1605 2215 1650 2248 G.
1666 2237 1705 2242 —
1721 2211 1885 2260 Subjicit
1907 2210 1991 2248 Ald.
2009 2210 2083 2247 hoc
2106 2211 2279 2248 scholion
2298 2225 2306 2246 :

1296 2284 1362 2307 101
1376 2285 1405 2307 ι.
1436 2269 1518 2312 πέος
1537 2269 1635 2307 δάκοι
1656 2284 1663 2305 z
1686 2269 1859 2307 Ἐνταῦθα
1882 2269 1919 2305 οὗ
1945 2268 1983 2305 τὸ
2009 2267 2200 2316 σπήλαιον,
2218 2267 2308 2306 ἀλλὰ

1290 2328 1329 2365 τὸ
1347 2329 1494 2374 αἰδοῖον,
1523 2330 1568 2371 ὡς
1588 2328 1646 2365 καὶ
1669 2329 1824 2379 ἀλλαχοῦ
1849 2327 1958 2378 (Ach.
1991 2326 2104 2378 1060)
2130 2344 2145 2360 «
2159 2325 2252 2369 ὅπως
2268 2326 2309 2364 ἂν

1291 2388 1430 2438 οἰκουρῇ
1457 2387 1495 2424 τὸ
1514 2386 1594 2429 πέος
1613 2390 1670 2424 τοῦ
1691 2386 1850 2438 νυμφίου.
1873 2403 1888 2418 ν
1911 2384 1980 2423 Καὶ
2005 2379 2098 2427 αὖθις
2119 2385 2186 2430 (ib.
2220 2386 2307 2435 138)

1291 2445 1370 2487 «τίς
1391 2446 1429 2482 τὸ
1450 2443 1529 2487 πέος
1552 2444 1817 2495 ἀποτεθρίακεν,
1839 2461 1854 2476 »
1874 2443 1931 2480 καὶ
1953 2443 1986 2478 ἐν
2004 2441 2174 2494 Νεφέλαις
2200 2443 2309 2494 (734)

1291 2521 1305 2535 «
1322 2503 1361 2540 τὸ
1380 2502 1461 2545 πέος
1481 2504 1515 2539 ἐν
1541 2506 1584 2553 τῇ
1606 2502 1709 2553 δεξιᾷ.
1739 2502 1900 2538 »Intulit
1918 2505 2099 2537 Musurus
2121 2513 2169 2536 ex
2191 2501 2307 2538 Suida

1291 2574 1318 2596 s.
1354 2559 1465 2607 Πέος,
1494 2561 1559 2609 qui
1596 2561 1700 2609 quod
1728 2558 1900 2603 σπηλαίου
1932 2558 2164 2594 mentionem
2200 2558 2307 2605 fecit,

1291 2617 1393 2660 σπέος
1412 2619 1453 2654 in
1473 2626 1598 2654 mente
1618 2617 1761 2654 habuit.
1780 2621 1896 2654 Dmn.

1349 2677 1459 2721 1013,
1479 2689 1501 2722 9
1518 2674 1688 2724 χρησμός.
1703 2674 1787 2710 Vid.
1812 2674 1957 2710 scholia
1977 2672 2024 2709 ad
2047 2672 2205 2710 Aristid.
2229 2674 2304 2710 vol.

1295 2747 1326 2778 1,
1347 2747 1382 2782 p.
1419 2734 1503 2781 196,
1531 2738 1572 2775 14
1596 2733 1846 2769 Jel›b.D1.x-n.
1873 2757 1912 2762 —
1938 2745 1996 2777 11,
2023 2744 2067 2767 12
2094 2744 2169 2768 om.
2190 2735 2236 2768 V.
2259 2732 2305 2769 Θ.

1290 2790 1416 2828 Habet
1432 2795 1476 2827 V.
1498 2791 1537 2827 in
1560 2791 1634 2827 alio
1661 2791 1826 2834 scholio,
1842 2792 1859 2826 ὁ
1874 2788 1908 2825 δὲ
1933 2789 2039 2832 δοθεὶς
2061 2788 2220 2840 χρησμὸς
2235 2795 2306 2832 τοῖς

1291 2847 1477 2893 Ἀθηναίοις
1509 2847 1600 2885 ἔστιν
1635 2843 1751 2894 οὗτος,
1794 2847 2135 2897 εὔδαιμον-πάντα.
2168 2851 2305 2885 Totum

1291 2907 1485 2942 oraculum
1503 2910 1546 2942 V.
1567 2907 1706 2956 repetit
1725 2906 1822 2942 infra
1841 2914 1926 2956 post
1944 2905 2118 2942 scholion
2138 2919 2175 2942 v.
2197 2906 2304 2943 1028.

1289 2988 1329 2994 -
1345 2965 1387 2999 13
1404 2963 1524 3013 ἤματα
1544 2963 1658 3001 πάντα
1678 2978 1752 3000 om.
1767 2968 1811 3001 V.
1828 2965 1873 3002 Θ.
1893 2979 1899 2999 :
1915 2963 2029 3001 habet
2045 2967 2093 3002 V.
2107 2963 2146 3000 in
2160 2953 2306 3000 scholio

1289 3022 1421 3058 altero.
1440 3046 1478 3051 ——
1497 3037 1510 3058 1
1522 3029 1540 3066 4
1565 3022 1719 3064 ἅπαντας
1736 3023 1780 3060 Θ.
1798 3022 1907 3064 αἰετὸς
1921 3026 1966 3058 V.
1981 3046 2022 3052 —
2040 3021 2084 3058 15
2101 3020 2242 3072 ὀρνίθων
2257 3022 2304 3060 Θ.

1289 3082 1456 3128 Pergunt
1495 3083 1538 3118 V.
1568 3081 1614 3118 Θ.
1643 3074 1680 3117 οῧ
1717 3083 1775 3117 νῦν
1813 3079 2000 3131 μέμνηται.
2026 3077 2148 3117 τούτου
2180 3077 2216 3116 δὲ
2246 3083 2305 3117 τοῦ

1289 3141 1448 3188 χρησμοῦ
1472 3135 1533 3173 καὶ
1557 3138 1590 3173 ἐν
1611 3136 1715 3188 Ὀρν.

1347 3201 1442 3238 1014
1465 3196 1504 3231 in
1523 3198 1566 3231 V.
1588 3196 1621 3232 ἐν
1642 3194 1772 3232 ἐκθέσει
1790 3194 1902 3246 στίχοι
1916 3194 1960 3240 ς’,
1985 3208 2071 3244 quae
2090 3207 2164 3232 om.
2187 3197 2231 3233 G.

1348 3253 1458 3299 1016,
1479 3255 1526 3289 25
1547 3262 1633 3303 post
1649 3252 1780 3296 ἔνδοξον
1800 3253 1904 3290 addit
1919 3253 2004 3291 Ald.
2029 3251 2108 3306 περὶ
2129 3251 2166 3290 δὲ
2186 3256 2245 3290 τοῦ
2267 3254 2300 3289 ἐν

1289 3310 1432 3362 Δελφοῖς
1449 3310 1606 3363 τρίποδος
1623 3313 1669 3354 εἷς
1687 3311 1933 3364 ἀναπλήρωσιν
1953 3313 2020 3348 τῶν
2041 3312 2075 3348 ἐν
2092 3315 2163 3353 τοῖς
2179 3311 2227 3353 εἷς
2243 3308 2302 3348 τὸν
