2517 3792
1102 246 1265 286 PLUTI.
2147 277 2221 311 519

192 323 278 370 161,
298 325 346 373 39
371 322 532 375 Εὕραμεν
558 325 648 363 κατὰ
664 326 876 379 σοφίσματα.
896 329 958 376 τὴν
987 330 1144 376 σύνταξιν

133 376 168 415 δὲ
184 378 279 432 παρὰ
292 379 331 417 τὸ
351 384 510 424 V.-4o
542 381 620 433 λέγε
649 382 690 429 δὴ
718 386 803 422 Ald.
830 395 867 423 et
889 387 973 425 sort.
996 392 1037 426 R.
1056 389 1145 426 κατὰ

131 451 208 489 σοφ.
237 441 283 474 V.

186 494 272 539 165,
299 499 348 543 49
369 495 459 532 Ἀντὶ
493 498 553 533 τοῦ
577 496 711 538 πλέκει.
734 502 943 552 μειδιασμοῧ
970 504 1005 540 δὲ
1032 504 1144 541 ἕνεκεν

127 551 327 601 περιπλέκει
338 552 411 602 ἅμα
424 552 466 590 τὰ
478 553 597 604 γέλοια
611 557 669 594 καὶ
684 557 726 595 τὰ
738 561 872 598 ἀστεῖα.
886 562 981 607 (liaec
993 576 1067 599 om.
1082 563 1141 612 G.)

128 607 320 647 λωποδυτεῖ
347 611 424 648 ἀντὶ
450 616 509 650 τοῦ
532 614 655 663 ἱμάτια
693 618 857 655 συλᾶται·
884 618 985 666 λώπη
1016 620 1081 672 γὰρ
1104 621 1143 657 τὸ

128 664 264 714 ιμάτιον
284 671 326 704 V.
341 693 382 699 -
400 683 411 705 1
438 670 641 722 ὑφαίρεσθαι
663 675 797 712 codex.

182 725 269 771 166,
294 727 313 763 3
332 726 469 764 lemma
492 731 509 766 ὁ
533 730 568 766 δὲ
590 732 751 784 κναφεύει
772 735 887 772 habet
907 740 951 773 R.
966 762 1006 767 —
1023 742 1042 779 4
1074 739 1141 773 τῶν

124 783 241 832 φαρῶν
263 784 307 820 G.
323 809 364 815 —
381 784 401 820 5
425 787 456 822 οἱ
478 785 625 825 Ἀττικοὶ
653 790 707 826 διὰ
734 796 792 829 τοῦ
812 797 855 830 V.
878 792 967 836 τινὲς
994 794 1141 831 Ἀττικοὶ

123 838 162 875 τὸ
182 838 237 875 διὰ
255 844 315 878 τοῦ
336 845 432 879 R.—
450 845 472 880 6
507 844 541 881 δὲ
573 845 630 883 διὰ
654 852 700 884 V.
730 851 760 886 οἱ
787 851 930 888 παλαιοὶ
956 860 1028 888 etc.
1055 861 1142 888 sunt

124 896 220 934 alius
252 899 464 938 scholiastae
496 904 634 951 verba,
669 907 813 943 inserto
834 907 869 944 δὲ
890 918 975 958 post
998 909 1141 946 παλαιοί

122 969 209 992 011111
233 959 462 1006 praecedenti
481 962 623 999 scholio
639 964 854 1013 conjuncta.
872 966 1020 1004 Ἀττικοὶ
1038 966 1073 1004 δὲ
1094 972 1138 1005 V.

120 1037 162 1044 —
178 1027 197 1059 7
221 1013 256 1051 δὲ
286 1015 344 1052 καὶ
383 1018 578 1061 ἀκανθῶδες
615 1020 761 1073 κνάφος,
795 1017 823 1075 ᾧ
856 1028 903 1060 V.
939 1026 1139 1075 Vulgatam

121 1070 349 1120 scripturam
379 1073 493 1110 habet
520 1078 777 1126 Harpocratio
807 1094 833 1117 s.
868 1081 1093 1134 Γναφεύς.-
1116 1085 1138 1119 8

121 1137 208 1177 post
228 1128 352 1181 γνάψιν
370 1134 414 1167 V.
437 1133 574 1183 pergit,
588 1133 710 1173 πλύνει
725 1136 769 1174 τὰ
785 1137 940 1190 δέρματα
959 1139 1020 1178 σὺν
1038 1141 1140 1193 ἐρίοις

118 1184 284 1237 κναφεὺς,
303 1186 399 1239 παρὰ
425 1188 464 1226 τὸ
489 1192 581 1239 κνῶ,
600 1190 621 1228 δ’
638 1194 711 1231 ἐστι
736 1194 815 1239 ξύω.
840 1196 1139 1251 ςΌμηρος-χαλ-

117 1241 207 1292 κείῃ.
227 1245 258 1280 οἱ
279 1245 422 1283 παλαιοὶ
443 1245 479 1284 δὲ
499 1249 648 1292 ἀττικῶς
665 1251 720 1288 διὰ
739 1257 799 1291 τοῦ
825 1270 859 1292 κ.
882 1255 957 1294 ἔστι
974 1256 1009 1294 δὲ
1026 1259 1137 1295 ἀκαν-

117 1301 238 1347 θῶδες,
257 1295 285 1353 ᾧ
315 1301 430 1345 ξύουσι
452 1304 562 1356 δέρμα
589 1310 776 1360 προὸάτου.
807 1313 864 1351 Ib.
897 1331 949 1352 κν.
984 1314 1046 1365 μὲν
1079 1311 1136 1355 οὖν

116 1359 433 1407 Harpocratio.—
459 1377 504 1399 10
526 1371 600 1402 κνεῖ
619 1376 656 1404 et
677 1368 818 1415 κνήστει
846 1375 892 1409 V.
918 1373 974 1410 καὶ
1003 1373 1135 1426 κνήστῃ

115 1418 201 1454 Ald.
218 1422 442 1459 Con-ectum
465 1437 512 1461 ex
536 1429 717 1466 Homero.
732 1455 772 1461 —
800 1446 843 1468 12
868 1434 1003 1471 Suidas
1032 1435 1135 1485 γανὸν

115 1475 329 1525 adjective:
352 1481 455 1529 quod
479 1484 567 1521 satis
598 1487 739 1536 placet3
762 1490 826 1527 sed
855 1491 956 1542 γάνος
985 1503 1040 1530 est
1060 1496 1136 1531 fre-

114 1535 329 1583 quentioris
354 1551 456 1576 usus.
485 1541 658 1581 Γνάπτειν
687 1556 813 1586 autem
841 1552 933 1588 oriri
965 1565 986 1589 a
1015 1553 1133 1603 γάνος,

114 1607 190 1629 11011
218 1594 415 1634 intercedo
445 1600 536 1648 quin
570 1616 641 1652 pro
667 1605 765 1643 futili
799 1612 1134 1658 grammaticorum

113 1656 316 1704 nugacium
347 1670 563 1699 commento
592 1667 832 1714 explodatur.
863 1674 1010 1710 Hsmsr.
1032 1672 1135 1723 γάνος

113 1715 486 1763 Harpocrati0.—24
507 1723 598 1771 Reg.
614 1726 739 1775 pergit
755 1727 793 1764 τὸ
807 1729 927 1778 γάνος,
945 1731 983 1768 τὸ
999 1731 1132 1769 λευκόν.

111 1768 186 1807 ἔστι
204 1769 240 1807 δὲ
259 1772 318 1809 καὶ
335 1774 462 1826 κνάφος
476 1771 564 1822 εἶδος
580 1781 746 1828 ἀκάνθης·
761 1787 903 1835 γνάπτω
921 1789 955 1826 δὲ
970 1790 1133 1840 σημαίνει

110 1827 150 1864 τὸ
167 1827 374 1878 κάμπτω.-
387 1834 434 1869 25
457 1836 631 1875 scholion
650 1844 886 1883 Taurinense
901 1848 1019 1884 edidit
1034 1853 1132 1899 Pey-

111 1900 195 1925 ron.
214 1888 262 1924 ad
277 1892 402 1938 Etym.
420 1896 474 1930 M.
490 1908 529 1945 p.
549 1900 637 1944 923.
660 1902 727 1938 Est
744 1904 859 1940 etiam
880 1906 918 1942 in
936 1910 1032 1957 Reg.

169 1947 255 1992 168,
289 1949 415 1985 31-35
445 1951 498 1988 sic
524 1953 563 1989 in
591 1956 692 2004 Ald.,
726 1960 979 2011 παρατίλλεται
999 1980 1006 2000 :
1025 1964 1131 2008 Ἔθος

109 1995 151 2048 ἦν
170 2003 228 2040 τὸν
247 2003 376 2043 ἁλόντα
397 2009 556 2060 μοιχείας
577 2016 871 2067 παρατίλλεσθαι,
892 2019 948 2058 ἵνα
968 2022 1043 2065 δοὺς
1067 2025 1130 2076 ἀρ-

108 2060 224 2120 γὲριον
254 2067 376 2111 ποινῆς
400 2066 535 2115 (ποινὴν
558 2074 717 2125 Hemst.)
746 2077 844 2128 λυθῇ.
871 2080 1128 2131 παρατίλλεται

108 2122 180 2156 οὖν.
195 2121 367 2166 —35·41
387 2124 785 2184 διασείεται-ἔπασχον
806 2136 923 2174 hahet
943 2140 1076 2178 Suidas
1099 2156 1127 2179 s.

108 2176 434 2228 Παρατίλλεται.-
448 2184 495 2220 36
519 2189 580 2223 τοῦ
605 2201 679 2226 0111.
707 2195 764 2238 V.‚
788 2194 904 2231 habet
929 2201 974 2234 G.
999 2198 1129 2235 διατίλ-

107 2234 205 2271 λεται
221 2237 348 2274 Suidae
365 2240 486 2278 codex
504 2245 619 2281 Paris.
639 2250 893 2300 παρατίλλεται
911 2255 995 2292 00(1.
1015 2257 1123 2294 Leid.

108 2291 298 2329 διασείεται
315 2295 372 2331 ed.
392 2299 601 2336 Mediol.—
617 2304 663 2350 37
683 2305 827 2354 πένησιν
851 2310 912 2348 hic
928 2314 1068 2351 omittit
1090 2324 1127 2351 et

105 2355 175 2393 τοῖς
195 2350 340 2397 πένησιν
363 2364 451 2403 post
470 2361 686 2411 παρατιλμοί
704 2365 819 2404 habet
841 2369 977 2407 Suidas
996 2388 1004 2408 :
1022 2374 1126 2422 quod

106 2417 275 2457 praestat.
299 2414 518 2464 παρατιλμός
535 2419 619 2455 Ald.
634 2446 676 2453 —
694 2424 741 2459 38
763 2439 844 2476 sqq.
867 2430 1022 2476 Suidas,
1041 2433 1070 2468 οἳ
1090 2430 1125 2469 δὲ

78 2484 81 2486 v
106 2466 315 2520 ἀποροῦντες
341 2469 388 2519 μὴ
421 2472 605 2524 δυνάμενοι
631 2480 793 2532 χρήμασι
823 2486 1031 2538 λυτροῦσθαι
1061 2490 1124 2536 τὴν

104 2525 215 2577 φυγὴν
237 2525 386 2581 δημοσίᾳ
404 2535 514 2569 ταῦτα
541 2533 826 2588 ἔπασχον,-4ο
854 2547 963 2582 ταῦτα
992 2546 1027 2584 δὲ
1057 2549 1124 2594 δη-

58 2621 62 2623 *
105 2583 213 2636 μοσίᾳ
230 2588 274 2623 R.
286 2611 328 2618 --
342 2593 386 2631 41
410 2587 544 2642 ἔπασχε
564 2597 609 2631 V.

161 2656 247 2689 170,
268 2646 315 2688 46
339 2647 408 2683 τῶν
425 2657 463 2684 et
479 2649 572 2701 λέγει
589 2663 625 2691 et
641 2662 687 2702 47
718 2656 784 2709 γὰρ
803 2673 879 2698 om.
894 2664 1051 2708 R.-48
1079 2668 1122 2716 τῇ

103 2712 178 2736 om.
196 2701 283 2738 Ald.
303 2706 362 2749 V.‚
382 2707 447 2754 qui
469 2708 633 2760 Πέρσαις.

162 2770 248 2805 171,
267 2760 290 2795 6
311 2762 487 2816 φιλοδικίᾳ
502 2770 548 2804 R.
570 2778 607 2806 et
623 2773 758 2811 Suidas
775 2776 813 2812 in
833 2778 1034 2824 ἐκκλησίαν.
1064 2797 1123 2832 φι-

102 2814 256 2866 λονεικίᾳ
276 2818 359 2855 Α1(1.
383 2824 589 2863 Permiscet
606 2830 810 2870 scholiasta
829 2838 1043 2875 mercedem
1057 2839 1122 2889 ju-

103 2873 232 2909 dicum
262 2888 348 2911 cum
375 2882 548 2919 mercede
575 2888 770 2928 concionis
799 2896 944 2944 populi.
969 2922 1009 2927 —
1033 2900 1055 2935 8
1082 2898 1121 2937 τὸ

103 2931 316 2982 φιλοδίκαιον
342 2937 474 2976 codeX.
503 2944 756 2987 Scribendum
785 2951 825 2989 τὸ
851 2955 1026 3005 φιλόδικον
1050 2958 1121 2995 fuit

103 2998 168 3026 aut
185 2989 248 3036 τὴν
268 2992 475 3041 φιλοδικίαν.
495 3001 614 3038 Dmn.

161 3062 245 3095 172,
273 3056 316 3093 14
335 3051 488 3102 οὐδαμοῦ
506 3059 549 3094 R.
569 3060 656 3098 Ald.
671 3089 711 3093 —
731 3064 773 3100 15
792 3080 847 3116 sq.
867 3069 983 3107 habet
1004 3073 1117 3110 etiam

101 3106 219 3143 Paris.
241 3132 282 3138 —
300 3109 345 3144 16
361 3113 510 3150 correxi
526 3116 667 3155 codicis
686 3122 913 3172 scripturam
932 3129 1114 3181 τριττέριν.

103 3164 304 3216 Τριτζέριον
324 3175 362 3203 et
386 3168 551 3222 διτζέριον
571 3187 618 3211 ex
641 3180 895 3231 Moschopulo
921 3194 958 3221 et
986 3188 1117 3225 Niceta

103 3222 288 3260 Choniata
309 3230 536 3266 memoravit
556 3234 785 3284 Ducangius.
810 3243 930 3277 Dmn.
949 3268 989 3274 —
1011 3247 1053 3281 18
1078 3247 1118 3283 ἐκ

103 3285 163 3318 τοῦ
178 3282 238 3318 πλ.
255 3281 394 3326 πάντως
413 3289 505 3337 Reg.

159 3341 252 3386 173,
282 3348 403 3386 20-24
430 3345 528 3382 Φασὶ
559 3346 816 3391 τοὺς-αὐτῶν.
835 3353 966 3398 Ἄλλως
993 3372 1038 3394 ex
1071 3364 1113 3395 V.

103 3395 176 3433 1100
200 3398 285 3435 1000
316 3402 445 3450 posui,
473 3405 620 3442 oniisffls
647 3422 729 3457 qnae
754 3411 889 3448 similia
911 3414 1007 3451 infra
1029 3426 1114 3466 post

1209 334 1347 389 ἔτρεφον
1372 341 1544 392 Κορίνθιοι
1559 345 1714 383 exhibet
1738 349 1822 386 Ald.
1843 351 1924 402 φασὶ
1948 352 1981 390 δὲ
2001 355 2121 399 αὐτοὺς
2139 361 2221 412 ὑφο-

1207 395 1378 444 ρωμένους
1403 398 1598 446 Ἀθηναίους
1622 403 1749 447 ξενικὸν
1768 408 1900 460 τρέφειν
1921 417 2123 466 συμμαχίας
2150 419 2218 468 χά-

1206 466 1270 502 ριν.
1289 448 1330 500 ἦν
1352 456 1386 494 δὲ
1403 461 1625 507 καταστήσας
1644 463 1721 507 τοὺς
1736 464 1848 510 ξένους
1867 470 1901 506 ἐν
1923 473 2080 526 Κορίνθῳ
2100 476 2218 514 Κόνων

1204 515 1386 551 καύτῶν.
1404 540 1444 546 -
1461 531 1503 554 21
1529 522 1716 574 συμμαχία
1731 529 1923 576 κεχρῆσθαι
1945 533 1991 567 (ἱ.
2011 537 2217 587 συμμαχίαν

1203 573 1391 615 κεκτῆσθαι
1409 578 1454 611 V.
1469 600 1508 606 -
1526 579 1571 614 25
1590 594 1674 629 sqq.
1693 583 1739 622 ὡς
1754 586 1822 620 τῶν
1849 585 2036 633 Ἀθηναίων
2064 602 2136 629 etc.
2162 598 2217 633 Ex

1202 626 1450 668 adnotatione
1471 642 1548 671 tota
1569 636 1647 673 liaec
1669 640 1798 687 priora
1828 651 1970 682 tantum
2000 662 2120 698 usquc
2149 655 2218 691 διε-

1202 684 1397 735 πράττοντο
1423 692 1557 729 Suidas
1581 708 1607 731 s.
1638 698 1783 735 Ξενικόν
1804 704 1955 751 retulit,
1987 707 2107 748 forma
2127 727 2217 752 ora-

1956 774 2038 795 ενου’

1203 782 1315 821 tionis
1334 797 1487 827 mutata.
1518 794 1663 831 HEMST.
1685 821 1724 827 —
1744 811 1788 844 27
1822 800 1856 837 δὲ
1886 763 2085 854 Κοὲινθίὲυς
2105 815 2149 848 V.
2181 814 2216 852 δὲ

1202 841 1402 892 Κορινθίους
1418 851 1463 883 G.
1481 874 1521 880 -
1537 851 1584 886 30
1604 852 1866 907 ἔνιοι-χρόνον
1886 864 1930 897 V.
1951 863 2215 923 {diffie—xmp&

1201 899 1332 936 Ald-
1352 905 1370 940 3
1383 919 1394 940 1
1418 904 1453 948 ὃς
1469 911 1617 947 Portus.
1639 915 1685 955 ὡς
1702 913 1850 966 ἔσχατον
1868 922 1910 955 V.
1932 923 2048 961 5Ald.
2066 952 2106 958 -
2125 931 2168 967 32
2187 935 2214 969 εἰ

1201 956 1249 1006 μὴ
1280 957 1332 996 ὅτι
1359 977 1425 1013 περ
1454 966 1585 1020 (ὥσπερ
1614 971 1676 1020 G.)
1697 973 1857 1026 δευτέρου
1887 980 1928 1014 V.
1957 982 2118 1023 Πλούτου
2138 1004 2212 1027 om.

1199 1017 1330 1053 Ald.—
1346 1020 1390 1057 33
1409 1036 1464 1072 sq.
1485 1025 1557 1076 ἔχει
1580 1027 1644 1080 γὰρ
1662 1030 1757 1081 ὀρθὸς
1776 1036 1792 1069 ὃ
1816 1036 2041 1086 Κορινθιακὸς
2064 1048 2215 1098 πολεμος

1199 1075 1383 1126 λεγόμενος
1400 1082 1546 1130 συνέστη
1575 1087 1668 1137 τρ.ἢ
1699 1089 1838 1141 τέτρασι
1866 1095 2031 1148 πρότερον
2062 1107 2121 1151 V.‚
2148 1114 2212 1157 qui

1201 1136 1248 1172 35
1272 1141 1332 1174 τοῦ
1356 1152 1430 1177 om.
1454 1143 1505 1194 ἐφ’
1521 1145 1664 1182 Petitus
1686 1149 1845 1187 Miscell.
1883 1166 1914 1199 1,
1942 1169 1977 1192 2.
2008 1161 2066 1210 ἀφ’
2092 1167 2214 1212 ν,”ὑφ’

1197 1194 1283 1232 Ald.
1300 1198 1400 1243 -37
1420 1200 1716 1252 Λακεδαιμονικὸν
1733 1208 1817 1245 Ald.
1841 1211 1930 1259 μετὰ
1957 1214 2012 1252 τὸν
2032 1220 2116 1258 Πελ,
2135 1207 2211 1264 πολ,

1197 1255 1258 1300 V.‚
1278 1267 1326 1291 ex
1343 1269 1419 1305 quo
1450 1258 1509 1295 καὶ
1537 1261 1722 1301 additum.
1741 1292 1780 1296 -
1796 1269 1844 1316 39
1865 1271 1942 1309 κατ’
1972 1277 2056 1314 αὐτό
2085 1283 2129 1317 V.
2152 1284 2209 1323 Ib.

1197 1311 1387 1351 συνέλαὸον
1405 1317 1606 1358 Dobraeus.
1627 1322 1815 1361 συνέὸαλον
1831 1329 1917 1366 Ald.
1942 1334 2152 1376 συνέὸαλλον
2168 1347 2210 1381 V.

1197 1395 1236 1401 —
1252 1373 1300 1416 45
1318 1386 1376 1423 sq.
1394 1376 1430 1412 οὐ
1448 1377 1769 1431 πολυστρατηγεῐτο
1794 1389 1836 1422 V.
1853 1388 1890 1424 οὐ
1906 1389 2152 1446 ἕστρατηγεῖτο
2167 1406 2211 1440 G,

1196 1457 1235 1462 -
1252 1432 1299 1474 46
1318 1434 1425 1481 prius
1444 1434 1502 1472 καὶ
1531 1450 1605 1475 om.
1628 1442 1673 1476 G.
1689 1466 1729 1472 -—
1745 1444 1793 1485 48
1824 1445 1981 1498 δακρύων
2005 1455 2046 1489 V.
2065 1458 2210 1496 Corru—

1195 1496 1304 1537 ptum
1319 1491 1476 1530 fortasse
1496 1508 1543 1531 ex
1569 1496 1598 1532 δ’
1616 1498 1760 1537 ἀκούων.
1774 1506 1893 1542 ΒΙΝΒ.
1907 1532 1947 1538 -
1962 1515 2010 1559 49
2027 1513 2148 1553 ἐνίκων
2164 1524 2207 1556 G.

1195 1548 1326 1586 ἐνίκουν
1357 1555 1403 1588 V.
1434 1555 1534 1601 ἡμεῖς
1551 1558 1713 1594 G.-50
1748 1574 1802 1610 sq.
1837 1563 1953 1603 habet
1981 1573 2041 1617 R.,
2069 1577 2209 1615 omisso

1195 1606 1352 1644 &est-51
1379 1609 1438 1654 οὒς
1463 1615 1508 1649 R.
1536 1613 1594 1650 καὶ
1630 1618 1672 1652 V.
1698 1619 1840 1660 Ald.—
1857 1623 1903 1660 52
1937 1626 2073 1678 λέγεται
2098 1636 2138 1681 ἡ,
2160 1636 2207 1674 54

1194 1666 1326 1703 ἑαυτῶν
1344 1671 1437 1718 Reg.

1252 1739 1336 1778 174,
1361 1733 1416 1771 ῦὸ
1441 1734 1626 1788 Πάμφιλος
1652 1754 1726 1780 0111.
1751 1746 1851 1781 R.-
1867 1748 1888 1783 8
1913 1761 2001 1799 post
2027 1747 2069 1799 ἦν
2102 1758 2209 1797 addit

1192 1791 1279 1828 Ald.
1312 1792 1414 1829 οἱονεὶ
1434 1796 1722 1847 πολιτευόμενος,
1756 1816 1840 1852 quae
1881 1807 2023 1848 delevit
2056 1817 2206 1857 Hemst.

1193 1850 1337 1895 Suidas,
1360 1852 1559 1906 Πάμφιλος,
1575 1857 1782 1910 δημαγωγὸς
1799 1862 1970 1912 Ἀθήνησι.
1990 1870 2047 1908 καὶ
2064 1873 2208 1915 ἔκλεπτε

1191 1907 1233 1944 τὰ
1252 1913 1311 1946 τοῦ
1332 1910 1460 1961 δήμου,
1479 1913 1536 1950 καὶ
1555 1917 1723 1968 φωραθεὶς
1741 1921 1794 1957 ἐπ’
1812 1924 2001 1980 αὐτοφώρῳ
2021 1934 2207 1983 κατελύθη,

1190 1964 1236 2008 ὥς
1265 1982 1368 2020 φησιν
1397 1969 1652 2025 Ἀριστοφάνης.
1669 1994 1713 2002 —-
1735 1993 1779 2015 10
1808 1993 2032 2036 συκοφαντεῖν
2059 1994 2204 2034 Hemst.

1190 2027 1407 2079 συκοφάντην
1429 2031 1515 2070 Ald.
1535 2035 1664 2078 Quum
1688 2046 1814 2075 autem
1838 2042 2003 2082 Platonis
2020 2052 2206 2100 Amphia-

1190 2096 1277 2120 raus
1295 2099 1482 2136 nusquam
1501 2090 1590 2126 alibi
1609 2104 1854 2144 memoretur,
1876 2100 1910 2136 ἔν
1927 2108 2002 2144 ταῖς
2019 2106 2076 2157 ἀφ’
2091 2110 2204 2160 ἱερῶν,

1189 2155 1273 2190 quae
1297 2144 1425 2182 sabula
1451 2149 1708 2198 complurium
1725 2155 1953 2204 scriptorum
1981 2166 2205 2206 testimoniis

1189 2202 1338 2249 cognita
1358 2212 1432 2250 est,
1453 2206 1700 2256 conjecerunt
1719 2211 1906 2252 Dobraeus
1926 2227 1963 2254 et
1992 2223 2204 2263 Meinekius

1187 2259 1285 2298 Hist.
1309 2264 1417 2300 Com.
1444 2276 1479 2312 p.
1508 2266 1593 2311 167,
1617 2270 1828 2307 mutatione
1849 2274 2202 2331 violentiorequam

1187 2334 1270 2369 quae
1291 2321 1448 2370 probari
1477 2337 1588 2372 posse
1609 2328 1797 2367 videatur.
1821 2333 1945 2370 Verba
1972 2336 2055 2386 ipsa
2081 2352 2204 2389 poetae

1186 2387 1287 2415 recte
1308 2379 1507 2417 habebunt
1531 2383 1585 2419 sic
1607 2385 1811 2437 descripta,
1844 2399 1885 2426 ut
1918 2405 1939 2428 a
1967 2397 2127 2446 Bergkio
2145 2401 2202 2437 fa-

1187 2446 1289 2474 ctum
1303 2446 1360 2475 est
1379 2439 1417 2474 in
1439 2442 1708 2483 Commentatt.
1734 2447 1781 2483 de
1802 2461 1898 2487 com.
1920 2454 2000 2491 Att.
2033 2468 2069 2504 p.
2102 2459 2199 2496 381:

1316 2495 1374 2532 καὶ
1399 2496 1441 2543 νὴ
1459 2498 1513 2535 Δί’
1538 2501 1567 2536 εἰ
1586 2501 1774 2555 Πάμφιλόν
1790 2520 1828 2555 γε
1852 2507 1954 2559 φαίης

1316 2553 1474 2592 κλέπτειν
1498 2555 1540 2593 τὰ
1556 2558 1644 2596 κοίν’
1661 2561 1734 2610 ἅμα
1754 2578 1789 2600 τε
1811 2574 2033 2617 συκοφαντεῖν
2046 2601 2055 2618 ,

1185 2610 1254 2647 hac
1272 2612 1384 2648 metri
1406 2612 1529 2651 forma
1575 2658 1584 2669 .

1317 2668 1868 2718 ῦέυ·ιυ-υυ-υ·ῡ

1184 2726 1306 2769 Quam
1340 2725 1526 2762 rationem
1556 2729 1705 2777 pridem
1730 2732 1778 2769 ab
1810 2747 1871 2772 me
1895 2737 1979 2786 ipso
2004 2739 2198 2780 inventam

1183 2790 1390 2831 propterea
1413 2783 1586 2832 deserni,
1606 2789 1694 2837 quia
1723 2793 1971 2841 Tragicorum
2002 2811 2130 2835 versus
2151 2814 2198 2836 ex

1182 2840 1334 2888 syllabis
1362 2842 1435 2879 illis
1464 2847 1666 2894 compositi
1698 2849 1795 2886 hanc
1824 2865 1955 2890 omnes
1982 2868 2195 2894 mensuram

1182 2899 1389 2936 admittunt

1340 2982 1359 2994 υ
1395 2975 1409 2994 .'
1446 2981 1464 2995 υ
1501 2982 1515 2988 -·
1554 2983 1568 2988 -
1597 2962 1604 3010 Ι
1631 2984 1649 2999 υ
1685 2980 1700 2999 L
1735 2986 1753 3001 υ
1791 2992 1802 2994 -
1843 2987 1857 2994 ·

1181 3015 1239 3050 cni
1259 3016 1365 3064 prior
1385 3030 1537 3066 quoque
1557 3020 1722 3057 Platonis
1745 3035 1876 3060 versus
1897 3033 1952 3061 est
1973 3039 2192 3068 accomma—

1180 3072 1312 3119 datus‚
1346 3075 1411 3111 sed
1431 3076 1654 3114 adversatur
1672 3080 1778 3118 alter.
1797 3084 1938 3119 Verum
1965 3098 2083 3134 quum
2103 3090 2192 3125 Ari-

1179 3132 1384 3180 stophanes
1417 3134 1556 3183 aliique
1592 3145 1717 3184 poetae
1748 3140 1924 3177 versibus
1952 3143 2008 3179 usi
2039 3146 2115 3182 sint
2145 3161 2191 3184 ex

1179 3188 1342 3226 dimetro
1378 3191 1543 3228 iambico
1588 3202 1624 3229 et
1665 3196 1915 3245 ithyphallico
1949 3205 2190 3252 compositiS.

1177 3248 1298 3294 qualis
1321 3257 1376 3284 est
1396 3250 1626 3299 Euripideus

1311 3337 1394 3386 ἑῷος
1410 3336 1501 3386 ἡνίχ’
1523 3337 1671 3379 ἱππότας
1688 3338 1878 3392 ἐξέλαμψεν
1899 3344 2030 3397 ἀστήρ,

1176 3421 1267 3456 nillil
1299 3422 1459 3470 impedit
1492 3427 1696 3473 quominus
1728 3440 2007 3468 monometrum
2037 3447 2184 3484 quoqne
