2533 3808
194 230 260 262 114

189 323 382 367 ἑφθημιυᾼε
386 331 459 360 ους,
477 315 709 366 παροιμιακου
733 311 789 356 δὲ,
807 313 852 353 ὡς
881 309 1048 351 πολλάκις
1066 308 1220 360 εἴρηται,

188 374 414 424 καλουμένου.
443 371 514 408 ἔστι
535 369 570 407 δὲ
590 386 649 407 και
668 384 777 405 ταυτα
806 366 1134 418 πολυσγηυάτιστα.
1163 367 1221 406 επὶ

188 435 238 482 τῷ
257 411 384 467 τέλει
371 427 429 466 δύο
455 429 574 464 διπλαῖ
601 429 646 469 ὡς
671 428 704 463 ἐν
735 426 803 467 τοῖς
830 428 1034 477 προφθᾶσιν.
1062 422 1170 460 ἰστέον
1186 421 1221 459 δὲ

189 488 240 526 ὅτι
258 487 319 529 τὰς
340 485 485 527 ἐκθέσεις
504 487 571 521 τῶν
586 485 716 521 διπλῶν
736 485 795 520 οὐκ
817 482 869 519 ἀει
887 481 942 519 διὰ
959 496 1017 519 του
1038 483 1139 518 αὐτου
1159 479 1222 529 μέ-

1031 539 1057 551 5,

157 558 171 580 5
190 559 269 597 τρου
291 543 502 594 εκοέρουσιν,
523 539 614 578 ἀλλὰ
633 556 691 578 και
714 541 754 577 δι’
777 540 905 592 ἑτέρου·
927 539 1000 576 ἔστι
1028 554 1045 575 ο
1087 537 1141 574 ὅτε
1163 537 1222 574 καὶ

189 602 244 639 διὰ
264 601 447 653 διαφόρων,
463 603 508 642 ὡς
519 601 706 638 κάνταυθα
710 599 727 651 Ἦ
746 598 820 636 ἀντι
834 613 893 634 του
909 596 969 648 533¹
954 612 1026 633 επε.
1045 603 1082 632 R.
1103 595 1220 646 βλέπε.

188 668 229 697 V.
248 658 406 710 διάθρει.
425 657 515 695 Αντὶ
532 673 589 694 του
605 657 763 709 ἀνάκρινε
781 671 840 693 και
861 654 1034 703 οοκίμαζε.

241 729 304 755 701.
333 715 448 752 πάντα
469 714 594 767 τρόπον
616 729 624 753 :
641 713 875 760 Τουτέστιν,’
861 728 917 749 επι
933 710 1046 749 πολλὰ
1065 709 1126 756 τὴν
1145 709 1222 747 διοί-

191 773 283 812 νοιάν
305 789 365 811 σου
386 773 502 826 τρέπε.

243 844 305 869 702.
336 830 473 883 στρόὲει
499 843 508 868 :
535 830 705 882 Περίφερε
736 830 816 880 τῇδε
847 827 1007 869 κάκεῖσε,
1045 835 1172 862 πυκνον
1191 839 1224 861 τι

191 888 250 926 καὶ
270 887 406 926 συνετὸν
426 886 573 932 ποιήσας
593 886 752 939 φρόνημα
769 885 828 922 καὶ
846 883 1072 935 σκεψάμενος.

480 943 691 994 Συναγαγὼν
712 943 824 980 πάντα
844 942 900 979 τὸν
921 946 996 979 νοῗὶν
1018 956 1090 978 σου.
1108 948 1145 976 Ε.

715 999 892 1051 (Επειδαν
916 999 971 1046 δὲ,
996 1014 1110 1051 φησιν,
1131 996 1177 1039 εἴς
1194 1012 1226 1033 τι

141 848 172 871 10

244 945 425 988 πυκνώσας
447 959 455 983 :

244 1017 307 1042 703.
338 1020 383 1046 εις
404 1003 531 1054 ἄπορον
552 1018 661 1053 7t5cs,;
681 1016 688 1039 z

194 1060 321 1113 ἄπορον
346 1059 473 1109 πέσνς,
498 1074 631 1110 ταγεως
651 1059 704 1095 ἐπ’
728 1058 811 1095 ἅλὶο
837 1057 949 1107 νόημα
973 1071 1091 1128 φρενός
1115 1054 1224 1100 πήδα.

193 1117 319 1169 ἄπορον
341 1117 375 1155 δὲ
388 1147 397 1163 ,
414 1121 452 1154 ου
472 1116 576 1169 πόρον
598 1116 655 1154 καὶ
674 1116 771 1153 λύσιν
793 1117 854 1152 οὒκ
870 1115 960 1151 ἔστιν
977 1116 1098 1164 ευρεῒν.
1115 1111 1227 1149 καθά-

193 1191 316 1213 πτεται
336 1175 371 1212 δὲ
393 1178 451 1212 τοῦ
482 1174 741 1226 Συ)κρατους,“
724 1189 768 1215 ως
790 1173 848 1209 καὶ
869 1173 972 1209 αὐτου
993 1171 1049 1208 ἐπι
1074 1170 1148 1212 ταῖς
1170 1171 1226 1214 ζη-

193 1233 333 1279 τήσεσιν
361 1231 448 1270 οὕτω
467 1246 655 1274 ποιουντος.
681 1231 719 1268 ο’τ
723 1247 761 1266 αν
787 1229 853 1281 γὰρ
883 1242 1138 1279 στενοχωρηται
1169 1241 1227 1262 και

194 1293 320 1343 ἀπορῇ,
339 1290 544 1341 μεθίσταται
559 1291 604 1332 εἷς
618 1289 742 1341 ἕτερον.
761 1291 777 1325 ὁ
794 1303 859 1339 Γαρ
875 1285 1112 1335 υποτιθέμενος
1133 1283 1228 1320 ἄλλω

141 1133 172 1157 15

194 1347 332 1394 δῆλον”
313 1364 364 1385 οτι
381 1347 480 1390 αυτὸς
496 1350 529 1385 ἐν
547 1347 648 1398 πείρα
665 1346 842 1396 γενόμενος
861 1347 927 1381 τῶν
949 1343 1012 1380 ὅσα
1032 1341 1124 1392 λέγει
1145 1343 1229 1377 ὓπο-

194 1405 334 1444 τίθεται.
417 1403 502 1442 '‘A33
505 1405 577 1454 ως.)
596 1420 633 1441 ου
650 1403 754 1455 πόρον
772 1405 833 1440 οὐκ
851 1401 941 1439 ἔστιν
957 1404 1029 1453 ευρε
1016 1401 1076 1437 ῖν.
1095 1398 1178 1451 φησὶ
1194 1396 1229 1434 δὲ

194 1463 263 1516 ὅτι,
290 1462 383 1500 ἐὰν
367 1478 387 1507 η
408 1461 539 1499 διάνοια
558 1463 603 1503 εἷς
625 1460 763 1510 ζήτημα
787 1460 914 1511 ἄπορον
942 1457 1094 1508 ἐμπέσῃ,
1122 1455 1230 1505 μετοί-

195 1521 274 1568 ὅηθι
294 1520 351 1557 ἐπὶ
371 1520 468 1558 ἄλλο.
497 1519 666 1557 σκώπτειν
694 1499 729 1556 δέ
750 1518 805 1555 διὰ
831 1517 959 1555 τούτων
983 1515 1142 1566 βούλεται
1171 1513 1229 1551 τὸν

195 1578 386 1631 Σωκράτην
417 1580 462 1621 ὡς
488 1577 739 1628 χλευαζόμενον
775 1578 809 1613 ἐν
836 1591 910 1619 ταις
936 1573 1143 1620 συζητήσεσι
1171 1570 1230 1609 καὶ

195 1635 477 1687 μεθιστάμενον
467 1635 531 1672 υπὸ
549 1634 790 1688 στενοχωρίας.
811 1641 848 1670 R.
851 1641 890 1670 V.

245 1707 308 1733 707.
339 1692 502 1731 ἷατταταί
528 1691 877 1741 εΚαταπονούυενος
904 1689 970 1727 ὑπὸ
1003 1691 1070 1726 τῶν
1102 1687 1230 1741 κόρεων

195 1752 347 1796 στενάζει
373 1754 390 1788 ὃ
411 1750 641 1823 Στρεψιαοης.
671 1749 799 1802 ῐ[ἔστι
782 1765 817 1786 οε
835 1746 1094 1800 παρεπιγραφή.
1111 1762 1226 1784 κατα-

194 1810 319 1852 κλιθεις
339 1809 405 1862 γὰρ
422 1809 481 1846 καὶ
499 1808 546 1858 μὴ
569 1808 753 1858 δυναμενος
771 1807 981 1857 ὑπενεγκεῖν,
998 1803 1229 1857 παρεκάλει.Ἦ

249 1872 411 1920 βακγεῖον
433 1866 604 1919 δίρυθυιον.
611 1874 646 1904 Β

247 1928 372 1966 710.οἱ
405 1924 604 1976 Κορίνθιοιζ

196 1985 314 2037 καιρὸν
335 1983 510 2021 ἐπέκειντο
529 1984 642 2025 αυτοῖς
664 1998 694 2019 οι
712 1981 902 2033 Κορίνθιοι,
921 1980 994 2030 ἅμα
1014 1979 1049 2016 δὲ
1066 1994 1118 2016 οτι
1136 1976 1233 2030 παρὰ

195 2043 234 2080 τὸ
252 2042 344 2095 κόρις
368 2041 574 2086 πεποίηνται
592 2042 622 2078 οἱ
648 2034 832 2109 Κορίνθιοι.
855 2037 985 2082 παίζων
1011 2041 1067 2074 οὖν
1087 2051 1233 2087 παρονο-

196 2100 329 2151 μάζει
317 2100 391 2149 ἅμα
413 2099 474 2149 μὲν
493 2097 577 2151 πρὸς
596 2098 635 2135 τὸ
653 2114 720 2135 των
737 2097 815 2149 κόρε
801 2113 864 2134 ..ω)
882 2096 1009 2146 ὄνομα,
1029 2094 1104 2143 ἅμα
1125 2093 1159 2131 δὲ
1174 2093 1230 2130 διὰ

626 1923 727 1966 Ἴσως
753 1940 794 1973 μ-
781 1939 814 1960 :v
848 1921 899 1960 ὅτι
925 1923 1001 1959 κατ’
1021 1922 1146 1958 ἐκεῖνον
1174 1935 1232 1957 τον

194 2159 252 2197 τὸν
268 2158 418 2228 πόλεμον
438 2173 498 2194 και
521 2156 573 2194 ὅτι
602 2155 749 2207 ἐχθροι
733 2171 821 2200 ησαν
846 2153 1030 2200 Ἀθηναίων
1051 2155 1081 2190 οι
1107 2152 1232 2204 Κορίν-

195 2221 272 2255 θιοι.
290 2215 426 2254 -οέον
444 2232 474 2253 οι
491 2230 600 2266 κορεις
615 2215 734 2259 εἰπεῖν,
753 2213 923 2265 Κορίνθιοι
944 2206 1048 2249 εῖπεν·
1069 2211 1186 2256 ἐπειδὴ
1204 2227 1233 2248 οι

195 2275 366 2321 Ἀθηναῖοι
391 2289 450 2311 και
469 2275 499 2310 οἱ
522 2272 693 2325 Κορίνθιοι
716 2271 791 2308 κατ’
817 2270 924 2307 ἐκεῖνο
947 2284 1065 2318 καιρου
1083 2267 1234 2318 πόλεμον

195 2327 287 2384 εῖχον
311 2347 370 2369 και
390 2333 420 2368 οἱ
437 2331 610 2382 Κορίνθιοι
630 2344 672 2366 τα
690 2332 749 2374 τῆς
767 2328 923 2373 Ἀττικῆς
945 2325 1075 2377 εοήουν.
1092 2331 1143 2361 Br.

248 2404 312 2429 712.
344 2389 478 2442 [Γψυχὴν
509 2388 707 2426 ἐκπίνουσιν
739 2401 747 2425 :
778 2385 905 2424 Ῐστέον
934 2384 986 2421 ὅτι
1009 2389 1097 2435 τρεῖς
1121 2383 1235 2435 ψυχάς

197 2464 291 2499 φασι.
321 2447 383 2493 τὴν
404 2445 603 2493 αὐξητικὴν,
634 2445 709 2491 ἥτις
729 2443 801 2481 ἐστι
818 2442 914 2489 κοινὴ
938 2445 1005 2479 τῶν
1031 2442 1233 2492 ἀνθρώπων,

196 2508 263 2543 τῶν
289 2504 420 2554 ἀλόγων
438 2503 532 2548 ζώων
553 2502 612 2540 καὶ
635 2505 702 2539 τῶν
724 2504 848 2554 φυτῶν·
866 2500 904 2538 τὸ
934 2504 1040 2550 αἱμα,
1060 2499 1143 2552 ὅπερ
1163 2498 1235 2536 ἐστι

143 2290 176 2315 35

144 2577 178 2601 40
199 2563 311 2614 μόνων
334 2565 402 2600 τῶν
428 2561 535 2606 ζώων·
564 2576 623 2598 και
649 2559 711 2605 τὴν
738 2560 789 2596 λο
780 2574 893 2609 γικην,

196 2624 264 2660 τῶν
285 2619 487 2673 ἀνθρώπων.
502 2625 590 2657 Junt.
613 2621 711 2667 αἱμα.
732 2625 780 2653 Bt
785 2616 812 2667 ,Ἦ

249 2692 315 2718 717.
344 2680 418 2720 πῶς
436 2675 590 2721 δυνατὸν,
609 2690 715 2727 φησι,
731 2671 779 2722 μὴ
801 2672 927 2721 ἀλγεῖν.
947 2682 984 2710 R.

251 2749 314 2774 719.
346 2733 506 2794 φρούδη
500 2733 528 2771 δ’
555 2731 690 2783 ἐμῧαςζ
714 2730 832 2781 Μέχρι
853 2745 911 2766 του
933 2730 990 2765 εὖτ
993 2729 1145 2770 ελουςκτ
1148 2743 1236 2776 ημα-

198 2810 268 2838 τος.
302 2797 403 2832 τοῦτο
423 2793 458 2830 δε
475 2786 550 2829 εῖπε
577 2789 632 2828 διὰ
657 2789 695 2827 τὸ
717 2787 956 2825 υπολύσασθαι
978 2785 1040 2828 τὰς
1066 2785 1235 2835 εμοοίοας,

148 2866 180 2890 45
201 2853 255 2891 ὅτε
280 2868 339 2890 και
365 2850 562 2889 ἀπεδύσατο
584 2852 630 2892 ὡς
654 2847 790 2898 μέλλων
811 2845 950 2883 εἷσιεναι
977 2845 1022 2886 εἷς
1044 2859 1082 2880 το
1103 2859 1236 2895 ,ρροντι-

200 2911 351 2963 στήριον.
407 2908 567 2961 [Άλλως.
588 2908 649 2945 οὐκ
667 2910 760 2943 εἶπεν
780 2904 897 2942 ὄπισθε
887 2919 918 2939 -ν
936 2902 986 2940 ο’τι
1007 2918 1065 2944 τας
1083 2917 1126 2937 ευ.
1154 2900 1236 2943 οἶδας

201 2968 395 3006 υπελύσατο
414 2970 431 3004 ὁ
451 2969 540 3018 Στρε
525 2965 688 3018 εριάδης,
703 2963 757 3001 ο’τε
775 2961 868 3035 eim?
873 2961 934 2998 ιτὸ
948 2964 1032 3011 υπερ
1046 2963 1109 3031 γῆν
1129 2961 1236 2996 ἐκεῖνο

202 3025 473 3078 φροντιστήριον,
494 3023 584 3061 ἀλλὰ
609 3021 723 3072 μόνον,
748 3021 799 3058 ὅτι
826 3019 1007 3064 ἐξεδύσατο
1027 3033 1066 3054 το
1085 3017 1235 3067 ιυ.άτιον.

203 3085 262 3123 καὶ
282 3083 376 3122 ουδὲν
396 3082 607 3133 θαυμαστὸν,
629 3084 657 3118 εἷ
680 3080 718 3118 τὸ
740 3079 879 3130 γεγονὸς
899 3077 961 3128 μὲν
980 3076 1057 3114 τότε
1076 3091 1213 3127 παρηκε
1226 3105 1234 3120 ,

151 3158 185 3181 50
203 3159 262 3181 νυν
280 3142 315 3179 δὲ
333 3143 437 3191 λέγει·
463 3140 618 3178 τουτέστι
635 3139 673 3176 τὸ
691 3137 928 3176 ὑπολύσασθαι
951 3135 1043 3178 τοιςς
1031 3134 1236 3184 ἐμίῗοίδαςλὶ

205 3199 249 3238 δὲ
260 3198 329 3237 ἐκεῖ
346 3193 490 3245 εῖπεν,”
468 3214 572 3249 ηγουν
588 3199 627 3235 τὸ
647 3195 887 3235 ἀποδύσασθαι
906 3194 944 3231 τὸ
963 3192 1112 3244 ἱμάτιον,
1127 3195 1183 3228 νῦν
1198 3193 1235 3229 οὐ

203 3254 309 3309 λέγει.
328 3256 437 3308 Junt]

256 3328 321 3353 721.
351 3319 498 3366 φρουρᾶς
530 3313 620 3364 ᾄσων
642 3313 711 3349 Ο.ι
740 3310 806 3362 γὰρ
838 3312 1058 3362 φρουροῦντες
1087 3322 1171 3358 προς
1199 3305 1237 3342 τὸ

207 3371 390 3410 ἀποσοῧεῖν
411 3371 467 3408 τὸν
487 3371 590 3407 ὕπνον
607 3385 665 3406 και
681 3367 742 3414 τὴν
758 3368 948 3419 ἀγρυπνίαν
972 3367 1083 3403 αὐτῶν
1104 3363 1236 3416 [παροι-

919 2557 994 2604 ἥῒῑς
1017 2556 1089 2594 ἐστὶ
1123 2572 1234 2606 μῡνων

954 213 1201 251 SCHOLIA
1238 213 1297 250 IN
1326 214 1523 252 NUBES.

1279 309 1507 360 μυθεῖσθαιἮ’
1491 303 1583 360 ῃδον.
1603 309 1662 346 καὶ
1676 308 1780 352 οὕτως
1796 314 1837 356 ἠν
1850 309 2062 360 λεγόμενον’
2047 311 2181 348 επὶτῶν
2199 314 2233 349 ἀ
2223 328 2303 365 γρυ-

1277 364 1464 412 πνούντων,
1492 373 1639 418 φρουρᾶς
1665 366 1769 418 ᾀοειν.
1843 367 1860 418 [[
1878 366 2022 411 Ἄλλως.
2048 369 2087 405 ἐκ
2107 373 2165 406 τοῦ
2197 385 2301 422 παρε-

1278 421 1429 472 πομένου
1454 424 1523 465 τοῖς
1543 438 1708 474 φρουροις.
1729 423 1866 461 εἷωθασι
1879 423 1945 476 γὰρ
1962 427 2094 468 ἑαυτοῖς
2111 426 2203 464 ἀδειν
2221 430 2307 465 ἀπο-

1278 482 1510 531 περισπῶντες
1541 480 1597 517 τὸν
1627 480 1802 532 ὕπνονἮ(
1807 497 1951 534 ρρουρας
1972 482 2062 534 ᾅδων
2085 497 2093 522 1
2116 479 2199 522 Οῖον
2232 486 2306 522 οια-

1278 540 1435 589 γρυπνῶν
1462 537 1540 589 περὶ
1564 553 1626 607 την
1652 538 1811 590 φρουράν.
1839 539 1937 585 δισσὴ
1959 540 1995 576 δε
2014 542 2104 578 ἐστιν
2128 545 2148 587 -Γ,
2167 542 2304 595 γραφὴ,
2325 563 2341 587 5

1280 593 1458 665 ’ρρουρὰς
1444 594 1533 630 ἀδων
1554 610 1612 631 και
1637 609 1784 647 φρουρας
1813 593 1904 632 ἰδών.
1932 596 1991 632 καὶ
2020 597 2057 633 τὸ
2078 597 2139 647 μὲν
2162 599 2308 652 ,ρρουρας

1281 651 1370 688 οἴσων
1395 652 1469 688 ἀντὶ
1489 656 1548 689 τοῦ
1574 654 1756 704 συνεχῶς
1741 651 1832 688 ἀοων
1860 653 2026 704 φρουρὰς,
2045 655 2084 692 τὸ
2102 655 2137 692 οὲ
2161 658 2308 709 φρουρὰς

1281 709 1329 723 §Nx

1282 725 1360 746 ιοων
1375 709 1443 746 ἀντ
1440 725 1449 745 ι
1471 725 1529 747 του
1547 709 1740 761 φυλάττων,
1764 709 1881 755 ἐπειδὴ
1902 707 2083 761 φύλακες’
2062 728 2149 758 ησαν
2165 718 2231 751 τῶν
2249 719 2308 752 τοῦ

1804 766 1964 819 [Ἄλλως.
1986 768 2024 805 τὸ
2050 778 2197 822 φρουρᾶς
2217 772 2328 824 ᾅδειν,

1281 824 1449 876 παροιμία
1470 824 1559 862 ἐστὶν
1583 825 1640 862 ἐπὶ
1658 827 1725 862 τῶν
1751 824 2012 877 ἀγρυπνούντων
2034 827 2094 863 καὶ
2119 829 2309 880 φροντιζόν-

1281 782 1498 818 φροντιστηρι
1491 766 1539 804 ὀυ
1573 768 1719 818 θυρῶν.)

2332 848 2362 872 10

1281 898 1347 919 των
1366 882 1456 920 πάνυ
1471 882 1653 933 λεγομένη.
1671 885 1701 920 οἱ
1720 882 1786 934 γὰρ
1804 883 1974 934 ἐπιτραπέ
1997 899 2049 926 τες
2068 887 2102 921 ἐν
2123 886 2217 923 νυκτὶ
2235 887 2310 924 τινὰ

1282 940 1438 993 φυλακὴν
1459 936 1609 992 ᾄδουσιν,
1626 939 1681 977 ἵνα
1699 940 1746 990 μὴ
1765 941 1830 978 ὑπὸ
1849 945 1907 978 τοῦ
1924 940 2030 979 ὕπνου
2045 945 2312 992 καταμαλθακι-

1283 998 1415 1040 σθέντες
1434 998 1618 1035 ἐκλίπωσιν
1646 998 1663 1035 ὃ
1684 998 1927 1050 φυλάσσουσιν.
1959 998 2097 1042 εἰκότως
2119 1000 2147 1037 δ’
2168 1002 2311 1038 ἐνταῦθα

1283 1058 1304 1100 ἡ
1326 1056 1496 1107 παροιμία
1516 1056 1658 1107 ἐλήφθη.
1676 1056 1735 1093 καὶ
1754 1056 1820 1108 γὰρ
1842 1056 1941 1099 αὐτὸς
1966 1058 1999 1093 ἐν
2020 1060 2062 1108 τῇ
2075 1058 2175 1108 κλίνῃ
2196 1058 2312 1109 κείμε-

1284 1129 1337 1156 νος
1356 1115 1417 1151 οὐκ
1448 1116 1631 1163 ἐκοιμᾶτο,
1663 1114 1737 1150 ἀλλ’
1771 1113 1973 1165 ἐφρόντιζεν.
2007 1114 2148 1158 ἀστείως
2169 1115 2204 1153 δὲ
2223 1116 2313 1154 πάνυ
2337 1132 2366 1157 15

1284 1187 1342 1208 και
1372 1187 1410 1208 το
1431 1173 1571 1223 φρουδος
1591 1171 1724 1223 εἴρηκεν
1745 1175 1761 1208 ὁ
1778 1171 1942 1218 ποιητὴς,
1963 1175 2000 1210 ἐκ
2016 1175 2085 1209 τῶν
2109 1173 2167 1210 δύο
2191 1174 2313 1218 λέξεων

1832 1234 1853 1241 Ν
1877 1230 1911 1242 ,η

1286 1228 1471 1274 συνθήκης,
1484 1244 1542 1266 του
1558 1236 1704 1281 φρουρᾶς
1718 1245 1777 1266 και
1795 1245 1853 1267 του
1869 1245 1971 1282 αοων,
1987 1245 2108 1281 σ’[1ημα
2112 1231 2207 1274 τίσας
2218 1232 2318 1269 αὐτό·

1284 1293 1371 1323 Junt-
1392 1286 1502 1325 ἕνεκα.
1520 1287 1691 1338 παροιμία
1711 1287 1766 1324 ε’πι
1789 1290 1853 1324 τῶν
1871 1288 2143 1339 ἀγρυπνούντων.
2162 1297 2211 1326 Β)-
2215 1289 2244 1341 ,Ἦ

1337 1368 1400 1393 7-26.
1430 1354 1581 1392 ἀπόλωλ’
1611 1354 1767 1414 ἀρτίως.
1791 1355 1882 1393 Υπὸ
1906 1371 1974 1392 των
2000 1355 2127 1408 κόρεων
2148 1357 2314 1403 δηλονότι.

1287 1412 1403 1457 επειδὴ
1433 1412 1622 1463 Σωκράτης
1642 1417 1734 1449 εἶπεν
1753 1414 1895 1459 ἀπολεῖ,
1916 1413 1935 1450 ὅ
1959 1416 2049 1461 ἐστι,
2071 1413 2248 1463 μελλεις
2229 1431 2317 1453 απο-
2335 1430 2369 1454 20

1286 1469 1428 1516 λέσθ-,αι
1449 1473 1546 1513 ουτος
1566 1470 1682 1521 λέγει,
1702 1469 1753 1507 ὅτι
1771 1469 1922 1507 ἀπόλωλ’
1937 1471 2016 1517 ηδη.

1340 1552 1402 1577 727.
1433 1541 1471 1576 οὐ
1490 1538 1740 1589 μαλθακιστέον
1761 1539 1844 1591 πρὸς
1857 1538 1901 1577 τὰ
1915 1542 1982 1577 τῶν
1999 1538 2125 1592 κόρεων
2139 1540 2315 1592 δήγματα.

1287 1604 1366 1633 R.V.

1340 1675 1404 1700 729.
1435 1661 1648 1711 κάπαιόλημ’
1674 1675 1682 1700 z
1706 1663 1735 1699 Κ
1743 1661 1868 1711 ίνημα,
1889 1660 2125 1711 ἀποπλάνημα
2144 1661 2203 1699 καὶ
2223 1661 2317 1700 ἀπᾶ-

1288 1735 1350 1766 την
1370 1719 1463 1764 τινὰ,
1478 1719 1719 1772 πανούργημα.
1734 1718 1755 1764 ἢ
1771 1719 1887 1762 οὕτως,
1903 1720 1952 1756 δεῖ
1966 1735 2024 1769 σε,
2041 1719 2140 1771 φησὶ,
2158 1719 2319 1772 καλύψα-
2337 1737 2370 1761 25

1289 1781 1366 1814 σθαι
1386 1777 1444 1814 καὶ
1459 1776 1661 1828 σκέψασθαι.
1681 1777 1755 1814 ἐπεὶ
1774 1779 1804 1815 οἵ
1826 1776 1872 1820 εἴς
1887 1792 1919 1814 τι
1938 1776 2102 1819 τείνοντες
2118 1777 2175 1814 τὸν
2191 1779 2318 1829 ὀφθαλ-

1290 1835 1354 1885 μὸν
1376 1836 1645 1872 ἀποπλανῶνται
1664 1835 1726 1881 τὴν
1755 1834 1909 1885 γνώμην.
1935 1834 2158 1886 [ἀπαιόλημα
2189 1835 2318 1885 γίνεται

1290 1892 1358 1930 ἀπὸ
1386 1897 1447 1931 τοῦ
1466 1892 1613 1942 αἰόλλω,
1637 1891 1654 1930 ὃ
1680 1893 1779 1939 δηλοῖ
1798 1892 1836 1930 τὸ
1855 1892 1988 1943 ταχέως
2007 1892 2065 1930 καὶ
2082 1892 2178 1938 δίκην
2195 1893 2320 1940 ἀέλλης

1289 1953 1382 1988 κινῶ·
1410 1951 1467 2003 ἀφ’
1484 1945 1522 1988 οἷ
1539 1949 1701 2003 Ὅμηρος
1711 1949 1942 1993 αἰολοπώλους
1956 1949 2032 1992 τοὺς
2048 1948 2192 2002 Φρύγας
2204 1953 2319 2000 καλεῖ,

1289 2008 1391 2058 ἤγουν
1427 2008 1658 2060 ταχυίππους,
1688 2007 1709 2054 ἢ
1738 2008 1901 2050 ποικίλως
1937 2006 2200 2058 ἱππαζομένους,
2227 2014 2315 2043 Junt.
2337 2019 2372 2044 30

1291 2066 1408 2112 ἀπάτη
1432 2067 1490 2104 καὶ
1515 2065 1717 2118 πανουργία.
1732 2074 1792 2104 Br.
1823 2065 2053 2115 κάπαιόλημοι
2077 2065 2224 2108 εΑἴολος
2242 2080 2318 2102 ποι-

1290 2124 1382 2167 κίλος
1401 2123 1423 2169 ἢ
1445 2124 1615 2171 εὐκίνητος
1635 2124 1702 2161 ἀπὸ
1721 2127 1780 2161 τοῦ
1797 2125 1936 2170 αἰολεῖν,
1953 2123 1974 2160 ὅ
1990 2124 2062 2160 ἐστι
2080 2124 2197 2162 κινεῖν.
2220 2121 2319 2174 vict]

1291 2182 1450 2220 ἐπιὸοίλοι
1471 2197 1478 2221 :
1504 2182 1578 2220 ἀντὶ
1596 2186 1655 2220 τοῦ
1672 2181 1849 2233 καλύψειε.
1870 2188 1907 2219 R.

1344 2265 1405 2290 730.
1435 2252 1626 2303 ἀρνακίδων
1646 2265 1654 2290 :
1675 2251 1827 2321 Ἀρνακὶς
1844 2251 1980 2302 λέγεται
1999 2250 2038 2288 τὸ
2053 2254 2112 2288 τοῦ
2129 2252 2232 2303 ἀρνοῧ
2250 2249 2321 2288 κώ-

1292 2311 1373 2348 διον.
1394 2309 1509 2353 ἔπαιξε
1531 2308 1565 2347 δὲ
1587 2309 1670 2362 πρὸς
1691 2309 1730 2347 τὸ
1750 2310 1935 2361 ἀρνεῖσθαι.
1957 2307 2030 2346 δέον
2047 2307 2113 2360 γὰρ
2135 2311 2252 2355 εἰπεῖν,
2269 2308 2321 2352 τίς

1293 2369 1332 2406 ἄν
1348 2384 1390 2418 με
1406 2367 1622 2420 περιέοίλοι’
1605 2384 1653 2404 ατ
1643 2368 1673 2404 ὸ
1690 2367 1882 2420 ἀρνακίδων
1898 2366 2078 2418 γενόμενον
2090 2365 2321 2418 περιὸόλαιον,

1292 2426 1409 2469 ἔπαιξε
1431 2425 1678 2477 παρονομάσας
1695 2424 1763 2462 ἀπὸ
1779 2429 1836 2462 τοῦ
1860 2424 1958 2477 ἀρνὸς
1978 2424 2037 2462 καὶ
2055 2439 2114 2461 του
2133 2425 2319 2475 ἀρνεῖσθαι.

1291 2484 1330 2521 τὸ
1347 2483 1382 2521 δὲ
1400 2482 1654 2555 ρὶποστερ·Γ,τίδα
1673 2482 1746 2529 ἅμα
1767 2481 1828 2532 μὲν
1846 2481 1914 2519 ἀπὸ
1931 2485 1990 2519 τοῦ
2012 2483 2226 2533 ἀποστερεῖν,
2245 2480 2321 2530 ἅμα

1293 2540 1328 2579 δὲ
1354 2557 1412 2578 και
1437 2540 1512 2577 ἀντι
1524 2556 1594 2577 του
1619 2539 1849 2591 περιόόλαιον.
1872 2539 2054 2591 [[ἀρνακὶς,
2075 2538 2114 2575 τὸ
2138 2554 2198 2575 του
2223 2537 2322 2590 ἀρνὸς

1293 2598 1425 2636 κώδιον.
1442 2597 1556 2641 παίζει
1574 2595 1609 2634 δε
1625 2599 1789 2642 ενταῦθα,
1805 2595 1946 2646 γνώμην
1961 2595 1994 2639 ἐξ
2011 2594 2201 2646 ἀρνακίδων
2215 2594 2319 2633 εἰπὼν
2339 2613 2374 2638 40

1294 2654 1566 2707 ἀποστερητίδα,
1582 2654 1686 2704 ἤγουν
1701 2653 1841 2704 γνώμην
1860 2653 1929 2697 εξ
1910 2652 2083 2705 ἀρνήσεως
2098 2652 2158 2689 καὶ
2172 2653 2322 2690 ἀποστε-

1295 2713 1435 2766 ρήσεως.
1455 2712 1578 2764 ὤφειλε
1595 2711 1630 2748 δὲ
1647 2713 1764 2748 εἰπεῖν·
1781 2711 1830 2753 τίς
1852 2710 1892 2748 ἂν
1910 2710 1982 2756 δῆτ’
2000 2709 2233 2747 ἐπιὸάλοι-καὶ
2251 2711 2322 2746 ἐπι-

1294 2771 1389 2817 θήσει
1409 2770 1596 2820 σκέπασμα
1620 2769 1652 2813 εξ
1674 2767 1876 2820 ἀρνακίδων,
1899 2770 1944 2810 ὡς
1967 2767 2006 2805 ἂν
2028 2767 2169 2818 γνώμην
2190 2766 2323 2820 εὕροιμι

1294 2827 1586 2880 ἀποστερητικήν,
1603 2830 1620 2864 ὁ
1637 2826 1672 2864 δὲ
1688 2826 1810 2870 παίξας
1825 2826 1930 2869 οὕτως
1947 2825 2135 2876 ἐξήνεγκεν.
2154 2833 2207 2863 Br.
2221 2824 2240 2877 Ἦ

1346 2906 1408 2931 731.
1439 2892 1578 2945 ἔρχεται
1595 2891 1697 2928 πάλιν
1714 2891 1757 2927 ἐπ
1758 2890 1883 2927 ἀυτὸν
1900 2892 1917 2927 ὃ
1933 2889 2132 2942 Σωκράτης.
2152 2898 2188 2927 R.

1348 2958 1436 3028 (733).
1467 2956 1556 3007 ἔχεις
1576 2971 1609 2992 τι
1634 2969 1642 2993 :
1667 2953 1828 3004 [Τπειδὴ
1855 2954 2015 3005 προεῖπεν
2035 2953 2147 3013 αὐτῷ,
2171 2951 2321 3004 ἀναρτή-

1293 3031 1354 3058 σας
1373 3014 1435 3059 τὴν
1458 3013 1636 3066 φροντίδα,
1660 3016 1705 3055 ὡς
1731 3012 1786 3050 ἐπὶ
1812 3010 2027 3062 ὀρνιθοθήρου
2051 3004 2124 3048 εἰπε
2144 3025 2182 3047 το
2204 3008 2322 3060 ἔχεις]

1292 3076 1337 3117 ὣς
1351 3073 1482 3111 ἐπὶτῶν
1498 3074 1518 3108 ἀ
1521 3069 1707 3123 γρευόντων
1721 3070 1796 3116 ἤτοι
1812 3070 1913 3122 ὄρνιν,
1928 3069 1950 3116 ἢ
1967 3071 2075 3121 ἰχθῦν,
2090 3061 2164 3105 εῖπε
2179 3067 2217 3105 τὸ
2232 3066 2322 3118 ἔχεις

2340 2913 2376 2938 45

1292 3147 1342 3177 τι,
1361 3130 1434 3167 ἀντι
1455 3133 1511 3167 τοῦ
1536 3127 1740 3179 συνείληφοίς
1761 3144 1811 3175 τι;
1835 3129 2026 3179 ἀναρτῆσαι
2041 3125 2108 3177 γὰρ
2130 3126 2223 3176 αὐτῷ
2244 3123 2320 3162 ἐκέ-

1292 3191 1391 3226 λευσε
1415 3203 1475 3233 την
1497 3186 1646 3224 διανοιαν
1667 3202 1723 3223 και
1752 3185 1813 3231 τὴν
1836 3185 2008 3237 φροντίδα.
2088 3183 2230 3226 Ἄλλως.
2250 3197 2321 3233 χα-
2341 3204 2375 3229 50

1295 3246 1430 3298 ριέντως
1454 3245 1492 3282 τὸ
1513 3262 1527 3282 ε
1530 3260 1601 3296 [εις
1620 3244 1652 3281 τί
1663 3247 1718 3295 ,τῇ
1739 3246 1805 3281 τῶν
1824 3245 1996 3295 ἀγρευτῶν
2020 3241 2109 3286 λέξει
2131 3239 2321 3293 χρώμενος.

1293 3309 1360 3346 τοῖς
1372 3302 1437 3354 γὰρ
1453 3303 1496 3339 ἁλ
1499 3318 1602 3339 ιευσιν
1616 3300 1638 3346 ἢ
1653 3303 1767 3353 ὄρνιθα
1770 3305 1925 3351 γρευταῖς
1937 3299 2027 3337 οὕτω
2041 3298 2159 3352 φασὶν,
2175 3296 2263 3348 ἔχεις
2276 3296 2321 3336 τί.

1346 3374 1408 3399 731.
1438 3359 1460 3406 ἢ
1484 3360 1523 3397 τὸ
1541 3359 1647 3403 πέος.
1639 3372 1646 3380 ·
1668 3357 1951 3411 (Παρεπιγροιφή.
1955 3359 1965 3407 )
2003 3362 2032 3394 εἰ
2051 3355 2118 3408 γὰρ
2141 3354 2242 3393 αὐτὸν
2258 3369 2323 3393 κα-
