2533 3808
306 205 377 238 580

303 283 418 333 ὥσπερ
440 282 653 324 Ἀσκληπιοῦ
682 277 866 327 (λεκτέον,
896 286 958 313 aut
991 278 1112 313 simile
1143 277 1300 313 verbum

305 338 509 386 intellige),
532 334 621 377 ἄξιον
640 336 801 386 ἀπορεῖν·
825 336 968 371 scilicet
982 336 1082 371 hunc
1104 336 1141 371 in
1158 334 1311 370 modum

303 397 519 433 scholiastes
555 402 842 442 argumentatur
877 409 883 428 :
919 394 1005 430 licet
1040 394 1312 442 Aristophanes

305 453 522 502 Amphiarai
548 451 659 487 liliam
687 451 846 488 ediderit
864 455 947 489 Iaso
968 452 1090 501 (qnod
1110 465 1185 501 quo
1215 464 1309 487 con-

301 512 383 547 silio
405 511 544 545 sactum
565 509 611 545 ab
630 522 675 546 eo
700 510 824 554 fuerit,
848 511 1007 556 serione,
1029 524 1074 546 an
1095 522 1163 558 per
1179 508 1310 544 ludum

302 569 486 603 comicum
503 596 512 613 ‚
536 574 736 615 postquam
755 567 816 603 illa
839 567 962 604 fabula
986 568 1129 604 dudum
1152 566 1310 603 interci—

300 627 371 667 dit,
391 626 586 674 explorate
607 637 834 673 cognoscere
850 638 926 661 non
945 625 1100 675 datur),
1124 633 1247 660 tamen
1263 637 1310 660 an

298 685 379 733 pari
393 682 480 731 jure
501 682 722 732 Amphiarai
755 683 829 719 [ilia
853 684 1021 729 dicatur,
1047 692 1158 733 atque
1179 686 1310 719 AEscu-

298 742 383 791 lapii
403 771 411 787 ,
444 753 520 777 non
559 741 750 777 immerito
789 742 939 779 dubites
965 772 973 788 ,
1000 741 1308 791 quandoquidem

298 799 527 848 Hermippus
554 799 689 843 etiam,
722 799 786 847 qui
814 800 1071 836 recensionem
1101 799 1308 848 AEsculapii

297 857 502 893 liberorum
525 856 844 892 accuratissimam
881 859 1064 904 instituit,
1101 859 1184 895 Iaso
1213 857 1310 893 inter

297 916 376 963 ejus
396 914 488 950 filias
501 943 509 958 ‚
528 923 565 950 et
590 923 680 950 natu
699 915 851 963 quidem
874 917 1096 962 maximam,
1118 923 1304 952 numerat.

296 978 423 1018 Quare
449 973 576 1008 nescio
591 1000 600 1017 ,
622 985 668 1007 an
691 973 736 1008 de
754 973 940 1009 industria
962 978 1148 1010 Kusterus
1181 981 1310 1010 contra

297 1029 409 1064 tidem
432 1030 602 1078 priorum
625 1029 708 1065 edd.
728 1030 786 1066 καὶ
811 1029 916 1067 Ἰασὼ
940 1031 1136 1076 deleverit,
1152 1032 1308 1080 vulgato

296 1088 473 1122 nimirum
490 1086 624 1122 ordine
641 1087 843 1124 verborum
861 1088 1054 1138 deceptus,
1070 1102 1181 1138 quem
1201 1090 1308 1125 talem

296 1146 442 1182 efficere
469 1159 620 1182 sensum
652 1147 1002 1195 animadvertebat,
1032 1161 1119 1184 cum
1145 1162 1221 1197 quo
1250 1152 1306 1185 καὶ

295 1202 402 1240 Ἰασὼ
422 1203 531 1239 simul
553 1205 758 1242 consistere
781 1219 857 1242 non
875 1214 1001 1255 posset
1020 1221 1026 1241 :
1050 1214 1178 1242 nostra
1198 1208 1308 1252 ratio,

298 1269 551 1310 praeterquam
579 1262 682 1310 quod
714 1276 734 1299 a
766 1264 886 1299 veteri
920 1264 1080 1300 lectione
1112 1264 1308 1300 minimum

298 1319 447 1355 recedat
470 1348 478 1363 ‚
511 1320 611 1356 haud
645 1334 775 1368 parum
815 1321 1042 1371 expeditior.
1075 1322 1308 1372 Hermippus

294 1385 420 1413 autem
435 1406 444 1423 ,
467 1377 572 1426 cujus
594 1378 763 1424 lambos,
784 1380 841 1415 vel
867 1380 1074 1415 Trimetros
1090 1409 1099 1425 ,
1122 1388 1163 1415 ut
1192 1380 1308 1417 schol.

293 1435 488 1483 Aristopli.
524 1435 570 1470 ad
594 1439 664 1472 ΑΥ.
699 1450 734 1474 v,
775 1437 895 1483 1150,
931 1439 1136 1487 scriptores
1161 1439 1309 1488 antiqui

293 1506 391 1542 saepe
405 1493 578 1536 laudant,
597 1494 696 1530 idem
717 1496 782 1544 qui
802 1497 968 1532 comicus
983 1510 991 1540 ;
1009 1496 1112 1545 quod
1131 1510 1177 1533 ex
1192 1498 1308 1535 Athe-

292 1564 374 1586 naeo
390 1560 536 1587 constat
558 1552 615 1596 15,
632 1566 667 1601 p.
688 1566 775 1599 7‹,0‚
790 1557 822 1589 D
839 1569 846 1596 3
862 1567 986 1603 neque
1001 1554 1102 1590 hunc
1117 1556 1309 1593 comoediae

294 1610 408 1645 fuisse
425 1610 588 1655 titulum,
604 1611 668 1647 sed
683 1612 809 1660 operis
825 1625 872 1648 ex
888 1612 1060 1662 pluribus
1075 1613 1309 1664 diversaeque

295 1668 458 1703 materiae
467 1668 697 1705 carminibus
710 1669 1056 1717 iambicisconssati,
1066 1681 1194 1721 aperte
1203 1673 1310 1710 scho-

294 1726 419 1761 liastes
439 1727 593 1773 indicat,
616 1741 731 1776 quum
750 1729 801 1764 ait
826 1729 860 1764 ἐν
877 1731 926 1779 τῷ
952 1728 1080 1780 πρώτῳ
1102 1729 1220 1782 ἷοίμὸῳ
1239 1733 1307 1768 τῶν

293 1783 498 1835 τριμέτρων.
529 1789 647 1821 Porro
666 1787 870 1835 AEsculapii
902 1787 996 1823 {ilias
1016 1788 1147 1824 codem
1165 1818 1173 1832 ,
1195 1797 1307 1838 atque

293 1842 527 1891 Hermippus
543 1872 551 1888 ,
572 1843 706 1879 ordine
725 1846 907 1894 proponit
927 1847 1082 1882 Aristid.
1106 1847 1176 1882 vol.
1204 1861 1216 1882 1
1238 1876 1246 1892 ,
1270 1861 1306 1896 p.

294 1899 355 1941 82,
375 1902 420 1945 C3
438 1900 510 1935 alio
523 1901 666 1936 Plinius
678 1904 719 1936 H.
737 1904 782 1937 N.
808 1916 820 1937 1
833 1902 867 1946 5,
885 1917 897 1937 1
914 1917 944 1948 ι,
962 1917 997 1952 p.
1016 1905 1104 1951 600,
1121 1913 1156 1940 et
1173 1905 1308 1941 Suidas

293 1957 331 1991 in
350 1955 497 2002 Ἠπιόνη
514 1972 522 1978 ·
554 1958 604 1993 illi
634 1957 787 2007 (Υγίειαν
803 1989 811 2005 ,
836 1962 1016 2009 Hygiam,
1047 1960 1187 2009 ‘Helm
1205 1991 1213 2007 ‚
1248 1962 1308 1999 hic

292 2016 449 2064 insuper
468 2014 597 2052 Ἀκεσὼ
618 2016 812 2065 adjiciunt.
827 2019 1045 2055 Notandum
1079 2033 1171 2055 vero
1187 2048 1195 2063 ,
1231 2034 1306 2056 non

293 2073 403 2109 filiam
424 2073 566 2119 solum,
588 2074 651 2110 sed
669 2083 705 2111 et
726 2076 850 2124 ipsum
871 2085 1035 2125 patrem,
1057 2078 1086 2113 si
1115 2077 1242 2114 Suidae
1260 2080 1305 2114 fi-

292 2130 357 2166 des
386 2139 558 2176 constat,
588 2130 719 2181 Αἴγλην
751 2134 875 2169 vocari
904 2150 911 2169 2
942 2135 1045 2184 apud
1075 2136 1306 2184 Hesychium

292 2196 393 2224 certe
411 2218 420 2235 ,
460 2188 638 2240 Αἶγλαὴρ,
665 2189 895 2236 Ἀσκληπιός·
935 2194 1049 2241 quod,
1083 2194 1306 2231 Casaubono

292 2246 404 2282 etiam
428 2245 557 2294 judice
574 2275 582 2291 ,
604 2249 832 2285 Laconicum
865 2251 1007 2299 aliquid
1039 2252 1162 2301 sapit,
1184 2266 1307 2302 neque

291 2304 393 2339 aliud
412 2313 482 2349 est,
506 2317 631 2353 quam,
653 2306 779 2343 demta
800 2308 949 2345 dialecti
970 2309 1103 2356 forma,
1124 2310 1305 2359 Αἷγλῆεις·

294 2374 369 2397 non
393 2362 504 2412 longe
543 2362 621 2399 abit
655 2364 822 2413 ejusdem
849 2367 1024 2415 Hesychii
1062 2366 1257 2416 Ἀγλαόπης
1290 2371 1306 2406 ὁ

293 2418 496 2463 Ἀσκληπιὸς
512 2448 520 2463 ,
557 2420 738 2463 Λάκωνες·
762 2422 827 2458 ubi
853 2423 929 2471 jam
960 2424 1253 2463 I-accdae11mniis
1268 2428 1306 2464 id

294 2488 430 2512 nomen
449 2477 585 2512 diserte
606 2479 796 2517 tribuitur.
815 2482 912 2517 Hinc
928 2483 1142 2531 suspicetur
1157 2485 1304 2533 aliquis,

294 2533 450 2569 Suidam
475 2548 649 2582 peccasse
665 2564 674 2579 ,
697 2545 733 2572 et
750 2567 759 2582 ‚
783 2537 873 2573 dum
893 2540 1116 2576 mendosum
1135 2542 1304 2578 codicem

293 2590 464 2638 sequitur
480 2618 488 2634 ‚
512 2590 642 2638 Αἴγλην
665 2592 835 2637 dedisse,
864 2596 928 2643 qui
954 2597 1079 2645 potius
1101 2598 1216 2634 scribi
1238 2599 1306 2635 de—

294 2648 430 2684 buerat
452 2648 625 2696 Αἷγλήεις.
644 2653 695 2686 Ut
715 2661 838 2688 autem
862 2653 1050 2690 notissimi
1072 2664 1159 2690 sunt
1180 2657 1237 2691 vel
1259 2670 1304 2693 ex

294 2709 462 2742 Homero
484 2707 672 2743 Machaon
694 2716 730 2744 et
758 2710 969 2746 Podalirius
998 2713 1214 2762 AEsculapio
1240 2728 1303 2764 ge-

294 2764 360 2799 niti
380 2792 388 2809 ‚
411 2764 463 2800 sic
486 2773 617 2802 contra
645 2767 834 2804 Ianiscnm
863 2776 900 2804 et
924 2769 1175 2806 Alexenorem
1198 2781 1304 2809 extra

294 2823 520 2860 sc‘holiasten
538 2833 710 2862 nostrum
726 2827 787 2862 vix
808 2828 985 2877 reperias.
1002 2832 1206 2867 Pausanias
1223 2833 1306 2881 qui-

294 2882 393 2923 dem,
411 2882 606 2919 thesaurus
623 2884 684 2920 ille
699 2898 824 2921 rerum
843 2887 1098 2936 antiquarum,
1118 2889 1303 2926 Ianiscum

295 2940 511 2990 suppeditat
533 2954 553 2977 2
573 2970 581 2987 ,
618 2943 659 2986 6,
682 2943 721 2987 3,
758 2943 822 2979 sed
843 2944 952 2994 longe
970 2945 1174 2992 diversum,
1194 2948 1303 2996 Clytii

295 2997 536 3034 Atheniensis
570 3008 747 3048 nepotem
777 3016 783 3036 :
815 3001 1062 3038 Alexanorem
1094 3016 1211 3051 vero,
1250 3007 1303 3042 sic

297 3054 395 3089 enim
424 3054 564 3103 ubique
591 3056 744 3102 scribit,
775 3059 992 3108 AEsculapio
1013 3072 1090 3095 non
1112 3061 1301 3107 alienum,

296 3111 437 3160 quippe
460 3113 678 3150 Machaouis
703 3116 816 3151 filium
835 3146 842 3161 ,
864 3117 970 3166 cujus
1002 3125 1234 3154 exstructum
1264 3120 1300 3155 iu

296 3168 481 3204 honorem
512 3170 570 3205 avi
605 3171 730 3207 fanum
761 3173 798 3208 in
823 3174 956 3210 Titane
987 3176 1243 3224 conspiciatur
1268 3191 1300 3220 2,

302 3238 313 3258 1
327 3239 359 3268 J,
378 3240 395 3270 7
416 3241 421 3260 :
443 3228 494 3276 τῷ
517 3225 551 3262 δὲ
569 3226 758 3279 Ἀλεξάνορι
778 3230 836 3266 καὶ
859 3231 1091 3283 Εὐαμερίωνι,
1110 3235 1158 3284 τῷ
1174 3233 1235 3281 μὲν
1257 3236 1302 3276 ὡς

1050 192 1347 229 ADNO'sATlo
1378 194 1429 232 IN
1457 195 1630 234 SCHOL.

1368 279 1454 329 lapii
1489 282 1630 318 cultum
1664 282 1764 330 apud
1795 283 1952 332 Argivos
1985 284 2158 322 sundawt
2182 297 2214 331 2,
2236 286 2296 332 23,
2320 292 2340 331 l.
2364 301 2374 324 t

1366 337 1513 389 ἐξαρχῆς
1532 338 1567 375 δὲ
1588 338 1750 390 ἱδρύσατο
1771 340 1904 391 Σφῦρος
1921 342 1960 378 τὸ
1980 342 2068 393 ἱερὸν
2082 372 2090 387 ,
2110 341 2294 392 Μαχάονος
2313 343 2375 390 μὲν

1366 394 1454 441 υἱὸς,
1475 395 1618 447 ἀδελφὸς
1636 394 1670 432 fs
1688 395 1903 447 Ἀλεξάνορος
1922 401 1980 435 τοῦ
2001 397 2094 449 παρὰ
2122 399 2324 442 Σικυωνίοις
2341 402 2375 438 ἓν

1366 452 1498 504 Τιτάνῃ
1517 452 1620 502 τιμὰς
1639 452 1787 502 ἔχοντος.
1809 455 1910 490 Nihil
1942 456 2105 505 denique
2121 487 2130 503 ,
2152 457 2256 506 quod
2287 470 2374 494 mo-

1365 523 1519 546 neamus
1537 540 1546 555 ,
1565 511 1668 547 aliud
1691 519 1826 556 restat,
1849 525 1959 561 quam
1978 523 2210 562 postremam
2242 515 2375 552 scholii

1367 577 1509 617 partem
1526 569 1564 619 (l.
1590 569 1672 617 32),
1698 568 1772 605 ἔστι
1791 569 1899 605 δὲκαὶ
1916 568 1964 606 Ἀ.
1985 573 2014 606 θ.
2045 571 2100 617 Ἰ.,
2126 573 2237 621 plane
2258 573 2378 610 videri

1364 638 1656 675 supervacuam,
1679 634 1791 675 atque
1809 639 1854 662 ex
1875 635 2046 664 truncato
2065 629 2262 667 deterioris
2278 639 2378 668 notae

1365 684 1497 720 codice
1519 684 1768 733 depromtam.
1792 687 1938 720 HEMST.
1960 684 2015 720 Ib.
2038 684 2153 722 Ἀσκλ.
2170 686 2192 732 ἢ
2209 689 2258 738 τῷ
2275 687 2378 725 Ἰασὼ

1364 744 1425 787 V.,
1451 743 1515 791 qui
1534 744 1578 778 23
1600 750 1688 792 post
1708 739 1939 790 ὠνομασμένη
1959 742 2063 778 addit
2082 741 2176 793 παρὰ
2192 749 2270 794 γοῦν
2291 749 2376 783 τοῦ-

1363 813 1432 836 τον.
1451 824 1491 831 --
1513 800 1560 836 25
1582 798 1685 846 ἔλεξ’,
1701 799 1808 837 ’lacot
1827 799 2027 836 Seidlerus.
2046 800 2262 849 Legebatur
2278 801 2377 847 ἔλεξά

1364 871 1426 893 σοι.
1443 883 1482 889 -
1497 859 1544 894 26
1564 871 1617 907 sq.
1634 857 1691 894 καὶ
1709 860 1767 894 τοῦ
1787 857 1916 893 addidi
1931 871 1978 894 ex
1994 861 2038 895 V.
2062 861 2150 894 Post
2164 853 2378 910 Ἀμφιαροῗου

1363 916 1506 965 aliquid
1527 915 1710 952 excidisse
1729 915 1891 952 videtur.
1909 919 2028 952 Dum.
2043 940 2083 946 —-
2102 929 2150 964 29
2167 917 2379 965 λαμπετείας

1364 976 1422 1010 τοῦ
1441 973 1544 1011 Ἰλίου
1566 977 1609 1009 V.
1624 983 1665 1006 ‘-
1685 976 1732 1010 30
1754 973 1853 1010 ἄλλοι
1871 971 1907 1010 δὲ
1929 973 2012 1009 Α1(1.
2029 1001 2070 1006 .-
2091 974 2134 1010 31
2160 972 2298 1011 Ἵνακον
2319 975 2378 1012 καὶ

1364 1035 1422 1077 V.,
1441 1033 1504 1080 qui
1527 1033 1572 1068 33
1600 1030 1696 1083 παρὰ
1721 1031 1759 1068 τὸ
1782 1033 1899 1068 ἰᾶσθαι
1931 1032 2085 1078 omittit,
2113 1031 2282 1070 scribens
2301 1033 2380 1085 περὶ

1363 1088 1424 1134 τὴν
1442 1088 1580 1135 Ἰασὼῆ
1597 1105 1680 1126 πεπ.
1694 1114 1735 1120 -
1757 1090 1802 1125 35
1822 1088 1968 1139 ‘'Y-(emm
1990 1093 2032 1126 V.

1418 1161 1490 1193 702
1511 1147 1658 1199 μετρίως
1675 1147 1844 1199 ἐνετράπη
1860 1150 1950 1198 Reg.
1968 1147 2028 1184 καὶ
2048 1161 2122 1184 om.
2143 1149 2258 1185 Paris.

1418 1207 1508 1252 703,
1531 1213 1579 1250 40
1596 1205 1788 1243 λιδανωτόν
1814 1210 1856 1242 V.
1879 1210 1970 1256 Reg.
1994 1206 2210 1256 utrobique.
2229 1233 2270 1238 —
2293 1213 2336 1251 41
2362 1211 2380 1246 ὁ

1364 1262 1446 1306 ὀπὸς
1476 1265 1579 1300 αὐτοῦ
1607 1262 1736 1309 εὐώδης
1764 1263 1810 1300 ὢν
1845 1264 1902 1300 καὶ
1937 1263 1994 1301 διὰ
2027 1267 2127 1302 τοῦτο
2163 1263 2380 1314 θυμιώμενος

1363 1325 1457 1372 Reg.
1476 1320 1683 1358 ἔστι-καλ.
1706 1335 1780 1358 om.
1813 1322 1925 1358 etiam
1948 1323 1992 1360 Θ.
2010 1350 2062 1355 --
2082 1323 2130 1366 43
2160 1322 2276 1374 πέρδω
2302 1337 2377 1361 om.

1364 1384 1482 1417 Dorv.

1417 1439 1505 1484 706,
1529 1439 1589 1476 51.
1606 1442 1662 1475 De
1683 1439 1818 1476 Boeotis
1835 1453 1913 1476 non
1942 1439 2097 1474 memini
2117 1453 2124 1474 ε
2147 1438 2278 1488 Cyprii
2309 1438 2380 1475 bo-

1363 1510 1428 1533 ves
1451 1497 1524 1533 lioc
1546 1500 1699 1534 nomine
1720 1498 1877 1534 infames
1895 1497 2105 1546 proverbio
2122 1497 2247 1533 locum
2263 1496 2381 1533 dede—

1364 1564 1451 1591 runt
1471 1557 1556 1597 Βοῦς
1576 1555 1754 1607 Κύπριοςε
1778 1556 1866 1592 vide
1891 1560 1991 1605 App.
2019 1555 2142 1592 Vatic.
2166 1569 2180 1590 1
2198 1583 2207 1600 ,
2244 1569 2283 1590 11
2300 1585 2310 1602 ,
2343 1564 2381 1591 et

1363 1615 1516 1652 Suidam
1537 1631 1544 1652 ε
1567 1629 1798 1665 quamquam
1815 1615 1868 1651 illi
1883 1614 2036 1664 quidem
2057 1614 2310 1650 admiratione
2325 1614 2381 1650 di-

1363 1674 1451 1724 gni,
1475 1675 1506 1710 si
1527 1682 1659 1710 contra
1682 1674 1866 1721 tormina,
1902 1672 2005 1722 quod
2035 1673 2180 1709 Plinius
2208 1672 2380 1722 prodidit

1363 1735 1406 1769 H.
1423 1736 1470 1770 N.
1490 1734 1551 1778 28,
1572 1745 1632 1775 20,
1651 1732 1847 1768 hominum
1868 1731 2119 1768 excrementis.
2142 1729 2216 1767 sibi
2247 1730 2376 1766 mede-

1363 1799 1507 1826 rentur.
1525 1794 1659 1839 Itaque
1678 1790 1738 1826 vel
1760 1798 1931 1826 nostrum
1955 1797 2215 1826 enarratorem
2237 1802 2379 1825 memo-

1364 1849 1416 1885 ria
1439 1849 1591 1891 fefellit,
1612 1848 1670 1884 vel
1697 1848 1959 1897 reponendum
1991 1847 2063 1883 erit
2090 1845 2280 1897 Κυπρίοις·
2306 1847 2378 1883 nisi

1363 1906 1557 1955 stupidum
1580 1909 1795 1942 Boeotorum
1816 1906 2009 1955 ingenium
2032 1905 2105 1941 hoc
2125 1905 2237 1939 etiam
2255 1906 2379 1941 Comi-

1363 1965 1414 2000 cis
1435 1964 1596 2009 debeat,
1617 1972 1657 2000 ut
1676 1977 1743 2013 per
1761 1963 1892 2012 jocum
1909 1963 2028 2000 boves
2047 1963 2146 2012 apud
2169 1975 2234 1998 eos
2253 1977 2378 1999 σκατο-

1362 2022 1464 2074 φάγοι
1488 2031 1701 2059 nascantur.
1720 2024 1868 2058 Hmisr.
1888 2021 1950 2067 τὴν
1968 2022 2124 2059 accessit
2140 2033 2187 2057 ex
2207 2024 2250 2057 V.
2272 2046 2311 2052 --
2331 2023 2377 2059 52

1363 2079 1474 2117 σκατὰ
1506 2080 1552 2116 ab
1579 2080 1816 2117 nominativo
1849 2079 1975 2117 σκατὸν
1994 2109 2003 2126 ,
2037 2093 2151 2128 quem
2185 2078 2379 2129 improbat

1363 2139 1519 2176 Photius
1535 2141 1626 2176 Lex.
1640 2152 1676 2188 p.
1699 2138 1784 2184 527,
1803 2139 1838 2174 5.
1857 2139 1906 2175 ἓτ.
1933 2137 1969 2175 δὲ
1988 2137 2044 2175 καὶ
2067 2141 2088 2183 ἡ
2106 2141 2151 2175 V.
2170 2162 2208 2169 -
2225 2151 2243 2183 7
2264 2133 2293 2173 εἰ
2311 2137 2378 2190 ἄρα

1362 2196 1501 2241 ζήσεται
1523 2197 1689 2242 Bastius,
1707 2205 1749 2233 ut
1768 2197 1792 2233 l.
1816 2210 1970 2233 12.-ι2
1993 2195 2059 2247 ἄρα
2074 2199 2168 2244 Reg.
2192 2189 2259 2248 ἆρα
2275 2197 2375 2235 Vict.

1360 2279 1412 2286 —
1440 2262 1481 2299 τί,
1500 2255 1567 2292 ἔσω
1587 2256 1706 2293 Paris.

1416 2328 1484 2359 711
1508 2314 1650 2363 Regius
1671 2328 1678 2349 :
1700 2312 1841 2350 ’Έοικεν
1872 2313 2019 2350 ἐνταῦθα
2049 2311 2211 2360 δοίδυκα,
2241 2311 2320 2362 οὐχὶ
2338 2311 2377 2348 τὸ

1361 2372 1557 2423 κοχλιάριον
1578 2371 1689 2421 λέγειν
1708 2387 1714 2394 ·
1737 2370 1826 2408 ἀλλὰ
1846 2370 1930 2422 πρὸς
1947 2370 1987 2408 τὸ
2004 2370 2117 2408 θυείαν
2134 2370 2295 2422 ἁρμόζειν
2314 2369 2378 2407 λέ·

1359 2432 1478 2479 γεσθαι
1495 2428 1534 2466 τὸ
1565 2428 1728 2466 κόπανον.
1746 2458 1783 2463 .-
1799 2431 1846 2466 25
1883 2427 2106 2481 Κοχλιάριον.
2129 2430 2269 2467 Eadem
2299 2437 2375 2473 est,

1360 2501 1436 2523 non
1470 2488 1627 2537 disputo
1660 2502 1774 2537 quam
1807 2488 2047 2532 commoda‚·
2068 2488 2247 2524 vocabuli
2274 2487 2375 2537 apud

1360 2546 1512 2581 Suidam
1533 2546 1759 2594 explicatio,
1784 2554 1820 2581 et
1841 2545 2075 2593 Moschopul.
2094 2544 2182 2595 Περὶ
2206 2544 2301 2594 σχεδ.
2334 2558 2372 2594 ρ,

1367 2603 1434 2638 105
1450 2603 1539 2638 item
1553 2602 1824 2647 εΔοιόυκοποιὸς,
1840 2605 1856 2638 ὁ
1868 2600 1911 2638 τὰ
1929 2601 2114 2653 κοχλιοίρια
2125 2603 2244 2638 ποιῶν.
2259 2603 2371 2648 Quod

1359 2661 1493 2695 attinet
1515 2660 1560 2695 ad
1587 2659 1746 2696 σενδούκι
1775 2660 1833 2696 vel
1867 2658 2054 2704 σενδούκη,
2088 2661 2306 2710 Ducangius
2333 2660 2373 2697 in

1361 2715 1545 2754 Σεντούκιν
1579 2731 1625 2753 ex
1649 2718 1771 2753 Gloss.
1796 2730 1882 2753 mss.
1902 2717 1949 2753 ad
1978 2718 2075 2753 Plut.
2103 2718 2274 2766 profert,
2302 2719 2370 2755 τῶν

1360 2774 1548 2825 σκευαρίων
1565 2802 1573 2818 ,
1602 2774 1809 2811 σενδουκίων
1827 2790 1833 2796 ·
1856 2775 1895 2810 in
1925 2773 2129 2820 Παντέκτης
2144 2804 2153 2821 ,
2182 2773 2343 2812 κιὸώτιον
2359 2804 2370 2822 ,

1358 2831 1551 2876 παντέκτην
1566 2847 1573 2853 ·
1594 2832 1667 2867 hoc
1687 2833 1845 2880 plenius,
1866 2840 1905 2868 ut
1920 2840 2035 2881 patet,
2051 2832 2269 2882 suppeditat
2284 2834 2369 2871 cod.

1359 2893 1476 2926 Dorv.
1494 2890 1542 2939 [et
1564 2890 1686 2939 Reg.],
1705 2891 1770 2926 illo
1789 2904 1944 2939 prorsus
1959 2899 2060 2926 caret
2074 2891 2120 2927 ad
2141 2904 2178 2928 v.
2197 2892 2285 2936 840,
2303 2891 2370 2928 ubi

1358 2949 1424 2982 τῶν
1441 2946 1629 2998 σκευαρίων
1644 2948 1824 2984 invenies.
1840 2948 2009 2984 Meursio
2026 2948 2167 2997 placuit
2184 2949 2368 2999 originem

1358 3006 1463 3041 vocis
1483 3004 1530 3041 ab
1557 3004 1747 3042 Arabibus
1778 3014 1814 3041 et
1838 3007 1973 3043 Turcis
1999 3015 2195 3056 repetere,
2230 3006 2368 3056 quibus

1356 3063 1522 3098 Samlock
1535 3092 1544 3108 ‚
1563 3063 1639 3098 sive
1656 3064 1838 3109 Sondock,
1857 3077 1944 3099 arca
1963 3064 2020 3100 vel
2040 3067 2210 3100 scrinium
2231 3065 2368 3113 appel-

1358 3121 1456 3156 letur
1487 3136 1492 3156 z
1527 3134 1596 3169 ego
1630 3122 1758 3170 potius
1791 3122 1972 3158 Salmasio
2004 3122 2213 3158 Meursium
2249 3121 2367 3158 celato

1358 3179 1510 3214 nomine
1534 3180 1732 3228 castiganti
1755 3182 1838 3216 Not.
1856 3180 1894 3215 in
1914 3180 2062 3229 Vopisc.
2085 3193 2122 3230 p.
2148 3181 2223 3228 369
2245 3180 2367 3216 calcu-

1359 3236 1433 3271 lum
1455 3235 1617 3284 adjicio,
1639 3238 1704 3286 qui
1733 3250 1750 3272 a
1782 3236 1975 3274 veteribus
2005 3237 2169 3282 Graecis,
2202 3249 2365 3286 quorum

296 3281 385 3332 ἥρωϊ
400 3283 487 3332 μετὰ
503 3282 598 3328 ἥλιον
620 3284 764 3323 δύναντα
787 3288 998 3337 ἐναγίζουσι,
1029 3291 1246 3342 Εὐαμερίωνι
1267 3291 1301 3328 δὲ
1357 3302 1432 3329 crat
1454 3293 1652 3341 σανδύκιον,
1671 3295 1716 3331 ad
1738 3295 1936 3331 inferiores
1952 3323 1962 3339 ,
1983 3302 2167 3343 corrupta
2193 3293 2364 3330 nonnihil

290 3340 341 3381 ὡς
361 3341 424 3392 θεῷ
441 3340 566 3378 θύουσι.
597 3344 675 3378 Pari
701 3346 811 3380 modo
834 3347 946 3382 frater
975 3348 1145 3396 Spliyrus
1164 3349 1301 3386 AEscu-

1359 3352 1698 3399 pronunciatione,
1719 3351 1879 3397 σενδούκη
1894 3382 1902 3398 ,
1926 3350 2119 3397 σεντούκιν,
2150 3349 2342 3387 σεντούκιον
2356 3378 2365 3395 ,
