2533 3808
164 251 209 283 12
802 220 1059 264 SCHOLIA
1098 218 1159 257 IN
1198 215 1649 256 ACHARNENSES.

213 344 275 368 309.
304 320 364 365 οἷδ’
387 325 456 375 ἐγὼ
472 320 530 356 καὶ
545 308 624 360 τδὺς
649 313 819 354 Λάκωνας
841 323 851 349 1
878 308 980 348 Πάνυ
1000 307 1116 348 δεινῶς
1135 302 1196 342 καὶ

160 383 416 439 τεθαρρηκότως
441 375 614 431 ἐχρήσατο
632 375 675 425 τῇ
698 367 933 420 ἐπαναλήψει,
950 365 1012 404 καὶ
1029 366 1067 402 οὔ
1093 361 1197 431 κατέ-

161 444 286 492 πτηξεν
313 440 389 480 οὐδὲ
413 434 598 485 ηὖλαὸήθη
626 433 660 469 ἐν
677 427 852 470 τοσούτοις
868 424 954 477 ὑπὲρ
972 426 1040 461 τῶν
1065 423 1197 473 ἐχθρων

162 503 279 549 εἰπὼν,
303 499 354 538 ὅτι
377 499 415 535 οὗ
442 494 543 546 μόνον
564 493 627 530 οὐκ
648 488 820 536 ἠδίκησαν
849 482 943 522 κατὰ
964 481 1098 528 πάντα,
1121 477 1198 516 ἀλλ’

123 575 141 600 5
161 561 212 599 ὅτι
228 559 287 598 καὶ
305 560 338 596 ἐν
357 561 427 598 τοῖς
443 554 634 598 ἀδικηθεῖσι
648 550 806 599 ταχθεῖεν
825 543 879 582 ἄν.

214 631 278 657 315.
308 610 573 667 ταραξικάρδιον
601 620 611 646 :
640 604 792 651 Αὖξήσει
812 602 983 654 κέχρηται
1008 595 1114 636 εἰπὼν
1133 611 1200 633 τα-

162 674 390 730 ραξικάρδιον.
405 670 479 708 ἔστι
492 666 560 719 γάρ
575 681 609 704 τι
625 663 746 710 δεινὸν,
762 662 780 700 ὃ
797 661 845 711 μὴ
863 659 970 701 οὕτως
987 655 1060 694 ἐστὶ
1079 652 1199 699 δεινὸν,

160 737 205 777 ὡς
230 732 365 770 δάκνειν
398 727 470 779 (καὶ
497 724 679 778 ταράττειν
704 720 767 767 τὴν
796 717 953 772 καρδίαν.
982 714 1066 766 ὅπερ
1097 712 1132 750 δὲ
1156 713 1199 762 τῆ

160 791 287 845 καρδία
318 785 478 841 ταραχὴν
505 781 724 834 ἐμποιήσειεν
751 778 805 826 ἂν,
831 779 932 815 τοῦτο
957 770 1202 823 ἀναμφιὸόλως

111 862 143 887 10
163 849 354 888 δεινότατον
374 844 546 896 νομίζοιτο
566 841 634 891 ἄν).
1189 885 1197 899 x

215 922 278 947 317.
308 905 391 957 (κᾶν
418 918 458 953 γε
485 900 533 952 μὴ
559 899 650 950 λέγω
677 897 794 935 δίκαια
826 908 834 933 :
865 896 982 933 Τοῦτο
1009 888 1116 927 δεινὸν
1142 902 1202 924 και

162 962 469 1020 προσκρουστικὸν,
487 957 606 1004 ἐπειδὴ
624 959 654 995 οἳ
672 956 945 1008 στρατηγοῦντες
961 948 1021 988 καὶ
1041 949 1204 997 δημαγω-

163 1030 299 1078 γοῦντες
315 1020 469 1061 κωλυταὶ
485 1021 546 1064 τῆς
566 1016 702 1069 εἰρήνης
722 1012 897 1064 ἐγίνοντο.)
1170 1060 1180 1073 x

217 1097 283 1122 318.
312 1080 397 1133 ὑπὲρ
412 1076 570 1123 ἐπιξήνου
584 1088 593 1114 :
609 1072 792 1119 Ἐπίξηνος
802 1069 961 1108 καλεῖται
974 1069 991 1105 ὃ
1006 1077 1204 1116 μαγειρικος

113 1157 145 1181 15
164 1141 308 1195 κορμὸς,
326 1139 377 1192 ἐφ’
399 1132 438 1175 οἷ
454 1135 498 1174 τὰ
517 1133 600 1187 κρέα
621 1130 885 1183 συγκόπτουσιν.

220 1214 283 1239 320.
315 1197 364 1249 μὴ
382 1198 420 1234 οὔ
443 1192 660 1237 καταξαίνειν
682 1204 690 1229 :
718 1188 779 1235 Μὴ
801 1186 878 1238 οὐχὶ
897 1184 1002 1226 λίθοις
1022 1179 1126 1220 αὐτὸν
1147 1180 1205 1216 αἱ-

167 1258 326 1309 μάσσειν,
346 1254 436 1293 ὥστε
456 1255 628 1306 φοινικοῦν
646 1250 740 1300 αὐτῷ
756 1250 901 1292 ποιῆσαι
917 1243 956 1281 τὸ
975 1244 1090 1291 σῶμα.
1109 1238 1149 1300 τὲ)
1171 1236 1206 1275 δὲ

166 1315 383 1360 καταξαίνειν
400 1315 445 1356 ὥς
462 1311 519 1349 ἐπὶ
531 1309 630 1363 ἐρίων
647 1307 759 1353 ἔθηκε.
779 1303 901 1342 διὸκαὶ
921 1299 1092 1355 φοινικίδα
1113 1302 1206 1335 εἶπεν

167 1379 213 1419 ὡς
228 1374 286 1412 ἐπὶ
301 1371 455 1424 ἱματίου.
479 1366 728 1421 (Ἀριστοτέλης
748 1364 783 1402 δέ
802 1378 905 1416 φησιν
921 1363 954 1398 ἐν
969 1362 1012 1411 τῆ
1031 1357 1207 1397 Λακεδαι-

99 1451 150 1476 ι2ο
170 1433 296 1485 μονίων
329 1428 506 1481 πολιτεία,
534 1429 685 1480 χρῆσθαι
717 1418 1014 1470 Λακεδαιμονίους
1049 1413 1208 1468 φοινικίδι

167 1492 252 1545 πρὸς
270 1489 347 1533 τοὺς
365 1486 553 1537 πολέμους,
572 1487 672 1522 τοῦτο
693 1480 753 1532 μὲν
771 1480 823 1517 ὅτι
838 1479 877 1516 τὸ
896 1481 958 1523 τῆς
972 1474 1079 1527 χρόας
1093 1472 1208 1538 ἀνδριῗ

168 1551 241 1598 κὸν,
262 1553 363 1587 τοῦτο
381 1545 416 1584 δὲ
435 1545 486 1583 ὅτι
503 1544 542 1581 τὸ
561 1546 620 1580 τοῦ
643 1540 830 1594 χρώματος
851 1535 1049 1596 αἱματῶδες
1070 1535 1130 1578 τῆς
1149 1533 1208 1568 τοῦ

171 1608 315 1659 αἵματος
335 1605 464 1659 ῥύσεως
483 1602 583 1646 ἐθίζει
603 1603 847 1651 καταφρονεῖν.
867 1595 906 1633 τὸ
921 1598 978 1632 οὖν
995 1594 1029 1630 ἐν
1050 1589 1209 1644 φοινικίδι

170 1667 245 1705 ἀντὶ
261 1669 321 1703 τοῦ
338 1666 372 1701 ἐν
390 1661 485 1706 τάξει
501 1658 693 1710 πολεμίων,
712 1656 781 1694 ἀπὸ
801 1658 861 1692 τοῦ
880 1652 1080 1706 φορήματος
1097 1647 1210 1695 δηλώ-

117 1740 151 1765 25
171 1741 259 1764 σειεν
277 1724 317 1761 ἂν
338 1721 495 1767 εἰκότως,
512 1718 588 1757 ἐπεὶ
608 1717 647 1755 τὸ
668 1717 887 1769 φοινιχθῆναι
903 1712 1139 1762 αἱμαχθῆναι,
1160 1706 1212 1743 δί-

171 1801 234 1831 κην
253 1779 516 1836 φοινικοὸαφοῦς
537 1776 737 1826 ἐνδύματος.
761 1772 820 1811 καὶ
839 1772 878 1809 τὸ
900 1769 1004 1815 ξαίνω
1032 1771 1128 1820 ῥῆμα
1152 1764 1212 1802 καὶ

170 1842 268 1895 παρὰ
285 1837 499 1890 Δημοσθένει
515 1838 628 1874 κεῖται
648 1836 681 1871 ἐν
702 1835 752 1884 τῷ
771 1831 849 1869 κατ’
869 1827 1037 1880 Αἰσχίνου
1054 1825 1133 1878 περὶ
1153 1826 1214 1870 τῆς

171 1896 456 1953 παραπρεσὸείας
475 1900 519 1943 [p.
534 1907 604 1940 403,
622 1897 651 1939 3]
667 1910 682 1925 «
698 1888 860 1935 εἰπούσης
873 1903 906 1925 τι
917 1886 976 1925 καὶ
994 1882 1214 1936 δακρυσάσης

173 1959 320 2004 ἐκείνης,
338 1953 544 2008 περιρρήξας
558 1951 616 1990 τὸν
639 1952 771 2003 χιτῶνα
787 1950 804 1986 ὁ
821 1946 974 1993 οἰκέτης,
998 1943 1103 1989 ξαίνει
1122 1939 1214 1979 κατὰ

125 2028 159 2054 30
174 2022 232 2056 τοῦ
248 2015 355 2054 νώτου
371 2013 514 2056 πολλάς.
536 2013 564 2061 n)

226 2073 442 2118 καταξαίνειν
486 2084 495 2109 z
531 2068 672 2115 Ξαίνει,
711 2065 854 2112 διαξέει,
898 2063 1012 2110 νήθει,
1050 2058 1215 2112 σωρεύει,

175 2134 355 2188 ἐργάζεται
372 2131 465 2184 ἔρια,
485 2128 545 2167 καὶ
563 2127 693 2180 δέρρειν
710 2124 843 2175 ἱμάντι.
866 2130 949 2161 I'e'ct.

228 2207 292 2231 221.
322 2189 493 2241 θυμάλωψ
511 2202 518 2226 :
537 2187 582 2225 ‘O
597 2182 866 2233 διακεκαυμένος
881 2179 1071 2225 ἀναὸάτης.
1089 2178 1119 2227 (ὃ
1134 2177 1218 2213 ἀπο-

174 2250 397 2302 λελειμμένος
424 2251 485 2295 τῆς
512 2246 643 2299 θύψεως
673 2242 819 2296 ἄνθραξ,
839 2244 857 2279 ὁ
885 2239 1090 2291 ἧμίκαυτος.
1120 2235 1216 2280 ξύλον

123 2324 157 2349 35
177 2311 271 2358 καὲν,
296 2307 459 2360 σπινθὴρ,
478 2306 501 2353 ἢ
519 2303 787 2354 διακεκαυμένος
804 2299 956 2353 ἄνθραξ.)
972 2297 1165 2351 χαριέντως
1182 2292 1217 2332 δὲ

177 2366 283 2416 εἶπεν,
305 2368 379 2406 ἐπεὶ
405 2369 586 2418 ἀνθρακεῖς
604 2365 688 2401 εἰσιν
713 2364 742 2399 οἱ
760 2359 950 2412 Ἀχαρνεῗς.
972 2356 1049 2395 ἀντὶ
1075 2354 1142 2407 γὰρ
1158 2357 1218 2391 τοῦ

179 2429 298 2474 εἰπεῖν,
319 2424 396 2468 οἵως
413 2423 633 2469 ἐξεκαύθητε,
649 2419 819 2471 θυμάλωψ
836 2416 1006 2461 ἐπέζεσεν.

232 2499 295 2524 322.
324 2479 550 2535 Ἀχαρνηΐδαι
568 2493 577 2518 :
597 2478 673 2525 Τὴν
692 2474 892 2529 Ὁμηρικὴν
909 2473 1136 2526 παράφρασιν
1154 2486 1221 2508 πο-

179 2547 318 2586 λιτικῶς
336 2542 494 2593 μιμεῖται
506 2558 520 2572 «
537 2533 606 2580 υἷες
619 2537 780 2588 Ἀχαιῶν·
803 2553 817 2568 »
839 2536 873 2571 ἐν
895 2539 958 2585 μιᾷ
973 2531 1063 2576 λέξει
1079 2545 1221 2582 προεισ-

127 2614 163 2640 40
183 2601 408 2654 ενεγκάμενος
427 2598 466 2636 τὸ
482 2597 592 2647 ὄνομα
608 2594 699 2641 ὅλον,
720 2588 748 2632 ῶ
765 2591 961 2645 Ἀχαρνέων
977 2591 1112 2632 παῖδες.

206 2658 209 2661 ’
236 2675 299 2700 326.
331 2657 576 2696 ἀνταποκτενῶ
588 2667 596 2693 2
610 2656 734 2693 Ταῦτα
743 2651 836 2702 λέγει
849 2649 938 2693 τινὸς
950 2652 1017 2687 τῶν
1028 2645 1221 2700 Ἀχαρνέων

183 2719 345 2773 ἁρπάσας
362 2716 500 2769 κόφινον
519 2712 702 2766 γερόντων,
720 2712 754 2748 ἐν
770 2705 798 2763 ᾧ
816 2708 893 2752 τοὺς
911 2708 1082 2760 ἄνθρακας
1100 2705 1223 2758 φέρου-

185 2794 252 2825 σιν,
271 2776 306 2814 δν
333 2774 494 2827 βούλεται
515 2772 602 2825 ξίφει
623 2769 893 2823 διαχρήσασθαι.
918 2766 1072 2805 σκώπτει
1090 2764 1126 2802 δὲ
1146 2763 1223 2807 τοὺς

186 2835 372 2889 Ἀχαρνέας
387 2837 432 2878 ὡς
449 2830 765 2886 ἀνθρακοκαύστας.

133 2909 168 2933 45
240 2910 302 2935 327.
331 2893 480 2946 ὁμήρους
499 2907 507 2932 :
528 2891 705 2944 Ὁμήρους
725 2888 870 2927 ἐκάλουν
887 2886 947 2925 καὶ
969 2884 1150 2937 ὅμηραῖτὰ
1171 2884 1224 2922 ’πὶ

188 2953 371 2999 συνθήκαις
387 2950 547 3001 διδόμενα
567 2948 751 3002 (ἐνέχυρα).

241 3025 304 3049 330.
334 3010 427 3048 ἔνδον
459 3008 569 3061 εἵρξας
596 3022 604 3047 :
637 3005 874 3049 Ἀποκλείσας.
902 3003 1034 3048 δασέως
1062 3004 1097 3042 δὲ
1126 3007 1226 3042 τοῦτο

190 3068 349 3110 Ἀττικοί.
364 3067 413 3112 (τὸ
428 3067 544 3117 μέντοι
553 3068 636 3118 παρ’
646 3065 793 3117 Ὁμήρῳ
808 3070 860 3111 [11.
872 3072 915 3111 Φ,
923 3068 988 3110 282]
1003 3081 1017 3096 «
1029 3062 1179 3115 ἐρχθέντ’
1191 3063 1225 3100 ἐν

192 3127 335 3179 μεγάλῳ
350 3127 499 3175 ποταμῷ
514 3143 530 3157 »
546 3126 667 3176 ψιλῶς.
688 3123 726 3161 τὸ
744 3122 779 3160 δὲ
800 3122 896 3174 ἔρξας
913 3121 1045 3166 δασέως
1064 3120 1230 3174 ἀναγινώ-

139 3196 174 3221 50
193 3200 332 3236 σκομεν,
349 3182 429 3221 ὅταν
445 3182 484 3220 τὸ
501 3181 632 3234 πράξας
649 3183 746 3228 δηλοῖ
768 3186 841 3227 [od.
860 3190 895 3228 Σ,
915 3185 977 3227 197]

316 3279 335 3315 ἡ
353 3277 406 3318 μὲν
420 3276 466 3317 ἂρ’
482 3276 522 3312 ὣς
537 3275 635 3316 {pind
648 3275 826 3312 ὰπεῧήσατο
840 3275 890 3306 δῖα
904 3274 1013 3306 θεάων.

195 3355 234 3393 τὸ
254 3353 289 3392 δὲ
305 3353 361 3391 ἐπὶ
378 3355 438 3398 τῆς
454 3353 591 3404 εἱρκτῆς
608 3351 737 3394 δασέως
757 3350 930 3400 Ἀττικοί.)

251 3426 314 3451 332.
344 3410 482 3462 εἴσομαι
501 3411 531 3448 δ’
551 3412 671 3460 ὓμῶνε
694 3408 835 3448 Ψίαθον
859 3409 1037 3461 ἀνθράκων
1062 3409 1232 3462 προσενή-

1255 317 1367 353 νοχεν,
1383 301 1420 339 ὅν
1438 317 1522 354 φησι
1536 302 1646 339 παῖδα
1662 295 1750 339 εἶναι
1770 303 1837 339 τῶν
1856 301 2052 354 Ἀχαρνέων
2075 302 2167 341 πάνυ
2186 318 2298 354 κωμι-

1256 360 1411 398 κώτατα.
1429 358 1484 409 (τὰ
1501 358 1536 396 δὲ
1551 359 1688 410 μεγάλα
1702 359 1796 406 πάθη
1814 360 2000 404 ὑποπαίζει
2012 363 2074 406 τῆς
2087 361 2300 414 τραγῳδίας,

1257 418 1333 455 ἐπεὶ
1347 418 1407 455 καὶ
1424 419 1441 454 ὃ
1461 417 1620 469 Τήλεφος
1641 417 1732 455 κατὰ
1754 417 1811 455 τὸν
1831 418 2089 471 τραγῳδοποιὸν
2110 418 2300 471 Αἰσχύλον,

1256 475 1313 513 ἵνα
1332 475 1422 527 τύχῃ
1446 475 1545 527 παρὰ
1568 481 1638 519 τοῖς
1660 473 1815 522 Ἕλλησι
1841 476 2031 527 σωτηρίας,
2055 477 2113 515 τὸν
2130 477 2301 530 Ὀρέστην

1258 530 1331 586 εἶχε
1351 532 1546 572 συλλαὸών.
1562 533 1810 586 παραπλήσιον
1831 534 1867 571 δέ
1885 550 1918 571 τι
1932 534 1991 571 καὶ
2009 536 2042 572 ἐν
2064 538 2139 579 ταῖς
2158 537 2299 585 Θεσμο-
2319 549 2336 575 5

1259 591 1501 646 φοριαζούσαις
1533 591 1709 638 ἐποίησεν.
1747 594 1765 629 ὃ
1800 589 1868 643 γὰρ
1903 592 2095 643 Εὐριπίδου
2133 591 2304 640 κηδεστὴς

1259 650 1482 702 Μνησίλοχος
1494 648 1801 699 ἐπιδουλευόμενος
1811 649 1908 701 παρὰ
1919 652 1986 687 τῶν
1997 653 2182 701 γυναικῶν,
2196 650 2303 688 ἀσκὸν

1262 709 1420 762 ἁρπάσας
1437 708 1534 761 παρά
1552 723 1640 752 τινος
1654 706 1815 759 γυναικὸς
1830 709 1875 751 ὡς
1889 707 1928 745 ἂν
1949 708 2086 747 παιδίον
2102 711 2305 747 ἀποκτεῖναι

1263 767 1435 820 βούλεται.
1450 767 1489 804 τὸ
1507 766 1542 804 δὲ
1557 766 1696 817 εἴσομαι
1711 765 1785 804 ἀντὶ
1799 769 1858 803 τοῦ
1875 764 2068 818 γνώσομαι·
2083 770 2130 810 ὡς
2145 767 2207 805 καὶ
2221 767 2306 820 παρ’

1261 826 1412 879 Ὁμήρῳ
1428 831 1480 873 [11.
1496 834 1535 873 Θ,
1550 830 1615 872 532]
2327 844 2360 869 ιο

1385 896 1526 937 εἵσομαι,
1540 885 1609 927 α’ίκε
1624 896 1655 936 μ’
1670 896 1687 926 ὁ
1702 894 1847 932 Τυδείδης
1860 895 2004 937 κρατερὸς
2017 895 2199 936 Διομήδης.)

1315 967 1380 994 333.
1410 956 1427 992 ὃ
1444 954 1571 1013 λάρκος
1588 953 1740 1004 δημότης
1756 966 1764 992 z
1781 952 1932 1003 Πλέγμα
1950 968 1983 990 τι
1999 953 2183 1006 κοφινῶδες
2198 951 2221 1000 ἢ
2235 954 2312 1006 ψια-

1263 1014 1384 1059 θῶδες,
1403 1014 1437 1050 ἐν
1456 1015 1484 1065 ᾧ
1506 1011 1646 1065 φέρουσι
1667 1010 1743 1054 τοὺς
1760 1010 1946 1062 ἄνθρακας.

1317 1084 1379 1110 334.
1410 1072 1581 1122 μηδαμῶς
1612 1063 1640 1108 ῶ
1676 1071 1848 1120 μηδαμῶς
1885 1083 1893 1108 :
1925 1072 2038 1108 Τοῦτο
2071 1068 2314 1116 ἀποσιώπησις
2337 1091 2339 1093 ·

1264 1130 1435 1168 καλεῖται.
1468 1129 1558 1181 ἔχεις
1588 1128 1648 1166 καὶ
1677 1127 1775 1181 παρὰ
1805 1127 2020 1178 Δημοσθένει
2050 1133 2097 1176 [p.
2121 1141 2191 1175 232,
2205 1133 2253 1175 20]
2273 1127 2312 1166 τὸ
2333 1149 2365 1174 15

1265 1187 1381 1239 ὅμοιον
1401 1206 1415 1221 «
1431 1187 1507 1225 ἀλλ’
1524 1180 1552 1225 ῶ
1572 1186 1604 1224 τί
1623 1186 1663 1223 ἄν
1682 1202 1721 1224 σε
1737 1201 1787 1229 τις
1804 1185 1910 1224 εἰπὼν
1923 1188 2030 1238 ὀρθῶς
2048 1186 2250 1239 προσείποι;
2271 1205 2286 1220 υ

1318 1259 1380 1284 336.
1412 1246 1552 1288 ἀπολεῖς
1576 1244 1645 1297 ἄρα
1664 1244 1721 1282 τὸν
1751 1244 1856 1290 ἥλικα
1881 1243 2010 1284 εἬτοι
2037 1244 2095 1282 τὸν
2123 1243 2266 1295 λάρκον,
2291 1242 2314 1291 ἢ

1267 1304 1328 1354 ἐμὲ
1347 1304 1403 1342 τὸν
1425 1307 1486 1341 σοῦ
1505 1305 1611 1342 αὐτοῦ
1632 1303 1737 1349 ἥλικα
1749 1333 1759 1350 ,
1783 1302 1840 1339 διὰ
1857 1305 1918 1349 τῆς
1938 1306 1998 1341 τοῦ
2014 1302 2146 1356 λάρκου
2165 1305 2314 1356 σφαγῆς.

1269 1363 1406 1413 (διπλαῖ
1424 1361 1458 1399 δὲ
1477 1361 1547 1399 δύο.
1568 1359 1590 1406 ἢ
1607 1360 1659 1398 ὅτι
1680 1364 1701 1407 ἡ
1720 1361 1821 1413 ἑτέρα
1843 1360 1966 1398 ἕπεται
1983 1360 2082 1407 δυὰς,
2099 1365 2121 1407 ἡ
2142 1361 2317 1413 ἀντιστρέ-

1268 1436 1378 1472 φουσα
1394 1423 1437 1471 τῇ
1459 1418 1715 1471 ἀποδεδομένη,
1738 1414 1779 1466 ῆς
1800 1422 1821 1465 ἡ
1840 1419 1931 1471 ἀρχὴ
1958 1438 1971 1453 «
1994 1422 2040 1463 ὡς
2057 1422 2236 1458 ἀποκτενῶ
2255 1419 2317 1457 κέ-
2337 1438 2372 1463 20

1268 1481 1412 1532 κραχθε.
1443 1497 1458 1511 »
1475 1477 1572 1522 τέλος
1595 1477 1631 1515 δὲ
1655 1481 1717 1524 τῆς
1740 1476 1881 1530 πρώτης
1899 1496 1914 1510 «
1930 1479 1968 1516 οὗ
1994 1477 2165 1530 προδώσω
2183 1478 2282 1518 ποτέ.
2302 1496 2317 1513 »

1268 1541 1329 1584 τῆς
1347 1537 1382 1575 δὲ
1399 1537 1558 1589 δευτέρας
1575 1555 1591 1570 rt
1610 1540 1653 1587 τῆ
1677 1539 1808 1590 στροφῇ
1825 1535 1968 1588 γίνεται.
1988 1538 2019 1588 »)

1323 1609 1387 1635 338.
1420 1595 1511 1633 ἀλλὰ
1527 1599 1586 1633 νῦν
1599 1595 1685 1647 λέγ’,
1705 1595 1736 1633 εἴ
1755 1609 1809 1632 σοι
1831 1608 1840 1633 :
1862 1594 2132 1649 Ἐπιτρέπουσιν
2151 1597 2246 1650 αὗτῷ
2265 1595 2322 1635 λέ-

1270 1669 1355 1705 γειν,
1370 1653 1426 1691 ἵνα
1448 1654 1549 1705 μόνον
1572 1656 1643 1706 ἀφῇ
1662 1654 1720 1691 τὸν
1745 1652 1888 1707 λάρκον.

1325 1725 1388 1751 339.
1419 1712 1471 1750 ὅτι
1484 1715 1533 1765 τῷ
1553 1712 1670 1765 τρόπῳ
1692 1715 1752 1750 σοῦ
1768 1712 1852 1750 ’στιν
1872 1725 1880 1750 :
1897 1711 1988 1750 Ἀντὶ
2004 1715 2063 1750 τοῦ
2078 1711 2152 1750 εἰπὲ
2172 1712 2232 1750 καὶ
2249 1712 2318 1768 ὅτῳ
2339 1734 2374 1759 25

1272 1770 1392 1824 τρόπῳ
1412 1774 1429 1809 ὃ
1447 1770 1724 1822 Λακεδαιμόνιός
1745 1770 1820 1808 ἐστί
1842 1786 1894 1808 σοι
1914 1771 2022 1823 φίλος.
2043 1770 2064 1817 ἢ
2085 1771 2204 1815 οὕτως·
2226 1771 2321 1821 εἰπὲ,

1272 1829 1305 1867 τί
1327 1845 1387 1868 σου
1404 1835 1456 1885 τῷ
1466 1830 1584 1882 τρόπῳ
1604 1829 1701 1882 φίλον
1719 1828 1792 1866 ἐστὶ
1809 1828 1889 1881 περὶ
1906 1830 2202 1880 Λακεδαιμονίων.
2220 1830 2271 1881 (τὸ
2285 1830 2321 1869 δὲ

1274 1886 1384 1925 ἑνικὸν
1399 1887 1476 1925 ἀντὶ
1486 1891 1546 1925 τοῦ
1560 1888 1791 1933 πληθυντικοῦ
1806 1886 2063 1939 προηνέγκατο,
2079 1887 2155 1926 ἀντὶ
2169 1892 2228 1926 τοῦ
2242 1889 2323 1941 περὶ

1274 1945 1575 1995 Λακεδαιμονίων.
1598 1945 1637 1983 τὸ
1658 1944 1774 1996 ὅμοιον
1792 1945 1851 1983 καὶ
1871 1945 1969 1998 παρὰ
1994 1948 2043 1997 τῷ
2063 1946 2180 1999 ῥήτορι
2208 1948 2244 1985 ἐν
2272 1949 2323 2000 τῷ

1274 2003 1403 2057 πρώτῳ
1423 2006 1490 2041 τῶν
1512 2005 1739 2042 Φιλιππικῶν
1760 2009 1815 2052 [p.
1841 2017 1893 2054 13,
1914 2016 1931 2041 4
1950 2006 1967 2043 ⁸?
1983 2009 1996 2051 ]
2015 2023 2031 2038 «
2050 2004 2142 2042 ἀλλὰ
2166 2003 2236 2056 μὴν
2261 2005 2319 2051 τόν
2341 2023 2377 2050 30

1275 2078 1315 2114 γε
1333 2061 1470 2101 Παίονα
1485 2061 1545 2100 καὶ
1561 2061 1740 2115 Ἰλλυριόν.
1761 2064 1789 2112 „)

1330 2134 1393 2159 341.
1423 2119 1607 2173 ἐξεράσατε
1635 2134 1644 2159 :
1672 2119 1762 2158 Ἀντὶ
1785 2123 1845 2159 τοῦ
1875 2119 2112 2170 ἐκκενώσατε,
2138 2121 2324 2171 ἐκὸάλετε,

1278 2179 1506 2233 ἀπορρίψατε.
1533 2179 1725 2227 πεποίηται
1747 2178 1784 2217 δὲ
1808 2183 1830 2226 ἠ
1850 2178 1938 2224 λέξις
1961 2179 2031 2218 ἀπὸ
2049 2183 2110 2227 τῆς
2127 2180 2224 2235 ἔρας,
2246 2197 2325 2220 του-

1277 2237 1372 2276 τέστι
1391 2241 1453 2284 τῆς
1468 2240 1543 2289 γῆς.

1330 2311 1395 2336 342.
1426 2296 1532 2335 οὑτοιί
1552 2313 1605 2335 σοι
1624 2296 1740 2348 χαμαί
1760 2310 1769 2336 ;
1792 2298 1968 2350 Κωμῳδεῖ
1989 2296 2049 2335 καὶ
2069 2297 2224 2351 διασύρει
2247 2297 2325 2343 τοὺς
2343 2319 2379 2345 35

1278 2355 1476 2402 Ἀθηναίους
1504 2357 1550 2401 ὡς
1576 2355 1636 2394 καὶ
1664 2355 1801 2408 ταχέως
1833 2354 2067 2407 θυμουμένους
2100 2355 2160 2394 καὶ
2192 2356 2328 2409 ταχέως

1278 2415 1506 2465 παυομένους.
2375 2456 2377 2458 ¹

1331 2486 1396 2512 345.
1428 2471 1518 2510 ἀλλὰ
1540 2471 1692 2510 κατάθου
1718 2471 1757 2509 τὸ
1785 2471 1912 2524 βέλοςζ
1938 2471 2160 2523 Σημειωτέον
2187 2471 2240 2510 ὅτι
2265 2472 2328 2511 ἐπὶ

1279 2531 1394 2584 ξίφους
1408 2530 1447 2568 τὸ
1467 2531 1564 2583 βέλος
1577 2530 1718 2568 τέθεικε.
1738 2530 1811 2579 (καὶ
1825 2529 1925 2581 “Ομη
1932 2546 1987 2583 ρος
2000 2536 2070 2568 πᾶν
2085 2530 2124 2568 τὸ
2148 2530 2326 2583 βαλλόμε-

1279 2591 1363 2640 νον.)
2344 2615 2381 2642 40

1334 2659 1400 2686 343.
1433 2645 1643 2697 ἐγκάθηνταί
1666 2661 1733 2684 που
1760 2645 1849 2684 λίθοι
1873 2659 1882 2686 :
1908 2645 2208 2700 Ἔγκεκρυμμένοι
2223 2646 2327 2686 εἰσίν·

1281 2707 1312 2744 οἱ
1331 2705 1398 2758 γὰρ
1415 2703 1647 2756 κρυπτόμενοι
1665 2704 1916 2751 ὓποκάθηνται.

1335 2777 1399 2802 344.
1429 2762 1645 2801 ἐκσέσεισται
1664 2775 1673 2801 :
1688 2762 1739 2801 Ἢ
1756 2765 1773 2800 ὁ
1789 2763 1934 2810 κόλπος,
1950 2760 1972 2809 ἢ
1990 2765 2008 2800 ὁ
2026 2762 2167 2816 τρίὸων.

1335 2836 1398 2862 346.
1427 2825 1474 2865 ὡς
1498 2821 1554 2860 ὅδε
1570 2837 1609 2872 γε
1631 2820 1764 2864 σειστός
1792 2834 1800 2860 2
1822 2821 2051 2874 (Χορεύουσιν
2073 2821 2148 2872 ἅμα
2163 2822 2329 2875 καὶᾋιόρ-

1283 2884 1374 2921 δακα
1392 2881 1630 2920 ἐνδείκνυνται.
1647 2880 1686 2918 τὸ
1701 2880 1886 2932 λεγόμενον
1899 2880 2007 2924 οὕτως
2026 2880 2083 2918 ἐπὶ
2097 2884 2159 2928 τῆς
2170 2886 2328 2933 κωμικῆς
2346 2906 2382 2932 45

1283 2940 1490 2994 ὀρχήσεως.)
1507 2938 1799 2991 ἀναστρεφόμενοι
1821 2938 1857 2976 δὲ
1882 2938 2154 2978 ἀποτινάσσουσι
2167 2940 2246 2984 τοὺς
2266 2957 2328 2994 χι-

1284 3003 1413 3046 τῶνας,
1429 2998 1690 3041 ἀποδεικνύντες
1705 3000 1750 3040 ὡς
1765 2997 1897 3048 μηδένα
1910 2999 1978 3034 τῶν
1991 2997 2094 3036 λίθων
2109 3001 2331 3052 ἀποκεκρυμ-

1287 3059 1389 3111 μένον
1403 3057 1534 3110 ἔχουσι.
1551 3056 1701 3107 (λέγεται
1719 3055 1754 3093 δὲ
1775 3055 1906 3109 στροφή
1928 3059 1997 3095 τῶν
2011 3057 2133 3096 κώλων
2149 3057 2188 3096 τὸ
2200 3057 2329 3106 σύστη-

1289 3134 1352 3170 μα.
1369 3116 1539 3170 γράφεται
1557 3115 1617 3153 καὶ
1635 3114 1843 3168 στρόφιγγι.)

1341 3189 1406 3215 347.
1436 3173 1591 3225 ἐμέλλετ’
1617 3173 1686 3226 ἄρα
1712 3187 1721 3212 :
1749 3172 1972 3211 Ἠθικώτατα
2003 3173 2063 3212 καὶ
2086 3174 2218 3226 ἥδιστα
2244 3173 2331 3227 πρὸς
2349 3203 2383 3229 50

1288 3234 1366 3279 τοὺς
1380 3236 1414 3272 ἐν
1424 3236 1473 3285 τῷ
1486 3233 1607 3285 λάρκῳ
1622 3232 1793 3285 ἄνθρακας
1808 3231 2021 3283 διαλέγεται,
2038 3231 2160 3283 (λέγων
2170 3231 2222 3270 ὅτι
2233 3233 2334 3282 ἐμέλ-

1289 3294 1368 3331 λετε
1394 3290 1481 3342 μετὰ
1503 3293 1583 3342 βοῆς
1606 3290 1788 3338 ἀνασείειν,
1820 3294 1864 3335 ὡς
1889 3294 1950 3337 τῆς
1971 3295 2031 3329 τοῦ
2053 3290 2183 3343 λάρκου
2207 3289 2332 3343 ῥήξεως

1261 3364 1268 3414 γ
1293 3350 1381 3402 μετὰ
1396 3352 1476 3401 βοῆς
1489 3349 1680 3399 μελλούσης
1696 3348 1861 3399 γίνεσθαι.
1878 3373 1930 3378 -
1944 3349 2101 3400 ἐμέλλετ’,
2111 3348 2179 3401 ἄρα
2189 3347 2315 3393 πάντες
2320 3378 2334 3397 ,

1294 3411 1350 3462 ὑφ’
1364 3408 1382 3447 ὃ
1399 3409 1525 3459 διπλῆ,
1540 3407 1599 3445 καὶ
1614 3409 1648 3445 ἐν
1664 3407 1809 3447 εἷσθέσει
1823 3408 1934 3460 στίχοι
1951 3407 2110 3458 ἰαμὸικοὶ
2126 3407 2198 3458 ια’.)
