2533 3808
210 806 241 830 10

209 1097 240 1121 15

205 1395 240 1417 *20

204 2359 240 2384 35

207 2653 244 2677 40

209 2945 242 2970 45

213 3231 246 3253 ῠΙὶ

268 198 341 230 300

316 291 379 315 848.
407 274 518 326 τυφὼς
541 274 606 325 γὰρ
633 273 782 311 ἐκδαίνει
809 287 817 311 :
848 267 943 323 (Οἷον
968 273 1098 325 ἀθρόως
1119 274 1323 312 ἐκδαίνειν

265 335 408 385 μέλλει.)
423 333 499 374 τοὺς
516 332 550 368 δὲ
571 330 828 381 καταιγιδώδεις
848 330 992 380 ἀνέμους
1009 331 1120 383 τυφὼς
1136 334 1290 370 καλοῦσι.

262 390 371 442 τούτῳ
400 389 552 438 ἐνόμιζον
583 387 715 438 μέλανα
737 388 822 440 ἄρνα
851 388 1003 440 σφάζειν,
1024 389 1115 432 ὅπως
1145 389 1230 440 λήξῃ
1252 390 1290 427 τὸ

262 451 409 495 πνεῦμα.
433 448 479 489 εἷς
497 445 554 482 τὸν
574 445 748 496 Αἰσχύλον
771 444 806 482 δὲ
827 450 937 483 τοῦτο.

311 517 372 542 849.
403 497 430 540 ῶ
448 502 625 555 Κρητικὰς
643 503 730 553 μὲνε
749 504 772 553 (²
776 505 824 541 Εν
837 503 903 555 γὰρ
917 506 986 546 τοῖς
1003 504 1137 556 Κρησὶν
1152 504 1289 556 Ἴκαρον

263 563 480 612 μονωδουντα
500 561 650 608 ἐποίησε.
695 561 768 611 καὶ)
791 563 822 598 οἱ
846 560 907 611 μὲν
928 563 1006 604 εἰς
990 561 1053 608 τὴν
1073 578 1131 599 του
1152 562 1287 621 Ἰκάρου

261 619 431 671 μονῳδίαν
452 621 485 656 ἐν
503 622 571 662 τοῖς
586 619 711 671 Κρησί.
733 618 937 670 θρασύτερον
955 618 1020 671 γὰρ
1042 620 1132 656 δοκεῖ
1152 623 1237 656 εἰναι
1250 620 1289 657 τὸ

259 680 457 732 πρόσωπον.
488 677 713 720 Ἀπολλώνιος
741 677 797 724 δὲ,
824 677 874 714 ὅτι
902 676 1044 714 δύναται
1070 678 1129 714 καὶ
1155 680 1200 720 εἷς
1226 677 1288 724 τὴν

260 736 424 789 Ἀερόπην
440 735 502 783 τὴν
519 738 554 773 ἐν
574 736 647 778 ταῖς
666 735 845 787 Κρησσαις
865 737 1037 787 εἷρησθαι·
1060 735 1102 781 ἣν
1126 735 1289 786 εἶσηγαγε

260 794 502 847 πορνεύουσαν.
524 799 622 845 οἶμαι
642 793 677 831 δε
698 793 753 832 διὰ
767 793 811 831 τὰ
832 795 865 830 έν
881 810 930 831 τι)
948 793 1074 831 Αἷό)ω.
1091 794 1290 844 Τιμαγίδας

261 853 315 899 δὲ,
342 853 398 891 διὰ
414 852 475 900 τὴν
503 855 549 902 (εν
568 854 637 896 τοῖς
658 851 785 903 Κρησι)
810 851 899 901 μίξιν
923 851 1111 903 Πασιφάης
1129 867 1213 904 προς
1233 867 1288 889 τον

258 926 395 964 ταυρον.
477 909 580 963 [Ἄλλ
582 927 638 954 ως.
660 912 697 948 ἐκ
710 913 776 948 τῶν
797 911 831 946 ἐν
845 912 894 960 τῷ
911 909 1028 961 Αἰόλῳ
1049 909 1214 960 Κανάχης
1231 909 1289 946 καὶ

259 968 472 1020 Μακαρέως,
496 967 583 1015 ἢ,“
559 985 604 1011 ως
621 984 729 1017 τινες,
750 967 889 1013 Δανάης
904 966 963 1004 καὶ
984 966 1173 1018 Μεγαρέως
1194 967 1252 1003 οἰδΞ
1241 968 1290 1003 -λ-

260 1029 342 1079 φῶν.
364 1025 473 1063 ἐδόκει
493 1026 560 1078 γὰρ
588 1027 656 1069 τοῖς
678 1026 838 1067 παλαιοῖς
857 1024 949 1061 πάνυ
975 1024 1072 1074 ἐναγὲ
1076 1041 1090 1067 ς
1108 1029 1194 1061 εἰναι
1215 1027 1290 1066 ταῖς

263 1085 424 1136 ἀδελφαῖς
457 1084 653 1134 μίγνυσθαι.
682 1083 704 1129 ἢ
725 1083 777 1120 ὅτι
807 1086 828 1127 ἦ
851 1083 1015 1135 Φαίδρα,

259 1141 582 1195 ε’δραματούργησε,
615 1145 763 1193 Κρῆσσα
798 1137 852 1188 ἦν.
882 1141 941 1179 καὶ
975 1140 1107 1191 γάμους
1137 1138 1290 1181 ἀνοσίους

260 1201 371 1252 λέγει,
392 1200 447 1238 διὰ
467 1200 506 1238 τὸ
529 1200 637 1246 αὐτὴν
667 1201 853 1250 ἐρασθῆναι
874 1198 934 1249 μὲν
960 1196 1186 1244 Ἱππολύτου,
1214 1197 1249 1234 ὃν
1274 1200 1291 1234 6

261 1259 398 1305 Θησεὺς
417 1258 450 1302 ἐξ
471 1257 681 1302 Ἱππολύτης
697 1257 797 1308 ἔσχε,
820 1263 898 1307 μιᾶς
919 1259 985 1293 τῶν
1007 1254 1217 1304 Ἀμαζόνων,
1240 1254 1287 1304 μὴ

262 1318 398 1363 δυνηεθ
387 1333 461 1354 ισαν
481 1315 516 1353 63
535 1315 672 1353 τελέσαι
690 1330 746 1352 τον
775 1314 886 1366 ἔρωτα
919 1313 974 1350 διὰ
994 1313 1056 1358 τὴν
1082 1312 1289 1350 Ἱππολύτου

262 1374 499 1427 σωφροσύνην,
517 1373 647 1424 ἀγχόνῃ
664 1371 895 1425 >gp-flmmeum]

310 1447 374 1471 852.
404 1432 553 1483 πόνηρον
569 1429 747 1468 ἐνταυθαῆ
729 1447 750 1475 η
766 1445 822 1467 τον
837 1426 942 1466 κακὸν
962 1429 1050 1475 νοεῖ,
1068 1427 1209 1479 εὕρηται
1224 1426 1290 1479 γὰρ

259 1507 317 1528 και
339 1490 446 1532 οὕτως
461 1520 470 1537 ,
490 1488 511 1535 ἢ
531 1488 588 1526 τὸν
605 1487 769 1539 γεωργόν.
791 1494 883 1524 Cant.
905 1501 930 1525 1.

309 1561 372 1586 854.
402 1546 458 1584 ἵνα
480 1545 528 1596 μὴ
545 1545 723 1598 κεφαλαίῳ
743 1559 751 1584 :
776 1544 864 1582 Ἀντὶ
884 1547 944 1581 τοῦ
965 1543 1071 1594 ἁδρῷ.
1089 1541 1149 1580 καὶ
1165 1544 1198 1580 ἓν
1220 1543 1289 1580 Νε-

257 1606 375 1658 φέλαις
394 1606 477 1656 [981]
496 1604 681 1656 κεφάλαιον
703 1604 905 1656 ῥαφανῖδος,

1046 1087 1086 1129 ἧς
1113 1098 1152 1119 το
1185 1082 1291 1125 πάθος

327 1725 389 1755 οὐδ’
407 1724 526 1755 ἑλέσθαι
543 1721 709 1753 δειπνοῦντ’
726 1720 792 1757 ἐξῆν
805 1719 969 1760 κεφάλαιον
982 1722 1035 1756 τῆς
1050 1718 1218 1759 ῥαφανῖδος.

310 1821 487 1875 κεφαλαίι)
513 1834 522 1859 :
550 1821 735 1871 Καθολικι)
758 1819 816 1856 καὶ
844 1817 998 1869 μεγάλιι.)
1022 1824 1082 1853 Br.
1104 1814 1290 1886 κεφάλαιόν

257 1897 296 1918 εσ
299 1897 330 1918 τι
349 1880 388 1917 τὸ
406 1895 490 1931 προς
510 1878 553 1916 τὰ
574 1877 687 1930 φύλλα
709 1877 895 1918 καυλωδες.
923 1891 985 1912 ουκ
1003 1873 1123 1923 ἔτεμον
1145 1872 1181 1909 δε
1199 1888 1290 1909 κατα

258 1955 368 1989 μηκος
384 1940 429 1980 ὡς
441 1940 511 1982 νῦν,
530 1935 620 1973 ἀλλὰ
639 1950 729 1972 κατα
745 1933 871 1971 κύκλον
890 1933 951 1975 τὰς
972 1933 1172 1984 ραφανῖδας.
1205 1938 1229 1967 1
1232 1938 1287 1965 iet.

310 2011 373 2035 855.
404 1994 507 2046 ἐκχέῃ
529 1994 585 2031 τὸν
606 1993 765 2044 Τήλεφον
789 2006 796 2030 :
817 1991 954 2029 Ὡσανε
950 2007 959 2027 ι
980 2006 1043 2042 εφη
1064 1989 1157 2026 τὸν
1143 1987 1291 2039 ἐγκέφα-

259 2057 327 2092 λ.ον
347 2054 513 2091 ἰδιώτατα
531 2053 566 2088 δὲ
586 2051 642 2088 τὸν
661 2051 822 2102 Ἰήλεφον
841 2050 1014 2100 κωμῳδεῖ.

309 2127 372 2151 857.
403 2111 516 2161 ἔλεγχ’
540 2109 655 2155 αὐτὸν,
677 2107 819 2158 ἐλέγχου
839 2107 922 2158 παρ’
939 2121 1054 2143 αυτου.
1078 2113 1111 2142 C.
1134 2113 1175 2142 D.

311 2186 374 2209 859.
404 2168 523 2221 ὥσπερ
540 2173 688 2218 πρῖνοςτ
708 2165 793 2204 Οτι
817 2168 838 2210 ἡ
859 2170 976 2216 πρῖνος
995 2161 1162 2212 καιομένη
1183 2160 1290 2213 ψόφον

257 2235 358 2267 ποιεῖ.
380 2248 425 2253 —-
446 2226 518 2264 ἔστι
538 2225 573 2263 δὲ
593 2228 614 2270 ἡ
641 2229 756 2276 πρῖνος
781 2222 907 2266 ξύλον
897 2220 1115 2273 πικρότατον.
1137 2228 1173 2257 R
1190 2227 1228 2256 V.
1251 2227 1289 2256 Θ.

312 2301 375 2326 861.

312 2360 374 2385 862.
403 2343 447 2381 τὰ
466 2342 650 2394 κεφάλαια.
671 2349 709 2378 R.

312 2417 378 2441 864.
409 2401 489 2439 κᾶτι
518 2399 614 2449 μάλα
633 2399 691 2436 τὸν
720 2398 880 2450 Τήλεφον
911 2410 919 2435 :

260 2460 438 2513 κωμῳδεῗς
456 2458 629 2509 Τήλεφον,
649 2459 694 2499 εἰς
712 2455 816 2506 μέσον
837 2455 929 2508 φέρε.

313 2533 377 2557 868.
408 2515 482 2561 ὁτιὴ
503 2515 640 2560 ποίησις
660 2514 737 2564 0672
758 2513 980 2558 συντέθντκεν
1001 2526 1010 2550 z
1030 2511 1135 2549 Fue<
1157 2527 1200 2547 τα
1224 2512 1292 2547 Ἀἰ-

261 2577 390 2647 σζύλου
414 2573 624 2626 ἐψηφίσαντο
641 2571 779 2608 διδάσκε
767 2586 826 2608 ειν.
845 2571 1063 2619 κομπῶμδες
1045 2584 1080 2606 03
1097 2583 1197 2605 τουτο
1215 2583 1278 2619 εφη

405 2288 450 2328 ὼς
469 2284 527 2321 ἐπὶ
551 2281 797 2335 ἀλεκτρυόνων.
817 2289 854 2318 R.
872 2289 910 2318 V.

948 2396 1046 2435 Ὡσεὶ
1065 2396 1130 2448 ἔφη
1145 2424 1156 2445 ,
1177 2394 1236 2432 καὶ
1256 2393 1291 2430 δν

262 2640 329 2674 τῶν
348 2633 415 2685 γὰρ
433 2632 584 2669 δυνατων
605 2645 664 2666 και
687 2627 774 2678 μετὰ
791 2628 935 2665 θάνατον
957 2627 1096 2678 ᾅδονται
1120 2624 1164 2662 τὰ
1188 2625 1269 2670 from-'¹
1273 2647 1294 2653 -

906 2684 964 2722 H.
986 2693 1026 2721 D.

863 2745 1155 2780 Συναποθανουσα
1184 2739 1288 2790 πάρε-

263 2709 369 2747 ματα.
391 2718 440 2725 -
457 2688 562 2734 &vt-h:
586 2688 694 2725 Διότι.
720 2685 883 2731 ποίησις;

314 2765 377 2789 869.
407 2747 518 2799 τούτι)
538 2745 574 2783 δὲ
603 2743 808 2790 συντεθνηκε
830 2756 839 2781 2

262 2827 335 2850 στιν
351 2806 471 2847 ἐνθάδε
491 2807 524 2842 ἐν
545 2820 594 2842 τι)
611 2801 698 2858 ᾍδῃ
712 2832 720 2848 ,
737 2817 796 2838 και
817 2800 882 2845 ἕξει
903 2798 1009 2845 αὐτην
1025 2798 1234 2869 {6fkgm7w

315 2881 379 2918 874.
409 2865 506 2916 ὑμεῖς
523 2862 558 2900 63
579 2867 653 2904 ταῖς
673 2859 868 2901 Μούσαις;
891 2857 984 2909 Πρὸς
1003 2856 1059 2894 τὸν
1078 2855 1194 2908 χορόν.
1222 2869 1293 2891 ισον

263 2942 311 2964 τι)
330 2923 530 2976 προᾴσατε,
548 2923 594 2962 ως
613 2923 776 2970 ὑπογραμ
781 2916 861 2967 μὸς,
878 2931 944 2988 πρρ
947 2931 1051 2968 γραμ
1036 2914 1108 2957 .υ.ός
1124 2929 1173 2956 τις
1193 2928 1253 2950 ων.

286 3032 288 3035 .
315 2998 377 3023 875.
408 2980 506 3033 [Διὸς
528 2977 624 3016 ἐννέα
655 2975 849 3028 ’Κορωνὶς
877 2975 937 3013 καὶ
970 2974 1113 3015 εἴσθεσις
1142 2969 1293 3023 ἓπῳδικὴ

264 3042 319 3080 διὰ
334 3056 372 3078 το
391 3038 478 3089 μετὰ
497 3036 560 3082 τὴν
579 3034 747 3088 κορωνίδα
767 3034 968 3079 τίθεσθαι,
953 3048 991 3070 εκ
1010 3030 1128 3069 κώλων
1147 3031 1295 3066 ἀναπαι-

265 3101 388 3137 στικῶν
410 3095 471 3147 μὲν
485 3094 664 3168 διμέτρων
683 3094 926 3144 ἑφθημιμερῶν
947 3089 1038 3127 κατὰ
1054 3105 1114 3131 τας
1133 3086 1295 3138 περιττὰς

265 3156 398 3208 γώρας,
412 3152 503 3191 κατὰ
518 3152 553 3189 δὲ
570 3167 629 3194 τας
647 3150 765 3202 ἀρτίας
785 3149 1062 3186 ἀντισπαστικων
1078 3144 1277 3196 ἡμιολίων
1263 3161 1296 3188 ες

269 3218 380 3264 ἐπιτρι
373 3212 441 3248 ὀτου
464 3209 649 3260 τετάρτου,
669 3207 691 3253 ἢ
717 3223 776 3245 και
796 3204 1102 3250 πεντασυλλάὸου,
1120 3202 1211 3248 πλὴν
1237 3218 1296 3239 του

265 3267 549 3329 τρισκαιδεκάτου
564 3266 731 3316 ἰαιιὸικου
747 3267 897 3316 καθαροῦ
915 3262 1009 3305 ὄντος
1022 3263 1294 3332 ἑφθημιμεροῧς·

561 3323 614 3338 νιχ
657 3322 684 3336 *xx

268 3331 308 3381 ἐφ
338 3332 365 3380 ᾧ
385 3341 535 3379 ΧΟρωῚῐς.
558 3340 633 3370 Ξςης
654 3339 688 3360 ΟΞ
708 3322 869 3371 δύστημα
887 3319 976 3359 κατὰ
995 3317 1185 3371 περῑγθπὴν
1204 3320 1299 3366 ἇμΟῑ·
1328 3327 1329 3336 ’

1324 3196 1328 3217 ἰ

1326 3245 1328 3263 Ι

1028 189 1278 227 SCHOLIA
1317 192 1376 229 IN
1415 192 1613 232 RANAS.

1321 276 1463 318 δαῖον.
1484 280 1514 314 οἱ
1544 278 1578 315 δὲ
1607 278 1719 346 στίγὲοι
1751 278 1906 328 ἰαμέικοὶ
1939 278 2115 331 τρίμετροι
2147 281 2235 317 ἀκατ
2217 279 2291 317 wi)-
2284 295 2381 326 ϊκτοι

1351 334 1385 370 63
1374 333 1450 371 -’·κα
1468 338 1515 371 ὡν
1534 337 1726 378 τελευταῖος

1514 435 1607 474 ὀρθῶς
1625 436 1655 475 μ’
1673 436 1819 476 ἐλέγχειν,
1840 438 1882 468 ὧν
1893 439 1928 468 ἂν
1943 439 2087 479 ἅπτωμαι
2105 440 2214 478 λόγων.

1349 522 1406 560 ἐπὶ
1425 525 1473 574 τῷ
1490 523 1580 561 τέλει
1597 524 1856 578 παράγραφος.]]
1878 551 1928 555 -
1946 529 2021 565 ἀντὶ
2041 533 2100 566 τοῦ
2121 530 2319 582 θυγατέρες.
2343 538 2381 567 R.

1349 589 1429 617 Ven.

1402 653 1464 677 876.
1493 639 1571 691 περὶ
1591 639 1779 690 Αἰσχύλου.
1799 648 1837 677 R.
1856 649 1895 680 V.

1401 710 1464 735 877.
1495 697 1732 747 γνωμοτύπων
1768 711 1777 736 :
1802 697 1899 749 [Τῶν
1920 698 1980 741 τὰς
1999 700 2128 744 οἰκείας
2152 701 2293 751 γνώμας
2324 702 2381 739 διὰ

1349 756 1415 790 τῶν
1435 753 1547 805 λόγων
1568 754 1776 792 τυπούντιι)ν.
1794 755 1815 800 ἢ
1834 758 1902 792 τῶν
1917 755 2045 799 τύπους
2065 757 2171 800 αὐτὰς
2190 760 2260 802 τοῖς
2276 759 2380 796 ὕστε-

1350 828 1406 864 ρον
1428 813 1773 862 καταλιμπανόντων.
1793 812 1836 865 ἢ]
1857 816 1924 851 τῶν
1944 815 2018 857 ταῖς
2037 814 2191 865 γνώμαις
2211 817 2382 863 ἀλλήλους

1349 869 1557 908 τυπτόντων.

1402 929 1435 964 ὀ
1423 927 1669 983 ζυμερίμνοιςῖ
1689 930 1771 972 Τοῖς
1787 929 1874 980 μετὰ
1892 929 2044 981 σκέψεως
2055 930 2306 982 εὑρισκομένοις
2324 931 2383 968 καὶ

1350 985 1508 1034 ἀσαφέσι.

1401 1057 1463 1081 831.
1496 1043 1634 1095 ῥήματα
1660 1059 1718 1081 και
1743 1044 2052 1097 παραπρίσιιαταξ
2076 1043 2132 1083 Τὰ
2154 1043 2216 1094 μὲν
2242 1043 2382 1097 ῥήματα

1350 1116 1433 1152 προς
1458 1101 1515 1138 τὸν
1547 1102 1736 1152 Αἰσχύλον,
1761 1119 1805 1139 τα
1833 1102 1868 1140 δὲ
1897 1101 2177 1154 παραπρίσματα
2212 1102 2296 1155 πρὸς
2325 1102 2383 1140 τὸν

1353 1159 1541 1210 Εὐριπίδην
1560 1160 1720 1197 λεπτολό
1711 1176 1768 1211 κον
1787 1160 1880 1198 ὄντα.

1403 1230 1464 1254 886.
1490 1216 1658 1288 Δημητερ
1674 1217 1892 1270 ἡθρέίοασαε
1915 1217 2075 1269 Παρόσον
2089 1217 2301 1260 Ἐλευσίνιος
2316 1220 2383 1255 τῶν

1351 1272 1467 1322 δήμων
1488 1277 1528 1319 ἠν
1547 1276 1564 1310 6
1583 1274 1767 1325 Αἰσχύλος.
1790 1274 1871 1326 [ἧς’
1851 1290 1903 1311 οτι
1920 1290 1954 1311 εν
1974 1277 2042 1317 τοῖς
2062 1274 2322 1318 Ἐλευσινίοις
2306 1290 2382 1312 ετε-

1349 1332 1441 1368 λεῖτο
1456 1330 1500 1367 τὰ
1518 1330 1678 1382 δράματα
1699 1347 1755 1368 του
1774 1331 1965 1383 Αἰσχύλου.
1987 1331 2060 1369 ἔστι
2079 1331 2114 1369 δὲ
2134 1347 2234 1370 τουτο
2251 1332 2290 1369 τὸ
2305 1332 2384 1374 ἔπος

1350 1387 1559 1438 Αἰσχύλου]

1402 1458 1465 1483 887.
1495 1445 1604 1482 λείπει
1623 1445 1766 1491 ποίησον
1786 1445 1808 1491 ἢ
1830 1445 1898 1488 δός.
1919 1454 2013 1483 R.M.

1402 1516 1466 1541 888.
1496 1502 1553 1539 τὸν
1569 1502 1714 1555 καρπόν.
1736 1510 1774 1539 R.
1797 1503 1922 1552 (καλῶς
1941 1515 1949 1541 :
1966 1501 2052 1541 “On
2069 1502 2128 1539 καὶ
2144 1505 2201 1540 νῦν
2217 1503 2256 1541 τὸ
2271 1505 2386 1546 καλῶς

1351 1575 1406 1596 επι
1426 1560 1647 1610 παραιτήσει.
1666 1559 1962 1612 ἀποστρεφόμενος
1979 1559 2014 1597 δὲ
2034 1560 2093 1597 καὶ
2113 1561 2386 1611 παραιτούμενος

1350 1619 1367 1653 6
1387 1617 1575 1669 Εὐριπίδης
1594 1617 1686 1668 λέγει
1704 1617 1742 1655 τὸ
1758 1619 1896 1668 καλῶς.)

1403 1689 1465 1713 889.
1495 1675 1603 1728 ἕτεροι
1622 1675 1689 1728 γάρ
1713 1678 1795 1713 εἰσιν
1816 1679 1901 1712 οἷσιν
1928 1674 2076 1726 εὔχομαι
2103 1689 2113 1714 2

1350 1733 1508 1784 κρατικὸς
1529 1732 1576 1770 ὢν
1599 1732 1702 1770 καινὰ
1719 1732 1878 1783 δαιμόνια
1895 1733 2058 1772 ἔπλασεν.

2135 1674 2217 1713 Ἅτε
2238 1675 2278 1722 δὴ
2303 1678 2384 1714 Σω-

1403 1805 1466 1829 890.
1497 1794 1542 1833 ὡς
1559 1791 1614 1828 ἐπὶ
1633 1770 1869 1841 νομισμάτων.
1887 1798 1924 1828 R.

1403 1862 1467 1887 891.
1501 1850 1618 1899 (τοῖσιν
1646 1848 1795 1891 ἰδιώταις
1820 1849 1904 1891 θεοῖς
1930 1862 1938 1887 :
1965 1847 2064 1891 Τινὲς
2089 1849 2124 1885 ἐν
2148 1851 2196 1900 τῷ
2218 1852 2303 1891 θεοῖς
2325 1848 2385 1886 δύο

1349 1905 1512 1952 τιθέασιν,
1532 1905 1588 1943 ἵνα
1606 1906 1640 1943 ἓν
1661 1901 1683 1957 ᾗ
1700 1906 1758 1952 τὸ,
1779 1905 1857 1943 ἴδιοί
1876 1906 1962 1948 τινές
1981 1921 2033 1942 σοι
2050 1905 2171 1955 κόμμα
2188 1905 2329 1953 καινόν.)

1403 1977 1464 2001 892.
1495 1963 1595 2015 αἰθὴρ
1616 1963 1698 2014 ἐμὸν
1725 1962 1887 2014 βόσκημα
1910 1977 1918 2001 :
1945 1963 2030 2013 (Καὶ
2050 1962 2241 2014 Σωκράτης
2257 1965 2291 2000 ἐν
2311 1966 2382 2001 Ns-

1351 2020 1468 2072 φέλαις
1489 2025 1566 2066 [627]

1475 2124 1516 2163 μὰ
1533 2125 1586 2161 τήν
1600 2124 1766 2162 ἀναπνοὴν,
1784 2124 1827 2164 μὰ
1842 2124 1876 2154 τὸ
1894 2123 1986 2165 χάος,
2003 2123 2046 2163 μὰ
2061 2124 2112 2154 τὸν
2130 2123 2229 2164 ἀέρα.)

1351 2216 1598 2269 χαρακτηρίζει
1615 2215 1650 2253 63
1666 2215 1871 2268 Εὐριπίδην,
1889 2215 2088 2267 εὖεπίφορον
2103 2214 2185 2252 ὄντα
2197 2215 2253 2252 ἐπὶ
2264 2214 2304 2252 τὸ
2317 2217 2388 2252 ὀνο·

1353 2275 1471 2324 μάζειν
1490 2273 1620 2326 αἰθέρα.
1636 2273 1798 2326 στρόφιγξ
1815 2272 1850 2310 δὲ
1860 2303 1869 2319 ,
1884 2272 1953 2309 ἀπὸ
1966 2276 2024 2310 τοῦ
2039 2272 2194 2325 στρέφειν
2209 2271 2312 2309 αὐτὸν
2327 2272 2387 2309 καὶ

1351 2332 1659 2385 πανουργεύεσθαι.
1676 2355 1722 2360 --
1741 2331 1815 2369 ἀντὶ
1826 2335 1886 2369 τοῦ
1902 2330 2052 2383 στροφὴ,
2071 2330 2214 2376 κίνησις.
2240 2338 2277 2367 R.
2297 2330 2387 2381 {fs-u·-

1352 2393 1474 2443 κτῆρες
1488 2390 1522 2427 δὲ
1542 2389 1807 2442 ὀσφραντήριοι,
1827 2391 1872 2432 ὡς
1890 2387 2141 2426 συντελούντων
2161 2391 2229 2425 τῶν
2249 2386 2386 2437 μυκτή-

1354 2465 1420 2501 ρων
1438 2451 1483 2491 εἰς
1499 2448 1561 2494 τὴν
1578 2447 1725 2499 φωνήν]

1406 2519 1469 2544 894.
1498 2505 1610 2543 λείπει
1626 2505 1664 2542 τὸ
1681 2504 1850 2550 ποιήσατε
1867 2512 1904 2541 R.
1927 2503 2003 2540 δότε
2022 2501 2044 2548 ἢ
2059 2502 2238 2548 θελήσατε.
2255 2510 2294 2540 Θ.

1405 2578 1467 2601 895.
1503 2563 1580 2614 [[καὶ
1604 2562 1672 2612 μὴν
1695 2566 1796 2611 ἡμεῖς
1824 2576 1831 2600 ;
1862 2560 2015 2613 Κορωνὶς
2035 2560 2094 2597 καὶ
2115 2559 2260 2602 εἴσθεσις
2282 2562 2388 2610 χοροῦ

1353 2620 1548 2672 προῳδικὴ,
1570 2619 1620 2657 ὅτι
1644 2620 1846 2671 προτίθεται
1867 2621 1927 2663 τῆς
1947 2619 2089 2663 διπλῆς,
2110 2619 2147 2654 ἐκ
2169 2616 2290 2654 κώλων
2309 2632 2390 2668 τρο-

1352 2681 1485 2730 χαϊκῶν
1505 2680 1556 2715 ιδ’·
1579 2673 1625 2715 ὧν
1645 2677 1688 2714 τὰ
1705 2676 1766 2727 μὲν
1784 2678 1827 2721 α’,
1851 2678 1893 2727 β’,
1910 2676 1947 2721 ε’,
1972 2674 2016 2721 ς’,
2042 2676 2092 2724 η’,
2118 2675 2158 2721 θ’,
2186 2679 2243 2720 ια’,
2266 2674 2324 2719 ιδ’,
2346 2675 2387 2711 ιδ’

1354 2738 1496 2788 δίμετρα
1530 2735 1775 2781 ἀκατάληκτα,
1800 2734 1844 2771 τὰ
1867 2734 1895 2770 δ’
1917 2733 2006 2770 ἄλλα
2035 2731 2388 2784 ἑφθημιμερῆ,,πλὴν

1353 2799 1411 2832 τοῦ
1428 2792 1687 2844 παρατελεύτου
1709 2791 1918 2843 μονομέτρου
1942 2790 2187 2836 ἀκαταλήκτου
2207 2789 2312 2832 ὄντος.
2333 2789 2389 2826 ἐπὶ

1353 2856 1401 2905 τῷ
1422 2852 1512 2889 τέλει
1531 2849 1705 2903 κορωνίς]

1405 2924 1469 2949 996
1500 2909 1663 2959 [λόγωνε
1650 2907 1836 2944 ἕυυιέλειαν
1869 2920 1878 2945 :
1905 2904 1991 2944 ‘'O-:t
2016 2906 2306 2957 καταχρηστικῶς
2332 2907 2390 2940 νῦν

1353 2985 1414 3014 την
1436 2966 1633 3019 εὐρυθμίαν.
1652 2964 1776 3016 κυρίως
1792 2980 1858 3015 γαρ
1877 2967 1898 3009 ἧ
1918 2962 2006 3014 μετὰ
2024 2962 2148 3012 μέλους
2166 2960 2314 3014 τραγικὴ
2333 2960 2391 3012 ὄρ·-

1352 3042 1464 3078 χησις.
1482 3028 1511 3063 οἱ
1533 3024 1586 3071 δὲ,
1603 3026 1624 3069 ἡ
1643 3022 1725 3074 πρὸς
1744 3022 1805 3066 τὰς
1826 3000 1967 3074 ρήσείςε
1955 3020 2156 3073 υπόρχησις.
2161 3021 2175 3072 ]
2191 3043 2241 3048 --
2261 3018 2355 3057 ἔπιτε
2379 3031 2387 3056 :

1354 3084 1436 3122 ε’πέλ
1439 3087 1523 3121 θετε.
1545 3091 1577 3120 R.
1592 3091 1631 3120 D
2217 3115 2222 3120 ,

1409 3155 1472 3180 897.
1504 3138 1604 3178 δαιαν
1625 3140 1700 3177 ὁδὸν
1722 3154 1730 3178 :
1756 3139 1789 3177 'A
1794 3135 2056 3188 ··μ)νιστικὴν,”
2037 3150 2212 3186 εμπειρον,
2233 3133 2314 3183 (ἀπὸ
2331 3148 2390 3170 του

1357 3201 1507 3248 δαῆναι).
1534 3224 1578 3228 ——
1598 3197 1620 3243 ἢ
1642 3196 1720 3249 φιλ’
1703 3211 1845 3235 ονεικον.
1868 3203 1905 3232 R.
1937 3194 2042 3245 ἤγουν
2063 3196 2198 3243 μαθεῖν.
2231 3199 2314 3230 lect.
2335 3189 2391 3228 ἐπι

1326 3268 1328 3273 ’
1357 3258 1486 3300 τούτοις
1505 3256 1540 3294 δε
1558 3253 1657 3293 δαισιν
1675 3255 1762 3299 ὁδον,
1785 3253 1960 3305 ἔμπειρον.
1978 3250 2001 3297 ἢ
2018 3250 2095 3288 ἀντι
2110 3253 2170 3287 τοῦ
2190 3247 2389 3301 φιλόνεικον.

1413 3329 1475 3353 906.
1508 3314 1713 3365 (προσδοκᾶν
1731 3316 1812 3350 οὖνῑ
1828 3309 1874 3348 Ἐ
1878 3313 1932 3352 θος
1945 3311 2014 3351 τοῖς
2027 3311 2189 3354 ποιηταῖς
2201 3304 2390 3374 προλέγειν,

2404 896 2435 919 10

2405 1186 2437 1209 15

2402 1476 2438 1500 20

2404 2046 2439 2070 30

2406 2416 2441 2439 35

2408 2706 2441 2729 ⁴⁰

2408 2989 2441 3014 45

2410 3278 2440 3302 SC
