2533 3808
343 250 416 284 534

341 329 386 365 Θ.
407 328 497 372 Reg.
522 337 529 357 :
549 316 705 369 ’Ήρρησε
733 314 921 360 ποιητικῶς
936 342 945 359 ,
968 311 985 348 ὃ
1004 311 1062 349 καὶ
1084 310 1268 363 εἷσήρρησε
1288 309 1351 347 λέ-

341 397 438 433 γεται
453 409 462 425 ,
480 377 518 416 τὸ
541 374 636 428 παρὰ
650 379 719 416 τοῖς
742 377 867 414 κοινοῖς
888 370 1072 423 εἷσεφθάρη
1090 370 1166 416 ἤτοι
1188 369 1276 418 μετὰ
1296 371 1350 420 φθ.

341 440 507 484 εἰσῆλθεν.
528 429 567 472 οἷ
584 433 622 470 τὸ
637 431 724 481 θέμα
741 430 830 483 ἔρρω
843 429 882 466 τὸ
902 429 1123 482 φθείρομαι,ὃ
1137 427 1272 477 μέλλων
1294 428 1352 480 ἐρ-

342 497 435 549 ρήσω
454 491 686 546 ἓτεροκλίτως.

398 555 520 603 1196,
558 557 599 594 14
627 548 872 601 Ἀργέννουσαν
899 547 976 583 duo
1002 546 1150 583 codices
1170 546 1298 584 Suidae
1327 560 1353 583 s.

341 609 618 663 Ἑστρατήγησε.
645 607 890 645 Scribebatur
913 605 1146 657 Ἀργίνουσαν.
1169 605 1277 642 Conf.
1309 605 1356 641 ad

341 671 456 708 schol.
475 669 578 707 Nub.
600 669 636 704 6.
654 691 694 698 --
714 666 758 702 15
785 665 962 714 δυστυχῶς
975 668 1020 701 R.
1038 662 1209 713 δυστυχής
1227 664 1353 699 ceteri.

340 754 380 760 —
405 730 448 765 16
480 726 662 778 Θράσυλος
683 729 736 763 Μ.
771 722 1000 776 θρασύλλογος
1019 726 1064 759 V.
1091 747 1129 753 —
1165 736 1205 768 17
1226 721 1356 763 Λυσίας

341 787 470 824 addidi
487 785 532 823 ei<
556 788 623 831 R„
645 791 816 821 correcta
846 782 989 818 codicis
1016 781 1206 830 scriptura
1235 778 1357 830 χύσις,

342 844 446 894 quod
467 842 575 884 Λύσις
594 842 722 892 potius
742 854 821 877 esse
843 840 1028 876 videatur.
1053 839 1126 875 Sed
1147 839 1278 887 Lysias
1295 838 1357 874 di-

343 904 441 939 citur
462 916 482 938 a
510 900 769 950 Xenophonte
791 898 888 934 Hist.
907 900 972 933 Gr.
1002 910 1034 942 1,
1058 911 1092 942 7,
1117 911 1151 933 2.
1170 900 1290 933 ΒῐΝῐ).
1306 918 1357 924 -

344 974 392 996 20
424 958 644 1003 ἑλλήσποντα
679 961 740 1004 V.,
768 969 845 991 non
872 957 914 992 G.
949 953 1039 1003 Reg’.
1060 969 1067 991 ε
1089 953 1132 991 Ὁ
1160 954 1236 1006 Ἑρ.
1264 948 1359 995 οἶτος

343 1015 533 1069 στρατηγὸς
547 1009 588 1060 ἦν
605 1013 792 1060 Ἀθηναίων
810 1012 900 1050 πάνυ
915 1013 1051 1064 ἀχρεῖος
1064 1012 1122 1049 καὶ
1137 1011 1267 1062 ἀτυχής
1279 1027 1286 1034 ·
1301 1011 1359 1049 καὶ

343 1073 517 1126 κεκλοφὼς
538 1072 690 1122 δημόσια
717 1071 922 1123 πράγματα.
951 1069 1082 1116 ἐξώσθη
1111 1069 1145 1107 δὲ
1169 1070 1334 1122 πατρίδος
1349 1099 1359 1116 ,

344 1132 449 1169 ἔπειτ’
485 1133 530 1174 εἷς
559 1130 700 1182 Πέρσας
745 1127 902 1166 ἀπελθὼν
922 1158 931 1174 ,
964 1129 1106 1166 κάκεῖσε
1137 1134 1206 1169 τοῖς
1234 1127 1362 1177 ὁμοίοις

345 1191 544 1242 ἐπιχειρῶν,
577 1188 709 1235 ὑπέστη
742 1186 855 1226 πολλὰ
889 1186 983 1224 δεινὰ
1023 1186 1082 1223 καὶ
1113 1186 1271 1238 πονήρως
1303 1185 1360 1223 τὸν

347 1247 418 1298 βίον
438 1246 637 1284 κατέλυσεν.

404 1319 515 1351 1202,
538 1307 584 1342 23
612 1319 666 1355 sq.
691 1306 935 1357 μικροπρεπῶς
953 1303 1018 1355 γὰρ
1036 1302 1153 1353 ἔλεγον
1176 1302 1360 1354 κωδάριον,

347 1363 509 1410 ληκύθιον
523 1393 532 1410 ,
554 1363 713 1401 θυλάκιον
737 1363 872 1401 Suidas
894 1377 927 1398 v.
954 1361 1138 1408 Ληκύθιον.
1157 1387 1197 1393 --
1222 1367 1269 1404 24
1291 1363 1363 1398 hoc

347 1424 438 1460 dicit
468 1423 692 1469 scholiasta,
724 1436 799 1459 non
831 1420 999 1468 θύλακον,
1028 1421 1131 1470 quod
1162 1421 1272 1457 metri
1302 1421 1363 1456 lex

348 1480 578 1530 postulabat,
595 1480 659 1517 sed
676 1479 835 1517 θυλάκιον
853 1480 992 1516 dixisse
1003 1487 1169 1528 poetam,
1184 1479 1363 1528 quoniam

347 1539 518 1588 exempla
537 1551 717 1574 versuum
733 1536 1031 1586 Euripideorum
1046 1535 1146 1572 infra
1166 1537 1366 1586 proposita

347 1597 508 1634 θυλάκιον
538 1595 716 1632 ἀπώλεσεν
741 1595 954 1645 postulent,
986 1607 1062 1630 non
1092 1595 1215 1631 serant
1239 1603 1365 1632 autem

348 1655 493 1693 θύλακον
516 1652 706 1691 ἀπώλεσεν.
728 1657 849 1690 D1ND.

406 1726 515 1756 1211,
537 1713 585 1748 32
601 1708 836 1762 Ὑψ.-ἀρχὴ
864 1723 938 1746 0111.
970 1713 1017 1745 V.
1041 1711 1062 1753 ἢ
1084 1723 1158 1747 om.
1179 1713 1224 1747 R.
1244 1732 1290 1739 —
1317 1711 1364 1748 35

348 1769 459 1822 ἕτερος
478 1774 523 1807 V.

407 1842 451 1864 12
464 1829 504 1864 13
526 1824 979 1878 Προσήρτησε-ἀπώλεσεν
1002 1834 1091 1875 post
1112 1826 1276 1878 Δελφίσιν
1294 1827 1366 1863 ha-

350 1885 416 1922 bet
431 1889 477 1922 V.
496 1886 548 1921 sic
569 1885 729 1933 scripta,
757 1883 841 1934 πρὸς
861 1883 901 1920 τὸ
926 1882 1079 1934 χορεύων
1103 1883 1368 1935 προσήρτησε-

351 1942 542 1980 ἀπώλεσεν.

409 2015 526 2049 1219,
552 2007 599 2044 40
621 2000 659 2036 ἐκ
679 1998 884 2042 Σθενεὸοίας
904 1998 986 2034 Ald.
1005 1999 1043 2035 ἐκ
1060 2012 1135 2037 0111.
1161 2004 1223 2047 V„
1247 2001 1312 2049 qui
1333 1999 1368 2038 δὲ

351 2067 557 2107 utrumque
584 2057 928 2105 omittit.·Regius:
952 2056 1119 2108 Ὑφέσθαι
1147 2061 1167 2102 ἡ
1193 2058 1369 2110 μεταφορὰ

351 2115 419 2152 ἀπὸ
441 2117 510 2153 τῶν
536 2115 694 2167 σφοδροῖς
713 2113 852 2163 ἀνέμοις
880 2112 1056 2151 πλεόντων
1084 2114 1142 2151 καὶ
1169 2115 1369 2154 ἐνδιδόντων

352 2173 395 2211 τὰ
409 2173 529 2225 λαίφη.

411 2233 525 2277 1225,
545 2232 591 2274 48
613 2230 727 2269 Σιδὼν
749 2229 847 2273 πόλις
865 2232 938 2268 ἐστι
956 2230 1139 2276 Φοινίκης.
1163 2230 1237 2268 ἔστι
1258 2231 1293 2269 δὲ
1311 2236 1370 2270 τοῦ

354 2291 436 2327 Ald.
456 2288 596 2342 Φρύξου
611 2293 658 2326 G.
676 2290 721 2327 Θ.
738 2289 817 2326 Ald.
837 2315 877 2320 —
903 2299 949 2336 49
971 2289 1061 2340 ἀρχή
1078 2290 1151 2326 ἐστι
1167 2294 1211 2326 V.
1231 2292 1289 2337 Θ.,
1306 2293 1371 2341 qui

354 2349 549 2397 sequentia
568 2348 723 2385 omittit.
739 2351 878 2384 Totum
896 2347 1069 2384 scholion
1094 2362 1168 2384 om.
1191 2353 1244 2386 M.
1265 2375 1305 2380 —
1326 2351 1372 2387 50

356 2405 460 2441 addit
482 2405 565 2443 Ald.
594 2406 632 2441 οὐ
657 2410 771 2456 χεῖρον
793 2405 821 2441 δ’
841 2403 881 2441 ἂν
910 2404 962 2450 εἴη
995 2404 1052 2442 καὶ
1072 2406 1129 2442 τὸν
1158 2406 1295 2458 Κάδμῳ
1314 2408 1372 2444 δο-

357 2461 457 2499 θέντα
470 2462 630 2514 χρησμὸν
645 2462 763 2515 ὥσπερ
787 2479 820 2500 τι
840 2463 1030 2500 ἐπεισόδιον
1050 2465 1252 2514 εἰσενεγκεῖν
1267 2465 1373 2508 οὕτως

357 2519 506 2570 ἔχοντα·
529 2538 542 2552 «
561 2519 686 2571 φράζεο
709 2520 750 2565 δή
787 2535 846 2569 μοι
882 2524 1010 2569 μῦθον,
1043 2521 1222 2573 Ἀγήνορος
1256 2523 1373 2573 ἔκγονε

359 2577 497 2626 Κάδμε.
530 2577 635 2620 Ἥοῧς
667 2577 849 2629 ἐγρόμενος
868 2578 1046 2628 προλιπὼν
1073 2582 1119 2616 ’ίθι
1147 2581 1253 2616 Πυθῶ
1274 2583 1372 2629 δῖαν,

358 2633 459 2680 ἠθάδ’
478 2633 569 2684 ἔχων
589 2636 716 2672 ἐσθῆτα
736 2634 795 2671 καὶ
818 2634 979 2684 αἷγανέην
998 2635 1085 2684 μετὰ
1107 2637 1217 2687 χερσὶ,
1234 2638 1295 2684 τὴν
1317 2640 1374 2676 διά

358 2706 396 2728 τε
415 2690 585 2741 Φλεγύων
613 2692 671 2729 καὶ
698 2691 882 2734 Φωκίδος,
905 2691 938 2734 ἔς
966 2693 997 2728 τ7
1017 2692 1057 2730 ἂν
1086 2693 1183 2739 ἵκηαι
1211 2695 1373 2745 βουκόλον

360 2747 420 2794 ἠδὲ
439 2748 519 2799 βόας
536 2748 758 2801 κηριτρεφέος
774 2748 1005 2799 Πελάγοντος.
1033 2751 1152 2788 ἐνθάδε
1172 2753 1375 2803 προσπελά-

360 2822 422 2848 σας
439 2805 657 2856 ξυλλάμῧανε
675 2809 751 2857 βοῦν
771 2807 930 2858 ἐρίμυκον
946 2836 955 2852 ,
973 2807 995 2852 ἥ
1013 2824 1069 2845 κεν
1091 2808 1130 2854 δὴ
1146 2809 1283 2847 νώτοισι
1301 2811 1375 2860 μετ’

360 2863 604 2916 ἀμφοτέροισιν
625 2863 727 2915 ἔχῃσι
743 2864 862 2901 λευκὸν
889 2866 998 2915 σχῆμ’
1022 2865 1182 2919 ἑκάτερθε
1208 2868 1376 2918 περίπλο-

361 2936 439 2968 κον,
454 2920 536 2967 ἠΰτε
560 2921 673 2971 μήνης
689 2938 696 2945 ·
717 2922 818 2967 τήνδε
837 2922 877 2960 σὺ
895 2923 1050 2972 ἡγεμόνα
1074 2931 1170 2975 σχεῖν
1194 2926 1377 2978 ἀτρέπτοιο

362 2978 534 3017 κελεύθου.
557 2983 655 3029 σ’ἧμα
676 2979 713 3017 δέ
730 2996 781 3018 τοι
800 2980 884 3032 ε’ρέω
907 2981 990 3030 μάλ’
1019 2983 1222 3034 ἀριφραδὲς,
1242 2985 1318 3022 οὐδέ
1339 3000 1377 3021 σε

362 3034 472 3079 λήσει.
493 3035 573 3072 ἔνθα
608 3037 647 3074 κέ
672 3054 725 3075 τοι
757 3038 937 3091 πρώτιστα
968 3040 1044 3090 βοὸς
1069 3040 1171 3092 κέρας
1193 3042 1378 3093 ἀγραύλοιο

365 3090 428 3142 ἥξῃ
444 3108 503 3140 τε,
529 3094 628 3145 κλίνη
655 3111 691 3132 τε
719 3095 813 3148 πέδῳ
841 3097 922 3147 γόνυ
941 3098 1115 3145 ποιήεντι,
1139 3100 1198 3137 καὶ
1221 3101 1297 3138 τότε
1314 3100 1377 3146 τὴν

368 3147 428 3197 μὲν
446 3148 566 3187 ἔπειτα
590 3153 829 3206 μελαμφύλλῳ
846 3156 943 3206 χθονὶ
968 3155 1074 3207 ῥέζειν
1101 3157 1212 3207 ἁγνῶς
1232 3157 1289 3195 καὶ
1311 3174 1378 3196 κα-

367 3208 476 3257 θαρῶς
489 3236 498 3254 ,
514 3208 595 3258 γαίῃ
615 3210 642 3245 δ’
663 3210 743 3248 ὅταν
764 3213 840 3263 ἱερὰ
863 3212 960 3266 ῥέξῃς
973 3244 983 3261 ,
1010 3213 1105 3266 ὄχθῳ
1126 3216 1180 3252 ἐπ’
1197 3216 1379 3268 ἀκροτάτῳ

368 3262 491 3306 κτίζειν
520 3265 618 3303 πόλιν
637 3269 856 3319 εὖρυάγειαν,
890 3272 997 3309 δεινὸν
1022 3273 1207 3311 Ἰἰνυαλίου
1239 3274 1378 3326 πέμψας

368 3320 493 3372 φύλακ’
510 3321 622 3365 Ἄϊδος
645 3325 738 3364 εἴσω.
769 3329 825 3365 καὶ
847 3329 886 3366 σύ
906 3330 939 3380 γ’
965 3332 1018 3368 ἐπ’
1046 3331 1244 3382 ἀνθρώπους
1269 3332 1378 3383 ὄνομα

370 3378 491 3422 κλυτὸς
513 3379 628 3417 ἔσσεαι
644 3379 750 3433 αὖθις,
768 3386 946 3425 ἀθανάτων
960 3390 1090 3441 λεχέων
1108 3390 1268 3437 ἀντήσας,
1283 3390 1378 3428 &ms

1086 226 1385 266 ADNOTATIO
1415 225 1468 262 IN
1499 224 1667 263 SCHOL.

1412 308 1546 358 Κάδμε.
1560 324 1574 341 »
1583 311 1674 355 Quae
1686 311 1865 346 Musurus
1882 309 2010 346 intulit
2021 321 2065 346 ex
2079 309 2278 346 scholiasta
2293 310 2426 362 Eurip.

1412 368 1597 405 Phoeniss.
1619 367 1706 410 641.
1724 370 1845 404 Dim).

1471 439 1566 472 1227
1581 454 1591 471 ‚
1618 425 1663 462 53
1686 440 1768 475 sqq.
1799 427 1908 464 sicin
1930 431 1989 473 R.‚
2010 429 2044 464 ἐν
2072 426 2350 479 ἴσῳ-πρίωμαι.
2367 427 2429 466 ἄλ-

1413 487 1492 527 λως.
1510 483 1639 529 ὠνήσει
1655 483 1718 529 τὴν
1739 484 1887 530 λήκυθον
1902 485 1962 523 καὶ
1979 484 2105 527 ἀπόδος
2127 485 2201 522 ἀντὶ
2216 489 2277 530 τῆς
2295 487 2430 524 ἀπολω-

1414 544 1522 585 λυίας.
1539 547 1632 592 Reg.
1649 542 1779 594 πρίημι
1797 542 1985 595 ἄχρηστον,
2007 545 2144 582 deinde
2163 546 2330 595 explicat
2345 547 2431 583 ἀπο-

1416 601 1507 653 πρίω
1526 602 1698 637 formam.

1475 673 1587 707 1229,
1605 659 1627 694 8
1651 658 1690 695 τὸ
1705 658 1887 709 ὠνήσομαι
1900 663 1946 697 R.

1475 732 1487 754 1
1499 720 1573 755 233
1588 719 1662 762 Τῆς
1676 717 1710 753 ἐν
1729 718 1877 770 Ταύροις
1892 717 2090 770 Ἰφιγενείας
2105 721 2126 764 ἡ
2144 719 2246 771 ἀρχή.
2261 720 2300 757 τὸ
2313 719 2433 758 λοιπὸν

1419 777 1551 827 (λεῖπον
1569 775 1633 827 Θ.)
1648 804 1691 810 -
1710 775 1816 827 κόρην
1838 779 1881 812 R.
1900 777 1946 814 Θ.
1968 775 2003 812 δὲ
2023 789 2098 813 0111.
2121 781 2160 814 V.

1477 835 1589 880 1235,
1616 849 1658 870 12
1676 833 1839 880 ληκύθιον
1857 838 1903 871 R.
1922 838 1970 871 M.
1990 834 2076 872 Ald.
2093 833 2217 877 ἀπόδος
2234 834 2254 872 ὅ
2268 828 2342 872 ἐστι
2357 835 2436 872 πώ-

1420 894 1526 938 λησον
1542 894 1587 931 Θ.
1610 896 1664 930 Μ.
1681 917 1721 923 -
1746 895 1789 929 13
1813 893 1903 929 ἐπιλ.
1924 890 1990 944 γὰρ
2006 895 2050 929 V.
2067 893 2115 930 Θ.
2132 895 2186 930 Μ.
2203 893 2299 944 λήψῃ
2316 898 2362 930 V.
2382 898 2435 930 M.

1420 950 1614 997 -“13-1“7
1649 951 1845 1002 διὰ-αὐτῷ
1875 964 1950 987 0111.
1985 952 2086 989 Θ.--
2106 951 2151 987 16
2183 951 2292 994 δοκεῖς
2319 950 2440 1003 ὥσπερ

1421 1009 1567 1061 ὀφείλειν
1587 1008 1693 1054 αὐτὴν
1709 1013 1804 1059 Reg.
1827 1018 1941 1046 recte.

1480 1070 1595 1114 1238,
1613 1070 1732 1105 21-36
1749 1082 1824 1105 0111.
1846 1068 1960 1104 etiam
1976 1069 2024 1105 Θ.
2044 1071 2096 1105 Μ.
2110 1093 2151 1100 -
2168 1081 2214 1104 21
2236 1068 2440 1105 Piersonus

1423 1127 1525 1175 apud
1540 1128 1762 1164 Valckenar.
1779 1127 1900 1163 Diatr.
1915 1126 2046 1175 Eurip.
2063 1139 2099 1175 p.
2122 1140 2134 1161 1
2145 1127 2207 1172 37,
2225 1124 2315 1162 θύων
2329 1127 2442 1176 ἀπαρυ

1423 1182 1488 1234 χὰς
1503 1185 1565 1220 οὐκ
1586 1184 1684 1221 ἔθυσε
1703 1183 1863 1235 παρθένῳ
1888 1183 1893 1233 Ι
1919 1182 2105 1234 Ἀρτέμιδι.
2121 1208 2161 1215 -
2183 1197 2231 1220 22
2250 1183 2443 1235 εὖφορησά-

1425 1257 1488 1287 σης
1510 1251 1547 1278 et
1564 1243 1612 1279 26
1635 1242 1861 1280 συνεκάλεσεν
1879 1246 2081 1280 Kusterus.
2103 1242 2442 1294 εὖφορήσας-συνε-

1424 1300 1576 1337 κάλεσαν
1594 1300 1676 1337 Ald.

1484 1364 1582 1401 1240
1601 1356 1816 1410 πολύὸοτρυν
1836 1358 1875 1394 111
1895 1356 2001 1393 libris
2016 1357 2244 1406 quibusdam
2264 1358 2337 1407 legi
2353 1358 2446 1395 dicit

1426 1429 1498 1465 pro
1525 1413 1764 1466 πολύμετρον,
1789 1429 1836 1451 ex
1860 1414 2080 1463 conjectura
2107 1416 2342 1465 grammatici
2361 1444 2371 1461 ‚
2404 1425 2446 1452 ut

1426 1474 1590 1510 videtur.
1610 1477 1729 1511 Dmn.
1746 1498 1787 1505 -
1801 1475 1910 1522 39-41
1930 1472 2127 1524 ἀκόλ.-γρ.
2143 1473 2321 1511 omittere
2334 1474 2443 1511 vide—

1428 1540 1489 1568 tur
1509 1535 1570 1577 R„
1588 1544 1666 1568 non
1687 1535 1732 1568 V.

1486 1595 1596 1635 1247,
1620 1595 1666 1634 47
1690 1588 1884 1638 συκώματα
1903 1588 2128 1626 Dindorfius
2149 1601 2198 1626 ex
2218 1589 2365 1626 scholio
2390 1590 2448 1627 in—

1429 1648 1579 1685 seriore.
1613 1647 1828 1697 Legebatur
1863 1646 2095 1698 σαρκώματα.
2118 1673 2160 1679 -
2187 1652 2237 1696 49
2267 1647 2289 1693 ἢ
2316 1649 2362 1686 Θ.
2392 1652 2447 1685 Μ.

1429 1720 1500 1756 pro
1520 1703 1663 1748 Ἄλλως.
1693 1707 1812 1743 Iidem
1845 1720 1919 1743 om.
1946 1706 1992 1742 53
2019 1714 2056 1742 et
2077 1719 2181 1755 seqq.
2206 1714 2243 1742 et
2261 1706 2451 1744 scholium

1436 1764 1543 1801 1251.
1561 1789 1600 1796 -
1618 1778 1638 1800 2
1652 1764 1859 1816 προήρπασε
1872 1764 1928 1801 τὸν
1947 1763 2061 1813 λόγον.
2079 1764 2178 1816 φησὶ,
2198 1764 2256 1802 καὶ
2272 1764 2340 1814 μὴν
2361 1764 2448 1816 ἔχω,

1429 1825 1474 1865 ὡς
1494 1822 1593 1859 αὐτὸν
1615 1822 1785 1865 ἀποδείξω
1798 1853 1808 1870 ,
1827 1824 1847 1859 3
1874 1823 2095 1872 μετατίθεται
2114 1825 2130 1858 ὁ
2149 1838 2180 1860 τ.
2204 1826 2298 1873 Reg.

1489 1881 1600 1928 1251,
1623 1883 1668 1917 18
1689 1880 1821 1917 ἐκθέσει
1837 1885 1987 1917 Portus.
2007 1879 2153 1917 εἷσθέσει
2176 1879 2262 1917 Ald.

1489 1939 1602 1986 1259,
1626 1952 1671 1984 27
1695 1932 1764 1975 οἷον
1785 1952 1859 1974 0111.
1883 1939 1928 1975 Θ.

1491 1999 1600 2044 1262,
1616 1998 1662 2033 33
1684 1996 1820 2033 ἅπαντα
1838 1997 1883 2034 Θ.
1899 1995 1968 2033 ἀπὸ
1983 1995 2148 2042 ληκυθίου
2165 2004 2203 2033 et
2218 1997 2264 2040 34
2279 1997 2450 2049 διαφθερῶ

1432 2059 1477 2093 R.
1492 2056 1538 2094 Θ.
1556 2048 1892 2100 ἀποληκυθιῶ--οἷον
1910 2055 2093 2106 ἀποφθερῶ
2108 2054 2238 2091 ceteri.
2249 2069 2302 2091 σοι
2314 2054 2391 2098 τοὺς
2400 2057 2447 2094 Θ.

1490 2114 1602 2159 1263,
1622 2114 1668 2150 35
1691 2112 1927 2164 ἀπαριθμήσω
1951 2113 2039 2148 libri
2060 2121 2199 2162 praeter
2217 2116 2263 2150 R.
2279 2138 2319 2149 —.-
2339 2115 2385 2160 37
2408 2114 2452 2151 τὰ

1434 2171 1523 2221 μέλη
1538 2171 1653 2209 πάντα
1662 2173 1708 2209 Θ.
1726 2198 1766 2203 -
1781 2173 1828 2207 38
1847 2173 1896 2223 τῷ
1911 2170 2016 2222 ψήφῷ
2028 2171 2112 2221 [sic]
2124 2172 2169 2209 Θ.
2183 2173 2233 2223 τῷ
2250 2170 2268 2208 ὃ
2284 2172 2390 2223 ψηφῷ
2406 2176 2451 2210 V.

1433 2230 1651 2280 Legebatur
1671 2231 1738 2267 τῶν
1756 2229 1894 2281 ψήφων.
1918 2230 2061 2279 Scripsi
2087 2228 2136 2266 τὼ
2156 2228 2272 2281 ψήφω.
2295 2230 2454 2267 Videtur

1434 2303 1478 2325 cx
1498 2289 1567 2325 hac
1586 2289 1834 2325 annotatione
1858 2288 1987 2337 colligi
2008 2301 2120 2337 posse
2138 2287 2179 2324 in
2202 2287 2340 2324 fabulis
2368 2288 2454 2337 qui-

1433 2345 1592 2382 busdam
1621 2346 1783 2395 spuriis,
1810 2347 1915 2382 velut
1944 2346 2166 2382 Μεταλλεῦσι
2191 2345 2426 2381 Pherecratis
2442 2373 2452 2391 ,

1434 2405 1608 2454 exempla
1635 2404 1808 2453 quaedam
1830 2404 2028 2441 masculini
2052 2403 2204 2440 articuli
2223 2400 2272 2438 τὼ
2292 2415 2377 2438 cum
2399 2403 2453 2439 se-

1435 2462 1586 2498 mininis
1598 2462 1827 2508 nominibus,
1839 2462 1950 2511 quale
1958 2469 2014 2498 est
2025 2462 2148 2512 ψῆφος,
2160 2461 2274 2498 fuisse
2285 2461 2452 2497 inventa.

1434 2522 1490 2556 De
1512 2520 1697 2556 orationis
1717 2529 1843 2557 autem
1863 2533 1932 2556 usu
1953 2520 1993 2557 in
2009 2519 2138 2556 fabula
2155 2520 2219 2556 illa
2238 2519 2452 2555 Pherecrati

1435 2577 1625 2627 adscripta
1656 2578 1874 2626 quaesivisse
1914 2577 2207 2614 Eratosthenem
2240 2589 2287 2613 ex
2328 2576 2452 2613 Photii

1435 2635 1557 2682 glossa
1580 2633 1673 2671 Εὐθὺ
1695 2635 1843 2672 Λυκείου
1862 2648 1899 2684 p.
1930 2636 1999 2681 32,
2019 2647 2064 2669 12
2085 2634 2310 2683 colligimus.
2333 2636 2451 2670 Dmn.

1435 2716 1475 2723 -
1495 2699 1541 2736 40
1561 2692 1792 2730 ἓσολοικίσθαι
1815 2694 1860 2730 Θ.

1496 2752 1605 2796 1264,
1628 2758 1673 2794 42
1696 2751 1834 2787 δίαυλον
1854 2755 1900 2789 V.
1919 2751 1981 2787 hic
2006 2759 2043 2787 et
2063 2750 2269 2788 infra-43
2294 2751 2454 2787 fortasse

1437 2808 1494 2845 καὶ
1528 2810 1685 2859 ἀλλαχοῦ
1708 2808 1886 2852 πολλάκις.
1913 2813 2031 2846 Dmn.
2063 2810 2232 2859 Regius:
2253 2811 2293 2846 Δ.
2317 2808 2454 2859 λέγεται

1437 2868 1517 2903 ὅταν
1538 2866 1687 2917 ἡσυχίας
1706 2867 1869 2908 παντοίας
1889 2866 2076 2917 γενομένης
2095 2871 2116 2914 ἡ
2141 2867 2305 2918 αὐλητρὶς
2321 2866 2400 2919 ᾄσῃ.
2415 2891 2454 2897 --

1441 2925 1486 2967 48
1511 2934 1548 2961 et
1568 2926 1767 2974 sequentia
1797 2926 1842 2962 ad
1875 2927 1987 2962 finem
2009 2927 2143 2963 scholii
2173 2929 2248 2963 0111.
2269 2926 2381 2962 etiam
2405 2925 2452 2962 Θ.

1438 2986 1487 3018 Ν.
1512 2984 1649 3032 Regius
1670 2999 1677 3019 ε
1698 2983 1750 3021 Τὸ
1772 2985 1841 3021 (bo.
1859 2983 1934 3033 Ἀχ.
1953 2983 2012 3020 καὶ
2032 2985 2075 3021 τὰ
2096 2983 2172 3029 ἑξῆς
2187 2982 2302 3021 πάντα
2322 2979 2453 3032 Αἰσχύ-

1438 3042 1497 3077 λου
1522 3041 1582 3090 μέν
1599 3043 1665 3078 εἶσι
1682 3041 1791 3091 μέλη,
1812 3042 1976 3095 προφέρει
2001 3042 2037 3080 δὲ
2063 3043 2148 3094 Εὖρ.
2175 3043 2223 3084 εἷς
2238 3039 2311 3092 γέλ.
2329 3049 2398 3077 etc.
2417 3063 2454 3071 —·

1442 3099 1488 3134 5ο
1507 3098 1539 3135 ἐῗ
1559 3099 1673 3136 ἑῖῗιῖων
1703 3100 1890 3152 δραμάτων
1912 3104 2019 3150 Βος.,
2039 3100 2143 3149 quod
2164 3097 2328 3136 malebat
2353 3097 2451 3134 Din-

1439 3157 1591 3194 ‹lm-ssus.
1609 3186 1647 3191 -
1668 3158 1688 3194 5
1700 3173 1711 3194 1
1733 3157 1792 3194 καὶ
1809 3158 2063 3195 εἰσὶν-οὐκοῦν
2082 3158 2141 3195 καὶ
2162 3154 2262 3198 αὐτὸς
2295 3153 2343 3205 μὴ
2360 3153 2452 3199 ζήτει

1439 3215 1553 3252 πάντα
1573 3215 1717 3262 εἰδέναι,
1738 3216 1814 3253 ἀλλ’
1831 3215 1897 3254 ὅσα
1913 3211 2021 3254 οἷόντε
2039 3218 2141 3266 fleg„
2159 3215 2225 3265 qui
2241 3223 2366 3251 cetera
2378 3224 2450 3249 om.

1498 3276 1616 3320 1266,
1635 3276 1681 3311 23
1706 3274 2052 3327 Ἰῧκ-ῙΙΓυχαγωγῶν
2081 3288 2156 3311 om.
2177 3277 2223 3311 G.
2240 3297 2282 3304 —
2298 3277 2346 3316 24
2366 3267 2452 3307 αὐτὰ

1440 3346 1514 3369 om.
1533 3335 1594 3376 (·).,
1617 3333 1682 3382 qui
1704 3333 1750 3368 25
1771 3333 1828 3370 καὶ
1846 3332 2021 3385 ἐπιφέρει,
2048 3340 2085 3369 et
2111 3345 2184 3370 om.
2207 3331 2256 3368 26
2271 3343 2326 3380 sq.
2343 3352 2384 3360 —
2403 3339 2448 3374 27

1440 3390 1676 3428 scribebatur
1692 3391 1837 3442 Ἀχιλεῦ.
