2533 3808
233 229 304 261 100

225 307 348 352 σθένην
365 306 520 355 γυναῖκες
539 302 704 352 ἐγένοντο.
722 295 818 342 οὗτος
835 299 870 336 35
889 299 945 336 ἐπὶ
959 298 1109 349 κιναιδίᾳ
1125 298 1266 336 διαὸάλ-

223 366 333 402 λεται.
359 366 476 399 τοῦτον
501 359 535 396 35
555 362 600 401 ὡς
625 356 904 408 γυναικιζόμενον
932 358 992 393 οὐκ
1021 355 1266 406 Ἀριστοφάνης

226 420 404 458 διαὲάλλει
426 417 539 467 μόνον,
560 415 651 453 ἀλλὰ
668 414 727 452 καὶ
744 416 912 466 Κρατῖνος
930 415 963 450 ἐν
983 413 1114 464 Πυτίνῃ
1128 442 1138 462 ,
1156 411 1265 462 λέγων

224 478 342 523 οὕτως,

189 588 204 609 5
345 576 443 614 ληρεῖς
457 573 548 613 ἔχων·
567 573 683 611 γελοῖος
701 571 788 602 ἔσται
807 571 989 606 Κλεισθένης
1005 569 1143 599 messam

347 621 377 651 ἐν
394 621 465 660 τῇδε
476 624 512 659 τῇ
527 619 655 654 κάλλους
669 619 765 658 ἀκμῇ·
781 617 868 658 γράρ’
885 617 976 648 αὐτὸν
990 616 1020 646 ἐν
1034 615 1182 655 σποδείῳ.

223 723 341 746 τουτον
362 708 513 752 ἷΞουσαι,
535 721 650 758 φησιν,
669 706 704 741 αἱ
725 703 897 755 Νεφέλαι,
916 705 962 746 εἷς
982 707 1148 754 γυναῖκας
1170 716 1267 751 μετε-

224 766 410 819 μόρφωσαν
433 763 567 806 ἑαυτάς.

277 837 339 862 358.
369 822 462 875 χαῖρ’
488 825 516 859 ὠ
540 820 719 874 πρεσὸυτα
744 834 752 858 :
794 818 983 869 Ἔξηγησις
999 821 1060 855 τοῦ
1085 815 1266 869 πρεσὸύτα

173 900 205 925 10
223 882 262 920 τὸ
281 879 500 931 παλαιγενές.
542 895 599 916 νυν
621 877 656 916 35
682 879 748 929 οὐχ
771 880 816 921 ὡς
837 876 961 926 σεμνόν
990 891 1066 913 τινα
1091 874 1269 927 προσηγό-

225 956 349 993 ρευσαν
379 939 481 976 αὐτὸν
502 938 558 975 διὰ
583 937 640 975 τὸν
674 936 809 1009 7pdvov‚
837 937 912 973 ἀλλ’
935 938 979 978 ὡς
1005 933 1161 980 ἀνόητον.
1192 949 1269 975 τους

223 998 290 1051 γὰρ
311 998 440 1044 εὖήθεις
457 996 621 1049 ἀρχαίους
641 995 700 1032 καὶ
728 993 896 1036 παλαιους
913 993 951 1031 ἕλ
944 1009 1043 1043 ιεγον.
1064 1015 1116 1020 --
1141 993 1269 1029 παλαι-

223 1056 339 1106 γενὲςε
355 1057 464 1095 Οὐκ’
450 1055 505 1092 επὶ
526 1057 653 1104 σεμνῆς
666 1052 900 1105 προσηγορίας
919 1056 1021 1089 τοῦτο
1038 1050 1267 1103 παρείληφεν,

226 1115 305 1152 ἀλλ’
326 1114 470 1160 ἀνόητον
490 1112 596 1156 δειξαι
622 1111 839 1163 βουλόμενος.
865 1126 942 1153 τους
965 1110 1031 1162 γὰρ
1054 1108 1153 1154 ευηθε
1158 1124 1185 1151 ις
1208 1123 1267 1145 και

173 1192 204 1216 15
226 1173 387 1219 ἀνοήτους
407 1171 569 1225 ἀργαίους
585 1186 644 1208 και
661 1171 734 1207 παλ
738 1185 830 1212 αιους
847 1169 932 1207 ἓκάλ
934 1184 1003 1206 ουν.
1026 1176 1092 1205 1.ss

277 1230 457 1283 θηρατὰ.
449 1244 457 1252 ·
493 1229 602 1282 [Αντι
634 1232 693 1266 τοῦ
725 1227 866 1279 ἷχνευτὰ
897 1227 1020 1276 λόγων,
1055 1225 1077 1270 ἢ
1113 1223 1268 1271 ζηλωτὰ,

223 1289 245 1335 ἢ
265 1304 390 1339 μετιων
409 1287 461 1325 λό
452 1286 565 1338 γους]
586 1284 782 1335 ἐπιθυμητὰ
803 1300 950 1322 συνετων
966 1283 1089 1334 λόγων
1109 1290 1145 1319 R.
1149 1290 1188 1319 V.

277 1361 341 1385 359.
374 1345 413 1398 [ὅ
441 1361 473 1382 τι
497 1345 636 1396 χρηζεις
664 1357 672 1381 ;
698 1341 749 1380 ‘¹0
775 1359 807 1379 τι
844 1342 990 1393 βούλοιο.
1021 1340 1202 1392 Σωκράτει
1235 1340 1269 1376 35

224 1404 373 1456 λέγουσι.
398 1403 436 1441 τὸ
456 1403 492 1440 35
517 1401 738 1440 λεπτοτάτων
759 1378 873 1451 λήρων
895 1398 971 1435 ἀντι
991 1413 1051 1435 του
1076 1396 1271 1434 συνετωτά-

173 1481 206 1504 20
225 1478 304 1509 των,
324 1478 384 1498 και
405 1461 632 1512 δυσπαρακολ
634 1458 786 1504 ουθητιι)ν
807 1457 932 1507 λόγ.ων
936 1456 953 1507 Ἦ

278 1533 341 1557 361.
371 1518 462 1563 πλὴν
493 1517 515 1563 ἢ
541 1516 704 1569 Προδίκῳ
732 1529 739 1554 :
772 1513 916 1567 [Οὕτως
943 1517 965 1559 ἡ
990 1512 1173 1550 ἀκολουθία
1200 1516 1272 1563 εἶχε

225 1581 284 1615 τοῦ
301 1577 422 1627 λόγου,
444 1575 535 1622 πλὴν
562 1575 583 1620 ἢ
610 1573 771 1627 Προδίκω
795 1572 855 1610 καὶ
882 1571 947 1609 σοί.
973 1574 990 1608 ὃ
1011 1572 1047 1608 35
1071 1571 1185 1614 ἄλλως
1213 1570 1271 1607 τὸν

225 1636 326 1687 λόγον
350 1634 585 1686 ἐσχημάτισε,
605 1633 644 1670 τὸ
665 1631 726 1683 μὲν
753 1631 805 1669 σοί
830 1630 907 1668 κατ’
937 1646 1048 1682 αρχας
1068 1631 1129 1667 οὐκ
1153 1628 1270 1676 εἰπὼν,

227 1695 348 1733 ἔπειτα
369 1693 405 1730 35
431 1691 637 1743 ἐπενεγκών.
665 1691 839 1741 μέμνηται
864 1688 898 1726 35
919 1692 977 1726 νυν
1003 1704 1062 1725 του
1096 1687 1272 1740 Προδίκου

173 1774 207 1798 25
227 1752 397 1804 διασύρων
418 1751 469 1788 ὅτι
488 1750 653 1801 μεγίστην
672 1748 771 1792 δόξαν
790 1752 862 1799 εἶχε
881 1747 961 1799 περὶ
982 1749 1105 1793 αὖτου,
1123 1749 1168 1788 ὣς
1185 1745 1271 1798 ὑπὲρ

226 1811 357 1853 πάντας
390 1826 436 1846 ων
467 1825 510 1860 τῃ
541 1807 720 1860 σοφίαψ]
714 1822 888 1879 xxtamquo-5755
924 1804 959 1842 35
982 1799 1057 1850 ἠνὸ
1081 1777 1270 1857 Πρόδικος,

227 1870 329 1911 Κεῖος
345 1868 383 1905 τὸ
402 1866 507 1917 γένος.
528 1866 669 1916 ηκμασε
690 1864 725 1902 35
748 1863 839 1902 κατὰ
861 1879 940 1904 τους
955 1862 1098 1914 γρόνους
1119 1862 1273 1914 Σωκρά-

228 1942 316 1969 τους.
334 1928 467 1978 πρῶτος
487 1924 523 1961 35
537 1919 632 1967 οὗτος
648 1922 710 1969 τὴν
724 1921 1094 1973 πεντηκοντάδραχμον
1113 1919 1272 1963 ἐπίδειξιν

229 1984 428 2030 ἐποιήσατο.
460 1981 667 2032 μνημονεύει
696 1983 724 2018 3'
753 1982 857 2018 αὐτοῦ
887 1980 947 2017 καὶ
976 1978 1126 2016 Πλάτων
1162 1980 1197 2015 ἓν
1224 1981 1273 2030 τῷ

176 2067 210 2092 30
233 2042 452 2096 Πρωταγόρᾳ
475 2041 534 2079 καὶ
560 2041 724 2092 Ξενοφῶν
743 2040 780 2077 ’ἐν
806 2045 875 2082 τοῖς
901 2036 1272 2088 Ἀπομνημονεύμασιν

233 2103 282 2152 [2,
305 2116 335 2147 1,
357 2101 431 2151 21]‚
455 2101 492 2138 οὐ
515 2098 583 2150 μὴν
597 2098 687 2136 ἀλλὰ
709 2098 769 2135 καὶ
789 2096 1035 2149 Ἀριστοφάνης
1060 2098 1094 2133 ἐν
1117 2098 1275 2145 Ταγηνι-

231 2161 326 2202 σταῖς
343 2159 448 2202 οὕτως
460 2189 469 2205 ,

352 2248 403 2278 τὸν
421 2246 514 2286 ἄνδρα
527 2245 605 2276 τόνδ’
623 2246 642 2283 ἢ
658 2245 774 2286 βιὸλίον
789 2245 952 2285 διέφθορεν,

353 2295 371 2331 ἢ
389 2293 555 2334 Πρόδικος,
573 2294 591 2329 ἢ
608 2296 668 2323 τῶν
683 2293 860 2331 ἀδολεσχῶν
878 2291 920 2326 εἷς
937 2291 972 2330 γέ
985 2301 1040 2325 τις.

179 2397 212 2421 35
232 2381 413 2421 διαὲαλλει
430 2379 464 2417 35
487 2378 588 2417 αὐτὸν
606 2378 664 2416 καὶ
682 2380 716 2416 ἐν
733 2377 892 2430 Ὄρνισιν
910 2377 991 2427 [693]
1012 2375 1113 2423 οὕτω,

355 2481 427 2520 παρ’
443 2480 517 2519 ἐμοῦ
535 2479 678 2519 Προδίκῳ
691 2477 794 2508 κλάειν
809 2477 913 2513 εἴπητε
929 2477 964 2507 τὸ
978 2476 1094 2507 λοιπόν.

237 2561 308 2575 &Nl

234 2562 402 2599 οιοασκαλ
405 2575 438 2603 ος
458 2560 492 2598 35
509 2564 550 2606 ἠν
581 2554 675 2601 οἶτος
691 2557 915 2609 καιΘηραυέ
917 2573 992 2600 νους
1013 2560 1072 2594 τοῦ
1090 2558 1216 2593 επικαλ
1219 2572 1276 2593 ου-

235 2619 337 2669 μένου
360 2618 537 2669 κοθόρνου,
556 2617 590 2659 ὃς
615 2633 676 2662 της
697 2633 765 2653 των
791 2615 978 2667 τριάκοντα
1004 2614 1201 2683 τυραννίδος
1221 2631 1277 2665 με·

232 2677 347 2729 τέσχε.
369 2676 525 2728 κόθορνος
540 2675 574 2712 35
593 2675 710 2712 ἐκαλ
681 2690 750 2711 ειτο
771 2689 884 2719 ουτος,
906 2672 981 2710 ἐπει
1004 2688 1063 2709 και
1086 2678 1154 2715 τοῖς
1176 2672 1274 2724 τριά-

182 2749 215 2774 40
235 2750 339 2773 κοντα
363 2733 571 2772 συνέσπευδε
593 2749 652 2770 και
678 2749 726 2784 τῳ
745 2731 884 2777 πληθει.
913 2746 972 2767 και
992 2729 1059 2801 γὰρ
1078 2732 1095 2767 ὃ
1119 2728 1277 2782 κόθορνος

233 2795 272 2832 τὸ
290 2793 453 2841 υπόδηυα
478 2790 684 2843 ἀμφοτέροις
708 2789 851 2841 ἁρμόζει
874 2805 943 2831 τοις
967 2788 1060 2825 ποσί.
1079 2803 1119 2840 φε
1112 2787 1218 2840 ’ρεται
1242 2787 1278 2825 35

235 2852 294 2889 καὶ
312 2850 484 2903 Προδίκου
509 2849 639 2901 βιόλίον
662 2847 936 2900 ἐπιγραφόμενον
957 2841 1084 2898 ῗΩραι,
1107 2848 1140 2883 ἐν
1166 2840 1194 2898 ᾧ
1215 2862 1277 2883 πε-

235 2908 358 2954 ποίηκε
376 2907 434 2945 τὸν
449 2907 626 2959 εΗρακλέα
640 2909 682 2957 τῇ
702 2907 807 2958 ἀρετῇ
825 2905 884 2943 καὶ
900 2908 943 2957 τῇ
961 2904 1067 2956 κακία
1084 2903 1278 2954 συντυγχά-

236 2982 357 3013 νοντα,
378 2965 437 3003 καὶ
462 2964 634 3011 καλούσης
661 2964 828 3015 ἑκατέρας
856 2964 913 3000 ἐπὶ
930 2962 974 3000 τὰ
993 2963 1061 3008 ἤθη
1081 2961 1122 2999 τὰ
1153 2967 1276 3012 αὕτ’-ῆς,

185 3046 219 3069 45
237 3025 444 3076 προσκλῒναι
466 3026 526 3091 τῇη
534 3025 638 3074 ἀρετῇ
670 3022 727 3059 τὸν
757 3020 958 3092 ἹΙρΙΝακλέα
962 3020 1021 3058 καὶ
1048 3019 1125 3063 τοὺς
1150 3019 1278 3065 ἐκείνης

238 3083 383 3133 ἱδρῶτας
400 3083 581 3132 προκρῖναι
595 3097 662 3118 των
678 3079 899 3159 προσκαίρων
916 3082 977 3124 τ’ῆς
993 3078 1117 3120 κακίας
1133 3078 1276 3123 ἥδονων.

238 3137 382 3180 Αλλ.ιι)ς
401 3139 445 3187 )
431 3137 487 3174 επὶ
503 3137 699 3189 καθαιρέσει
716 3136 923 3209 Σωκράτρυς
934 3136 991 3173 τὸν
1025 3135 1197 3187 Πρόδικον
1221 3135 1278 3185 με’-

238 3212 306 3247 γαν
318 3194 500 3246 ἀποφαίνει
527 3195 706 3246 διαφόρως.
732 3199 827 3238 οὗτος
845 3194 879 3232 35
895 3193 1057 3246 σοφιστὴς
1078 3210 1117 3239 ην
1144 3209 1277 3242 μετεω-

241 3254 390 3306 ρολόγος.
412 3277 454 3281 -
473 3254 522 3290 π)
515 3252 564 3299 ὴν
578 3255 621 3298 ἢῑ
638 3252 755 3302 li'mr'„
771 3252 932 3302 γνώμης·
952 3251 1141 3294 Συνέσεως.
1164 3259 1244 3288 Ποῖ.

188 3338 221 3362 50
293 3326 355 3352 362.
390 3311 540 3363 βρενθύει
563 3323 570 3348 :
590 3308 851 3359 Ἀποσεμνύνεις
877 3308 1019 3346 σεαυτὸν
1044 3310 1094 3360 τῷ
1122 3307 1279 3359 σχήματι

241 3371 301 3409 καὶ
317 3370 486 3422 ταυρηδὸν
508 3372 599 3421 ὁρᾷς.

681 3365 826 3410 Ἄλλως.
848 3366 998 3418 σεμνύνῃ
1014 3366 1071 3404 καὶ
1089 3365 1178 3417 μέγα
1197 3381 1278 3419 φρο-
1307 3392 1311 3402 .

1001 212 1256 250 SCHOLIA
1292 213 1351 250 ΙΝ
1388 213 1589 253 NUBES.

1324 305 1390 341 νεῖς
1396 302 1472 349 ,(οι
1492 300 1559 352 γὰρ
1580 301 1821 345 ἐπιδεδωκοτες
1851 305 1985 346 ἑαυτοῖς
2011 304 2168 356 σοῧαρῶς
2179 303 2368 374 Νπεφύκασι

1327 330 1487 406 βαδίζειν.
1515 360 1560 400 ὡς
1590 362 1651 395 τοῦ
1680 358 1740 408 μὲν
1770 361 1943 412 Προδίκου
1973 361 2067 404 ὄντος
2095 377 2219 414 σοφου,
2246 366 2306 399 τοῦ
2334 361 2371 400 δὲ

1326 413 1535 465 Σωκράτους
1550 414 1650 460 κενὴν
1673 415 1775 465 μόνον
1790 433 1847 454 επι
1862 418 1964 470 σοφία
1982 418 2037 462 δός
2024 434 2081 456 αν
2079 418 2340 486 ωκαρπουμένου
2346 421 2369 471 .)

1324 470 1561 523 -βρενθύειῖ
1584 473 1784 522 Κομπαζεις
1803 489 1863 511 και
1883 490 2121 527 υπεροπτικως
2139 476 2277 527 βαίνεις.
2295 480 2342 517 Θ.

1378 545 1437 567 και
1461 546 1510 566 τω
1530 530 1716 582 ’φθαλμὼε
1741 531 1879 581 Σευνην
1900 549 1962 604 την
1991 534 2067 585 ὄφιν
2095 534 2194 585 ἔχεις.
2222 551 2288 573 εισι
2304 534 2373 588 γαρ

1326 587 1514 640 ἀνθρώπιον
1535 588 1635 638 (τινὲς
1648 592 1807 639 τοιουτοι)
1827 591 1946 640 σεμνοὶ
1965 607 2026 641 μεν
2044 608 2213 663 φανηναι,
2229 596 2266 631 οὗ
2281 592 2372 631 κατὰ
2395 613 2412 638 5

1326 645 1386 692 τὴν
1420 646 1524 726 54th
1524 645 1560 683 35
1588 647 1724 698 ἔχοντες
1749 663 1808 685 και
1833 647 1876 685 τὰ
1905 650 2177 700 ἐπιτηδεύματα.
2204 650 2313 704 [ούτω
2338 651 2374 689 35

1327 703 1464 748 εὸάδιζε
1496 705 1700 756 Σωκράτης
1735 705 1795 742 καὶ
1823 706 1975 744 Πλάτων
2006 712 2173 753 [Phaedon.
2192 725 2223 756 p.
2248 723 2310 756 117,
2333 714 2372 756 B]

1325 778 1404 814 περι
1424 764 1528 800 αὐτου
1547 781 1560 795 κ
1579 763 1749 814 ταυρηδὸν
1772 764 2031 816 ὑποὸλέφας,”
2007 781 2125 818 ωσπερ
2147 766 2270 807 εἰώθει.
2291 785 2306 801 n
2323 791 2375 796 --

1327 820 1411 858 ἴδιόν
1428 822 1501 858 ἐστι
1514 837 1581 858 των
1599 823 1686 865 ἀλαζ
1689 820 1774 859 όνων
1793 822 1832 859 τὸ
1849 821 1936 871 μὴν
1917 839 2008 874 575w
2024 823 2077 861 ἀεὶ
2097 824 2136 862 τὸ
2154 824 2297 875 βλέμμα
2315 825 2375 863 ἐπὶ

1327 883 1468 924 ταυτοῧ,
1486 879 1562 916 ἀλλ’
1576 879 1651 925 ἄνω
1665 895 1724 917 και
1739 879 1835 917 κάτω
1850 882 1967 928 κινεῖν,
1983 882 2042 919 καὶ
2056 897 2114 920 νυν
2131 883 2193 933 μὲν
2209 884 2375 932 ἐνταῦθα,
2398 901 2431 926 10

1327 941 1386 974 ν’ῦν
1407 937 1435 974 3'
1457 936 1583 974 ἄλλοσε
1606 937 1823 990 μεταφέρειν.
1855 946 1890 976 Ε.
1911 939 2020 991 Viet]

1381 1009 1446 1034 365.
1477 995 1625 1047 φλύαρος
1644 1010 1652 1035 :
1676 996 1751 1033 ἀντὶ
1770 1001 1829 1034 τοῦ
1847 997 2021 1051 φλήναφος
2037 997 2097 1036 καὶ
2114 999 2229 1051 λῆρος.
2251 1007 2291 1038 R.

1382 1067 1445 1092 367.
1465 1053 1512 1103 μὴ
1535 1054 1689 1106 φλυάρει.
1710 1063 1749 1092 R.

1382 1126 1445 1151 371.
1477 1112 1536 1149 καί
1553 1127 1605 1149 τοι
1624 1128 1713 1164 χρην
1735 1126 1743 1151 :
1761 1113 1860 1152 Ἀντι
1876 1130 1957 1160 του,
1978 1114 2040 1152 καί
2057 1130 2110 1152 τοι
2131 1117 2248 1167 ἐχρῆν.
2269 1123 2358 1153 Junt.

1382 1170 1495 1207 καίτοι
1512 1171 1612 1223 ’χρῆν
1628 1171 1761 1224 αἰθρίας
1778 1171 1905 1243 οὔσηςῖ
1922 1174 1964 1210 E
1956 1190 1965 1210 ι
1981 1172 2020 1210 τὸ
2037 1172 2206 1225 βρέχειν
2188 1190 2242 1220 ην,
2258 1173 2376 1233 φησὶν,
2400 1189 2432 1213 15

1329 1229 1363 1264 ἐν
1382 1243 1424 1278 τη
1442 1243 1500 1265 του
1522 1229 1632 1271 Διὸςέ
1618 1228 1775 1281 εςουσία,
1797 1245 1856 1266 και
1877 1229 1926 1299 μὴ
1944 1246 2010 1267 των
2033 1232 2197 1282 Νεφελων
2217 1247 2318 1269 τουτο
2335 1234 2377 1277 ἠν

1329 1284 1441 1336 ἔργον,
1462 1300 1568 1336 εχρην
1585 1286 1687 1323 αὐτὸν
1703 1287 1780 1324 καθ’
1796 1287 1916 1324 ἑαυτὸν
1936 1287 2016 1324 ἄνευ
2036 1288 2239 1340 Νεφελων”
2221 1304 2304 1326 υειν.
2323 1312 2378 1317 -

1330 1342 1463 1394 αἰθρίαν
1482 1344 1516 1379 35
1534 1345 1568 1379 ἓν
1586 1343 1724 1380 ἐκτάσει
1737 1344 1797 1381 καὶ
1816 1346 1848 1381 ἐν
1867 1350 1936 1387 τοῖς
1951 1344 2145 1396 ἔμπροσθεν
2165 1350 2380 1398 παρετηροῦ-

1331 1415 1404 1449 μεν.
1436 1408 1474 1436 R.
1499 1398 1661 1451 [Ἄλλως.
1683 1401 1777 1438 δοκεῖ
1799 1405 1859 1447 τῆς
1876 1401 1966 1438 κατὰ
1991 1401 2198 1440 Μύσκελλον
2225 1402 2380 1455 ἱστορίας

1330 1457 1470 1508 ἔχεσθαι
1484 1458 1522 1495 τὸ
1539 1458 1673 1509 λεχθέν.
1693 1458 1891 1511 Μυσκέλλῳ
1907 1458 1974 1510 γάρ
1990 1475 2074 1511 φασι
2090 1459 2250 1512 χρησμὸν
2271 1460 2376 1506 3003}—
2398 1474 2434 1499 20

1329 1531 1402 1563 ναι,
1419 1516 1544 1560 κτίζειν
1561 1516 1660 1554 πόλιν
1681 1515 1766 1554 ὅπου
1783 1515 1823 1554 ἂν
1844 1516 1946 1554 αὐτὸν
1969 1516 2002 1561 εξ
2018 1517 2178 1569 αἰθρίας“
2166 1516 2260 1560 υετὸς
2274 1516 2381 1568 λάὸῃ·

1330 1576 1347 1611 ὁ
1364 1573 1399 1611 35
1412 1573 1498 1612 ὤετο
1512 1576 1574 1612 οὐκ
1586 1574 1626 1611 ἄν
1641 1590 1724 1612 ποτε
1740 1577 1798 1611 ὑπ’
1813 1576 1918 1612 αὐτοῦ
1930 1574 2176 1620 κτισθήσεσθαι
2191 1575 2305 1619 πόλιν,
2323 1573 2380 1612 διὰ

1330 1631 1368 1668 τὸ
1395 1631 1564 1669 ἀδύνατον
1587 1635 1646 1669 τοῦ
1667 1647 1843 1684 χρησμου.
1867 1630 2201 1684 παραγεγενημένου
2224 1631 2253 1669 δ’
2274 1633 2381 1669 αὐτου

1331 1689 1411 1740 περὶ
1433 1689 1495 1736 τὴν
1518 1690 1686 1739 Ἰταλίαν,
1708 1690 1768 1728 καὶ
1789 1692 2053 1742 ἀμηχανοῦντος
2073 1690 2153 1742 περὶ
2170 1689 2233 1736 τὴν
2253 1690 2379 1737 κτίσιν,

1330 1748 1626 1800 παρακαθίσασαν
1661 1747 1724 1793 τὴν
1763 1748 1965 1786 παλλακίδα
1998 1748 2158 1801 δακρύειν
2196 1748 2251 1785 ἐπ’
2282 1749 2377 1800 αὐτῷ
2400 1769 2435 1794 25

1331 1806 1553 1857 ὀδυρομένην,
1583 1807 1643 1844 καὶ
1674 1806 1770 1849 τέλος
1797 1807 1974 1859 εἰληφέναι
2004 1806 2043 1844 τὸ
2073 1805 2296 1859 χρηστήριον.
2330 1806 2382 1844 διὸ
2430 1822 2434 1826 ’

1331 1865 1391 1902 καὶ
1424 1864 1520 1907 εὐθὺς
1545 1864 1658 1902 ἔκτισε
1687 1864 1750 1911 τὴν
1779 1864 1895 1904 πόλιν.
1918 1888 1970 1893 —-
1995 1864 2108 1902 καίτοι
2127 1867 2218 1917 χρῆν
2248 1864 2382 1916 αἰθρίας

1332 1922 1435 1969 οὔσης
1455 1936 1463 1961 t
1489 1924 1533 1961 Εἰ
1550 1923 1589 1960 τὸ
1609 1922 1692 1969 ὕειν,
1714 1922 1830 1975 φησὶν,
1850 1922 1949 1975 ἔργον
1973 1917 2014 1969 ἦν
2034 1925 2094 1959 τοῦ
2110 1921 2206 1968 Διὸς,
2226 1922 2294 1958 ἔδει
2316 1923 2383 1959 αὖ-

1332 1981 1389 2018 τὸν
1416 1980 1498 2028 ὕειν,
1524 1982 1695 2031 μηδαμῶς
1719 1983 1788 2018 τῶν
1811 1982 1963 2033 νεφελῶν
1986 1979 2213 2033 φαινομένων.
2236 1978 2320 2022 ἴσως
2346 1979 2382 2017 δὲ

1333 2039 1426 2076 δοκεῖ
1443 2038 1482 2076 τὸ
1503 2038 1622 2090 λεχθὲν
1648 2038 1790 2090 ἔχεσθαι
1810 2041 1871 2084 τ’ἧς
1896 2037 1987 2076 κατὰ
2011 2037 2197 2082 Μύσκελον
2214 2037 2379 2089 ἱστορίας.
2400 2056 2436 2081 30

1333 2100 1349 2134 ὁ
1370 2097 1553 2140 Μύσκελος
1566 2096 1632 2148 γὰρ
1649 2096 1809 2149 χρησμὸν
1829 2095 2026 2146 δεξάμενος,
2043 2095 2160 2133 κτίσαι
2177 2094 2277 2132 πόλιν
2288 2094 2381 2134 ’ὅπου

1333 2154 1374 2192 ἂν
1396 2154 1499 2192 αὐτὸν
1521 2155 1616 2198 ὑετὸς
1636 2154 1832 2192 καταλάὸοι
1856 2154 1990 2207 αἰθρίας
2016 2153 2136 2200 οὔσης,
2155 2152 2243 2206 ᾤετο
2269 2153 2382 2202 μηδέ-

1332 2229 1415 2252 ποτε
1445 2212 1486 2250 ἂν
1509 2216 1690 2259 κτισθῆναι
1717 2212 1774 2250 ὑπ’
1795 2214 1899 2250 αὐτοῦ
1924 2211 2037 2257 πόλιν,
2068 2210 2124 2248 διὰ
2147 2210 2188 2248 τὸ
2214 2209 2382 2248 ἀδύνατον

1332 2276 1392 2310 τοῦ
1409 2287 1433 2323 7
1438 2275 1586 2324 ρησμοῧ.
1606 2270 1885 2323 παραγενόμενος
1902 2269 1936 2307 δὲ
1959 2269 2038 2322 περὶ
2055 2268 2118 2316 τὴν
2143 2268 2295 2308 Ἰταλίαν
2319 2268 2381 2306 καὶ

1334 2330 1586 2382 μηχανώμενος
1608 2329 1686 2381 περὶ
1706 2328 1768 2375 τὴν
1792 2328 1903 2366 κτίσιν
1927 2331 1988 2374 τ’ῆς
2011 2327 2163 2374 πόλεως,
2183 2326 2380 2378 παρακαθί-
2401 2344 2436 2369 3⁵

1334 2404 1446 2426 σασαν
1471 2388 1535 2434 τὴν
1559 2387 1760 2425 παλλακίδα
1782 2386 1862 2424 ἰδὼν
1886 2386 2104 2438 δακρύουσαν
2124 2385 2184 2423 καὶ
2211 2383 2382 2436 ὀδυρομέ-

1333 2464 1407 2494 νην,
1423 2447 1483 2484 καὶ
1497 2445 1593 2489 τέλος
1606 2444 1796 2483 ὑπολαὸὼν
1809 2445 1868 2482 τὸν
1880 2460 1905 2496 7
1909 2443 2040 2496 ρησμὸν
2052 2442 2250 2494 εἰληφέναι,
2266 2442 2381 2481 ἔκτισε

1333 2505 1395 2551 τὴν
1411 2504 1522 2542 πόλιν.
1540 2511 1627 2545 Harl.
1646 2502 1694 2554 5.]
1711 2503 1904 2552 ἀποδημεῖν
1920 2515 1928 2540 :
1948 2501 2038 2539 Ἀντὶ
2051 2504 2113 2538 τοῦ
2130 2499 2180 2550 μὴ
2205 2505 2379 2551 παρεῖναι.

1334 2570 1372 2599 R.
1390 2569 1430 2598 V.

1389 2632 1450 2657 372.
1495 2617 1714 2670 προσέφυσας
1748 2631 1756 2655 :
1791 2616 2052 2669 προσήρμοσας.
2082 2623 2120 2653 R.
2138 2623 2178 2652 V.
2211 2615 2380 2668 ἥρμοσας.
2399 2632 2435 2658 40

1335 2677 1449 2718 καλῶς
1468 2675 1527 2712 καὶ
1546 2677 1592 2717 ὡς
1616 2674 1683 2711 ἔδει
1700 2673 1961 2725 προσήρμοσας.
1982 2681 2043 2710 Br.

1755 2730 1918 2783 Τρέμειν,
1935 2729 2026 2768 κατὰ
2042 2729 2380 2781 ἀναδιπλασιασμόν.

1338 2791 1424 2841 (ἀντι
1449 2795 1510 2828 τοῦ
1533 2790 1683 2842 φρίττειν
1714 2788 1774 2826 καὶ
1803 2788 1961 2826 δεδιέναι.
1990 2788 2030 2825 τὸ
2061 2786 2128 2840 γὰρ
2153 2786 2292 2840 τρέμειν
2319 2788 2380 2826 καὶ

1334 2850 1528 2887 πάλλεσθαι
1545 2848 1583 2885 τὸ
1604 2863 1705 2897 σωμα
1723 2850 1790 2884 τῶν
1809 2846 1895 2897 ἄγαν
1913 2845 2191 2896 εὐλαὸουμένων.
2181 2846 2206 2896 )

1388 2922 1452 2946 375.
1483 2924 1511 2944 ιι)
1527 2906 1641 2944 πάντα
1650 2921 1708 2964 ...⁶⁰
1735 2907 1910 2954 τολμωνε
1931 2904 2016 2942 Ἀντ
2012 2921 2022 2941 ι
2046 2920 2106 2942 του
2127 2907 2155 2942 ὠ
2184 2903 2377 2957 θρασύτατε
2397 2920 2431 2945 45

1335 2964 1576 3015 καὶτολμηρέ.
1593 2972 1630 3001 R.
1646 2981 1674 3001 ω
1694 2962 1900 3015 θρασύτατε.
1919 2970 1959 3000 V.

1389 3037 1452 3062 377.
1458 3021 1723 3096 κρημνάμεναι
1750 3035 1758 3059 :
1783 3021 1874 3058 Αντι
1894 3025 1954 3058 τοῦ
1979 3020 2198 3073 κρεμάμεναι
2222 3019 2292 3058 ἀπὸ
2317 3023 2378 3058 τοῦ

1336 3082 1444 3134 ἀέρος.
1456 3098 1478 3126 η
1498 3079 1714 3139 ἐπικρεμάμε
1702 3095 1774 3116 ναι
1797 3078 1967 3125 ἀλλήλαις
1983 3078 2061 3129 [καὶ
2089 3076 2375 3130 ε’πιὸαρούμεναι·

1335 3137 1498 3191 περισσὸν
1517 3136 1551 3175 35
1566 3137 1605 3174 τὸ
1620 3140 1706 3173 εἶτα.
1710 3137 1723 3186 ]

1389 3210 1452 3235 373.
1481 3199 1727 3245 παταγοῦσινζ

1388 2746 1449 2771 374.
1469 2732 1703 2785 τετρεμαίνειν
1726 2745 1733 2769 :

1751 3194 1934 3245 Ἤχοῧσιν.
1955 3192 2130 3245 (Όμηρος
2147 3197 2201 3239 [11.
2219 3199 2260 3239 N,
2275 3193 2342 3243 283]
2397 3206 2432 3231 50

1460 3287 1597 3327 πάταγος
1610 3287 1642 3318 35
1658 3286 1708 3317 διὰ
1728 3286 1830 3327 στόμα
1843 3286 1935 3326 γίνετ’
1951 3283 2111 3324 ὀδόντων.)

1390 3377 1453 3402 380.
1486 3362 1629 3415 αἰθέριος
1647 3363 1733 3405 δῖνος
1755 3375 1763 3401 2
1784 3361 1877 3414 [Καὶ
1891 3363 1991 3399 τοῦτο
2011 3359 2184 3411 ἐθρυλεῒτο
2200 3356 2295 3410 παρὰ
2307 3363 2376 3402 τοῖς
