2485 3808
907 159 1163 198 SCHOLIA
1200 161 1257 197 ΙΝ
1295 161 1505 202 PACEM.

144 248 220 289 λως.
247 245 426 297 ιιιετόρχιόν
447 246 520 283 ἐστι
540 245 578 283 τὸ
598 244 724 296 μεταξυ
746 247 813 283 τῶν
834 247 1020 299 συμφύτων
1044 247 1174 292 πεδίον,

143 307 212 342 ἐν
193 320 221 341 ιι)
240 304 262 350 ἢ
281 305 369 346 σῖτος
387 303 407 349 ἢ
429 304 513 341 αλλο
531 320 562 341 τι
580 303 763 356 ἔσπαρται.
782 304 915 348 παίζων
937 310 993 343 οὐν
1013 312 1105 345 εἶπεν
1127 306 1179 344 ὅτι

143 362 290 408 ἠδύνατό
303 378 351 404 τις
366 361 547 412 διασχίσας
562 361 683 404 αὐτους
698 365 840 407 ποιῆσαι
853 362 1045 416 μετόρχιον,
1061 364 1178 410 ἐπειδὴ

142 420 263 458 πολλοὶ
283 419 348 457 εἰσὶ
368 419 514 468 μεταξὺ,
531 419 587 456 ἵνα
612 421 708 457 αὐτοὶ
730 421 804 458 ἀντὶ
831 425 898 459 τῶν
920 426 1034 474 φυτῶν
1053 425 1180 474 γένων-

109 492 125 517 5
142 494 210 515 ται.

140 535 283 579 Ἄλλως.
307 534 487 587 μετόρχιον
505 536 542 573 τὸ
567 537 694 586 μεταξὺ
721 540 788 574 τῶν
806 538 954 589 χωρίων,
977 538 1061 591 ὅπερ
1082 539 1179 589 λέγε-

139 610 197 632 ται
217 593 328 646 ὄρχος.
351 595 463 638 καλῶς
484 594 524 632 ἄν
550 611 617 641 τις,
639 595 740 647 φησὶ,
768 596 996 646 μεταστήσειε
1023 597 1066 634 τὰ
1089 597 1179 649 ιρυτὰ

140 652 208 690 ἀπὸ
224 655 291 690 τῶν
309 654 463 704 ἀρουρῶν
477 655 543 690 τῶν
562 654 809 706 σπειρομένων.

193 725 256 750 570.
287 710 342 748 διὰ
366 711 491 763 χρόνου
516 711 632 761 γήδιον
664 727 671 750 :

88 776 122 803 10
140 768 202 815 τὴν
222 772 299 819 γῆν.
330 774 500 821 τριαινοῦν
527 769 561 807 δὲ
582 769 695 821 ἠρέμα
725 770 891 807 σκάπτειν
918 770 977 808 καὶ
1006 770 1178 821 ἐπισύρειν

292 476 435 520 Ἄλλως.
453 477 540 520 τινὲς
560 477 599 515 τὸ
621 478 736 530 ὄρχιον
754 479 792 516 τὸ
811 480 938 528 μεταξὺ
964 484 1030 518 τῶν
1053 484 1176 533 φυτῶν.

696 711 988 764 Ὕποκοριστικῶς
1017 712 1091 750 ἀντὶ
1119 715 1177 749 τοῦ

138 826 200 870 τὰς
221 826 350 879 βώλους
367 827 452 880 ὑπὲρ
468 832 527 866 τοῦ
545 827 801 880 κατακρύπτειν
816 827 860 865 τὰ
874 828 1070 880 σπέρματα.

193 899 260 925 571.
293 887 384 937 (ἀλλ’
409 886 683 936 ἀναμνησθέντες
706 900 713 924 :
737 888 852 932 Διπλῆ
875 887 934 924 καὶ
955 885 1056 936 μέλος
1076 887 1176 935 οἶμοι-

142 943 251 982 ὅαῗον.
270 943 309 981 τὸ
326 943 400 994 μὲν,
417 949 475 982 τοῦ
497 947 701 995 ὑποκριτοῦ,
727 944 915 996 δεκακώλῳ
935 946 1121 995 τροχαϊκῷ.
1139 937 1177 981 οῧ

141 1003 176 1039 ἐν
194 1001 338 1040 εἷο-θέσει
358 1001 453 1040 ἐννέα
476 1001 724 1048 ἀκατάληκτα,
752 1001 896 1054 δίμετρα
916 1000 959 1039 τὰ
984 1000 1092 1048 ὀκτὼ,
1115 1017 1178 1050 μο-

90 1070 122 1094 55
141 1059 304 1112 νόμετρον
329 1059 365 1098 δὲ
392 1058 432 1097 τὸ
459 1059 726 1111 παρατέλευτον.
756 1059 816 1096 καὶ
841 1061 873 1096 ἐν
904 1058 1035 1097 ἐκθέσει
1064 1059 1176 1110 στίχοι

139 1117 320 1169 τροχαϊκοὶ
341 1116 565 1168 τετράμετροι
581 1116 856 1166 καταληκτικοί.)
879 1115 1043 1168 ’[Ἀλλιιις.
1071 1119 1092 1162 ἡ
1119 1115 1175 1152 ἔκ-

139 1178 229 1217 θεσις
249 1174 337 1221 αὕτη
358 1177 418 1220 τ’ἦς
436 1175 559 1220 διπλῆς
575 1174 696 1212 κώλων
717 1174 809 1212 ἐστὶν
833 1173 958 1224 ὁμοίων
981 1176 1176 1226 τροχαϊκῶν

141 1232 200 1271 ια’.
217 1226 264 1270 ὧν
283 1232 323 1270 τὸ
338 1233 371 1278 η’
391 1232 612 1284 μονόμετρον,
632 1231 676 1269 τὰ
698 1231 733 1269 δὲ
749 1231 855 1270 λοιπὰ
875 1231 1019 1283 δίμετρα
1040 1231 1175 1269 ἀκατά-

140 1291 264 1337 ληκτα.
281 1290 320 1328 τὸ
338 1291 533 1328 τελευταῖον
550 1290 792 1343 ἑρθημιμερές.
812 1290 866 1342 ὑφ’
885 1290 903 1327 8
919 1292 953 1327 αἱ
974 1290 1176 1342 ἀμφοτέρω-

87 1359 122 1383 20
141 1351 195 1386 θεν
209 1348 273 1393 ἔξω
289 1348 442 1401 διπλαῖ]

193 1420 257 1446 57⁴.
283 1406 466 1444 παλασίων

141 1463 176 1502 δὲ
190 1467 258 1502 τῶν
272 1464 453 1502 παλάθων·
471 1464 612 1511 παλάθη
628 1464 662 1502 δὲ
677 1459 762 1507 εἶδος
780 1464 935 1515 βοτάνης.

212 1537 256 1561 76.
287 1523 363 1560 ἀντὶ
383 1526 443 1561 τοῦ
460 1522 535 1560 νέου
553 1523 655 1561 οἴνου.
672 1526 709 1556 R·

194 1595 257 1620 577.
286 1584 346 1627 τῆς
372 1583 488 1623 ἰωνιᾶς
511 1594 520 1619 :
546 1581 661 1619 Ἰωνιὰ
680 1580 816 1630 λέγεται
837 1583 858 1625 ἡ
878 1578 996 1632 φυτεία
1017 1582 1083 1616 τῶν
1101 1579 1175 1626 ἴων,

89 1650 121 1674 25
141 1641 188 1682 ὡς
206 1639 266 1677 καὶ
289 1642 311 1685 ἡ
330 1642 398 1677 τῶν
425 1640 529 1692 ῥόδων
555 1638 717 1711 ροδωνιὰ,
744 1638 829 1676 ὅπου
857 1637 900 1675 τὰ
929 1637 1010 1690 ῥόδα

140 1696 285 1741 Ἄλλως.
313 1697 411 1740 ἄνθος
436 1713 507 1734 εστι
533 1697 571 1735 τὸ
597 1697 660 1744 ἴον,
690 1696 848 1749 διάφορον
875 1711 1010 1748 μορςιην
1036 1696 1132 1747 ἔχον·
1154 1696 1175 1733 ἃ

142 1755 204 1805 μὲν
218 1754 284 1826 γὰρ
301 1757 412 1793 αὖτΓιιν
430 1758 503 1793 ἐστι
519 1770 696 1807 πορφυρα,
715 1755 736 1792 ἃ
750 1754 785 1792 δὲ
798 1753 924 1801 λευκὰ,
940 1754 961 1791 ἃ
977 1754 1012 1791 δὲ
1028 1754 1173 1804 μέλανα.

140 1814 197 1850 καὶ
217 1814 252 1850 ἐν
271 1812 382 1850 τούτω
401 1815 468 1850 τῶν
487 1811 547 1849 ἴων
564 1812 602 1849 τὸ
625 1811 822 1861 θαυμαστόν
843 1813 947 1857 ἐστιν,
968 1810 1019 1848 οτι
1038 1814 1081 1863 τῇ
1099 1827 1176 1850 ποι-

492 1420 500 1445 Ζ
522 1408 602 1445 Τῶν
628 1406 882 1456 πεπατημένων
905 1407 1069 1458 ἰσχάδων.
1091 1405 1177 1449 τινὲς

1041 1637 1102 1690 3⁵6²
1105 1654 1174 1677 Tou.

140 1871 235 1923 κιλίᾳ
251 1874 311 1917 τ’ἧς
324 1870 432 1923 ὅψεως
445 1869 533 1907 αὐτὰ
547 1870 623 1907 καθ’
641 1869 747 1907 ἑαυτδι
762 1869 903 1907 δύναται
918 1871 1071 1919 λειμῶνα
1085 1871 1176 1917 πλη-

89 1941 123 1966 30
143 1931 233 1979 ροῦν.
362 1971 366 1976 ι

192 2000 254 2024 578.
282 1988 350 2023 τῶν
366 1985 396 2023 τ’
420 1987 529 2023 ἐλαῶν
554 1999 565 2024 ·.

140 2047 282 2096 καρπῶν
298 2044 357 2081 καὶ
374 2046 487 2104 φυτῶν
506 2043 623 2085 ἅπλῶς
636 2042 923 2093 μνημονεύσας,ε
910 2043 965 2080 ἐπὶ
980 2045 1046 2080 τῶν
1063 2044 1174 2080 ἐλαῶν

590 1984 863 2037 Παρατηρητέον
888 1984 939 2022 ὅτι
967 1986 1034 2021 τῶν
1061 1984 1174 2021 ἄλλων

140 2102 294 2153 ἐπήγαγε
319 2102 358 2140 τὸ
386 2106 433 2140 ὢν
460 2105 642 2151 ποθουμεν.
668 2101 726 2138 καὶ
745 2100 829 2143 ἴσως
847 2101 868 2146 ἢ
891 2101 964 2138 ἐπεὶ
990 2102 1095 2165 δωρον
1115 2117 1176 2146 της

141 2153 338 2201 Ἀθηνᾶς,““
319 2171 342 2200 η
362 2170 414 2191 οτι
440 2153 580 2222 ευφορός
603 2155 693 2191 ἐστιν
719 2158 740 2198 ἡ
764 2152 940 2198 Ἀττικὴέ
926 2153 1106 2204 εξαιρέτως
1130 2155 1175 2196 εἷς

141 2211 199 2249 τὸν
215 2227 277 2257 της
291 2211 407 2254 ἐλαίας
422 2210 568 2262 καρπόν.

195 2282 258 2308 582.
288 2275 408 2321 χαῖρε,
421 2269 514 2320 χαῖρ’
529 2262 558 2305 ‹T›
575 2267 715 2320 φίλτατε
735 2281 743 2306 :
766 2267 940 2320 [Kopmvk
956 2268 1016 2305 καὶ
1034 2268 1176 2312 εἴσθεσις

140 2331 248 2379 χοροῦ
268 2326 519 2379 μονοστροςρικὴ
540 2326 660 2363 κώλων
681 2326 750 2363 κα’.
770 2321 816 2363 ὧν
836 2325 879 2362 τὰ
899 2326 945 2371 α’,
970 2326 1012 2376 ζ’,
1038 2327 1075 2364 ιε’
1098 2343 1169 2379 τρο-

141 2384 250 2436 χαϊκδι
267 2387 498 2437 ἑφθημιμερῆ.
514 2383 558 2421 τὰ
577 2385 621 2435 β’,
640 2385 684 2429 ς’,
704 2385 743 2421 ιδ’
769 2383 912 2434 δίμετρα
934 2384 1173 2430 ἀκατάληκτα.

89 2233 122 2258 35

140 2443 185 2480 τὰ
197 2443 243 2494 γ’,
257 2444 290 2489 η’
304 2442 428 2492 ὅμοια,
447 2442 585 2481 Ἰωνικὰ
606 2444 720 2492 μέντοι
738 2442 808 2479 ἀπὸ
829 2442 995 2517 μείζονος.
1010 2442 1054 2480 ‘t8
1073 2444 1114 2488 δ’,
1133 2444 1175 2490 θ’,

73 2521 123 2552 ‚40
143 2502 186 2547 ιη’
208 2500 397 2539 δακτυλικὰ
412 2503 662 2552 πενθημιμερη.
680 2500 722 2537 τὰ
737 2500 776 2545 ε’,
797 2501 854 2545 ια’,
876 2500 920 2537 ι6’
925 2516 983 2546 ,ις
1002 2530 1012 2549 ,
1032 2501 1072 2544 ιζ’
1093 2517 1174 2538 παι-

140 2558 248 2596 ωνικὰ
279 2559 423 2611 δίμετρα
455 2561 545 2596 ἀκατ
548 2558 696 2605 άληκτα.
725 2559 764 2596 τὸ
796 2559 814 2595 ι’
846 2574 977 2608 ομοιον,
1012 2558 1174 2608 ἷαμὸικὸν

143 2616 269 2666 μέντοι.
285 2617 323 2655 τὸ
342 2618 383 2668 ιγ’
397 2616 583 2655 παιωνικὸν
599 2615 812 2669 ἑφθημιμερέ
814 2633 839 2658 ς.
857 2617 896 2653 τὸ
914 2617 954 2654 ιθ’
972 2618 1174 2654 ἀναπαιστι-

142 2674 200 2712 κὸν
221 2675 376 2727 δίμετρον
396 2675 651 2722 ἀκατάληκτον.
670 2678 687 2713 ὁ
706 2676 751 2721 κ’,
769 2676 840 2714 κα’.
860 2677 895 2712 ἐν
913 2674 1044 2712 ἐκθέσει
1061 2675 1174 2727 στίχοι

143 2731 210 2769 εἶσὶ
231 2733 408 2783 τροχαϊκοὶ
433 2733 659 2785 τετράμετροι
688 2733 938 2779 καταληκτικοὶ
965 2732 1078 2782 ὅμοιοι
1105 2740 1175 2777 τοῖς

91 2805 125 2830 45
145 2789 179 2826 ἔν
194 2792 236 2840 τῇ
256 2790 399 2828 εἷο-θέσει
416 2794 476 2835 τῆς
492 2792 614 2837 διπλῆς
631 2790 817 2840 ἀμοιδαίας
838 2790 908 2841 μη’.
935 2790 992 2828 ἐπὶ
1016 2793 1064 2843 τῷ
1083 2791 1174 2828 τέλει

144 2849 211 2884 τῶν
228 2846 290 2897 μὲν
308 2851 366 2884 τοῦ
381 2852 484 2898 χοροῦ
500 2849 658 2900 κορωνὶς,
671 2851 732 2894 τῆς
745 2848 780 2886 δὲ
800 2850 922 2895 διπλῆς
936 2852 957 2895 ἡ
976 2848 1039 2892 ἔξω
1053 2850 1170 2896 διπλῆ.

145 2904 202 2941 ἐπὶ
229 2904 345 2954 μέντοι
371 2911 445 2949 ταῖς
470 2906 670 2944 ἀποθέσεσιν
695 2910 716 2953 ἡ
743 2907 889 2953 συνήθης
913 2907 1172 2960 παράγραφος.]

145 2963 250 3009 διπλῆ
266 2962 325 3000 καὶ
343 2966 401 3000 τοῦ
417 2967 521 3015 χοροῦ
533 2965 630 3001 κῶλα
646 2965 677 3015 γ’
692 2965 876 3018 τροχαϊκά.
895 2965 967 3003 ἔστι
987 2966 1022 3002 δὲ
1041 2965 1079 3002 τὸ
1095 2964 1172 3003 ὅλον

143 3020 328 3072 τροχαϊκὸν
356 3020 552 3072 ἑξάμετρον.
578 3022 664 3065 τινὲς
690 3023 877 3076 γράφουσιν
903 3023 1083 3095 ἐδάμημεν
1114 3024 1174 3061 καί

92 3091 126 3116 50
144 3093 255 3130 φασι
238 3094 281 3115 τα
293 3077 376 3129 μὲν
370 3079 400 3116 θ’
412 3077 581 3129 τροχαϊκὰ
595 3080 835 3127 ἀκατάλη,κτα
847 3081 886 3118 τὸ
900 3080 934 3118 δὲ
946 3081 976 3131 γ’
987 3082 1172 3133 τροχαϊκὸν

143 3115 410 3182 καταληκτικόν.
436 3136 498 3173 εἶτ’
526 3137 560 3173 ἐν
587 3136 718 3175 ἐκθέσει
735 3139 920 3182 παιωνικὸς
945 3139 1174 3191 τετράμετρος

144 3193 397 3239 καταληκτικὸς
409 3193 468 3230 καὶ
483 3195 516 3231 ἐν
534 3193 663 3231 ἐκθέσει
677 3195 903 3247 τετράμετρος
919 3197 1173 3242 καταληκτικὸς

144 3250 336 3302 τροχαίκός.
355 3257 428 3289 εἶτα
447 3253 481 3289 ἐν
498 3250 626 3289 ἐκθέσει
643 3252 671 3289 δ’
694 3254 808 3299 κῶλα,
824 3257 870 3291 ὧν
887 3253 930 3291 τὰ
949 3269 971 3303 γ
999 3255 1173 3292 παιωνικὰ

145 3307 330 3360 δίρρυθμα,
350 3310 388 3347 τὸ
409 3308 443 3347 δε
467 3308 720 3361 παρατέλευτον
747 3310 908 3360 ἷαμὸικὸν
937 3311 1106 3364 δίμετρον.

2204 182 2276 215 189

1291 249 1451 300 φιλτάθε
1472 251 1515 289 Γ
1506 266 1523 288 ο
1542 251 1704 289 τελειον
1688 253 1854 305 φιλτάτη,
1876 260 2034 309 σκληρῶς
2053 274 2111 297 του
2132 276 2153 307 η
2172 275 2276 298 συνα-

1238 306 1438 358 λειφθέντος.
1460 316 1495 346 R.
1517 317 1557 346 V.

1291 379 1354 404 583.
1385 366 1435 403 ὅτι
1454 367 1522 404 ἀπὸ
1537 368 1687 414 πλήθους
1703 372 1748 413 εἷς
1766 371 1874 409 ἑνικὸν
1893 367 2006 419 ἦλθεν.
2024 381 2064 411 V.

1292 437 1354 460 58⁴.
1385 425 1585 474 δαιμονίως,
1608 428 1772 480 σφοδρῶς.
1795 437 1831 466 R.
1836 438 1875 466 V.

1291 496 1354 520 585.
1387 483 1618 533 (ανερπύσαιῑ
1638 485 1824 525 Απελθεῖν.
1857 488 1947 532 ἰδίως
1969 489 2004 527 δὲ
2030 490 2144 542 ἕρπειν
2174 491 2213 529 τὸ
2234 494 2276 543 τῇ
2297 507 2313 531 5

1237 555 1360 591 γαστρι
1381 542 1564 589 εἷλεῖσθαι,
1586 541 1660 578 ὅθεν
1680 558 1739 579 και
1757 545 1925 595 ἑρπετόν.)

1291 612 1354 635 536.
1385 593 1473 643 ησθα
1491 597 1556 649 γὰρ
1584 599 1622 635 τὸ
1641 599 1802 649 μέγιστον
1829 615 1838 640 ;
1865 602 1966 640 Ἐπεί
1985 607 2006 649 ἡ
2033 605 2150 656 εἰρήνη
2170 606 2278 644 πλείω

1237 654 1375 692 πάντων
1392 662 1460 698 τοῖς
1475 658 1637 707 γεωργοῖς
1652 673 1763 709 συμρε
1751 659 1829 710 ζρει.

1290 726 1351 749 593.
1380 712 1565 749 καδαπανα
1593 714 1650 751 καὶ
1672 715 1753 766 φίλα
1778 730 1786 754 ;
1810 716 1876 754 'Ex
1896 719 1962 754 τῶν
1989 720 2102 770 ἀ(ρῶν
2127 720 2193 772 γὰρ
2218 725 2279 758 οὑ-

1236 786 1288 807 τοι
1313 770 1427 807 πάντα
1450 775 1542 822 εἰχον
1564 771 1757 821 αὐτόματα.
1777 775 1812 811 ἐν
1833 773 1868 811 δε
1891 777 1940 812 τΓι)
1965 777 2149 829 πολέμῳ’
2131 783 2277 817 ωνοῒὶντο
2298 796 2334 822 10

1236 843 1294 865 και
1316 827 1507 865 εδαπάνων.
1532 829 1611 878 (τινε
1600 845 1671 872 ς
1718 830 1887 883 γράφουσι
1914 833 2002 882 μετὰ
2027 838 2086 871 τοῦ
2114 851 2143 880 ι,
2166 835 2222 873 ἵνα
2241 837 2280 875 τὸ

1707 891 1934 959 τρυφῶμεν.
1942 891 2096 961 βέλτιον
2123 891 2158 929 δὲ
2176 908 2282 946 χωρις

1235 946 1294 979 τοῦ
1322 959 1332 979 ι
1352 943 1500 993 ἀναγινιιῖ
1494 958 1612 990 σκειν,
1638 943 1681 981 ἵν’
1704 962 1725 996 ῃ
1749 945 1892 997 λέγων
1887 949 1957 993 urs:
1959 947 1993 985 ὲν
2022 949 2280 998 ἀναλίσκοντες,

1236 999 1292 1036 διὰ
1311 1000 1350 1038 τὸ
1370 1001 1461 1052 ἔχειν
1487 1000 1600 1038 πάντα
1622 1003 1660 1039 ἐκ
1679 1005 1746 1039 τῶν
1773 1005 1901 1056 ἀγρῶν,
1925 1004 1946 1050 ἢ
1970 1022 2022 1044 οτι
2047 1009 2080 1044 ἐν
2099 1010 2142 1059 τῇ·
2163 1009 2279 1062 εἰρηνῃ

1235 1057 1348 1095 πολλὰ
1365 1059 1455 1096 πάνυ
1477 1075 1535 1096 και
1554 1075 1657 1109 τιμης
1675 1060 1861 1112 ελαχίστης
1884 1063 2103 1116 εὑρίσκεται.)

1383 1117 1487 1170 χίδρα
1532 1131 1540 1156 :
1581 1117 1709 1170 Χίδρον
1752 1119 1790 1156 τὸ
1829 1120 1899 1158 ἀπὸ
1938 1122 2066 1173 ἐλύμου
2103 1123 2279 1174 γινόμενον

1236 1173 1392 1226 ὄσπριον,
1424 1175 1554 1225 ἔδεσμα
1583 1191 1663 1228 περι
1694 1176 1842 1229 Καρίαν,
1867 1178 1944 1252 ἤτρι
1969 1180 2008 1218 τὸ
2037 1180 2106 1218 ἀπὸ
2133 1183 2279 1234 χλωρων

1237 1235 1373 1284 κριθιι)ν,
1400 1235 1430 1270 οἱ
1454 1234 1489 1271 δε
1517 1227 1604 1277 εἶδος
1632 1232 1790 1285 βοτάνης.
1821 1237 1859 1273 ἐκ
1889 1237 1923 1275 δὲ
1943 1237 2064 1277 τούτου
2095 1241 2195 1286 δηλοῖ
2216 1240 2280 1287 τὴν

1237 1291 1430 1342 εὐετηρίαν.
1516 1289 1672 1342 (Α.λλως
1701 1294 1756 1344 ἐρε
1742 1309 1814 1330 ικτ
1817 1293 1840 1331 8
1867 1296 1906 1332 ἐκ
1932 1299 2049 1348 κριθης
2077 1296 2155 1340 νέας
2183 1298 2280 1349 γινό-

1237 1350 1350 1397 μενα.)
1369 1372 1422 1377 —
1474 1348 1618 1392 Ἄλλως
1649 1366 1706 1387 νυν
1737 1350 1856 1394 ἆπλως
1885 1353 2067 1406 εὐκαρπία.
2097 1354 2186 1392 οὕτω
2217 1356 2277 1394 καὶ

1236 1408 1380 1443 καλοῦσι
1403 1406 1441 1444 τὸ
1473 1408 1511 1444 ἐκ
1538 1410 1655 1459 πυρῶν
1677 1408 1923 1459 ἀληλεσμένων
1946 1414 2071 1464 βρωμα
2095 1428 2154 1450 και
2178 1413 2222 1451 τὰ
2242 1416 2281 1452 ἐκ

1236 1467 1367 1515 νεαρῶν
1385 1467 1510 1516 κριθῶν
1529 1465 1673 1517 ἄλευρα.
1690 1473 1730 1502 V

1236 885 1417 935 v006¹usv0v
1443 889 1484 936 ᾖ,
1509 853 1692 938 Οαπανῃὴ
1673 903 1709 924 τε

2303 1088 2333 1112 15

1289 1131 1353 1155 595.

2299 1380 2334 1404 20

1291 1536 1357 1561 (303.
1388 1522 1484 1572 τάμὰ
1512 1522 1554 1593 δη
1583 1523 1740 1567 ξυνίετε·
1732 1555 1740 1562 .
1722 1524 1858 1583 Πρὸς
1882 1528 1995 1563 ταῦτα
2023 1527 2082 1565 καὶ
2111 1530 2281 1580 Κρατῖνος

1254 1596 1270 1615 ν
1293 1579 1383 1618 Πυτ’
1373 1597 1425 1631 ινη
1451 1596 1506 1617 πε
1497 1580 1638 1626 ιοίηκεν
1662 1583 1689 1631 (u
1718 1585 1745 1619 ὠ
1772 1583 1973 1634 λιπερνῆτες
1998 1586 2157 1631 πολῖται,
2180 1587 2277 1637 τάμὰ

1255 1636 1276 1682 ὴ
1302 1637 1438 1680 ξυνίετε.
1459 1657 1472 1671 υ
1494 1637 1566 1675 ἔστι
1587 1637 1621 1676 δὲ
1637 1639 1720 1691 πρὸς
1747 1639 1790 1676 τὰ
1814 1640 2016 1692 Ἀρχιλόχου
2037 1660 2052 1675 «
2073 1646 2101 1681 ὠ
2117 1645 2278 1696 λιπερνη-

1256 1710 1288 1737 ες
1306 1696 1462 1741 πολιται,
1488 1695 1585 1745 τάμὰ
1609 1695 1650 1742 δὴ
1679 1696 1805 1740 ξυνίετε
1832 1697 1984 1749 ῥήματα.
2011 1718 2025 1731 ›
2045 1702 2062 1737 ὁ
2087 1700 2221 1753 Ἑρμῆς
2243 1703 2280 1740 δέ

1255 1769 1328 1790 στιν
1349 1756 1366 1790 ὃ
1385 1752 1494 1804 λέγων
1514 1753 1599 1804 πρὸς
1620 1754 1659 1791 τὸ
1676 1754 1873 1806 ἐρωτηθεν
1861 1755 1926 1793 υπὸ
1951 1772 2010 1795 του
2030 1773 2154 1809 χορου,
2175 1760 2216 1797 δι’
2235 1760 2278 1806 ἣν

1236 1811 1348 1848 αἰτίαν
1368 1815 1528 1849 τοσοῦτον
1548 1811 1682 1858 ἀπέστη
1702 1813 1814 1849 αὐτῶν
1835 1815 1856 1858 ἦ
1876 1813 1948 1857 Θεὸς
1963 1813 2098 1865 χρόνον.
2117 1831 2176 1854 και
2196 1815 2280 1870 φησὶ

1234 1871 1370 1922 πρῶτον
1387 1870 1493 1906 αἴτιον
1511 1885 1686 1920 κεγονεναι
1702 1870 1860 1909 Φειδίαν.
1866 1871 1876 1919 )

1287 1941 1348 1965 605.
1381 1927 1527 1970 Φειδίας
1558 1942 1566 1966 :
1598 1928 1794 1980 Φιλόχορος
1818 1929 1874 1966 ἐπὶ
1903 1929 2086 1984 Θεοδώρου
2115 1931 2278 1984 ἄρχοντος

1234 1985 1344 2022 ταῦτά
1370 2001 1464 2037 φησι.
1491 1985 1551 2022 καὶ
1578 1985 1617 2022 τὸ
1646 1985 1788 2036 ἄγαλμα
1813 1985 1853 2023 τὸ
1878 1991 2027 2039 χρυσοῦν
2052 1991 2113 2034 ·.·-723
2138 1989 2278 2036 Ἀθηνᾶς

1234 2043 1361 2089 ἐστάθη
1382 2045 1428 2086 εἷς
1451 2043 1509 2080 τὸν
1531 2042 1616 2080 νεὼν
1635 2043 1692 2080 τὸν
1713 2043 1836 2093 μέγαν,
1861 2043 1940 2095 ἔχον
1957 2045 2101 2097 χρυσίου
2126 2048 2277 2098 σταθμὸν

1234 2100 1412 2138 ταλάντων
1440 2101 1512 2150 μδ’,
1537 2100 1746 2152 Περικλέους
1772 2102 2050 2150 ἐπιστατοῦντος,
2120 2105 2221 2142 ειδίου
2243 2105 2278 2143 δὲ

1234 2158 1452 2204 ποιήσαντος.
1478 2158 1536 2195 καὶ
1562 2158 1709 2200 Φειδίας
1729 2160 1746 2194 ὅ
1765 2158 1932 2208 ποιήσας,
1960 2160 2057 2203 δόξας
2081 2163 2277 2214 παραλογί-

1235 2219 1350 2260 ζεσθαι
1372 2216 1429 2254 τὸν
1452 2215 1620 2267 ἐλέφαντα
1647 2216 1704 2253 τὸν
1727 2217 1772 2258 εἷς
1796 2215 1857 2259 τὰς
1878 2217 2037 2268 φολίδας,
2062 2219 2192 2270 ἐκρίθη.
2217 2221 2275 2258 καὶ

1235 2290 1350 2326 ’ρψγων
1373 2276 1418 2316 εἷς
1442 2276 1542 2312 Ηλιν
1563 2275 1663 2326 ε’ργιο)
1666 2273 1798 2319 αὸησαι
1816 2273 1854 2311 τὸ
1876 2274 2019 2325 ἄγαλμα
2040 2292 2097 2314 του
2118 2277 2198 2320 Διὸς
2216 2283 2274 2316 τοῦ

1235 2348 1268 2369 εν
1289 2331 1470 2384 Ὀλυμπία
1490 2331 1644 2382 λέγεται,
1671 2335 1770 2369 τοῦτο
1794 2331 1830 2369 δε
1850 2331 2120 2383 ἐξεργασάμενος
2140 2336 2276 2373 ἀποθα-

1234 2395 1300 2426 νεῖν
1327 2389 1391 2426 ὑπὸ
1413 2372 1560 2427 Ἠλείων
1589 2389 1646 2425 ἐπὶ
1676 2389 1901 2441 Πυθοδώρου,
1931 2391 1965 2432 ὅς
1985 2392 2076 2428 ἐστιν
2107 2392 2175 2429 ἀπὸ
2193 2393 2275 2430 τού-

1234 2463 1292 2485 του
1310 2447 1469 2495 ε’ῧδομος,
1486 2446 1566 2498 περὶ
1583 2446 1773 2498 Μεγαρέων
1798 2446 1917 2497 εἰπὼν,
1939 2446 1990 2484 ὅτι
2009 2449 2068 2486 καὶ
2092 2450 2188 2487 αὐτοὶ
2211 2467 2275 2488 κα-

1233 2504 1361 2542 τεὸόων
1379 2504 1565 2550 3Ἀθηναίων
1581 2502 1677 2555 παρὰ
1694 2503 1998 2554 Λακεδαιμονίοις,
2018 2505 2143 2549 ἀδίκως
2159 2506 2273 2559 λέγον-

1233 2578 1286 2605 τες
1306 2561 1478 2614 εἴργεσθαι
1498 2563 1623 2614 ἀγορᾶς
1645 2561 1703 2598 καὶ
1720 2561 1868 2611 λιμένων
1886 2564 1953 2599 τῶν
1970 2563 2052 2614 παρ’
2074 2564 2273 2611 Ἀθηναίοις.

1233 2622 1263 2658 οἱ
1278 2619 1344 2672 γὰρ
1356 2620 1526 2666 Ἀθηναῖοι
1539 2623 1648 2656 ταῦτα
1660 2619 1872 2671 ἐψηφίσαντο
1886 2620 2094 2672 Περικλέους
2107 2622 2273 2670 εἰπόντος,

1232 2694 1294 2723 την
1317 2694 1381 2729 γην
1411 2693 1531 2720 αυτ-ους
1551 2676 1749 2727 αἰτιώμενοι
1767 2677 1830 2724 τὴν
1853 2677 1948 2729 ιερὰν
1967 2681 2037 2721 τοῖς
2055 2682 2140 2723 θεοῖς
2167 2682 2274 2734 ἀπερ-

1233 2736 1407 2787 γάζεσθαι.
1428 2735 1565 2785 λέγουσι
1588 2734 1625 2772 δέ
1646 2751 1732 2778 τινες
1752 2752 1798 2778 ως
1817 2736 1960 2773 Φειδίου
1987 2740 2045 2773 τοῧ
2067 2738 2271 2787 ἀγαλματο-

1233 2798 1332 2832 ποιοῦ
1352 2793 1508 2837 δόξαντος
1527 2793 1819 2844 παραλογίζεσθαι
1841 2793 1903 2839 τὶν
1918 2793 2016 2830 πόλιν
2034 2810 2093 2831 και
2111 2799 2273 2847 φυγαδευ-

1233 2851 1363 2898 θέντος,
1393 2854 1410 2888 ὁ
1438 2851 1614 2901 Περικλης
1639 2850 1798 2902 φοὸηθεις
1828 2850 1884 2888 διὰ
1910 2851 1948 2888 τὸ
1972 2852 2200 2897 επιστατ-’ῆσαι
2227 2860 2270 2908 τῇ

1232 2923 1464 2958 κατασκευῃ
1448 2923 1505 2944 του
1527 2907 1725 2957 ἀγάλματος
1742 2907 1801 2944 καὶ
1817 2907 2065 2957 συνεγνωκέναι
2081 2912 2123 2960 τῇ
2136 2912 2248 2965 κλοπῇ·
2261 2943 2271 2960 ‚

1232 2966 1361 3018 ἔγραψε
1385 2966 1424 3003 τὸ
1445 2963 1535 3002 κατὰ
1560 2963 1750 3015 Μεγαρέων
1773 2964 1930 3003 πινάκιον
1957 2965 2016 3002 καὶ
2038 2966 2095 3003 τὸν
2120 2966 2270 3015 πόλεμον

1232 3023 1432 3073 ἐπήνεγκεν,
1449 3021 1516 3071 (ι’να
1533 3020 1833 3072 ἀπησχολημένοις
1847 3022 2035 3068 Ἀθηναίοις
2048 3025 2094 3066 εἷς
2106 3024 2163 3061 τὸν
2174 3024 2272 3062 πόλε-

1233 3097 1295 3132 μον
1318 3080 1364 3131 μὴ
1384 3081 1431 3131 δῷ
1451 3079 1512 3122 τὰς
1529 3079 1683 3125 εὐθύνας,
1701 3078 1890 3129 ἐγκαλέσας
1906 3083 2123 3132 Μεγαρεῦσιν
2141 3085 2186 3125 ὡς
2208 3082 2269 3129 τὴν
2288 3108 2324 3134 50

1231 3139 1325 3191 ἱερὰν
1340 3138 1469 3190 ὀργάδα
1485 3143 1560 3174 ταῖν
1577 3138 1669 3174 θεαῖν
1690 3137 1946 3189 ἐργασαμένοις.
1967 3138 2088 3189 ἄλογος
2104 3139 2139 3177 δὲ
2153 3140 2271 3192 φαίνε-

1230 3213 1288 3235 ται
1307 3199 1327 3242 ἡ
1349 3195 1441 3234 κατὰ
1465 3194 1673 3246 Περικλέους
1695 3194 1854 3239 ὑπόνοια,
1881 3194 1970 3232 ἑπτὰ
1993 3195 2083 3233 ἔτεσι
2105 3196 2270 3249 πρότερον

1231 3259 1292 3300 τ’ἧς
1318 3258 1378 3291 τοῦ
1402 3252 1555 3303 πολέμου
1574 3255 1682 3304 ἀρχῆς
1700 3254 1767 3289 τῶν
1791 3252 1870 3304 περὶ
1895 3252 2042 3291 Φειδίαν
2058 3255 2261 3304 γενομένων.

1232 3315 1249 3350 ὁ
1269 3312 1436 3357 Φειδίας,
1452 3313 1498 3354 ὡς
1515 3311 1708 3362 Φιλόχορος
1730 3310 1847 3362 φησὶν,
1867 3310 1924 3349 ἐπὶ
1939 3310 2121 3363 Θεοδώρου
2142 3311 2268 3363 ἄρχον-

1237 1581 1261 1607 3

1236 1608 1253 1649 ζ

1236 1653 1263 1673 0
2298 1667 2332 1691 25

1234 1711 1253 1731 T

1237 1754 1250 1780 ε

2298 1956 2332 1981 30

2295 2242 2329 2267 35

2293 2529 2328 2554 40
