2533 3808
348 283 417 314 406

343 372 420 409 quo
443 353 591 407 ἀσφαλὲς
615 353 796 390 additum.
814 377 854 383 —
876 357 920 394 44
951 352 1012 395 τῆς
1033 348 1169 391 ἀντλίας
1193 349 1251 394 Θ.,
1281 347 1348 397 qui

346 417 467 461 45-47
489 412 641 449 omittit.

397 474 469 515 435
499 485 563 519 μου
592 471 722 520 ἐγχανῇ
755 468 867 504 habet
899 466 1032 504 Suidas

343 531 458 568 Addit
474 528 556 566 Ald.
583 542 672 564 κατα
674 526 758 576 γελ’
737 541 828 567 ασεις
847 540 911 574 μου
939 539 1026 575 γωρι
1031 539 1044 565 ς
1064 522 1206 571 ζημίας·
1223 527 1349 572 προῖκα

342 588 406 640 γὰρ
425 587 538 636 373fov
554 584 615 631 τὴν
641 583 777 634 ζημίαν.
805 600 863 620 και
884 584 1037 633 ἀλὶαγοῧ
1068 581 1233 631 (lhesm.
1258 581 1348 629 566)

343 663 357 677 (Ι
379 644 471 682 Οὔτοι
489 642 537 693 μὰ
564 659 613 679 ‘tm
636 641 699 678 030)
722 657 763 679 συ
786 638 976 692 Χαῖαπρῦἰξ
980 655 1008 676 Ξῑ
1033 638 1072 676 >3
1057 653 1180 688 ε’(Ουζῖα.
1211 653 1321 674 ταυτὶ.
1336 655 1349 670 )

1061 479 1089 502 s.
1113 462 1347 515 Καταπροΐξη.

344 707 364 749 ἡ
390 701 458 755 πρό
477 701 512 738 δὲ
533 700 607 738 ἀντὶ
626 715 687 745 της
711 698 817 751 παρά.
846 700 1092 750 προϊκνεῖσΟαι.
1114 711 1202 737 τινες
1223 694 1257 731 δε
1283 694 1351 731 ἀπὸ

343 776 402 798 του
432 758 584 806 ἵξεσθαι,
608 774 626 795 ο
657 772 730 794 εστι
752 756 880 808 δωρεάν
907 771 982 792 τινα
1013 754 1112 791 λαῧε
1103 770 1143 790 ιν.
1171 752 1351 803 Ἡρόδοτος

344 836 358 851 c
383 820 420 855 οὔ
439 816 504 870 γὰρ
522 816 562 862 δὴ
577 816 662 865 ἐμέ
661 831 689 865 ,ε
704 810 1024 862 ὡδελω6ησόμενος
1046 809 1350 863 καταπροΐξεται.»

345 875 544 926 Ἀρχίλοχος
568 892 582 906 «
598 877 633 910 εὖ
655 873 682 909 δ’
704 875 828 913 ἐκεῖνος
855 873 890 908 οὐ
911 867 1098 921 καταπροίξ
1102 884 1186 906 εται.
1197 886 1212 901 n
1232 867 1351 919 Ηρω-

347 933 458 974 διανὸς
485 931 520 968 δὲ
552 933 585 967 ἐν
616 932 855 982 ἐπιμερισυ.ῖςο
875 945 970 980 παρα
999 944 1037 965 το
1062 927 1150 964 ἴσου)
1180 926 1274 978 φησί.
1294 941 1352 962 και

347 990 546 1042 Αργίλογος
566 988 763 1040 «προτείνω
785 1003 825 1037 73
828 993 885 1038 ῖρα
909 1002 968 1023 και
989 984 1208 1037 προίσσοααι.
1224 1002 1238 1017 υ
1261 987 1354 1029 Quae

345 1049 444 1084 intel
449 1047 575 1095 polata
596 1053 683 1082 sunt
700 1059 745 1081 ex
763 1045 879 1082 Suida
899 1058 927 1080 s.
950 1039 1147 1094 Καταπροι
1134 1057 1236 1085 ςεται.

401 1105 531 1150 436,1
556 1102 577 1148 ἢ
595 1117 653 1138 και
672 1115 745 1138 0111.
766 1103 810 1139 Θ.
834 1117 892 1138 και
913 1114 987 1137 om.
1008 1104 1053 1137 V.
1073 1102 1147 1135 -3
1169 1099 1292 1140 κάλους
1307 1100 1352 1136 Θ.

403 1163 490 1208 437,
515 1162 537 1196 8
564 1160 690 1211 πρίσας
707 1158 806 1196 αὐτὸν
826 1163 870 1195 V.
884 1183 926 1189 —
947 1173 959 1194 1
975 1173 986 1193 1
1009 1163 1103 1194 πνεῖν
1124 1156 1291 1194 additum
1311 1169 1354 1192 ex

348 1221 454 1258 O.—
481 1226 524 1262 14
549 1217 656 1255 νότον.
683 1218 802 1255 Stulte
827 1232 835 1253 ε
864 1231 950 1253 nam
975 1216 1112 1252 Caecias
1142 1230 1163 1251 a
1195 1215 1356 1251 solstitio

349 1279 480 1314 aestivo
501 1278 575 1314 flat.
603 1280 742 1313 BENTL.
771 1299 812 1305 —
838 1277 881 1311 16
905 1274 1028 1311 κακίαν
1049 1273 1106 1309 καὶ
1128 1271 1356 1324 συκοφαντίαν

349 1336 448 1373 Θ.-
468 1349 509 1381 17
537 1333 636 1371 αὐτὸν
661 1334 760 1371 Θ.--
777 1334 819 1369 18
842 1331 918 1368 κάκ’
939 1333 989 1382 ἐφ’
1011 1330 1112 1367 αὑτὸν
1136 1329 1245 1366 amma
1274 1331 1319 1370 ὡς
1341 1331 1358 1365 ὃ

349 1392 484 1434 καικίας
498 1391 583 1443 νέφη
597 1392 798 1428 Bentleius.
819 1391 993 1426 Aliorum
1011 1389 1240 1438 scriptorum
1255 1388 1360 1423 locos

351 1451 416 1500 qui
437 1450 510 1486 hoc
531 1449 737 1498 proverbio
756 1448 814 1483 usi
843 1455 929 1483 sunt
950 1446 1168 1483 indicarunt
1189 1448 1361 1493 Wytten-

351 1507 510 1544 bachius
540 1506 586 1542 ad
612 1505 805 1542 Plutarchi
835 1504 970 1541 Moral.
992 1517 1029 1553 p.
1053 1505 1116 1553 88,
1138 1508 1172 1540 D
1187 1532 1196 1549 ,
1226 1504 1300 1540 vol.
1324 1504 1360 1548 6,

351 1579 388 1615 p.
406 1566 494 1609 621,
516 1572 552 1600 et
576 1563 827 1600 Schneiderus
846 1562 892 1599 ad
905 1562 1157 1612 Theophrast.
1174 1561 1248 1597 vol.
1266 1567 1299 1606 4,
1322 1574 1360 1610 p.

353 1637 438 1671 701.
458 1626 574 1658 Dum.

406 1680 493 1724 438,
516 1682 563 1716 23
582 1677 769 1723 Ἀθηναίοις
790 1679 834 1716 Θ.
853 1702 893 1708 -
913 1684 960 1721 24
986 1679 1016 1714 οἱ
1033 1690 1105 1713 om.
1130 1680 1175 1713 V.
1195 1677 1242 1714 Θ.
1257 1701 1298 1708 -
1315 1677 1362 1713 25

353 1740 448 1790 σφῶν
470 1737 667 1774 Dobraeus.
690 1736 904 1785 Legebatur
925 1735 975 1787 ἐφ’
995 1730 1054 1772 ὧν.
1071 1760 1111 1766 -
1130 1736 1177 1770 26
1200 1734 1363 1785 ἐξανδρα-

354 1794 568 1839 ποδήσαντες
596 1799 640 1831 V.
669 1819 709 1824 -
738 1795 785 1829 32
819 1796 921 1830 αὐτοῦ
952 1795 997 1831 Θ.
1029 1817 1071 1824 —
1092 1794 1137 1830 33
1175 1791 1221 1840 μὴ
1252 1792 1364 1835 ἄλλως

353 1854 572 1889 Valckenai'.
595 1852 639 1887 ad
671 1851 854 1889 Herodot.
888 1858 907 1894 4
924 1880 933 1896 ,
971 1864 1031 1896 77.
1069 1851 1281 1899 Legebatur
1314 1849 1362 1899 μὴ

357 1911 489 1960 μάτην,
504 1910 578 1946 ἀλλ’
595 1913 639 1951 ὡς
652 1909 741 1961 περὶ.
752 1909 864 1945 Dind.
881 1909 1035 1957 conjicit
1051 1907 1098 1958 μὴ
1115 1907 1303 1953 τηνάλλως.
1325 1932 1366 1939 -

356 1971 402 2010 34
423 1966 479 2004 τὸν
509 1982 583 2004 om.
597 1971 642 2004 V.
660 1968 704 2005 Θ.
721 1992 760 1998 -
780 1968 825 2003 35
842 1966 1038 2015 legebatur
1057 1965 1323 2017 προὸαλλεσθαι.

411 2027 498 2074 439,
524 2027 568 2071 37
586 2024 642 2061 τὸν
664 2023 820 2061 Κλέωνα.
836 2028 917 2060 imo
938 2022 994 2061 τὸν
1017 2022 1300 2070 ἀλλαντοπώλην,
1323 2032 1365 2059 ut

356 2093 446 2120 uota
478 2084 556 2119 haec
585 2096 671 2119 cum
692 2082 993 2132 praecedentibus
1016 2082 1225 2118 conveniat.
1253 2082 1364 2117 Kusr.

355 2154 394 2160 ““·
417 2142 465 2177 38
483 2142 550 2176 τῶν
568 2139 744 2176 ταλάντων
765 2143 809 2176 V.
829 2140 874 2176 Θ.
889 2165 929 2170 -
944 2142 991 2187 39
1010 2139 1161 2175 ἐνδοῦναι
1185 2152 1260 2175 0111.
1282 2140 1326 2176 Θ.

411 2205 506 2243 440,
536 2199 583 2240 43
607 2213 665 2248 πρ.
689 2198 832 2234 καλοῦσι
857 2196 916 2234 καὶ
939 2195 1043 2238 οὕτως
1056 2198 1101 2233 Θ.
1130 2220 1171 2227 -
1191 2198 1238 2239 45
1259 2197 1366 2247 ὑπερ-

358 2256 411 2301 ίδη
433 2259 478 2292 V.

411 2320 481 2358 441
501 2342 510 2359 ,
533 2320 551 2357 4
575 2313 699 2350 κακίαν
719 2312 777 2349 καὶ
798 2312 1027 2364 συκοφαντίαν
1048 2313 1091 2350 Θ.
1122 2336 1161 2343 -—
1183 2312 1203 2348 5
1231 2310 1294 2362 ἔφη
1320 2313 1365 2349 Θ.

359 2373 478 2407 ἑαυτοῦ
501 2371 652 2419 γίνεσθαι
669 2373 711 2406 V.

415 2434 508 2473 442,
528 2441 551 2476 9
574 2426 639 2478 γὰρ
661 2441 735 2463 om.
756 2428 856 2465 Θ.--
879 2442 923 2463 10
947 2427 1031 2479 φησὶ
1047 2426 1111 2479 γὰρ
1135 2426 1186 2463 ὅτι
1215 2429 1260 2465 Θ.
1289 2430 1369 2464 ἑκα-

360 2484 603 2524 τονταλάντους
623 2484 819 2520 Dobraeus.
835 2485 955 2522 ἑκατόν
979 2487 1024 2521 Θ.
1045 2485 1128 2521 δέκα
1149 2489 1192 2520 V.
1211 2485 1296 2522 ALd.

415 2541 502 2585 445,
533 2541 576 2575 13
605 2540 797 2587 Κυλωνίου,
826 2547 868 2584 14
887 2540 1178 2590 συγκλεισθέντες,
1204 2556 1245 2587 17
1270 2542 1369 2578 αὐτὸν

363 2599 404 2634 Θ.
421 2621 461 2627 -
478 2610 526 2632 20
544 2597 740 2648 Μεγαρίδου
763 2601 808 2633 V.
824 2622 863 2627 —-
886 2612 927 2633 21
960 2596 1129 2649 θυγατέρα
1151 2600 1196 2635 Θ.
1222 2605 1370 2647 γυναῖκα

363 2654 443 2689 Ald.
473 2677 512 2684 —
543 2659 589 2695 24
617 2653 881 2703 προσλαμὸάνει
910 2656 955 2691 Θ.
973 2678 1014 2684 -
1041 2656 1088 2689 26
1117 2655 1278 2704 ἐλῄστευε
1311 2654 1370 2692 καὶ

363 2711 529 2747 additum
549 2723 595 2746 ex
614 2711 658 2748 Θ.
676 2711 780 2746 Idem
801 2710 930 2762 ἐλήφθη
956 2709 991 2747 δὲ
1008 2710 1076 2747 καὶ.
1095 2717 1140 2749 V.
1163 2712 1212 2747 ἐλ.
1230 2710 1266 2747 δέ
1287 2727 1370 2762 φησι

363 2767 433 2804 καὶ.
465 2792 504 2798 -
536 2781 584 2815 29
618 2766 884 2811 ἀποσπάσαντες
922 2772 1069 2804 Portus.
1112 2767 1370 2813 ἀπαντήσαντες

364 2829 407 2861 V.
440 2826 484 2863 Θ.
515 2824 757 2870 ἀπατήσαντες
781 2826 858 2861 ALd.
888 2824 963 2866 τους
987 2825 1021 2862 δὲ
1047 2830 1089 2862 V.
1114 2828 1159 2863 Θ.
1179 2850 1220 2856 —-
1248 2827 1369 2862 33-38

364 2896 438 2918 0111.
456 2884 501 2920 Θ.
524 2885 567 2918 111
594 2884 666 2918 fine
682 2883 788 2918 addit
809 2882 888 2920 Ald.
913 2882 1106 2927 ἐκλήθησαν
1127 2883 1156 2919 δ’
1176 2884 1323 2919 ἐντεῦθεν
1341 2885 1370 2920 οἱ

364 2939 545 2990 ἀλιτήριοι.
571 2939 671 2987 λιμὸς
691 2938 862 2976 κατέλαὸέ
881 2955 964 2977 ποτε
984 2939 1058 2981 τοὺς
1080 2940 1294 2988 Ἀθηναίους,
1314 2941 1371 2978 καί

364 2999 394 3033 οἱ
417 2996 561 3041 πένητες
585 2995 628 3033 τὰ
647 2999 715 3033 τῶν
735 2996 906 3034 ἀλούντων
937 2997 1063 3050 ἄλευρα
1081 2998 1266 3050 διήρπαζον
1281 3013 1288 3020 ·
1306 2998 1373 3035 ἀπὸ

363 3057 444 3102 γοῦν
475 3054 612 3090 ἐκείνων
644 3057 933 3106 καταχρηστικῶς
956 3054 1030 3097 τοὺς
1060 3054 1226 3106 πονηροὺς
1253 3056 1373 3100 ἀλιτη-

367 3110 455 3161 ρίους
487 3111 642 3148 ἐκάλουν.
665 3111 844 3162 παρέτεινε
877 3111 910 3148 δὲ
941 3112 981 3148 τὸ
1001 3113 1107 3162 ὄνομα
1131 3112 1188 3149 καὶ
1220 3112 1276 3149 ἐπὶ
1305 3115 1372 3149 τῶν

368 3165 454 3215 μετὰ
473 3167 545 3215 βίας
565 3183 598 3204 τι
620 3167 808 3205 ποιούντων
821 3199 830 3215 ,
854 3168 921 3205 ἀπὸ
943 3172 1005 3214 τῆς
1025 3170 1192 3210 σιτοδείας
1205 3172 1266 3214 τῆς
1286 3169 1373 3206 κατὰ

366 3223 423 3260 τὸν
445 3224 634 3261 Αἰτωλικὸν
657 3225 807 3275 πόλεμον
826 3226 1021 3276 γενομένης.
1046 3225 1150 3264 ’Έστι
1174 3228 1210 3263 δὲ
1229 3227 1286 3263 καὶ
1306 3242 1373 3263 πα-

370 3279 534 3331 ραγώγως
557 3282 623 3319 ἀπὸ
650 3286 708 3318 τοῦ
739 3285 959 3335 ἀλιτραίνειν,
989 3283 1009 3320 δ’
1030 3286 1120 3320 ἐστιν
1153 3283 1373 3335 ἁμαρτάνειν.

369 3337 581 3386 ).αμ6άνεται
609 3338 643 3375 δὲ
669 3340 707 3376 τὸ
730 3342 913 3393 ἀλιτηρίων
937 3342 994 3379 καὶ
1033 3341 1107 3378 ἀντὶ
1135 3345 1193 3379 τοῦ
1220 3345 1372 3392 ἁστοχη-

371 3393 499 3432 στίν-,ων
524 3396 580 3432 καὶ
607 3397 858 3447 ἀποτυχόντων.
880 3403 1023 3437 Inserta
1044 3408 1129 3436 suut
1148 3413 1193 3435 ex
1214 3401 1328 3437 Suida
1347 3414 1373 3437 5.

1083 261 1378 301 ADNOTATIO
1407 262 1460 298 IN
1490 263 1658 301 SCHOL.

1408 346 1615 399 Ἀλιτῆριοι,
1654 351 1719 400 qui
1747 364 1768 387 a
1801 353 2044 401 grammatico
2082 354 2239 391 Bekkeii
2277 355 2409 394 sumsit

1407 406 1548 442 Anecd.
1573 420 1609 456 p.
1632 409 1676 444 3-
1663 422 1716 454 7.
1745 412 1862 446 DLNn.

1461 466 1550 508 448,
1574 465 1622 511 39
1644 469 1825 517 φρουροῦσι
1843 470 1887 505 V.

1462 525 1554 567 449,
1577 526 1620 563 44
1642 520 1736 572 εἴπερ
1755 524 1804 572 τῷ
1824 522 1908 559 Ald.
1927 548 1966 554 —
1987 525 2034 566 46
2054 528 2072 562 6
2090 539 2163 562 om.
2179 529 2223 562 V.
2242 527 2342 564 Θ.--
2362 526 2410 563 52

1409 577 1558 613 videtur
1576 579 1717 627 aliquid
1739 579 1864 616 deesse
1881 593 1888 614 ε
1917 593 2002 616 nam
2023 585 2205 620 sententia
2224 593 2326 621 certe
2341 585 2413 621 im-

1409 635 1578 682 perfecta
1605 644 1679 681 3513
1704 648 1746 672 ea
1768 636 1820 672 ita
1844 637 2014 685 suppleri
2043 648 2191 688 potest:
2217 640 2413 690 γεγονέναι,

1409 706 1465 728 τον
1490 692 1760 730 ἀλλαντοπώλκν
1786 695 1847 729 ἀντ
1852 693 1892 728 ιδ·
1887 692 2060 732 ια6αλ)ειν
2087 713 2143 734 τον
2172 697 2340 744 Κλέωνα,
2369 699 2414 740 ως

1411 751 1449 786 ἐκ
1468 752 1534 785 τῶν
1556 749 1698 787 ἐπιόου)
1700 751 1870 788 ευσάντων
1890 761 1961 788 cet.
1987 756 2136 791 Deua.
2149 781 2189 787 -
2213 757 2259 800 54
2278 756 2415 808 Μυρίιη

1411 815 1447 843 et
1464 820 1552 843 mox
1569 807 1724 859 Μυρίνην
1748 814 1792 846 Υ

1466 865 1627 912 452,10
1644 866 1882 905 scribebuur
1907 867 2115 919 ἀνταράται,
2135 870 2237 918 quod
2253 870 2419 907 correxit

1412 926 1614 960 Κ115ῑειυ5.

1468 981 1621 1028 453,13
1639 982 1891 1029 ὃιακελευεται,
1917 990 1960 1027 14
1983 984 2093 1020 κῶλον
2114 985 2217 1020 αὐτου
2237 985 2282 1022 Θ.

1468 1041 1555 1084 456,
1585 1055 1627 1086 17
1652 1041 1814 1083 κωλύσεις
1835 1046 1935 1078 V.-
1953 1044 1997 1078 18
2017 1045 2077 1078 τοῦ
2101 1041 2213 1079 κώλου
2231 1043 2300 1079 τῶν
2325 1040 2422 1080 ἐντέ-

1415 1112 1495 1148 ρων,
1521 1111 1566 1145 19
1579 1103 1650 1139 τοῖς
1669 1099 1770 1135 αὐτον
1785 1100 1831 1137 Θ.

1469 1156 1556 1199 462,
1575 1157 1621 1190 26
1637 1157 1775 1198 πολλοῖς
1797 1156 1930 1209 τρόποις
1944 1156 2002 1194 καὶ
2014 1156 2128 1206 λόγοις
2147 1156 2314 1209 ἐκέχρητο
2332 1158 2378 1196 Θ.

1471 1214 1558 1255 463,
1588 1216 1635 1249 28
1655 1214 1808 1250 videtur
1829 1213 2096 1266 συναρμόζοντες
2116 1216 2176 1251 vel
2194 1216 2326 1252 saltem
2340 1230 2424 1252 συν-

1417 1269 1650 1320 αρμονίζοντες
1671 1272 1877 1320 scripsisse.
1894 1276 2013 1309 Dmn.

1472 1328 1566 1372 464,
1588 1329 1635 1364 30
1665 1327 1812 1366 Ἀττικοὶ
1845 1343 1922 1368 0111.
1953 1330 2086 1367 Suidas
2115 1343 2144 1366 s.
2173 1328 2426 1382 Ἁμαξουργοί,

1418 1383 1523 1420 addit
1538 1383 1688 1433 λέγουσι.
1703 1386 1881 1423 Scholion
1902 1399 1976 1422 om.
1993 1387 2041 1424 Θ.

1474 1441 1562 1487 465,
1585 1442 1631 1485 45
1646 1444 1689 1493 τῇ
1707 1442 2015 1492 πόλει-γενέσθαι
2031 1444 2077 1481 Θ.
2096 1444 2219 1493 Vulgo
2233 1443 2424 1496 παρρησία.

1475 1500 1561 1544 468,
1585 1500 1632 1536 50
1652 1500 1768 1546 ἐπειδὴ
1792 1504 1810 1538 6
1838 1502 1905 1539 Κλ.
1923 1506 2129 1544 τεκτονικοῖς
2148 1500 2320 1554 ἐχρήσατο
2348 1502 2427 1539 ὀνό-

1423 1573 1524 1606 μασιν
1549 1559 1594 1595 Θ.
1612 1583 1652 1588 -
1672 1560 1718 1595 52
1736 1558 1772 1596 δὲ
1791 1559 1974 1609 ἐπήνεγκεν
1994 1562 2041 1597 Θ.

1476 1616 1564 1663 469,
1588 1617 1607 1652 3
1627 1621 1695 1658 τοῖς
1719 1619 1787 1653 τῶν
1801 1616 1832 1654 λ’
1849 1619 1941 1654 Λακ.
1955 1621 2000 1654 V.
2018 1622 2091 1659 τοῖς
2103 1616 2171 1654 ἀπὸ
2186 1619 2254 1655 τῶν
2272 1618 2363 1655 Λακ.
2379 1618 2427 1655 Θ.

1423 1696 1473 1702 -
1495 1673 1516 1709 5
1534 1672 1681 1710 ὤλεσθαι
1703 1679 1746 1712 V.

1477 1739 1563 1777 471,
1594 1745 1634 1767 11
1660 1732 1813 1769 δουλείαν
1835 1733 1878 1770 Θ.
1902 1746 1973 1782 pro
1991 1733 2118 1769 δοῦναι.

1478 1791 1563 1836 478,
1580 1803 1625 1826 22
1642 1790 1876 1843 5Ἷ.Ἀργείους
1896 1790 1954 1828 καὶ
1975 1788 2267 1839 Λακεδαιμονίους
2280 1789 2430 1827 συνιέναι

1424 1852 1468 1884 V.
1483 1872 1523 1877 ——
1539 1862 1583 1894 27
1608 1849 1767 1885 sortasse
1788 1848 1950 1893 διαὸολῆς
1969 1849 2033 1897 οὐχ
2051 1846 2196 1884 ἅπτεται
2211 1848 2286 1891 τῆς.
2310 1850 2432 1884 Dim).

1425 1907 1578 1942 ἀπατᾶτε
1601 1906 1646 1942 Θ.

1478 1964 1566 2009 481,
1587 1964 1635 2010 39
1651 1962 1736 2014 ἴδρις
1755 1964 1771 1999 6
1790 1962 1861 2005 θεὸς
1879 1961 2017 2012 λέγεται
2038 1955 2125 1999 εἶναι
2148 1963 2194 2000 Θ.

1479 2022 1565 2066 482,
1583 2021 1630 2063 45
1653 2019 1762 2072 ἔργοις
1782 2020 1810 2056 δ.
1826 2018 1883 2056 ἵνα
1902 2035 1933 2069 γ.
1949 2020 2008 2057 καὶ
2024 2035 2062 2057 π.
2086 2020 2119 2055 ἓν
2139 2018 2267 2071 πρώτῳ
2290 2021 2336 2058 Θ.

1482 2079 1569 2124 485,
1592 2079 1638 2113 50
1668 2078 1791 2129 δραμεῖ
1815 2078 1880 2129 γὰρ
1908 2078 2139 2127 scripsimus.
2166 2080 2209 2114 V.
2236 2078 2431 2129 δραμεῖται.

1425 2135 1620 2173 Edebatur
1640 2137 1769 2187 δραμῇ.
1795 2160 1835 2166 -
1862 2134 2005 2185 ἔμελλον
2025 2133 2116 2172 θεύσ.
2145 2136 2190 2173 Θ.
2207 2133 2331 2185 ἔμελλε
2357 2133 2435 2171 θεύ-

1426 2196 1546 2230 σεσθαι
1570 2193 1654 2230 Ald.
2301 2196 2305 2200 ’

1482 2257 1570 2299 490,
1588 2251 1610 2286 8
1630 2250 1808 2301 βοτούλους
1827 2250 2023 2288 Dobraeus.
2047 2250 2262 2300 Legebatur
2283 2249 2434 2300 βούλους.

1482 2317 1568 2356 491,
1592 2323 1636 2346 10
1657 2308 1694 2352 ἃς
1716 2307 1839 2358 ἔμελλε
1856 2312 1898 2346 V.

1483 2373 1568 2414 492,
1597 2373 1640 2410 14
1664 2365 1698 2403 δὲ
1718 2368 1796 2403 καλ.
1821 2375 1856 2404 et
1876 2365 2130 2419 κηρωματηταί
2153 2367 2200 2404 Θ.

1483 2427 1569 2473 493,
1594 2427 1638 2461 16
1655 2425 1728 2461 τοδί
1746 2426 1794 2462 Θ.

1484 2489 1570 2531 497,
1592 2484 1639 2518 3ο
1660 2482 1808 2519 κάκιστα
1826 2481 1866 2527 δὴ
1887 2485 1986 2519 τοῦτο
2009 2484 2026 2518 6
2042 2484 2177 2533 πρῶτος
2194 2479 2368 2518 διαὸαλών
2388 2483 2436 2518 Θ.

1427 2565 1469 2571 -
1488 2541 1532 2585 37
1566 2539 1778 2590 ἓπτάμετρον
1809 2540 1846 2576 δέ
1865 2542 1938 2577 ἐστι
1962 2541 2008 2577 Θ.
2026 2565 2066 2572 --
2097 2545 2142 2584 47
2170 2538 2365 2587 legebatur
2403 2537 2438 2581 ἐξ

1431 2596 1576 2634 Ἰολάου.
1608 2598 1682 2635 Sed
1716 2601 1760 2633 V.
1781 2596 1815 2640 ἐξ
1840 2596 2018 2638 Ἰοκλέους.
2046 2601 2090 2634 V.
2120 2597 2363 2632 Dindorfium
2391 2596 2439 2632 ad

1432 2655 1637 2702 fragmenta
1651 2655 1861 2703 Sophoclis.
1881 2654 1915 2691 δὲ
1937 2655 2022 2690 add.
2041 2658 2084 2690 V.
2102 2655 2148 2691 Θ.

1485 2712 1571 2755 503,
1592 2724 1612 2746 2
1639 2709 1712 2755 ἑξῆς
1727 2714 1747 2755 ἡ
1768 2710 1963 2762 ἀναστροφὴ
1978 2711 2035 2748 καὶ
2058 2709 2143 2760 μετὰ
2164 2712 2273 2747 ταῦτα
2291 2709 2330 2746 τὸ
2343 2710 2439 2762 ἐπίρ-

1433 2783 1525 2819 ρημα
1546 2768 1605 2813 Θ.,
1624 2777 1856 2817 110511611111111
1876 2769 1990 2804 etiam
2007 2771 2054 2804 V.
2074 2790 2125 2796 -—
2143 2769 2165 2804 6
2194 2769 2224 2804 δ’
2246 2781 2322 2805 om.
2340 2771 2385 2804 V.
2404 2790 2440 2795 -

1433 2839 1450 2870 7
1475 2824 1597 2876 ἑτέρων
1616 2825 1732 2861 ἅπτων
1753 2826 1837 2874 [sic]
1854 2829 1896 2861 V.

1486 2884 1573 2929 507,
1594 2882 1640 2917 8-
1651 2884 1692 2918 16
1716 2896 1790 2919 0111
1823 2884 1867 2920 Θ.
1887 2905 1937 2910 —
1960 2896 1984 2931 9
2016 2882 2223 2919 ἀνάπαιστοι
2243 2885 2288 2919 V.
2313 2903 2366 2911 —-
2398 2896 2443 2918 Lo

1433 2939 1500 2989 μί.
1522 2944 1566 2975 G.
1593 2962 1637 2967 ——
1665 2942 1707 2976 16
1726 2938 1846 2981 ὅλως
1831 2956 1869 2977 εκ
1889 2943 1936 2978 Θ.

1487 2998 1574 3043 508,
1601 3011 1646 3033 22
1669 2999 1843 3049 ἀπηρκται
1865 2999 1910 3036 Θ.
1935 2997 2132 3050 ἀπήρτηται
2152 2978 2287 3034 51111135
2309 3009 2338 3033 5.
2358 2997 2440 3034 Πα-

1435 3055 1587 3106 ράνῧασις.
1612 3056 1758 3092 Deinde
1788 3058 1904 3093 ἑστᾶσι
1930 3054 1970 3105 μὲ
1974 3071 1990 3091 ν
2016 3055 2163 3093 Suidas.
2191 3055 2207 3090 ἐ
2288 3051 2350 3102 μὲν
2378 3054 2443 3102 (sic

1433 3128 1516 3149 cun]
1540 3114 1685 3150 lacuna*
1707 3117 1751 3152 V.
1775 3114 1858 3151 Ald.
1878 3113 1977 3163 ἔμενε
2005 3117 2051 3150 G.
2072 3115 2103 3149 οἱ
2124 3111 2186 3161 μὲν
2205 3112 2253 3149 Θ.
2272 3131 2322 3138 --
2343 3116 2389 3153 24
2414 3111 2444 3146 εἷ

1432 3171 1515 3222 πρὸς
1535 3171 1596 3216 τὴν
1617 3175 1657 3206 V.
1689 3172 1733 3213 εἷς
1762 3171 1824 3217 τὴν
1848 3174 1892 3210 Θ.
1915 3197 1965 3204 --
1987 3173 2034 3208 26
2065 3170 2105 3207 τὸ
2129 3168 2268 3221 θέατρον
2298 3167 2442 3204 Suidas.

1435 3229 1509 3273 Oui
1529 3229 1651 3274 addit,
1673 3232 1746 3265 εἶτα
1766 3229 1931 3267 διελθόντε
1920 3245 1950 3271 ςς
1963 3244 2024 3274 την
2046 3225 2263 3276 καλουμένην
2275 3223 2442 3262 maffia-

1434 3301 1507 3333 σιν,
1531 3288 1627 3337 ἐστρε
1632 3301 1733 3337 φοντο
1749 3288 1820 3323 παλ
1825 3303 1852 3323 ιν
1869 3289 1914 3329 εἷς
1928 3285 1991 3332 τὴν
2005 3284 2174 3338 προτέραν
2191 3281 2323 3320 στάσιν.
2341 3282 2442 3327 δῆλον

1435 3342 1468 3379 δὲ
1482 3348 1634 3380 ποιουσιν
1653 3344 1748 3380 αὐτοι
1763 3346 1793 3381 οἱ
1808 3359 1968 3391 ποιηται,
1985 3342 2025 3380 τὸ
2040 3340 2245 3394 στρέφεσθαι
2260 3337 2443 3385 σημαίνον-

1434 3415 1487 3441 τες
1506 3415 1563 3437 και
1583 3400 1621 3437 τὸ
1640 3401 1876 3452 παραὸαίνειν.
