2485 3808
936 209 1190 248 SCHOLIA
1227 211 1284 248 ΙΝ
1321 211 1516 251 NUBES.
2226 231 2293 262 113

157 295 204 338 ὣς
217 295 279 333 οὔκ
297 293 389 331 ἔστιν
409 293 516 336 οὐδεὶς
534 293 608 331 άντι
628 293 748 331 τούτου
767 297 825 332 τοῦ
845 295 1027 335 δακτύλου.
1054 298 1111 334 καὶ
1130 297 1196 348 γὰρ

155 352 283 405 παιδίῳ
299 368 357 402 μοι
373 352 444 390 ὄντι
463 355 480 390 ὁ
501 353 600 395 αὐτὸς
620 356 661 399 ἠν
679 353 736 390 καὶ
763 357 820 390 νῦν
846 353 880 391 83
902 370 939 405 γε
943 356 1123 407 γηρακότι.
1145 379 1197 387 —-

154 411 321 450 τουτουὶε
337 410 412 456 Ἱὴν
433 411 564 457 πόστην
585 413 688 450 αὐτοῦ
701 412 815 456 ἔδειξε.
850 419 931 452 lic!

208 484 271 510 655.
302 471 436 522 ἀγρεῖος
459 484 467 509 :
494 469 671 523 Ἀγροικος
695 472 753 509 καὶ
783 471 931 542 ἀμαθές.
953 474 999 511 R.
1024 473 1193 524 ἄγροικος.

118 541 136 566 5
160 538 244 570 Vici.
265 548 294 569 ω
307 530 447 582 οἰζυρε·
439 561 447 569 .
474 531 617 582 Ὀζυρὸς
640 531 698 567 καὶ
721 531 883 581 οἶζυρὸςο
866 531 1121 584 ὁταλαίπωρος
1137 532 1196 569 καὶ

154 589 450 636 ἄθλιος,καιοῖζω,
460 589 726 640 ἡταλαιπωρία,
741 597 802 627 LB.
819 592 846 626 ὠ
862 589 970 641 ζυρὲῑ
980 589 1196 661 ΓὨιι-περοῖπὸ

152 651 213 685 τοῦ
230 647 268 685 αἴ
284 651 505 700 θρηνητικοῦ
501 647 619 699 ’.ιορίου
634 664 691 684 και
710 648 971 720 ἐπιρρ-ἡματος
958 648 1087 685 νίνεται
1100 651 1194 700 ρῆμα

154 706 284 753 αἰάζω,
297 705 336 742 τὸ
353 708 484 757 θρηνῶ,
505 706 564 742 καὶ
579 705 612 750 ἐξ
628 708 731 744 αὐτοῦ
749 706 827 748 αἴας
844 722 902 743 και
926 705 1058 751 αἰανὸς,
1075 709 1091 742 ὁ
1110 721 1194 742 σκο-

154 764 280 815 τεινὸς,
301 763 408 807 οὕτως
425 764 484 801 καὶ
508 764 575 801 ἀπὸ
600 768 658 802 τοῦ
677 765 708 802 οἴ
728 767 933 816 θρηνητικοῦ
959 763 1194 815 ἐπιρρήματος

104 835 135 860 lu
154 823 285 875 γίνεται
306 825 370 873 μὲν
384 823 422 860 τὸ
438 822 595 872 οἰμώζω,
613 822 671 860 καὶ
689 822 722 866 ἐξ
744 824 847 860 αὐτοῦ
863 821 998 871 οἷμιι3γὴ
1009 851 1017 866 ,
1034 823 1193 873 ὁθρῆνος,

153 880 285 931 γίνεται
301 881 336 919 83
358 881 417 918 καὶ
434 881 472 918 τὸ
488 881 588 954 ρῖζω,
612 879 630 917 ὃ
654 879 816 929 σημαίνει
834 879 872 916 τὸ
888 881 1020 930 θρηνῶ,
1044 878 1134 915 κατὰ
1157 878 1192 916 83

155 940 310 978 διάλυσιν
332 955 392 977 και
418 939 506 988 μετὰ
531 940 753 988 πλεονασμοῦ
779 937 902 984 ὀϊζύω,
930 937 989 974 καὶ
1018 936 1051 980 ἐξ
1086 938 1192 974 αὐτοῦ

153 999 284 1050 ὀϊζυρὸς
296 1013 356 1036 και
372 996 472 1041 ὀϊζύς.
493 1002 576 1033 Vict.

208 1069 272 1095 657.
301 1055 338 1093 ὃν
356 1059 450 1092 εἶπεν
465 1054 604 1100 ἥττονα.
620 1061 661 1092 R.

102 1131 135 1156 ιε.
207 1127 270 1152 661.
300 1113 404 1159 κύων,
428 1111 661 1164 ἀλεκτρυών;
688 1111 760 1151 Καὶ
785 1114 896 1148 ταῦτα
919 1110 1054 1162 γελοίου
1088 1109 1192 1163 χάριν

152 1171 403 1225 παρείληπται.
425 1170 447 1216 ἢ
470 1170 530 1208 καὶ
553 1170 638 1222 πρὸς
665 1169 728 1216 τὴν
762 1169 931 1216 ἀθεότητα
953 1173 1012 1207 τοῦ
1043 1170 1192 1222 Σωκρά-

150 1245 244 1276 τους,
261 1229 312 1268 οτι
322 1244 486 1267 καικαια
504 1228 635 1266 τούτων
655 1228 803 1278 ὤμνυεν.
821 1227 991 1279 (ἔπαιξε
974 1227 1009 1265 83
1032 1228 1090 1265 τὸν
1111 1230 1192 1266 ἀλε-

1225 334 1230 357 .
1258 299 1410 352 Οῑᾱσύῦξῑ
1432 317 1533 338 ᾱυὈν
1551 318 1595 344 ως
1616 304 1789 356 ἀπθρῡυνῗ
1778 320 1813 341 2
1835 322 1930 355 μῖκῗ
1919 322 1994 358 ,ρας
2015 308 2182 346 112065302
2197 326 2295 362 [ρω-

1222 782 1225 823 Ι

150 1287 297 1342 κτρυόνα
313 1304 359 1331 ως
376 1302 568 1339 τεῒραπῡυν
583 1286 896 1340 χαταρῑομῗσας,ό
884 1303 913 1324 ιν
941 1290 962 1333 ἧ
979 1286 1118 1340 ἀφορμὴ
1131 1291 1191 1325 τοῦ
1220 1296 1223 1326 ἶ

149 1347 270 1385 λοιποῦ
286 1345 446 1397 παιγνίου
463 1348 502 1384 ἐκ
518 1346 639 1383 τούτου
665 1342 882 1397 γενήσεται.)

99 1419 135 1444 20
209 1418 274 1444 663.
305 1404 538 1458 [ἀλεκτρυόνα
549 1404 640 1442 κατὰ
659 1405 783 1442 ταυτὸν
808 1402 952 1443 εΟὖκ
935 1415 975 1441 αν
999 1404 1113 1447 ἄλλως
1140 1403 1193 1441 λέ-

149 1478 243 1514 γοιτο
258 1466 375 1509 τοῦτο,
393 1464 422 1500 33
439 1462 523 1513 μὴ’
508 1479 543 1500 εν
561 1462 660 1500 ἔθει’
643 1478 685 1508 ην
705 1463 782 1500 τότε
799 1478 857 1499 και
873 1461 934 1508 τὴν
955 1462 1036 1508 θήλε
1023 1478 1094 1499 ειαν
1116 1464 1160 1500 ἀλ
1162 1477 1192 1499 ε-

149 1521 298 1574 κτρυόνα
319 1520 442 1572 λέγειν.
458 1520 563 1574 σαφὲς
580 1521 615 1559 δὲ
627 1521 758 1572 γίνεται
774 1523 808 1559 ἐν
830 1521 1032 1573 Ἀμφιαράῳ

273 1609 375 1649 γύναι,
391 1609 420 1640 τί
434 1610 470 1641 τὸ
486 1609 630 1650 ψοφῆσάν
647 1609 725 1648 ἐσθ’;
741 1610 914 1650 ἁλεκτρυὼν

272 1657 328 1693 τὴν
341 1656 452 1688 κύλικα
464 1657 705 1694 καταὸέὸληκεν.
724 1656 903 1697 οἱμώζουσά
921 1667 969 1696 γε.

98 1756 133 1780 25
151 1739 255 1777 καὶέν
271 1741 320 1791 τῷ
338 1738 526 1783 Πλάτωνος
542 1739 708 1792 Δαιδάλῳ

272 1824 367 1858 ἐνίοτε
383 1827 493 1858 πολλαὶ
509 1830 570 1858 τῶν
584 1827 793 1868 ἀλεκτρυόνων
815 1828 868 1869 βίᾳ

272 1874 427 1915 ὑπηνέμια
438 1874 596 1906 τίκτουσιν
613 1875 662 1915 ᾠὰ
677 1875 836 1911 πολλάκις.

148 1930 209 1969 καὶ

272 2020 289 2051 ὁ
300 2020 333 2051 δε
345 2023 417 2057 παῖς
432 2020 516 2051 ἔνδον
529 2020 584 2057 τὰς
601 2020 801 2062 ἀλεκτρυόνας
817 2015 935 2064 coget]

97 2116 131 2141 30
203 2094 251 2146 (οἱ
279 2095 427 2134 Ἀττικοὶ
457 2095 547 2134 οὕτω
562 2097 622 2134 καὶ
641 2096 703 2140 τὰς
721 2097 860 2144 θηλείας
877 2099 1037 2150 ἐκάλουν,
1066 2102 1112 2143 ὡς
1131 2100 1190 2138 καὶ

147 2152 368 2204 Θεόπομπος.
383 2154 521 2205 λέγουσι
535 2154 563 2193 δ’
581 2154 688 2201 αὐτὴν
705 2156 764 2193 καὶ
781 2157 1056 2209 ἀλεκτρύαιναν.)
1073 2182 1125 2188 -—
1140 2162 1190 2210 τῷ

149 2211 417 2264 αὖτῶόνόματι.
438 2226 475 2256 R
491 2224 534 2254 v.

203 2282 266 2307 667.
295 2269 336 2315 νὴ
347 2269 406 2307 τὸν
425 2268 557 2322 Ἀέρα.
549 2286 555 2292 ·
578 2271 822 2320 Μιμεῑταικαι
839 2272 939 2316 αὐτὸς
955 2273 1033 2317 τοὺς
1056 2276 1190 2327 φιλοσό-

149 2341 246 2378 φους,
264 2327 323 2365 καὶ
338 2326 430 2364 κατὰ
445 2331 504 2365 τοῦ
520 2327 618 2380 ἀέρος
637 2329 791 2379 ὄμνυσιν.

95 2404 130 2430 35
201 2399 263 2424 669.
293 2385 543 2438 διαλφιτώσω·
563 2389 690 2426 Πᾶσαν
720 2388 873 2426 ἀλφίτων
905 2391 973 2427 πλτ
970 2390 1081 2442 Ιρώσω
1108 2392 1188 2442 (τὴν

149 2443 335 2496 κάρδοπον.
348 2444 522 2497 κάρδοπον
541 2444 578 2483 δέ
592 2448 689 2498 orm)
708 2447 856 2498 μαγίδα,
875 2449 910 2485 ἐν
930 2453 951 2499 ᾗ
973 2449 1050 2493 τοὺς
1068 2467 1188 2503 αρτους

147 2501 311 2552 ἔματτον,
336 2500 359 2548 ἢ
379 2502 560 2556 σκαφίδιον
579 2505 613 2541 ἐν
633 2521 662 2557 ῳ
691 2505 901 2556 ἀναμάττειν
934 2507 993 2544 καὶ
1011 2510 1187 2562 ἀνασυρᾶν

146 2559 218 2604 ἔθος
231 2560 276 2599 τὰ
286 2561 424 2614 αΛφιτα.
455 2569 493 2599 Β.
507 2570 549 2600 V.

198 2632 260 2658 670.
290 2619 383 2668 ἰδοὺ,
406 2636 508 2673 φησι,
536 2620 724 2674 διήμαρτες
758 2622 885 2674 ἕτερον,
914 2623 977 2671 τὴν
1009 2626 1186 2678 καρδόπην

92 2692 128 2718 (o
147 2676 253 2715 εἷπων
267 2676 462 2730 κάρδοπον·
479 2682 600 2722 κοινῶς
616 2680 707 2740 γὰρ
701 2680 875 2720 κέκλιται.
896 2691 937 2721 V.

198 2748 261 2774 673.
288 2738 357 2773 τῶν
375 2737 654 2787 πολιτευομένων
675 2742 721 2782 εἷς
737 2743 778 2785 ἠν
797 2742 814 2777 ὁ
838 2740 1057 2791 Κλεώνυμος.
1074 2745 1118 2786 ὡς
1129 2759 1186 2793 γυ·

146 2793 379 2843 ναικιζόμενον
397 2794 432 2832 83
455 2795 558 2834 αὐτὸν
575 2798 606 2834 οἱ
623 2800 684 2843 τῆς
709 2798 859 2870 ἀρχαίας
878 2799 1062 2852 κωμωδίας
1083 2817 1184 2847 ποιη-

146 2850 205 2887 ταὶ
222 2850 460 2892 διαὸάλλουσι.
478 2854 583 2906 φησὶν
607 2859 677 2902 οὖν,
705 2855 768 2902 τὴν
796 2856 969 2909 κάρδοπον
997 2860 1185 2911 ἂρσενικως

147 2909 283 2955 καλεῖς,
301 2908 374 2947 δέον
394 2912 566 2957 θηλυκῶς·
587 2929 706 2966 ωσπερ
734 2914 989 2965 Κλεώνυμον”
967 2932 1095 2969 αρρενα
1115 2934 1184 2955 κα-

94 2986 129 3012 45
148 2965 248 3004 λοῦσί
260 2982 367 3013 τινες,
378 2968 474 3006 οὗδεν
493 2971 699 3023 διαφέροντα
715 2972 778 3018 τὴν
799 2973 922 3025 αἰσχόν
925 2990 967 3020 ην
982 2978 1050 3012 τῶν
1065 2991 1184 3026 γυναι-

147 3027 230 3063 κῶν.
245 3047 296 3053 -
311 3027 385 3067 πῶς
409 3025 472 3073 δὴ,
490 3028 619 3080 φράσον
643 3044 652 3068 z
673 3028 724 3068 H
744 3031 830 3083 πρὸς
848 3032 885 3069 τὸ
913 3032 1044 3085 φράσον
1071 3039 1125 3071 στῖ
1129 3033 1182 3078 ξον

146 3081 261 3120 καὶτὸ
277 3081 397 3119 λοιπὸν
413 3084 488 3121 κατ’
509 3085 675 3137 ἐρώτησιν
701 3088 802 3140 λέγε,
824 3090 846 3136 ἢ
867 3090 906 3128 τὸ
928 3090 1037 3129 ὅλον
1021 3104 1055 3128 εν
1079 3091 1167 3130 ἔστω

146 3149 238 3181 Cant.
263 3147 295 3179 1.

198 3209 261 3235 674.
292 3197 414 3235 ταυτὸν
433 3199 576 3238 δύναταί
596 3218 677 3242 σοιε
701 3204 791 3243 Ἀντὶ
805 3211 863 3244 τοῦ
876 3208 1181 3257 ὁμοιοκατάληκτά

91 3277 128 3304 50
145 3254 230 3292 ἔστι.
251 3254 326 3305 ἅμα
345 3255 380 3292 83
400 3272 451 3293 οτι
466 3258 525 3294 καὶ
540 3261 753 3308 γυναικώδης
769 3266 786 3300 ὁ
803 3264 1029 3314 Κλεώνυμος,
1052 3266 1182 3315 (ἄλλως

143 3324 181 3350 τε
195 3311 248 3349 ὅτι
266 3312 326 3350 καὶ
341 3313 465 3351 ταυτὸν
482 3314 578 3365 γένος
594 3318 754 3367 σημαίνει
771 3321 827 3357 διὰ
842 3321 904 3367 τὴν
918 3323 1135 3374 κατάληξιν).

213 3383 259 3409 76.
289 3370 407 3417 ἐπειδὴ
423 3371 529 3418 πένης
545 3376 586 3419 ἠν
601 3376 618 3411 ὃ
635 3375 843 3426 Κλεώνυμος
859 3379 937 3428 (καὶ
953 3380 1180 3432 παράσιτος),

287 3446 394 3469 senon.
415 3448 575 3471 ΑιιιετοΡΗ.

1220 1327 1223 1341 Ι

1220 1358 1222 1366 ι

1220 1405 1222 1419 1

1220 1441 1223 1455 ί

1218 1482 1223 1760 5

1256 2392 1271 2405 „

1205 3177 1211 3394 Ι

1257 372 1369 406 μενον.
1389 358 1513 428 (μικρὰ
1529 358 1596 412 γὰρ
1621 364 1642 406 ἡ
1665 362 1734 399 θυε’
1711 378 1758 398 ια
1768 366 1836 408 ,ἡ
1827 362 1858 400 33
1875 363 2046 417 κάρδοπος
2061 368 2209 416 μεγάλα,
2225 369 2294 419 ἔχει

1277 413 1292 452 3
1328 417 1522 468 ἀδηφαγίας
1560 417 1737 465 διαοολ·ν’ν.
1809 424 1909 459 τοῦτο
1943 423 2034 460 κατὰ
2071 426 2292 475 Κλεωνύμου.

1254 473 1379 524 τρόπον
1396 474 1462 526 γὰρ
1480 475 1636 527 μάκτρας
1653 477 1742 515 ἔστω
1759 493 1811 515 σοι
1821 495 1950 531 ,φησι,
1973 482 2207 533 Κλεώνυμος.)

1307 544 1370 569 673.
1401 531 1460 577 τὴν
1494 534 1707 585 Σωστράτην
1740 537 1866 575 ssot)
1870 554 1898 574 ιν
1930 540 2075 577 ἐνταῦθα
2103 544 2121 578 ὁ
2151 542 2295 589 ποιητὴς

1255 588 1407 626 σκώπτει
1428 590 1483 626 τὸν
1497 590 1717 641 Σώστρατον,
1737 594 1948 645 Σωστράτην
1971 597 2090 645 εἰπὼν,
2113 598 2198 636 διότι
2217 600 2295 637 λίαν

1254 647 1349 682 ἀσελ
1340 646 1402 695 [ἧς
1419 650 1460 692 ἠν
1480 663 1539 684 και
1559 650 1665 693 θηλυδ
1647 649 1753 700 ορίας.
1775 658 1879 695 Junt„
1896 659 2018 691 Victor.

1306 717 1369 741 680.
1396 704 1593 756 [καρδόπη,
1615 707 1809 756 Κλεωνύμη
1834 722 1841 746 1
1864 711 2042 747 Ἰοῦτον’
2021 715 2088 758 ηδτ,
2111 715 2156 756 ὡς
2180 715 2294 752 κίναι-

1253 760 1344 796 δον
1326 761 1498 812 οιασόρει,
1520 763 1580 800 ἐπε
1586 779 1594 799 ι
1616 766 1646 814 ῥ’.
1641 763 1780 814 ’κρασπις
1800 781 1859 801 και
1879 767 1997 810 δειλός.
2019 770 2052 805 ἐν
2067 772 2239 829 ἐρωτησει
2260 771 2295 809 83

1252 820 1270 854 8
1286 817 1397 868 λόγος,
1418 834 1476 856 και
1496 819 1662 858 λείπειτὸ
1681 837 1743 864 ως·
1761 821 1802 858 ἵν’
1819 826 1840 874 ᾐ
1853 853 1862 869 ,
1883 825 1991 861 ἐκεῖνο
2019 826 2047 863 δ’
2065 830 2105 873 ἠν
2116 830 2266 887 ορθως’
2249 847 2293 873 ως

1251 877 1410 927 καρδόπη
1428 877 1487 914 καὶ
1510 878 1705 928 Κλεωνύαη
1728 878 1853 930 λέγειν.
1923 897 2040 933 ομοιον
2061 884 2096 922 83
2114 889 2155 931 ἠν
2175 887 2214 924 τὸ
2235 888 2293 924 λε’-

1251 948 1322 983 γειν
1342 935 1533 993 καρδόπην,
1553 938 1599 979 ὥς
1618 936 1847 987 Κλεωνύμην.
1850 938 1869 990 ]]

1305 1004 1368 1029 684.
1400 995 1503 1030 αὗται
1521 993 1646 1046 πόρναι
1667 998 1771 1041 ἦσαν.
1794 1003 1834 1032 V.

1304 1063 1366 1087 686.
1391 1054 1484 1088 οὗτοι
1504 1051 1560 1089 ε’πι
1580 1053 1740 1106 μαλακία
1757 1053 2016 1094 διαὸάλλονται.
2034 1065 2070 1094 R.
2094 1067 2132 1096 V.

1303 1121 1367 1147 687.
1398 1126 1426 1146 ω
1444 1110 1560 1148 ἄθλιε·
1580 1111 1619 1148 τὸ
1654 1111 1716 1162 μὲν
1744 1111 1811 1164 γὰρ
1838 1118 2026 1167 κατηγορεῖ
2049 1117 2175 1168 τύχης,
2196 1118 2233 1156 τὸ
2257 1118 2291 1156 83

1251 1165 1396 1218 φύσεως.
1414 1176 1454 1205 V.

1304 1239 1367 1263 638.
1397 1228 1458 1264 οὐκ
1476 1227 1589 1280 ἄρρεν’
1606 1229 1640 1265 ἐν
1666 1230 1747 1279 ὑμῖν
1773 1230 1864 1267 ἐστιν
1884 1244 1893 1269 :
1915 1232 1993 1269 Οὔκ
2024 1232 2151 1285 ἄρρενα
2182 1239 2292 1272 ταῦτα

1251 1286 1348 1333 ὑμεῖς
1361 1286 1509 1335 ἡγεῖσθε.
1532 1294 1562 1323 E
1566 1305 1582 1322 e

1304 1356 1368 1381 691.
1402 1344 1562 1393 (γυναῖκα
1588 1344 1650 1390 τὴν
1671 1345 1870 1395 Ἀμυνίαν;
1895 1347 1988 1399 Πρὸς
2015 1364 2077 1394 την
2105 1350 2292 1397 κατάληξιν

1250 1404 1310 1437 τοῦ
1321 1401 1488 1450 ὀνόματος
1505 1402 1605 1446 ἔπαιξ
1608 1418 1642 1439 εν
1663 1405 1708 1446 εἷς
1729 1404 1894 1450 διαὸολῆν
1914 1410 1974 1443 τοῦ
1995 1407 2126 1459 ἀνδρός.
2146 1410 2291 1447 ἐνταῦθα

1253 1458 1313 1495 μὲν
1332 1461 1378 1502 εἷς
1392 1460 1520 1497 δειλίαν
1540 1460 1642 1498 αόνον
1659 1477 1717 1499 και
1736 1463 1926 1511 μαλακίαν.
1940 1466 2109 1516 Κρατῖνος
2125 1466 2160 1504 83
2172 1483 2206 1504 εν
2225 1470 2293 1506 Σε-

1253 1517 1374 1570 ριρίοις
1390 1535 1435 1562 ιι3ς
1449 1499 1601 1563 ἀλαζόνα
1622 1535 1682 1556 και
1700 1520 1835 1558 κόλακα
1850 1537 1910 1558 και
1927 1523 2158 1575 συκοφάντην.
2182 1526 2293 1564 Εὔπο-

1249 1576 1330 1618 λις
1311 1575 1346 1613 83
1362 1593 1407 1619 ως
1423 1577 1783 1629 παραπρεσὸευτὴν,“
1763 1594 1846 1632 οπερ
1858 1579 1917 1617 καὶ
1937 1581 1971 1617 ἐν
1981 1587 2050 1625 τοῖς
2067 1582 2179 1635 Σφηξὶ
2194 1584 2292 1635 [1271]

1251 1634 1435 1686 φαίνεται.)

1303 1706 1366 1732 694.
1399 1693 1665 1746 [κατακλινεὶςε
1697 1698 1811 1734 Τοῦτο
1830 1697 1954 1736 κοινόν.
1979 1698 2018 1735 τὸ
2036 1698 2103 1752 γὰρ
2123 1703 2282 1738 κατακλι-

1250 1750 1316 1794 θεις
1330 1751 1497 1791 Ἀττικόν.
1518 1777 1564 1781 —-
1584 1753 1743 1797 Ἰωνικως
1760 1753 1795 1791 83
1815 1756 2064 1799 κατακλινθείς.
2082 1758 2190 1810 sunt]

1303 1824 1366 1849 695.
1417 1811 1635 1864 ἐκφρόντισόν
1652 1828 1684 1849 τι
1706 1825 1713 1850 z
1734 1813 1869 1865 Σκέψαι
1894 1829 1926 1850 τι
1944 1816 2012 1851 τῶν
2029 1830 2083 1853 σοι
2101 1817 2292 1869 συυκοερόν-

1250 1883 1317 1905 των
1333 1868 1392 1906 καὶ
1408 1868 1597 1916 ἐννοηθητι.

1303 1939 1364 1964 696.
1391 1926 1460 1979 ᾗμὴ
1482 1928 1555 1974 δῆθ’
1563 1928 1754 2000 ῗῖκετεύωῑ
1776 1930 2046 1983 Παρεπιγραοή·
2068 1930 2205 1977 ποιήσει
2226 1932 2292 1985 γὰρ

1248 1984 1288 2022 τὸ
1300 1985 1538 2058 προσταγςθέν.
1549 2001 1623 2023 ειτα
1640 1986 1875 2040 καταὸρωθεὶς
1895 1988 2138 2040 ἀρνηθησεται.
2141 1989 2159 2041 Ἠ

1305 2044 1397 2094 (698).
1428 2059 1491 2081 ουκ
1519 2043 1591 2082 ἔστι
1613 2044 1709 2095 παρὰ
1735 2045 1831 2082 ταῦτ’
1850 2045 1967 2085 dna:
1996 2047 2058 2097 [Εἰ
2080 2047 2128 2098 μὴ
2156 2048 2213 2086 ἐπὶ
2233 2053 2290 2086 τοῦ

1249 2101 1422 2139 ἀσκάντου
1440 2101 1580 2154 σκέψη]
1594 2106 1705 2149 τοῦτο,
1716 2103 1811 2155 φησὶ,
1826 2103 1963 2147 πάντως
1980 2104 2138 2143 δέδοκται
2153 2106 2213 2144 καὶ
2229 2108 2291 2144 οὐκ

1249 2159 1290 2196 ἂν
1311 2160 1456 2209 ἐάσαιμί
1472 2176 1530 2207 σε,
1552 2161 1667 2213 φησὶν,
1686 2159 1799 2213 ἕτερόν
1819 2177 1851 2198 τι
1865 2166 2023 2208 ποιῆσαι.

1301 2232 1365 2257 699.
1397 2219 1491 2268 (ἀντὶ
1518 2223 1578 2256 τοῦ
1603 2218 1765 2271 σήμερον.
1793 2219 1852 2256 καὶ
1872 2220 2037 2272 τήμερος)
2056 2224 2073 2259 ὁ
2094 2224 2287 2275 σημερινός.

1248 2275 1307 2313 καὶ
1325 2276 1398 2314 ἔστι
1418 2276 1627 2327 τεταγμένον
1647 2277 1704 2315 ἐπὶ
1735 2277 1912 2327 σώματος,
1938 2279 1977 2316 τὸ
2005 2278 2041 2317 83
2061 2280 2210 2333 τήμερον
2232 2284 2288 2320 ἐπὶ

1247 2350 1372 2386 χρονου
1397 2333 1549 2385 λέγεται.
1569 2335 1629 2372 καὶ
1651 2337 1686 2372 ἐν
1707 2335 1874 2374 Ὁλκάσιν
1893 2355 1908 2369 ¹¹
1926 2335 1967 2374 ἷὼ
1991 2340 2228 2389 Λακεδαῖμον,
2256 2341 2290 2378 τί

1248 2408 1316 2445 αρα
1331 2392 1434 2443 πείσῃ
1452 2393 1607 2446 τήμερα,
1624 2411 1637 2426 n
1660 2394 1735 2431 ἀντὶ
1753 2397 1812 2431 τοῦ
1833 2395 2016 2447 σημερινή.

1304 2471 1362 2495 100.
1393 2456 1549 2509 φρόντιζε
1576 2456 1617 2503 δὴ
1635 2457 1694 2494 καὶ
1727 2457 1880 2509 διάθρειῑ
1903 2458 2087 2498 Ἐκάθισεν
2110 2461 2209 2498 αὐτὸν
2230 2464 2288 2500 ἐπὶ

1247 2517 1305 2551 τοῦ
1320 2514 1506 2553 ἀσκάντου.
1524 2514 1564 2552 τὸ
1581 2514 1616 2552 83
1630 2515 1699 2562 δή’
1690 2518 1892 2567 ισοδυναμεῖ
1903 2520 1951 2555 τῶ
1967 2521 2039 2556 νῦν.
2060 2517 2211 2570 Τέκθεσις
2227 2523 2288 2566 τ’ἦς

1247 2573 1372 2618 διπλης
1388 2573 1596 2622 ἀμοιὸαία’
1581 2589 1620 2611 εκ
1640 2574 1769 2626 στίγων
1795 2575 1855 2612 καὶ
1885 2575 2006 2613 κώλων
2027 2576 2088 2614 δύο
2114 2593 2200 2629 προς
2219 2585 2288 2622 τοῖς

1247 2629 1383 2668 εἴκοσιν·
1415 2633 1462 2667 ὧν
1492 2630 1532 2668 τὸ
1560 2634 1696 2684 πρῶτον
1714 2632 1872 2686 δίμετρον
1897 2635 1937 2671 ἐκ
1958 2634 2119 2684 διιάμὸου
2142 2636 2201 2672 καὶ
2225 2651 2288 2687 70-

1248 2688 1411 2740 ριάμὸου.
1432 2688 1470 2726 τὸ
1487 2688 1643 2742 δεύτερον
1660 2690 1818 2744 δίμετρον
1837 2693 1876 2729 ἐκ
1896 2692 2093 2744 χοριάμὲου
2116 2693 2175 2730 καὶ
2201 2696 2287 2744 βακ-

1211 2746 1352 2814 χείου.
1382 2746 1420 2784 τὸ
1450 2747 1563 2799 τρίτον
1584 2748 1748 2798 ἷαμῖικὸν
1768 2749 2036 2801 πενθημιμερές.
2056 2750 2096 2787 τὸ
2123 2766 2286 2802 τεταρτον

1245 2821 1284 2842 εκ
1309 2804 1470 2854 διιάμὲου
1495 2805 1554 2842 καὶ
1581 2805 1778 2858 χοριάμὸου
1801 2807 1984 2859 τρίμετρον
2016 2811 2197 2877 βραγυκατ
2199 2810 2287 2855 άλη-

1244 2878 1336 2900 κτον.
1351 2862 1390 2900 τὸ
1406 2863 1565 2913 πέμπτον
1586 2865 1625 2900 ἐκ
1641 2864 1804 2914 διιάμὸου
1821 2865 1880 2902 καὶ
1895 2865 2123 2917 διτροχαίου
2107 2882 2284 2904 ταυτοπα-

1244 2920 1309 2963 θές.
1332 2920 1372 2958 τὸ
1403 2920 1502 2958 ἕκτον
1520 2921 1700 2974 τρίμετρον
1717 2924 1755 2959 ἐκ
1775 2923 1945 2972 διιάμὸων
1968 2923 2027 2960 καὶ
2049 2923 2140 2960 κατὰ
2159 2924 2197 2961 τὸ
2218 2925 2284 2974 μέ·-

1244 2995 1302 3016 σον
1318 2979 1528 3031 γοριάμὸου.
1552 2979 1590 3017 τὸ
1611 2979 1756 3030 ἑῧδομον
1784 2980 1948 3030 ἷαμὸικὸν
1970 2981 2128 3033 δίμετρον
2152 2984 2285 3021 ἀκατά-

1242 3037 1382 3082 λτκτον.
1407 3037 1446 3074 τὸ
1449 3037 1590 3109 ὄγδοον
1615 3037 1772 3089 δίμετρον
1801 3040 1863 3076 ἀντ
1867 3039 2071 3077 ισπαστικὸν
2104 3042 2283 3092 βραγυκα-

1242 3094 1426 3140 τάληκτον,
1447 3094 1469 3140 ἢ
1489 3096 1528 3132 ἐκ
1549 3095 1639 3132 δυοῖν
1663 3095 1838 3147 βακχείοιν
1859 3096 2115 3144 ἀκατάληκτον.
2142 3098 2184 3136 τὰ
2208 3099 2283 3146 ἑξῆς

1243 3151 1301 3189 860
1317 3151 1466 3202 {affinxit
1486 3152 1668 3204 τρίμετρα.
1690 3153 1733 3190 τὰ
1751 3154 1787 3190 83
1805 3153 1894 3203 μετὰ
1914 3159 2023 3192 ταῦτα
2043 3157 2281 3194 ἀναπαιστικὰ

1242 3209 1387 3261 δίμετρα
1411 3209 1650 3255 καταληκτικὰ
1671 3212 1717 3253 εἷς
1738 3211 1958 3250 δισύλλαὸον·
1978 3213 2069 3259 πλὴν
2086 3218 2143 3251 τοῦ
2161 3230 2280 3252 πεντε-

1241 3268 1467 3314 καιδεκάτου,
1495 3268 1708 3320 μονομέτρου
1729 3269 1832 3313 ὄντος.
1859 3271 1985 3320 ὁμοίως
2009 3271 2068 3308 καὶ
2091 3275 2151 3308 τοῦ
2169 3274 2279 3308 ἓπταν

1240 3325 1444 3363 καιδεκάτου
1470 3326 1528 3363 καὶ
1562 3328 1715 3364 εἰκοστοῦ
1752 3328 1890 3380 πρώτου
1921 3328 2184 3379 (ἀναπαιστικαὶ
2212 3328 2277 3380 γὰρ

1244 3383 1377 3435 βάσεις)
1411 3384 1469 3421 καὶ
1498 3388 1556 3422 τοῦ
1583 3385 1782 3423 τελευταίου
1814 3388 2065 3424 ἀναπαιστικοῦ
2096 3386 2158 3435 μὲν
2183 3386 2277 3429 ὄντος

2120 3458 2136 3481 8

2316 1135 2346 1159 15

2313 1432 2346 1455 2⁴]

2311 1723 2344 1748 25

2311 2014 2344 2038 :30

2309 2304 2342 2329 :35

2307 2597 2353 2623 cio‘

2303 2893 2337 2917 45

2300 3182 2334 3206 50
