2533 3808
231 222 306 255 384

284 313 362 338 1152.
387 296 505 336 ὄφελος
526 306 534 330 :
556 289 687 340 Ἤγουν
705 288 864 338 ὠφέλεια.
884 292 947 321 Dv.

284 370 361 394 1153.
389 337 570 404 στροφαῖον
599 361 607 386 :
630 345 734 398 [[Ἐπὶ
755 343 933 394 ἀποτροπῇ
953 342 1021 377 τῶν
1048 338 1162 376 ἄλλων
1182 338 1266 375 κλε-

230 417 336 453 πτῶν.
355 411 555 462 στροφαῖος,
576 403 672 456 παρὰ
692 402 731 440 τὸ
746 400 952 453 στρέφεσθαι
971 397 1029 436 καὶ
1047 398 1264 447 πανουργεῖν.

231 473 366 521 λέγεται
387 468 421 505 δὲ
440 471 457 504 ὁ
477 466 631 517 εΕρμῆς,
653 461 854 513 στροφαῖος,
877 457 1082 508 ἐμπολαῗος,
1102 455 1266 507 κερδῷος,

197 542 213 567 5
233 530 358 573 δόλιος,
390 523 585 575 ἧγεμόνιος,
616 519 814 570 ἐναγώνιος,
850 515 1016 557 διάκονος.
1099 511 1265 562 Ἄλλως]

234 586 402 639 (στροφὸν,
420 582 494 620 ἐπεὶ
515 579 653 634 στροφοὶ
669 578 825 628 λέγονται
845 577 875 613 οἳ
893 571 1194 624 συμπεπλεγμένοι
1210 570 1267 607 λό-

202 650 210 652 ’
233 660 286 695 γοι
306 643 364 680 καὶ
390 639 533 691 δολεροί.
615 633 779 685 Ἄλλως.)
801 634 984 683 στροφαῖον
1012 629 1154 667 ἐκάλουν
1175 629 1270 680 ἱδρυ-

234 702 335 751 μένον
355 699 451 751 παρὰ
481 701 525 749 τῇ
547 695 632 747 θύρα
661 692 761 744 [τὸν]
777 691 934 740 δαίμονα·
957 689 1031 739 ἅμα
1058 687 1094 725 δὲ
1118 686 1213 738 παρὰ
1233 685 1270 722 τὸ

235 760 389 812 στρέφειν
403 758 446 795 τὰ
463 755 666 808 πράγματα·
686 754 716 789 οἱ
733 749 768 788 δὲ
782 753 880 787 τοῦτο
894 751 1067 789 ποιοῦντες
1083 749 1270 796 πανοῦργοι

186 834 215 859 10
234 818 404 869 λέγονται.
417 815 489 853 ἔστι
504 812 538 851 δὲ
554 809 733 860 ἐπωνυμία
747 808 898 860 (Ερμοῦ,
912 805 1008 858 παρὰ
1020 805 1057 842 τὸ
1071 810 1144 863 ταΞς
1155 802 1271 854 θύραις

235 876 392 928 ἱδρύσθαι
413 873 468 911 ἐπὶ
496 873 631 924 φυλακῇ
651 871 718 906 τῶν
740 867 853 904 ἄλλων
881 866 1050 902 κλεπτῶν·
1082 864 1185 912 (οὗτοι
1206 860 1271 912 γὰρ

237 933 347 971 ὀπίσω
365 934 431 968 τῶν
447 933 556 981 θυρῶν
574 927 713 965 εἰώθασι
732 924 791 962 καὶ
809 922 1014 961 ἀναδύεσθαι
1030 920 1088 958 καὶ
1106 919 1191 962 ὅλως
1203 934 1273 955 πα-

237 989 489 1042 νουργεύεσθαι.
509 988 519 1036 )
540 1013 580 1016 —
600 983 781 1036 στροφαῖον
804 995 812 1020 ;
830 980 1011 1031 Πυλωρὸν,
1028 979 1105 1016 ἔνθα
1119 977 1177 1015 καὶ
1195 976 1272 1014 ἔνθα

238 1046 524 1100 στρεφόμενον.Θ.
537 1052 599 1081 Βυ.
611 1040 851 1093 στρεφόμενον.
869 1037 1051 1090 ἱδρύσασθε
1065 1049 1072 1074 :
1085 1034 1273 1080 Ποιήσατε.

239 1114 307 1143 LB.
324 1102 496 1154 πυλωρόν.
520 1109 560 1139 Ρ.
582 1098 761 1148 ἐπωνυμία
783 1096 854 1134 ἐστὶ
874 1099 975 1133 τοῦτο
991 1098 1049 1131 τοῦ
1072 1097 1158 1130 θεοῦ·
1179 1090 1275 1143 παρὰ

239 1162 277 1199 τὸ
296 1167 370 1204 ταῖς
395 1159 509 1212 θύραις
535 1156 691 1210 ἱδρύσθαι
712 1155 769 1192 ἐπὶ
797 1155 934 1207 φυλακῇ
962 1155 1029 1189 τῶν
1059 1151 1173 1188 ἄλλων
1198 1152 1275 1186 κλε-

187 1122 218 1146 15

240 1222 348 1258 πτῶν.
377 1223 560 1270 στροφαῖον
580 1219 636 1252 οὖν
657 1214 735 1265 περὶ
758 1212 820 1259 τὴν
841 1212 945 1262 θύραν
966 1210 1042 1247 ἀντὶ
1059 1213 1117 1246 τοῦ
1139 1208 1276 1261 φύλακα

241 1281 302 1324 τῆς
321 1276 421 1328 θύρας
442 1274 510 1313 ἀπὸ
529 1277 591 1319 τ’ῆς
611 1272 824 1324 στρόφιγγος.
846 1273 862 1307 ὃ
883 1269 917 1306 δὲ
939 1267 1095 1319 θεράπων
1116 1267 1154 1304 τὸ
1174 1281 1278 1318 στρο-

243 1342 339 1388 φαῖον
376 1334 432 1371 ἐπὶ
461 1336 529 1371 τῶν
567 1331 686 1369 δολίων
719 1329 777 1366 καὶ
810 1325 1130 1377 συμπεπλεγμένων
1167 1324 1277 1374 λόγων

190 1409 224 1433 20
245 1392 466 1443 ἐκλαμὸάνει·
486 1391 558 1428 ἐπεὶ
576 1388 736 1440 σημαίνει
753 1386 812 1424 καὶ
829 1390 928 1423 τοῦτο
942 1388 963 1430 ἡ
980 1383 1079 1427 λέξις·
1099 1385 1280 1436 στροφαῖον

243 1451 308 1503 γὰρ
326 1449 436 1503 φαμὲν
456 1449 645 1501 ἄνθρωπον,
663 1446 719 1483 τὸν
739 1444 852 1482 εἰδότα
874 1441 1083 1493 συμπλέκειν
1105 1441 1164 1478 καὶ
1182 1439 1282 1492 στρέ-

245 1525 317 1562 φειν
338 1507 458 1558 λόγους
478 1506 537 1544 καὶ
558 1503 729 1556 μηχανάς.
752 1511 788 1539 Ρ.

300 1579 378 1604 1154.
409 1566 592 1616 στροφαῖον
615 1576 622 1601 :
642 1563 855 1612 Πανοῦργον.
876 1567 917 1596 Ρ.
943 1561 1153 1611 στροφαῖονς
1174 1555 1282 1602 Ποιή-

245 1624 351 1674 σομέν
371 1639 428 1669 σε,
447 1630 516 1660 LB.
532 1623 608 1658 ἀλλ’
624 1622 685 1657 οὐκ
758 1619 913 1669 στροφῶν
934 1630 942 1655 :
965 1616 1040 1652 ἀντὶ
1057 1619 1116 1652 τοῦ
1132 1616 1168 1652 οὐ
1183 1613 1284 1665 χρεία

248 1683 320 1720 ἐστὶ
347 1682 562 1732 πανουργεῖν.
584 1687 622 1715 R.
642 1685 685 1716 V.
718 1676 820 1728 χρεία
844 1675 994 1726 ὑπάρχει
1017 1675 1176 1722 οὐδαμῶς
1200 1676 1283 1722 ἡμῖν

248 1741 427 1787 κινήσεων.
456 1747 523 1776 LB.
545 1739 620 1775 ἀλλ’
642 1735 784 1786 οὐδεμία
805 1734 949 1787 ἐργασία
973 1732 1046 1770 ἐστὶ
1065 1731 1284 1777 δολιοτήτων.

250 1808 290 1836 Ρ.
313 1800 466 1850 στροφῶν
489 1809 497 1834 :
524 1796 749 1846 Πανουργιῶν
773 1792 831 1830 καὶ
856 1790 1026 1833 ποικιλίας
1053 1789 1111 1827 καὶ
1132 1791 1287 1841 στροφῶν

249 1856 372 1907 λόγων.
395 1858 442 1893 Θ.

307 1915 412 1964 (1155.)
436 1912 511 1949 ἀλλ’
539 1910 726 1960 ἐμπολαῖον
747 1921 755 1947 :
778 1903 1115 1961 ΠραγματἜυτὴνχῗΙ
1135 1904 1210 1942 ἀντὶ
1228 1908 1288 1941 τοῦ

201 1987 234 2012 :30
254 1974 428 2023 ἀγοραῖον,
454 1969 513 2006 καὶ
532 1972 592 2013 τῆς
612 1966 803 2012 καπηλείας
822 1967 1038 2017 προεστῶτα.
1059 1962 1289 2012 παλιγκάπη-

253 2032 306 2068 λοι
327 2029 361 2067 δὲ
376 2028 534 2078 λέγονται
552 2029 581 2063 οἱ
601 2025 644 2063 τὰ
666 2024 753 2062 αὐτὰ
772 2025 965 2065 πωλοῦντες
980 2023 1038 2060 καὶ
1056 2022 1288 2074 ἀγοράζοντες.

255 2087 398 2129 Ἄλλως.
417 2085 518 2122 πέντε
539 2083 623 2121 εἷσίν
642 2085 676 2120 αἱ
695 2082 855 2134 διαφοραὶ
874 2084 940 2119 τῶν
959 2080 1179 2125 πωλούντων,
1196 2081 1293 2116 αὖτο-

255 2145 392 2191 πώλης,
421 2143 593 2189 κάπηλος,
630 2141 795 2192 ἔμπορος,
827 2138 1111 2189 παλιγκάπηλος,
1142 2136 1291 2187 μεταδο,

255 2202 344 2246 λεύς.
357 2201 415 2239 καὶ
432 2200 521 2238 ἔστιν
542 2199 745 2244 αὐτοπώλης
758 2198 819 2248 μὲν
834 2200 850 2234 ὁ
865 2199 898 2234 ἐν
912 2200 954 2248 τῇ
971 2196 1040 2248 ἰδία
1052 2196 1151 2248 χώρα
1168 2196 1293 2232 πωλῶν

206 2280 238 2304 35
257 2259 319 2307 τὴν
345 2262 467 2296 ἑαυτοῦ
487 2257 665 2309 πρόσοδον·
686 2255 843 2301 κάπηλος
861 2254 895 2292 δὲ
917 2257 933 2291 ὅ
955 2254 1129 2306 ἀγοράζων
1149 2253 1216 2290 ἀπὸ
1235 2256 1293 2289 τοῦ

260 2317 460 2355 αὖτοπώλου
492 2315 551 2352 καὶ
579 2315 706 2351 πωλῶν
737 2316 770 2351 ἐν
798 2316 839 2364 τῇ
869 2312 969 2364 χώρα
999 2314 1031 2348 ἐν
1062 2307 1086 2361 ᾗ
1112 2310 1293 2362 ἠγόρασεν·

261 2375 408 2426 ἔμπορος
433 2374 467 2411 δὲ
495 2376 511 2409 ὅ
532 2372 708 2424 ἀγοράζων
729 2371 788 2408 καὶ
815 2371 872 2408 ἐπὶ
899 2370 991 2416 ξένης
1010 2371 1147 2406 πωλῶν·
1169 2368 1205 2418 [ἢ
1228 2367 1296 2404 ἀπὸ

262 2437 322 2470 τοῦ
341 2430 542 2469 αὐτοπώλου
561 2429 583 2475 ἢ
602 2430 670 2466 ἀπὸ
690 2433 748 2466 τοῦ
766 2428 957 2478 καπήλου.]
978 2426 1245 2476 παλιγκάπηλος
1263 2424 1298 2462 δὲ

264 2493 281 2526 ὃ
302 2489 369 2526 ἀπὸ
389 2492 446 2526 τοῦ
474 2487 624 2538 ἐμπόρου
647 2485 822 2537 ἀγοράζων
843 2485 902 2522 καί
924 2485 1061 2521 πωλῶν.
1091 2481 1299 2532 μεταῧολεὺς

213 2566 247 2590 40
267 2547 302 2584 δὲ
319 2550 335 2584 ὁ
351 2545 442 2584 κατὰ
459 2545 519 2590 τὴν
541 2544 687 2589 κοτύλην
709 2545 846 2587 πωλῶν,
864 2542 980 2592 ὥσπερ
1001 2543 1031 2578 οἳ
1048 2546 1104 2578 νῦν
1123 2540 1300 2590 λεγόμενοι

267 2607 430 2651 κάπηλοι·
460 2603 591 2655 εἴρηται
621 2602 656 2639 δὲ
690 2601 784 2653 παρὰ
812 2600 850 2638 τὸ
879 2603 1030 2649 συνεχῶς
1058 2598 1300 2649 μεταδάλλειν.

268 2664 327 2702 καὶ
353 2658 453 2700 αῧται
475 2661 535 2711 μέν
563 2662 646 2697 εἰσιν
667 2661 702 2696 αἱ
727 2658 898 2708 σημασίαι
918 2656 1041 2708 κυρίως
1060 2659 1127 2693 τῶν
1148 2655 1303 2692 πωλούν-

269 2738 349 2759 των·
362 2720 649 2771 καταχρηστικῶς
661 2716 694 2754 δὲ
708 2723 775 2759 πᾶς
786 2717 910 2753 πωλῶν
923 2715 1077 2760 κάπηλος
1087 2713 1238 2763 λέγεται.
1254 2735 1304 2741 -

273 2779 348 2816 ἀλλ’
379 2778 566 2828 ἐμπολαῖον
590 2790 598 2814 2
622 2774 799 2820 Ποιήσατε
816 2773 964 2825 πράτην.
991 2780 1057 2809 LB.
1077 2786 1305 2823 πραγματευ-

220 2859 252 2882 45
272 2836 346 2882 τήν.
370 2844 432 2873 Βυ.
453 2831 766 2886 πραγματευτικόν.
788 2840 827 2869 Ρ.

327 2907 405 2932 1156.
436 2893 571 2944 Ἑρμῆν
591 2905 598 2929 :
617 2889 700 2929 Τόν.
719 2888 986 2940 παλιγκάπηλον
1007 2902 1016 2926 :
1036 2887 1106 2925 Τὸν
1126 2884 1306 2936 μεταπρά-

274 2968 348 2998 την.
367 2959 432 2988 LB.
454 2947 695 2996 καπηλεύοντα
727 2946 771 2984 τὰ
801 2947 1021 2996 πωλούμενα.
1049 2946 1094 2984 Θ.
1127 2952 1190 2981 Dv.
1220 2944 1269 2981 δεῖ
1296 2955 1305 2980 2

277 3009 483 3047 Ἀπόκειται.
501 3007 523 3052 ἢ
544 3006 674 3058 πρέπον
692 3005 774 3043 ἐστί.
794 3013 861 3042 LB.

333 3079 410 3104 1157.
442 3065 551 3102 δόλιον
572 3079 580 3103 :
606 3064 756 3116 ’Έφορον
778 3067 836 3101 τοῦ
857 3061 956 3100 δόλου
978 3061 1159 3107 ποιήσατε.
1183 3061 1310 3107 ἥκιστά

228 3150 261 3175 50
279 3141 318 3177 γε
338 3138 346 3163 :
371 3122 568 3172 Ποιήσομέν
588 3138 625 3159 σε
645 3123 814 3171 οὐδαμῶς.
832 3128 898 3158 LB.
919 3121 1089 3170 οὐδαμῶς.
1111 3127 1148 3157 Θ.

337 3196 413 3221 1158.
442 3181 571 3233 ’Έργον
601 3195 609 3219 :
637 3180 749 3233 Χρεία
775 3179 866 3217 ἐστὶν
886 3181 982 3229 ἡμῖν.
1005 3179 1125 3216 ἁπλῶν
1144 3177 1280 3229 τρόπων
1302 3190 1311 3216 :

283 3237 500 3279 Ἀδολιεύτων
521 3240 624 3282 ἠθῶν.
645 3246 709 3274 LB.

341 3311 416 3335 1159.
448 3295 522 3333 ἀλλ’
545 3294 726 3345 ἡγεμόνιον
755 3307 763 3332 :
790 3292 891 3332 Κατὰ
910 3292 1068 3345 χρησμὸν
1088 3294 1118 3330 οἱ
1145 3292 1315 3338 Ἀθηναῖοι

288 3354 467 3407 ἡγεμόνιον
489 3353 624 3405 Ἑρμῆν
645 3351 838 3405 ἱδρύσαντο.
856 3350 952 3403 παρὰ
975 3351 1009 3388 δὲ
1033 3350 1071 3388 τὸ
1093 3353 1162 3394 τοῖς
1181 3351 1318 3403 τυφλοῖς

977 192 1228 232 SCHOLIA
1261 191 1319 229 IN
1353 191 1610 231 PLUTUM.

1294 295 1299 338 l
1322 278 1400 322 τοὺς
1415 278 1604 330 βλέποντας
1614 278 1788 328 ἡγεῖσθαι,
1803 278 1970 329 ἐπήνεγκε
1985 277 2020 315 δὲ
2034 278 2090 315 ἐπὶ
2104 281 2162 315 τοῦ
2176 277 2333 317 Πλούτου
2345 308 2355 326 ,

1324 336 1465 388 φάσκων
1480 336 1581 373 αὐτὸν
1603 337 1667 382 ἤδη
1687 335 1837 387 βλέπειν,
1858 336 1917 374 καὶ
1936 336 1984 387 μὴ
1999 337 2130 374 δεῖσθαι
2147 337 2285 387 ὁδηγοῦ.
2306 359 2354 365 -

1323 394 1505 444 ἡγεμόνιον
1522 407 1530 432 :
1548 392 1790 444 Προοδοποιόν.
1803 402 1840 431 Θ.
1860 403 1922 433 Dc.
1940 395 2163 446 προοδοποιὸν
2175 394 2356 439 ποιήσατε.

1324 460 1392 489 LB.
1409 450 1544 500 ὃδηγόν.
1561 459 1601 487 P.
1620 450 1671 487 ὅτι
1686 453 1702 487 ὃ
1719 446 1852 501 Ἕρμῆς
1869 452 1926 488 καὶ
1942 455 1958 489 ὁ
1974 452 2072 503 λόγος
2091 452 2151 490 καὶ
2164 452 2203 490 τὸ
2223 451 2358 502 λογικὸν

1325 509 1526 559 ἡγεμονεύει
1550 510 1680 559 τεχνῶν
1711 508 1769 544 καὶ
1794 512 2005 560 πρακτικῶν,
2031 510 2198 554 ὑποτιθεὶς
2223 509 2359 561 ἑκάστῳ
2379 514 2395 539 5

1327 567 1386 604 καὶ
1403 565 1599 618 ἐφευρήσεις
1615 565 1674 602 καὶ
1691 566 1899 618 πανουργίας
1918 567 1977 603 καί
1993 567 2161 619 ἀφορμάς.
2179 567 2360 618 ἡγεμόνιος

1327 624 1362 662 δὲ
1381 624 1518 674 λέγεται
1534 623 1593 661 καὶ
1613 626 1629 660 ὃ
1649 623 1769 674 ὁδηγὸς
1787 627 1854 661 τῶν
1875 626 2022 676 τυφλῶν·
2044 625 2094 662 διὸ
2116 626 2215 677 φησὶ,
2232 626 2323 664 Ἀλλ’
2344 628 2362 662 ὁ

1329 684 1401 726 θεὸς
1417 682 1485 728 ἤδη
1509 681 1639 732 βλέπει.
1662 689 1725 719 LB.
1748 683 1765 718 ὃ
1793 681 1864 724 θεὸς
1887 695 1895 719 :
1921 682 1964 720 ‘O
1983 684 2150 725 Πλοῦτος.
2170 692 2239 722 LB.
2259 683 2327 730 ἤδη
2350 697 2359 722 :

1328 741 1411 779 Ἀπὸ
1429 744 1487 778 τοῦ
1504 744 1574 777 νῦν.
1592 747 1654 776 Βυ.
1674 738 1749 775 ἀντὶ
1762 742 1821 776 τοῦ
1838 741 1855 776 ὁ
1871 740 2037 782 Πλοῦτος.
2057 739 2146 777 ὥστε
2167 740 2215 790 μὴ
2232 741 2363 779 δεῖσθαι

1328 798 1494 850 ἡγεμόνος
1511 798 1570 835 καὶ
1588 799 1724 847 ὁδηγοῦ.
1747 804 1784 833 R.
2387 806 2418 830 10

1384 873 1460 896 1160.
1479 856 1643 908 ἡγεμόνος
1659 870 1667 894 :
1683 856 1784 900 Τινὸς
1797 857 1922 907 ὁδηγοῦ
1938 858 2040 907 (Dv.).
2105 856 2200 894 οὐδὲν
2219 847 2365 896 εΟὖδα-

1331 919 1402 966 μῶς
1417 916 1521 966 (Ου’).
1533 913 1711 964 δεησόμεθ’
1724 913 1773 951 ἔτι
1790 928 1798 953 1
1817 914 1946 966 Χρείαν
1962 914 2079 965 ἕξομεν
2090 917 2136 958 εἷς
2148 914 2186 952 τὸ
2200 915 2285 962 ἑξῆς.
2297 923 2364 954 LB.

1331 976 1375 1017 εἷς
1394 973 1514 1025 χρείαν
1535 973 1700 1022 ἔλθωμεν.
1723 981 1786 1011 Dv.

1386 1046 1464 1070 1161.
1495 1031 1674 1082 ἐναγώνιος
1694 1045 1702 1069 :
1726 1029 1946 1076 Ἔπιστάτης
1964 1032 2031 1067 τῶν
2054 1030 2196 1081 ἀγώνων
2217 1031 2276 1069 καὶ
2295 1046 2369 1068 πα-

1331 1089 1518 1142 νηγύρεων.
1533 1097 1598 1126 LB.
1615 1091 1749 1139 ἀγῶνας
1765 1089 1823 1125 καὶ
1840 1088 2050 1140 πανηγύρεις
2066 1088 2302 1141 ἐργαζόμενος.
2322 1091 2369 1132 εἷς

1335 1148 1529 1200 ἀνατροπὴν
1557 1147 1689 1186 τούτου.
1717 1155 1754 1185 Θ.
1776 1156 1837 1184 Dv.
1863 1149 1984 1198 μοῖραν
2007 1145 2073 1199 γὰρ
2097 1149 2130 1184 ἐν
2151 1150 2221 1190 τοῖς
2241 1149 2369 1198 ἀγῶσιν

1336 1206 1406 1257 ἔχει
1426 1209 1443 1242 ὃ
1460 1206 1605 1258 Ἓρμῆς.
1629 1213 1715 1242 RN.
1730 1213 1765 1242 P.
1794 1206 1878 1257 ἒρεῗς
1897 1219 1904 1243 :
1924 1204 2052 1248 Λέξεις.
2073 1213 2138 1242 LB.
2159 1204 2281 1256 λέγεις.
2307 1215 2369 1244 Dv.

1390 1278 1464 1301 1162.
1496 1263 1764 1316 συμφορώτατον
1782 1277 1790 1302 :
1809 1262 1895 1301 Δίαν
1911 1263 2100 1314 συμφέρον.’
2116 1262 2185 1302 ’[Ῐί.
2203 1263 2374 1316 ἁρμοδιώ-

1339 1338 1452 1359 τατον.
1470 1330 1534 1359 Dv.
1557 1321 1632 1358 ἀντὶ
1653 1325 1710 1359 τοῦ
1733 1321 1908 1372 ἁρμόδιον.
1930 1329 1969 1360 R.
1988 1329 2023 1359 V.
2035 1329 2072 1358 Θ.

1393 1393 1470 1418 1163.
1503 1378 1686 1429 μουσικοὺς
1708 1392 1716 1417 :
1739 1377 1918 1429 Λογικούς.
1944 1387 1983 1417 Ρ.
2007 1379 2170 1428 μουσικὰς
2194 1394 2202 1419 :
2225 1380 2370 1434 Χορούς.
2391 1393 2428 1418 20

1338 1447 1402 1477 Du,
1423 1436 1608 1487 γυμνικούς
1633 1450 1641 1475 :
1664 1437 1909 1489 Παλαίστρας,
1936 1436 2080 1489 δρόμους
2106 1437 2166 1474 καὶ
2184 1438 2229 1475 τὰ
2247 1438 2376 1481 τούτοις

1340 1496 1456 1547 ὅμοια.
1478 1504 1516 1535 Θ.
1542 1495 1771 1548 παλαίστρας.
1796 1504 1857 1533 Βυ.
1883 1495 2023 1548 χοροὺς,
2050 1496 2227 1548 ὀρχήσεις,
2248 1497 2378 1535 παλαί-

1342 1569 1467 1605 στρας,
1493 1552 1639 1605 δρόμους
1658 1553 1717 1590 καὶ
1742 1551 1785 1589 τὰ
1805 1556 1959 1590 τοιαῦτα.
1981 1560 2022 1590 P.
2044 1553 2166 1605 χοροὺς
2189 1553 2248 1591 καὶ
2267 1553 2379 1607 ὀρχή-

1343 1627 1422 1654 σεις.
1441 1619 1478 1649 Θ.

1399 1682 1475 1707 1164.
1506 1671 1551 1711 ὡς
1586 1683 1594 1707 ;
1615 1668 1716 1713 Δίαν,
1737 1667 1853 1711 ὄντως.
1882 1670 1927 1707 Θ.
1954 1677 2017 1707 Dv.
2043 1671 2089 1711 ὡς
2106 1669 2232 1720 ἀγαθὸν
2256 1683 2264 1708 :
2290 1669 2378 1708 Λίαν

1345 1727 1528 1779 συμφέρον.
1554 1735 1620 1765 LB.
1641 1726 1837 1775 ἐπωνυμίας
1864 1740 1872 1764 t
1899 1727 2025 1764 ὡσανεὶ
2046 1727 2141 1777 ἔλεγε
2165 1727 2278 1765 πολλὰ
2302 1727 2380 1765 ὀνό-

1347 1802 1439 1836 ματα
1462 1785 1562 1835 ἔχειν.
1585 1792 1621 1821 R.
1648 1784 1834 1833 ὀνομασίας
1863 1786 1969 1833 (LB.).
1990 1784 2081 1836 ἔχειν
2106 1798 2114 1823 :
2134 1788 2295 1837 Κρατεῖν.
2317 1796 2377 1825 Dv.

1399 1857 1478 1881 1165.
1510 1842 1686 1894 ἐξεύρηκεν
1719 1856 1728 1880 :
1750 1842 1817 1879 Διὸ.
1835 1845 1903 1879 τῶν
1923 1844 2061 1879 πολλῶν
2087 1845 2304 1893 ἐπωνυμιῶν.
2332 1848 2378 1885 Θ.

1348 1910 1409 1939 Dc.
1432 1900 1556 1952 βιότιον
1576 1913 1583 1938 :
1605 1900 1689 1951 ΙΒίον,
1716 1902 1996 1952 ὑποκοριστικῶς.
2021 1908 2058 1938 R.
2077 1908 2117 1939 V.
2135 1901 2261 1953 μικρὰν
2278 1903 2380 1949 ζωήν.

1348 1960 1394 1997 Θ.
1417 1967 1483 1997 LB.
1504 1967 1566 1996 Do.
2399 1987 2433 2008 ,υ

1404 2036 1478 2060 1166.
1508 2024 1569 2059 οὐκ
1583 2020 1655 2063 ἐτὸς
1671 2021 1818 2064 ἅπαντες
1835 2035 1843 2059 :
1864 2021 2006 2059 Ὡσανεὶ
2025 2021 2153 2072 ἔλεγεν,
2171 2024 2209 2060 οὐ
2227 2025 2383 2074 ματαίως

1351 2081 1417 2133 ἄρα
1438 2080 1623 2118 σπεύδουσι
1643 2078 1755 2116 πολλὰ
1775 2078 1927 2128 ὀνόματα
1951 2079 2053 2130 ἔχειν,
2073 2079 2151 2129 ἵνα,
2173 2080 2232 2118 ἐὰν
2253 2082 2384 2120 ἀποτύ-

1349 2155 1458 2190 χωσιν
1479 2138 1564 2184 ἑνὸς,
1587 2139 1632 2180 εἷς
1651 2137 1736 2174 ἄλλο
1758 2137 1924 2174 δικάσωσι
1944 2136 2176 2189 δικαστήριον.
2199 2141 2236 2189 (ὃ
2254 2139 2384 2178 τούτων

1351 2201 1425 2240 νοῦς
1443 2199 1481 2234 ἐκ
1500 2199 1567 2233 τῶν
1582 2194 1840 2248 προειρημένων
1863 2200 1916 2241 [ad
1929 2208 1960 2230 V.
1979 2200 2051 2242 277]
2077 2195 2157 2247 περὶ
2173 2199 2234 2242 τ’ἦς
2251 2198 2386 2251 κληρώ-

1353 2270 1437 2296 σεως
1471 2255 1538 2290 τῶν
1569 2252 1787 2304 γραμμάτων
1822 2252 1880 2289 καὶ
1914 2254 1982 2288 τῶν
2014 2252 2242 2304 δικαστηρίων
2275 2255 2386 2301 δῆλος.

1354 2311 1489 2349 ἐποίουν
1512 2309 1546 2347 δὲ
1564 2314 1662 2347 τοῦτο
1683 2312 1713 2347 οἱ
1734 2310 1944 2356 δικάζοντες,
1961 2308 2036 2356 ἵνα,
2058 2310 2116 2347 ἐὰν
2137 2312 2387 2364 ἀπολειφθῶσιν

1355 2370 1443 2416 ἑνὸς,
1469 2371 1503 2406 ἐν
1524 2371 1572 2420 τῶ
1599 2368 1693 2419 ἄλλῳ
1719 2368 1905 2414 δικάσωσι,
1930 2368 1987 2405 τὸν
2006 2369 2134 2406 πεσσὸν
2163 2369 2223 2407 καὶ
2245 2373 2290 2414 εἷς
2313 2371 2389 2410 τόδε

1355 2429 1414 2465 καὶ
1443 2429 1488 2468 εἷς
1513 2426 1589 2464 τόδε
1619 2426 1850 2476 ἐμὲάλλοντες
1878 2429 1945 2463 τῶν
1973 2427 2236 2479 δικαστηρίων.)
2258 2452 2310 2457 -
2330 2432 2391 2467 οὐκ

2391 1100 2422 1123 15

2397 1681 2432 1706 25

1358 2485 1430 2527 ἐτὸς
1453 2498 1462 2522 2
1482 2486 1533 2522 Οὐ
1560 2483 1728 2533 ματαίως.
1756 2491 1821 2520 LB.
1841 2485 1878 2520 οὐ
1907 2482 2034 2532 μάτην,
2060 2485 2097 2520 οὐ
2120 2486 2265 2535 ψεκτῶς.
2286 2495 2327 2524 P.
2347 2508 2392 2512 —-

1358 2542 1430 2584 ἐτὸς
1455 2555 1462 2579 :
1487 2541 1624 2586 Μάτην.
1647 2541 1693 2579 Θ.
1718 2549 1778 2577 Do.
1800 2539 1926 2582 πάντες
1952 2553 1961 2577 :
1982 2539 2097 2578 υΟλοι.
2118 2542 2148 2576 οἱ
2168 2541 2360 2586 δικάζοντες
2381 2556 2389 2581 :

1356 2601 1401 2635 Οἱ
1429 2598 1543 2650 κριταί
1570 2599 1672 2646 (Du).
1697 2597 1791 2645 θαμὰ
1818 2611 1826 2634 ;
1857 2599 2017 2647 Συνεχῶς
2045 2598 2128 2645 (ΘΗ)
2149 2605 2217 2636 LB.
2239 2600 2300 2636 οὐκ
2319 2600 2393 2644 ἐτὸς

1361 2656 1508 2697 ἅπαντες
1535 2668 1543 2693 :
1567 2657 1619 2692 Οὐ
1638 2654 1791 2703 ματαίως
1812 2654 1878 2706 ἄρα
1899 2656 1930 2691 οἱ
1953 2656 1986 2690 ἐν
2005 2655 2079 2696 ταῖς
2097 2654 2269 2701 Ἀθήναις,
2290 2656 2392 2708 φησὶ,

1362 2712 1554 2757 δικάζοντες
1575 2713 1778 2749 σπεύδουσιν
1800 2713 1834 2748 ἐν
1854 2712 1993 2754 πολλοῖς
2009 2712 2200 2764 γεγράφθαι
2223 2713 2394 2764 γράμμα-

1362 2787 1414 2808 σιν
1434 2773 1468 2807 ἐν
1493 2771 1562 2812 τοῖς
1579 2769 1820 2821 δικαστηρίοις.
1842 2769 1920 2822 περὶ
1940 2769 1975 2806 δὲ
2000 2773 2066 2806 τῶν
2093 2766 2310 2820 γραμμάτων
2336 2772 2396 2809 καὶ

1364 2827 1591 2879 δικαστηρίων
1607 2827 1790 2873 Ἀθηναίων
1807 2827 1935 2879 ἔφημεν
1953 2827 2104 2874 ὄπισθεν,
2121 2830 2193 2870 πῶς
2209 2829 2243 2865 ἐν
2261 2829 2396 2867 ἑκάστω

1364 2881 1404 2932 ἦν
1427 2885 1665 2937 γεγραμμένον
1686 2887 1866 2936 στοιχεῖον·
1893 2886 1926 2922 ἐν
1946 2885 2007 2934 μὲν
2029 2887 2077 2937 τῷ
2103 2889 2162 2922 τοῦ
2186 2870 2398 2938 Ἀρεοπάγοί)

1367 2943 1575 2995 δικαστηρίῳ
1592 2942 1659 2994 πρὸ
1679 2945 1745 2979 τῶν
1772 2946 1880 2995 θυρῶν
1905 2942 2145 2994 ἐπεγέγραπτο
2162 2943 2207 2980 α’·
2235 2945 2270 2981 ἐν
2297 2944 2332 2982 δὲ
2355 2949 2398 2992 τῆ

1367 3001 1509 3053 ἹΙλιαία
1529 3001 1574 3047 η’·
1592 3003 1625 3038 ἐν
1641 2999 1675 3037 δὲ
1692 3003 1740 3053 τῷ
1754 3002 1787 3037 ἐν
1802 3001 1980 3052 Φρεαττοῖ
1995 3001 2036 3046 δ’,
2054 3000 2112 3038 καὶ
2134 3002 2168 3038 ἐν
2184 3007 2255 3044 τοῖς
2267 2989 2400 3046 λοιποῖς

1367 3059 1547 3102 ὡσαύτως·
1565 3058 1620 3096 διὰ
1636 3063 1735 3096 τοῦτο
1749 3059 1813 3111 ἔφη
1825 3089 1833 3105 ,
1852 3059 2058 3097 σπεύδουσιν
2072 3061 2107 3097 ἐν
2125 3060 2265 3104 πολλοῖς
2279 3061 2402 3113 γεγρά-

1369 3122 1449 3170 φθαι
1468 3116 1683 3169 γράμμασιν.
1703 3129 1764 3158 LB.

2414 2850 2449 2874 45

2421 3139 2455 3167 50

1424 3188 1501 3212 1167.
1534 3173 1738 3225 (γεγράφθαι
1766 3187 1774 3212 :
1801 3174 1890 3211 Ἀντὶ
1915 3177 1974 3212 τοῦ
1999 3173 2326 3224 ὠνομάσθαι,.ὥστε
2343 3177 2404 3214 καὶ

1369 3232 1537 3279 ἧλιαστὰς
1551 3226 1637 3269 εἶναι
1650 3231 1708 3268 καὶ
1724 3235 1903 3283 πανταχοῦ
1918 3231 2057 3275 ἑαυτοὺς
2071 3234 2284 3284 ἐγγραφῆναι
2298 3248 2404 3271 σπου-

1373 3292 1539 3335 δάζοντες.
1567 3289 1746 3341 βούλονται
1770 3290 1804 3327 ’δὲ
1828 3292 1862 3327 ἐν
1882 3290 2000 3342 Ἀρείῳ
2021 3290 2145 3342 πάγῳ,
2167 3289 2347 3341 βούλονται
2370 3291 2404 3329 δὲ

1375 3349 1434 3388 καὶ
1445 3351 1478 3387 ἐν
1491 3348 1585 3400 ἄλλῳ
1597 3347 1806 3401 δικαστηρίῳ
1817 3347 2101 3400 ἀναστρέφεσθαι,
2114 3346 2170 3385 διὰ
2180 3347 2218 3386 τὸ
2229 3347 2278 3398 μὴ
2289 3350 2405 3401 ἀργεῖν
