2533 3808
214 230 287 265 374

210 311 404 364 ἐπικουρία,
421 309 495 346 ἀντὶ
514 310 573 344 τοῦ
593 303 736 350 ἆσθενὴς
755 302 815 341 καὶ
835 300 1041 354 ἀνιοφελής].
1061 298 1082 346 ἢ
1105 300 1238 337 σύκινον

211 373 266 408 τὸν
294 366 508 420 συκοφάντην
533 360 803 412 κεκαλυμμένως
827 359 936 410 λέγει,
963 359 1032 396 ἀπὸ
1051 361 1111 403 τῆς
1137 360 1243 402 συκῆς

210 426 431 479 σχηματίσας
456 423 513 475 {rb
530 419 669 471 &vop-ot}
687 442 738 447 -—
757 420 791 456 ἓν
815 416 969 469 εἰρωνεία
985 420 1097 453 τοῦτο.
1114 422 1156 452 Β.
1182 413 1242 451 σύ-

208 501 297 523 κινον
320 497 328 522 t
350 484 502 527 Ἀσθενῆ.
523 489 585 518 Dv.
605 479 749 526 ἀσθενῆ,
767 475 944 513 ἀδύνατον.
963 482 1003 512 P.
1025 477 1045 519 ἢ
1065 471 1243 524 μεταφορὰ
1271 456 1275 529 Ι

961 210 1219 250 SCHOLIA
1254 209 1314 247 IN
1349 209 1600 248 PLUTUM.

1272 316 1275 321 ·
1304 314 1447 349 γματος.
1478 307 1542 336 Dv.
1568 302 1627 336 τοῦ
1655 297 1891 350 χαράγματος.
1923 305 1961 336 Θ.
1989 300 2048 336 τοῦ
2072 297 2272 348 λείμματος.
2301 306 2341 336 R.

1356 370 1417 394 958.
1446 355 1494 392 νὼ
1512 368 1520 394 :
1543 356 1612 394 Καὶ
1631 358 1746 406 ἡμεῖς.
1774 363 1810 393 Θ.
1827 359 1940 405 ἡμεῖς.
1961 355 2122 406 εἰσίωμεν
2141 369 2149 395 :
2171 356 2345 394 Εἰσέλθω·

1309 430 1384 465 μεν.
1404 422 1466 450 Dv.

1360 484 1422 508 959.
1453 465 1526 522 [ἆρ’
1544 463 1571 507 ῶ
1592 469 1683 521 φίλοι
1707 469 1860 521 γέροντες
1887 483 1895 508 :
1919 470 2072 522 Κορωνὶς
2099 470 2198 522 ἑτέρα
2226 470 2342 520 ὁμοία.

173 552 188 575 ὅ
210 544 276 580 ἀπο
300 546 359 587 ’.ἧς
380 543 503 585 συκῆς,
522 537 607 575 διότι
631 535 678 573 ἔνι
696 538 718 580 ἦ
735 536 822 579 συκῆ
843 533 1042 584 ἀνίσχυρος,
1063 530 1121 568 καὶ
1140 528 1245 581 θραύ-
1271 532 1275 594 ι
1304 529 1334 565 οἳ
1355 528 1390 565 δὲ
1416 527 1530 579 στίχοι
1556 526 1713 577 ἷαμὸικοὶ
1738 527 1913 579 τρίμετροι
1939 528 2174 575 ἀκατοίληκτοι
2194 529 2266 576 πὸ’,
2294 532 2341 565 ὡν
2362 549 2378 574 5

209 617 283 638 εται
303 599 458 640 εὐκόλως.
477 605 540 635 Βυ.
559 593 698 646 ἰσχυρὸν
719 592 791 630 θεὸν
813 604 821 629 :
842 591 911 630 Τὸν
930 588 1083 628 δυνατόν.
1105 597 1169 627 Dv.
1186 587 1244 625 τὸν

208 660 382 698 Πλοῦτον.
397 663 438 693 Ρ.

262 730 323 755 947.
348 714 497 766 τήμερον
516 727 524 752 :
546 709 710 750 Ἀττικόν.
734 708 770 746 Θ.
793 707 955 760 σήμερον.
977 707 1093 744 δοῦναι
1116 703 1213 750 δίκην
1233 716 1242 742 :
1272 733 1275 762 γ

208 773 402 826 Τιμωρίαν.
433 781 494 810 Dv.
521 768 703 821 τιμωρίαν,
727 766 831 817 ἤγουν
856 767 1106 817 τιμωρηθῆναι.
1131 770 1170 800 P.
1190 777 1245 799 τι-
1271 768 1275 845 ’γ

161 842 191 866 10
213 835 425 884 μωρηθῆναι.
442 835 483 862 Θ.

262 903 325 929 949.
362 889 445 927 Ὅτι
475 900 484 926 :

210 959 272 987 Dv.
291 946 457 986 καταλύει
479 958 487 983 :

919 879 1050 929 Ἤγουν
1080 879 1244 930 φανερῶς.

945 953 953 977 2
977 937 1161 989 Ἄριδήλως
1185 935 1244 974 καὶ

518 884 626 924 Διότι.
656 883 850 935 περιφανῶς
881 893 890 918 :

513 942 694 996 Ἀφανίζει.
720 942 916 993 περιφανῶς

209 1008 372 1059 φανερῶς.
390 1012 428 1042 Θ.
445 1011 485 1041 Ρ.

262 1077 325 1102 949.
357 1061 433 1100 οὔτε
454 1059 516 1106 τὴν
535 1056 659 1110 βουλὴν
683 1054 791 1093 πιθὼν
813 1068 821 1093 :
840 1053 929 1092 Ἀντὶ
951 1057 1009 1091 τοῦ
1029 1051 1161 1094 πείσας.
1181 1049 1245 1088 ὅσα

161 1137 192 1161 15
211 1122 238 1160 δ’
257 1122 298 1159 ἂν
317 1123 360 1166 τῆ
382 1120 490 1170 βουλῇ
509 1116 587 1166 δόξῃ
601 1146 611 1165 ,
627 1117 739 1152 ταῦτα
755 1112 811 1150 ἐπὶ
827 1112 884 1150 τὸν
902 1113 1009 1161 δῆμον
1028 1109 1244 1162 ἀναφέρεται.

210 1180 270 1218 καὶ
288 1165 406 1217 ἐκτῶν
423 1174 582 1215 ἐναντίων
602 1172 646 1210 τὰ
662 1171 728 1209 ὑπὸ
744 1175 804 1208 τοῦ
822 1170 930 1219 δήμου
949 1167 1163 1221 ψηφιζόμενα
1181 1166 1246 1203 ὑπὸ

210 1243 272 1285 τῆς
291 1239 413 1289 βουλῆς
432 1237 609 1286 κυροῦται.
634 1253 683 1259 --
703 1233 811 1267 πιθὼν
834 1241 842 1267 :
868 1225 1105 1268 Καταπείσας.
1127 1233 1164 1262 Θ.
1182 1233 1245 1262 Dv.

211 1297 348 1338 πείσας.
366 1302 407 1332 Ρ.

265 1368 330 1393 950.
360 1351 422 1397 τὴν
442 1351 509 1388 τῶν
529 1348 680 1385 πολιτῶν
699 1358 706 1383 :
726 1343 856 1394 Ἥγουν
879 1342 955 1385 τοὺς
975 1340 1118 1384 πολίτας
1137 1339 1246 1383 ὅλους.

160 1422 194 1446 20
213 1416 254 1446 D·
276 1411 338 1457 τὴν
360 1408 546 1453 ἐκκλησίαν
571 1420 578 1443 t
602 1403 691 1446 Τοὺς
719 1400 894 1443 δικαστάς.
917 1407 953 1436 Θ.
977 1408 1037 1438 Dv.
1058 1398 1119 1444 τὴν
1141 1397 1248 1436 συνοί-

213 1475 340 1523 θροισιν
362 1471 430 1505 τῶν
457 1466 592 1516 κριτῶν.
619 1470 659 1499 P.
687 1460 760 1503 ἔθος
788 1454 828 1505 ἦν
858 1461 892 1496 ἐν
921 1457 1138 1508 δημοκρατία
1167 1455 1247 1515 ὅταν

215 1527 421 1582 ψηφίσματα
437 1522 587 1573 ἐγένετο,
608 1518 772 1557 δεικνύειν
789 1520 908 1554 τοῦτον
930 1515 992 1561 τὴν
1014 1514 1157 1566 βουλήν·
1175 1517 1248 1550 εἶτα

213 1586 290 1628 τοὺς
306 1583 434 1637 κριτάς.
452 1589 515 1618 Βυ.

281 1656 345 1681 951.
391 1637 508 1683 ἐπειδὴ
545 1635 607 1682 τὴν
641 1633 836 1672 πανοπλίαν
866 1645 874 1671 2

162 1713 195 1736 25
217 1701 330 1753 ἐγένου
351 1698 427 1737 κατ’
448 1695 527 1746 ἐμὲ,
548 1693 603 1731 ὅτε
619 1693 714 1743 ἤμην
734 1690 849 1736 πένης.
872 1689 1003 1741 (λόγους
1023 1688 1059 1726 δὲ
1079 1687 1250 1739 συκοφάν-

217 1776 276 1798 του
299 1756 483 1809 μιμεῖται.)
503 1776 553 1782 —-
568 1752 629 1798 τὴν
648 1748 842 1788 πανοπλίαν
863 1761 872 1786 :
889 1747 941 1786 Τὸ
956 1746 1092 1796 ἱμάτιον
1106 1744 1249 1788 παίζων.

217 1824 256 1851 Θ.
275 1825 340 1855 Dv.
358 1813 402 1852 τὰ
419 1810 605 1861 ἐνδύματα.
625 1817 666 1846 Ρ.
683 1805 859 1845 πανοπλία
876 1804 998 1857 κυρίως
1013 1807 1034 1849 ἡ
1053 1806 1120 1840 τῶν
1137 1802 1251 1840 ὅπλων

910 1630 999 1670 Ἀντὶ
1026 1633 1103 1677 τοῦ,
1131 1627 1248 1674 ἐπειδὴ

217 1875 356 1914 πάντων
383 1867 565 1913 διασκευή·
587 1868 732 1903 ἐνταῦθα
762 1863 797 1901 δὲ
823 1864 1124 1914 καταχρηστικῶς.
1153 1869 1251 1898 Dorv.

217 1930 395 1972 πανοπλία
410 1927 471 1979 μὲν
481 1930 503 1973 ἦ
514 1927 581 1963 τῶν
595 1923 709 1962 ὅπλων
723 1921 862 1959 πάντων
876 1919 1094 1973 παρασκευὴ,
1107 1921 1252 1956 ἐνταῦθα

166 2004 200 2028 30
220 1993 254 2031 δὲ
272 1991 309 2028 τὸ
323 1987 461 2039 ἱμάτιον
478 1982 765 2034 καταχρηστικῶς
780 1979 891 2030 λέγει,
911 1980 1040 2029 μᾶλλον
1059 1977 1094 2014 δὲ
1107 1976 1252 2020 παίζων,

220 2051 271 2089 ὅτι
291 2048 324 2085 ἓν
347 2040 417 2097 εἶχε
442 2046 542 2081 τοῦτο
562 2041 662 2091 μόνον
689 2038 763 2076 ἀντὶ
789 2039 925 2075 πολλῶν
953 2037 1067 2074 ἄλλων
1091 2033 1252 2086 ἱματίων.

219 2109 304 2140 vict.
759 2091 766 2096 '

272 2172 336 2198 952.
371 2155 461 2206 ἔχων
484 2165 493 2191 2
520 2153 658 2203 Φορῶν.
685 2157 749 2187 Dv.
771 2156 811 2186 P.
838 2148 1017 2198 βαλανεῖον
1046 2159 1054 2184 :
1082 2146 1253 2197 Λοετρῶν.

220 2227 284 2256 Dv.
298 2213 398 2267 τρέχε
414 2226 422 2251 2
439 2209 623 2259 Συντόμως
637 2206 752 2260 ἔρχου.
767 2212 808 2243 Ρ.

281 2286 344 2313 953.
380 2274 563 2322 κορυφαῖος
591 2280 598 2305 :
627 2265 728 2304 Ἐπεὶ
756 2263 975 2316 περιίσταντο
1000 2261 1079 2313 περὶ
1104 2260 1142 2298 τὸ
1167 2264 1255 2313 πῦρ,

222 2332 339 2383 ὥσπερ
355 2328 456 2381 χορὸς
473 2328 506 2363 ἐν
526 2327 594 2367 τοῖς
615 2322 819 2375 βαλανείοις.
844 2323 917 2370 (οὐκ
935 2320 1011 2366 ἐξῆν
1033 2319 1068 2356 δὲ
1085 2318 1175 2362 ξένον
1194 2334 1255 2369 χο·

170 2290 204 2315 35

225 2389 331 2441 ρεύειν
361 2390 393 2425 ἐν
413 2388 463 2436 τῷ
485 2385 615 2434 ἀστικῷ
634 2382 745 2432 χορῷ·
771 2378 869 2431 παρὰ
894 2382 994 2416 τοῦτο
1013 2377 1200 2427 πέπαιχεν·
1223 2378 1256 2413 ἐν

225 2447 260 2485 δὲ
278 2448 327 2497 τῷ
348 2442 490 2493 Ληναίῳ
511 2440 605 2485 ἐξῆν·
626 2438 700 2476 ἐπεὶ
721 2436 780 2475 καὶ
801 2436 951 2486 μέτοικοι
973 2434 1172 2487 ἐχορήγουν.
1194 2449 1256 2479 κο-

227 2504 365 2557 ρυφαῖος
390 2502 424 2538 δὲ
445 2503 461 2537 ὃ
479 2501 512 2536 ἐν
536 2497 629 2548 χόρῳ
654 2498 800 2548 πρῶτος.
826 2493 879 2544 [τὸ
904 2493 939 2530 δὲ
965 2492 1061 2545 θέρου
1089 2491 1164 2529 ἀντὶ
1182 2495 1255 2537 τοῦ]

175 2578 209 2602 40
227 2560 447 2613 θερμοίνθητι.
464 2555 580 2606 ὥσπερ
597 2552 734 2604 ἀνδριὰς
748 2552 804 2589 ἐπὶ
820 2550 999 2603 κεφαλήν.)
1018 2571 1063 2576 ——
1076 2551 1258 2600 κορυφαῖος

228 2616 381 2664 ἑστηκὼς
403 2629 412 2654 :
434 2616 580 2666 Πρῶτος
602 2612 719 2662 ὀρθῶς.
747 2609 843 2660 θέρου
868 2622 876 2647 :
903 2606 1034 2657 Ἤγουν
1061 2606 1256 2658 θερμαίνου.

230 2686 266 2715 Θ.
286 2684 344 2713 DU-
366 2682 407 2712 P.

282 2746 345 2772 954.
375 2731 437 2777 τὴν
456 2727 576 2767 στάσιν
596 2739 604 2764 :
623 2725 675 2764 Τὸ
699 2717 785 2762 εἶναι
801 2727 985 2775 κορυφαῖος
1003 2721 1042 2758 τὸ
1067 2720 1258 2772 βαλανεῖον.

229 2801 294 2831 Dv.
313 2790 352 2828 τὸ
372 2783 459 2826 εἶναι
479 2784 539 2836 ἐμὲ
553 2785 735 2835 κορυφαῖον
752 2781 811 2819 καὶ
826 2783 973 2833 πρῶτον.
990 2787 1031 2817 P.

283 2862 349 2888 955.
382 2847 458 2884 ἀλλ’
480 2847 497 2882 ὃ
520 2840 686 2894 βαλανεὺς
710 2853 719 2879 t
747 2839 895 2889 Λέγουσι
915 2836 982 2890 γὰρ
1007 2836 1059 2874 ὅτι
1084 2836 1114 2872 οἱ
1139 2833 1260 2872 πολλοὶ

231 2909 411 2945 ἐλαττοῦσι
435 2903 492 2941 τὸν
520 2900 604 2952 ἀέρα
632 2901 699 2937 τῶν
727 2898 893 2949 λουτρῶν,
920 2898 966 2939 εἷς
992 2894 1132 2937 ἑαυτοὺς
1159 2893 1260 2930 αὐτὸν

232 2966 398 3006 ἕλκοντες.
419 2984 470 2990 -
493 2956 659 3012 βαλανεὺς
684 2970 692 2995 t
716 2955 760 2994 ‘O
779 2958 837 2992 τοῦ
862 2952 1043 3005 βαλανείου
1063 2950 1259 2996 ἐπιστάτης.

233 3022 320 3066 ἕλξει
337 3035 345 3060 :
363 3018 539 3059 Ἑλκύσει.
564 3024 602 3053 Ρ.
620 3013 732 3067 θύραζ’
754 3026 762 3051 :
783 3011 906 3054 Ἐκτὸς
925 3013 985 3056 τ’ἧς
1004 3009 1119 3061 θύρας.
1140 3016 1177 3046 Θ.
1200 3017 1262 3046 Dv.

286 3093 349 3117 956.
378 3080 445 3114 τῶν
471 3073 664 3127 ὀρχιπέδων
694 3086 703 3110 :
736 3072 817 3109 Τῶν
844 3069 988 3121 ὄρχεων.
1009 3075 1090 3105 ΒΝ.
1118 3074 1155 3105 Θ.
1182 3069 1262 3106 Τῶν

183 3158 216 3183 59
236 3137 384 3175 αἰδοίων.
401 3142 462 3173 Dv,
481 3132 548 3168 ἀπὸ
568 3134 633 3168 τῶν
655 3129 798 3181 ὄρχεων.
815 3127 984 3178 γνώσεται
1003 3124 1204 3177 ζΓνωρίσει.
1222 3132 1263 3163 Ρ.

178 2867 211 2891 45

289 3207 351 3232 957.
387 3194 446 3228 τοῦ
471 3192 622 3239 πονηροῦ
647 3187 826 3237 κόμματος
850 3198 858 3223 :
886 3184 946 3227 Ὡς
971 3183 1027 3221 ἐπὶ
1055 3182 1265 3233 νομίσματος

237 3246 349 3296 εἶπεν,
391 3247 458 3285 ἀπὸ
493 3251 689 3298 μεταφορᾶς
725 3247 792 3281 τῶν
828 3241 1051 3293 νομισμάτων
1092 3243 1159 3278 τῶν
1195 3256 1264 3278 κα-

238 3313 305 3352 κῶς
330 3306 514 3346 κοπέντων.
541 3325 593 3332 -
611 3305 760 3354 πονηροῦ
779 3315 788 3340 :
809 3301 955 3339 Ἀδίκου.
975 3307 1015 3337 P.
1036 3302 1096 3336 τοῦ
1115 3302 1264 3351 πονηροῦ

239 3367 416 3417 κόμματος
439 3376 447 3401 ;
468 3360 598 3411 Ἤγουν
623 3362 682 3405 τῆς
711 3359 845 3412 μερίδος
868 3361 928 3404 τῆς
952 3361 1119 3408 πονηρᾶς·
1145 3353 1261 3406 χαρά-

1303 587 1497 628 τελευταῖος

1467 677 1616 719 στέφανόν
1635 678 1670 717 γέ
1686 688 1733 708 τοι
1752 677 1804 709 καὶ
1821 677 1886 717 δᾷδ’
1905 677 1986 718 ἔχων
2001 678 2175 718 πορεύεται.

1304 757 1361 795 ἐπὶ
1377 760 1425 810 τῷ
1442 758 1532 795 τέλει
1545 756 1719 809 κορωνίς]

1357 811 1411 865 ἆρ’
1426 809 1453 853 ῶ
1471 816 1559 868 φίλοι
1574 814 1728 868 γέροντες
1746 828 1754 853 :
1773 816 1887 866 Γραῦς
1903 813 1975 852 ἐστί
1993 815 2081 864 (τις),
2097 815 2173 861 ἥτις
2188 815 2340 868 [πρώήν]

1304 873 1521 923 ἐμισθώσατο
1546 873 1724 911 νεανίσκον
1752 873 1881 910 δίκαιον
1910 872 1966 910 ἐπὶ
1989 875 2039 924 τῷ
2064 878 2188 924 γαμεῖν
2217 874 2337 920 αὐτήν.
2364 894 2395 918 10

1303 927 1399 974 οἶτος
1417 931 1452 969 δὲ
1469 931 1669 977 πλουτήσας
1688 934 1757 978 νῦν,
1780 933 1825 974 ὡς
1847 930 1991 977 δίκαιος,
2013 930 2125 968 εἴασεν
2147 930 2272 977 αὐτήν·
2293 931 2344 969 διὸ

1303 989 1363 1028 καὶ
1383 989 1541 1042 καταὸοᾷ
1559 994 1618 1027 τοῦ
1636 988 1807 1028 Πλούτου.
1824 1012 1876 1018 --
1889 988 1980 1037 φίλοι
1999 1002 2007 1027 :
2026 989 2244 1040 Προσφιλεῖς.
2257 997 2299 1027 Ρ.

1357 1061 1419 1087 960.
1451 1047 1610 1100 ἀφίγμεθ’
1633 1060 1642 1086 z
1668 1046 1857 1097 Ἠλιθομεν.
1878 1055 1942 1085 Βυ.
1965 1045 2069 1089 ὅντως
2098 1060 2107 1085 :
2139 1048 2229 1084 Κατ’
2255 1045 2344 1093 ἀλή-

1305 1109 1411 1144 θειαν.
1431 1113 1470 1143 Ρ.
1491 1109 1549 1142 τοῦ
1572 1104 1647 1142 νέου
1666 1103 1786 1142 τούτου
1805 1108 1882 1141 θεοῦ
1909 1119 1917 1143 :
1940 1107 1999 1141 τοῦ
2020 1103 2191 1142 Πλούτου.
2213 1105 2261 1143 Θ.
2278 1113 2343 1143 Dv.

1304 1167 1362 1200 τοῦ
1378 1163 1500 1200 νεωστὶ
1518 1162 1689 1215 φανέντος.
1707 1168 1805 1198 GLV.
2368 1180 2400 1205 15

1358 1234 1419 1259 961.
1432 1220 1638 1273 τοπαράπαν
1655 1220 1813 1258 ιΔιόλου.
1828 1228 1889 1257 Dv.
1900 1220 2076 1262 παντελῶς
2087 1227 2125 1257 R.
2136 1227 2168 1257 V.
2180 1227 2221 1257 P.
2233 1222 2347 1272 ἡμαρ-

1305 1278 1460 1328 τήκαμεν
1486 1292 1494 1317 :
1516 1278 1756 1331 Ἐσφάλημεν,
1779 1277 2041 1329 ἠστοχήσαμεν.
2071 1280 2117 1318 Θ.
2145 1286 2206 1317 Dv.
2228 1277 2345 1322 ἐξεπέ-

1308 1352 1427 1386 σομεν.
1442 1344 1484 1375 Ρ.

1367 1408 1429 1434 962.
1468 1394 1543 1432 ἀλλ’
1570 1393 1637 1432 ἴσθ’
1667 1407 1676 1433 :
1708 1394 1789 1445 Οὐχ
1814 1392 2037 1445 ἡμάρτηκας·
2068 1392 2229 1445 γίνωσκε.
2262 1395 2344 1446 ἀφι-

1307 1453 1416 1504 γμένη
1435 1467 1442 1492 z
1462 1453 1648 1491 Ἐλθοῦσα.
1667 1453 1712 1491 Θ.
1729 1460 1792 1489 Dv.
1809 1459 1849 1488 P.

1364 1513 1452 1561 (963).
1465 1504 1493 1548 ῶ
1506 1509 1713 1563 μειρακίσκη
1728 1523 1736 1548 :
1754 1508 2017 1562 Προσπαίζουσι
2033 1511 2076 1560 τῇ
2093 1508 2298 1561 πρεσὸύτιδι
2315 1511 2347 1548 οἱ

1308 1568 1472 1620 γέροντες.
1494 1568 1566 1615 [καὶ
1587 1566 1813 1618 μειρακίσκην
1833 1566 1894 1616 μὲν
1912 1565 1969 1604 διὰ
1984 1566 2023 1604 τὸ
2039 1565 2270 1618 τεθρυμμένον
2287 1571 2346 1605 τοῦ

1309 1628 1522 1679 ὡραϊσμοῦ,]
1542 1628 1675 1679 ὡρικῶς
1699 1624 1765 1677 γὰρ
1790 1625 1866 1663 ἀντὶ
1891 1628 1952 1662 τοῦ
1977 1627 2203 1676 νεωτερικῶς,
2223 1623 2245 1671 ἢ
2272 1624 2349 1662 ἀντὶ

1309 1689 1368 1723 τοῦ
1389 1687 1567 1737 εὐπρεπῶς
1586 1684 1645 1722 καὶ
1664 1682 1834 1733 κοσμίως,
1850 1681 1871 1729 ἢ
1892 1685 2044 1725 πιθανῶς
2062 1682 2084 1728 ἢ
2105 1681 2196 1720 κατὰ
2215 1681 2346 1733 καιρόν.

1595 1741 1727 1792 Ἤγουν
1754 1743 1892 1793 ἐρωτᾷς.
1919 1742 2052 1791 ὡρικῶς
2077 1753 2085 1778 :
2112 1742 2344 1792 Νεωτερικῶς.
2365 1760 2399 1784 25

1566 1815 1574 1840 τ
1603 1800 1678 1837 ἀντὶ
1703 1803 1762 1837 τοῦ
1789 1801 2008 1850 νεωτερικῶς.
2031 1797 2192 1842 παίζουσι
2215 1797 2282 1850 γὰρ
2303 1801 2346 1850 τῇ

1312 1857 1393 1910 γραῒ
1409 1861 1439 1896 οἳ
1455 1859 1620 1911 γέροντες.
1638 1861 1674 1891 R·
1693 1859 1920 1908 νεωτερικῶς,
1938 1856 2041 1905 ἤγουν
2057 1858 2103 1898 ὡς
2121 1855 2348 1894 πυνθάνονται

1314 1918 1348 1953 αἱ
1366 1918 1399 1953 ἐν
1419 1915 1492 1968 ὥρα
1509 1910 1608 1953 οῦσαι
1627 1917 1801 1965 γυναῖκες,
1817 1914 1893 1960 ἤτοι
1913 1915 1946 1951 ἐν
1967 1913 2038 1964 ‘KG-(1
2058 1916 2118 1959 τῆς
2136 1912 2281 1959 ἡλικίας.
2304 1918 2346 1948 Ρ.

1320 1975 1404 2004 sict.

1367 2037 1430 2062 964.
1460 2023 1539 2076 φέρε
1566 2026 1623 2060 νῦν
1648 2036 1656 2061 :
1682 2021 1747 2067 Δή.
1769 2023 1817 2060 Θ.
1843 2020 1903 2071 ἄγε
1924 2020 1979 2066 δή.
2001 2020 2058 2058 τὸν
2087 2020 2220 2058 ἔνδοθεν
2245 2021 2345 2060 :Tbv
2367 2051 2402 2076 30

1315 2081 1419 2124 ἐντός.
1441 2089 1503 2120 Dv.
1534 2083 1601 2118 τῶν
1622 2081 1731 2118 ἔνδοθι
1753 2093 1761 2118 2
1789 2078 2038 2131 “Υπαρχόντων
2060 2081 2121 2125 τῆς
2152 2078 2272 2123 οἰκίας.
2301 2087 2344 2118 Ρ.

1315 2139 1544 2192 ἐξερχομένων
1564 2138 1730 2185 δηλονότι.
1749 2146 1786 2175 Θ.
2302 2139 2306 2142 ’

1368 2211 1431 2235 965.
1465 2196 1513 2246 μὴ
1536 2196 1609 2243 δῆτ’
1631 2209 1639 2234 :
1663 2195 1828 2247 Καλέσῃς
1858 2192 2026 2240 δηλονότι.
2047 2199 2089 2232 Ρ.
2122 2192 2308 2240 ἐξελήλυθα
2338 2207 2350 2233 2

1317 2250 1492 2298 Ἐξῆλθον.
1512 2263 1575 2293 Βυ.

1369 2324 1432 2351 966.
1462 2312 1515 2350 δ’τι
1545 2325 1554 2351 :
1584 2311 1658 2350 Διό.
1689 2312 1735 2350 Θ.
1763 2309 1862 2349 διότι.
1890 2311 1996 2362 ἐχρῆν
2025 2322 2035 2348 :
2065 2309 2155 2348 Ἀντὶ
2179 2312 2238 2347 τοῦ
2266 2309 2348 2363 χρή.
2369 2337 2403 2363 35

1317 2378 1417 2408 Dorv.

1369 2443 1432 2467 967.
1462 2427 1616 2465 πέπονθα
1650 2440 1658 2465 :

2365 1473 2401 1499 20

1312 1766 1362 1772 —-
1381 1743 1536 1795 πυνθάνῃ
1562 1756 1571 1781 2

1312 1810 1374 1839 Dv.
1399 1803 1533 1853 ὡρικῶς

1692 2425 1848 2465 Ἔπαθα.
1876 2434 1939 2464 Do.
1970 2424 2110 2462 ἔπαθον.
2137 2432 2179 2463 P.
2211 2423 2305 2462 δεινὰ
2339 2438 2349 2464 :

1317 2486 1476 2525 Χαλεποί.
1499 2485 1673 2537 παράνομ’
1697 2497 1705 2522 :
1731 2483 1866 2521 Ἄδικα.
1888 2491 1954 2521 Dv.
1976 2482 2016 2520 τὸ
2032 2481 2173 2534 φίλτατε
2197 2483 2350 2532 κωμικὸν

1317 2544 1375 2581 καὶ
1395 2543 1587 2596 γεροντικὸν
1607 2542 1646 2579 τὸ
1661 2541 1857 2594 πρόσωπον.
1883 2548 1921 2578 Θ.

1370 2615 1431 2639 968.
1462 2604 1479 2638 ὁ
1508 2600 1581 2642 θεὸς
1601 2594 1696 2641 οὗτος
1718 2612 1726 2636 z
1749 2598 1790 2635 Ὁ
1819 2599 1988 2640 Πλοῦτος.
2017 2606 2082 2635 Dv.
2108 2595 2237 2648 ἤρξατο
2266 2596 2349 2647 βλέ-
2367 2624 2403 2649 40

1317 2674 1393 2696 πειν
1413 2672 1420 2697 :
1439 2658 1564 2710 Ἀρχὴν
1586 2657 1774 2702 ἐποιήσατο
1794 2659 1888 2706 ὃρᾷν.
1907 2663 1948 2693 Ρ.

1371 2731 1433 2755 969.
1463 2717 1610 2753 ἀδίωτον
1635 2730 1643 2753 :
1668 2713 1909 2753 Κακοὲίωτον.
1932 2723 1993 2753 Dv.
2015 2714 2053 2750 οὗ
2075 2711 2226 2763 βιώσεως
2247 2711 2349 2756 ἄξιον.

1319 2777 1364 2815 Θ.
1391 2789 1432 2818 Ρ.
1453 2774 1510 2812 τὸν
1535 2774 1605 2824 βίον
1627 2787 1636 2811 :
1659 2772 1733 2817 Τὴν
1755 2771 1856 2817 ζωήν.
1877 2779 1939 2808 Dv.

1371 2847 1433 2871 970.
1463 2832 1496 2869 τί
1512 2833 1540 2869 δ’
1560 2833 1673 2877 ἐστιν,
1690 2825 1779 2876 ἦπου
1797 2829 1856 2866 καὶ
1871 2828 1911 2866 σὺ
1927 2828 2158 2881 συκοφάντρια
2176 2842 2185 2866 :
2204 2827 2350 2875 Ἐπειδὴ

1321 2884 1388 2928 εἶδε
1408 2889 1483 2932 τοὺς
1501 2888 1668 2941 πονηροὺς
1686 2891 1753 2925 τῶν
1779 2888 1908 2946 ἀνδρῶν
1929 2886 2176 2937 ἀτυχήσαντας
2198 2886 2351 2939 βλέψαν-
2369 2917 2405 2942 45

1320 2963 1375 2990 τος
1390 2951 1447 2984 τοῦ
1470 2946 1630 2985 Πλούτου
1643 2976 1651 2992 ,
1669 2945 1771 2998 φησὶν
1787 2944 1837 2982 ὅτι
1855 2949 1921 2996 ἀρα
1942 2944 2001 2981 καὶ
2017 2943 2058 2981 σὺ
2076 2945 2110 2981 ἐν
2130 2946 2204 2986 ταῖς
2221 2944 2353 2994 γυναιξὶ

1321 3003 1456 3056 πονηρὰ
1478 2999 1526 3055 ε’ἷ;
1546 3003 1663 3056 ὥσπερ
1692 3003 1727 3040 δὲ
1755 3001 2024 3054 πανδοκεύτρια,
2056 3001 2145 3040 οὕτω
2166 3002 2226 3040 καὶ
2247 3017 2352 3039 συκο-

1322 3063 1483 3116 φάντρια.
1498 3086 1548 3091 -
1565 3057 1654 3108 ἦπου
1672 3075 1680 3100 :
1699 3059 1836 3104 Ὄντως
1850 3060 1930 3112 ἄρα.
1946 3060 2180 3114 συκοφάντρια
2198 3073 2206 3098 ;
2221 3058 2355 3110 Ἠγουν

1322 3120 1496 3174 ψεύτριαν.
1514 3128 1578 3158 Dv.

1376 3193 1440 3218 071.
1469 3172 1567 3216 οἶσθα
1586 3192 1594 3217 :
1614 3177 1816 3230 Ὑπάρχεις.
1836 3175 1903 3226 ἐγὼ
1921 3176 1982 3226 μὲν
2000 3175 2038 3214 οὒ
2056 3189 2064 3215 :
2084 3176 2164 3227 Οὐχ
2185 3177 2352 3227 ὃτι-ἦρχον.
2371 3211 2408 3235 5⁰

1325 3247 1386 3277 Dv.
1410 3237 1513 3287 ἤγουν
1537 3238 1598 3274 οὐκ
1617 3235 1687 3285 εἷμὶ
1707 3234 1950 3287 συκοφάντρια.
1969 3242 2010 3272 Ρ.

1377 3308 1440 3334 972.
1471 3293 1547 3331 ἀλλ’
1572 3295 1610 3331 οὐ
1629 3293 1773 3344 λαχοῦσ’
1796 3292 1907 3335 ἔπινες
1935 3305 1943 3330 :
1970 3291 2063 3343 Παρ’
2090 3289 2250 3328 ὑπόνοιαν
2277 3289 2353 3327 ἀντὶ

1326 3355 1385 3390 τοῦ
1419 3351 1580 3395 ἐδίκαζες.
1608 3349 1684 3402 (ὅτι
1720 3349 1755 3388 ’δὲ
1782 3349 1872 3388 κατὰ
1899 3348 2092 3402 γράμματα
2131 3347 2354 3399 ἐκληροῦντο,
