2517 3792
1128 164 1308 205 AleM.

201 248 293 295 759,
322 253 342 290 4
365 248 395 283 οἱ
415 246 450 283 δὲ
472 246 632 298 πλῆκτρα
652 247 786 284 Suidas
811 261 838 283 s.
863 241 947 298 Αἶρε
967 248 1157 299 πλῆκτρον.

146 329 186 335 -—
207 306 228 341 5
249 304 383 353 ἔμὸολα
405 303 449 341 τὰ
470 319 507 354 χ.
534 307 578 340 V.
603 302 645 340 τὰ
665 303 797 353 ἔμ6ολα
822 320 855 355 χ.
877 309 921 342 R.

200 363 296 408 762,
330 376 353 410 9
381 361 576 411 Σπίνθαρος
596 376 686 411 κωμ.
709 366 753 400 R.
777 366 822 400 V.
852 387 893 393 —
915 378 950 399 ιι
975 365 1097 414 pergit
1118 367 1162 401 R.

144 421 202 456 καὶ
230 419 323 471 Κάρ.
352 418 560 470 προείπομεν
587 418 859 470 ὅτι-πολλαχοῦ
888 419 1041 457 καὶ-ὅτι
1069 421 1158 473 Κάρ.

1155 482 1159 492 ι

145 481 188 514 V.
206 485 332 514 autem
350 479 394 518 ὡς
415 476 514 529 Φρὺξ
532 475 566 513 δὲ
589 477 646 513 καὶ
672 478 762 526 gliaec
790 492 863 515 oui.
885 483 947 527 G.)
966 481 982 515 ὁ
1004 480 1033 527 (ὁ
1050 478 1084 515 δὲ
1102 483 1162 529 G.)

142 534 318 583 Φιλήμων
343 535 576 586 κωμῳδεῖται.
605 537 650 577 ὡς
674 535 766 587 Κάρ.
794 535 878 587 πρὸς
905 535 922 572 ὃ
946 535 1086 585 εἴπομεν
1111 535 1161 573 ὅτι

142 591 231 634 ξένος
258 587 353 636 οὗτος
380 595 560 644 πολλαχοῦ
590 593 648 630 καὶ
675 593 771 646 παρὰ
802 601 871 637 τοῖς
900 596 992 644 (τοῖς
1011 608 1082 631 om.
1101 596 1160 644 G.)

140 673 180 681 —-
198 648 251 687 ὅτι
276 650 335 688 καὶ
361 652 452 702 Κάρ.

194 709 268 754 764
284 737 294 755 ,
321 722 364 744 12
396 708 596 745 delendum
614 709 771 747 sortasse
795 711 986 760 πολλαχοῦ,
1008 725 1053 748 ex
1074 725 1159 748 ver-

139 765 198 803 bis
215 768 399 816 proximis
414 768 593 817 πολλαχοῧ
615 767 649 804 δὲ
667 768 744 815 καὶ,
765 777 805 805 ut
824 769 984 816 videtur,
1002 771 1155 806 illatum.

138 825 350 862 Scholiasta
371 827 401 863 si
425 827 498 863 hoc
521 827 647 863 dicere
675 828 879 873 voluisset,
906 828 1072 870 πολλάκις
1091 842 1159 878 po-

140 884 213 920 tius
233 884 391 921 dixisset
404 915 412 931 ‚
429 885 475 921 de
491 898 568 934 quo
585 885 715 921 confer
732 885 905 933 exempla
923 885 970 922 ad
985 886 1158 922 scholion

137 941 370 992 Thesmoph.
412 943 488 985 84ο
525 941 728 978 asserenda.
770 941 988 992 Προείπομεν
1031 953 1156 980 autem

138 1001 379 1038 referendum
400 1001 447 1038 ad
467 1001 584 1037 schol.
606 1014 639 1035 v.
663 1013 675 1035 1
691 1013 717 1036 1.
747 1003 864 1037 Dmn.

190 1060 263 1105 765
277 1088 287 1105 ,
313 1073 356 1105 17
380 1058 542 1100 πάππους
562 1060 608 1094 R.
633 1058 677 1093 V.
702 1058 933 1096 ἐπιδεικνύναι
954 1060 1039 1097 Ald.
1056 1085 1096 1091 —
1111 1075 1156 1110 19

134 1116 173 1153 ἔκ
190 1132 227 1153 τε
249 1115 414 1168 φρατρίας
433 1119 477 1152 R.
502 1115 586 1151 Ald.
608 1140 648 1145 —
668 1128 717 1151 2ο
738 1116 928 1168 ἀναγράφει
948 1119 1154 1155 Bentleius.

134 1174 347 1224 Legebatur
371 1172 571 1225 ἀναγράφω.
603 1174 753 1210 Deinde
774 1174 916 1217 πάππος
939 1177 1018 1212 avis
1046 1177 1155 1213 intel·

133 1234 272 1283 ligitur.
292 1245 392 1268 -21
414 1245 470 1282 sq.
500 1232 540 1268 in
570 1234 614 1268 V.
646 1245 760 1283 supra
790 1242 877 1283 post
905 1233 957 1271 ὅτι
985 1234 1044 1271 καὶ
1075 1235 1155 1287 Κάρ

132 1291 309 1340 leguntur
332 1292 385 1328 sic
405 1291 545 1340 scripta
558 1319 568 1336 ‚
588 1289 688 1342 τρίτη
710 1296 814 1343 μοῖρα
832 1291 865 1328 δὲ
887 1291 952 1329 εἰσὶ
982 1292 1100 1345 (τρίτη
1119 1294 1154 1331 δὲ

132 1354 236 1401 μοῖρα
265 1348 339 1386 ἐστὶ
366 1349 425 1398 G.)
457 1351 518 1394 τῆς
541 1349 650 1400 φυλῆς
678 1348 809 1402 (φιλίας
837 1351 897 1398 G.)
933 1353 954 1396 ἡ
986 1351 1154 1405 φρατορία

130 1405 289 1449 οὕστινας
301 1405 437 1458 τριτοὺς
455 1406 561 1456 λέγει.
576 1420 673 1443 -22
695 1406 811 1459 τριτὺν
828 1408 912 1444 Ald.

183 1468 279 1514 766,
312 1468 359 1504 23
391 1466 628 1504 scribebatur
655 1468 717 1504 hic
743 1476 780 1504 et
811 1468 909 1505 infra
936 1478 1153 1508 constanter

129 1527 258 1564 Πισ-.
273 1553 325 1558 -
343 1531 391 1569 24
410 1526 651 1563 scribebatur
667 1525 744 1563 οὔτε
760 1526 861 1578 περὶ,
882 1528 986 1576 quod
1005 1538 1152 1566 rectum

129 1592 185 1620 est
208 1584 239 1621 si
259 1583 450 1621 scribatur
465 1583 542 1621 οὔτε
560 1583 610 1626 τίς
626 1587 644 1622 ὁ
658 1584 813 1623 Πεισίου.
832 1611 872 1616 -
889 1587 936 1622 25
952 1587 1152 1625 scribeba—

131 1651 191 1678 tur
212 1642 377 1694 Χείροσι,
403 1642 587 1684 Πυλαίαις.
609 1672 649 1677 -
671 1643 717 1679 28
739 1644 876 1695 θανάτῳ
896 1645 983 1681 Ald.
1018 1661 1055 1682 τε
1073 1660 1149 1683 om.

129 1704 188 1747 V.,
205 1714 252 1737 ex
267 1714 345 1750 quo
365 1714 412 1749 29
428 1702 583 1738 accessit
597 1702 656 1739 καὶ
673 1701 845 1751 ἐδημεύθη
865 1703 973 1751 v>adde
987 1706 1008 1748 ἦ
1024 1704 1149 1754 οὐσία).

127 1786 178 1792 -
196 1760 242 1796 33
262 1759 433 1796 Φαίνεται
453 1753 540 1796 εἶναι
573 1760 667 1811 (haec
705 1774 780 1797 om.
810 1760 873 1811 G.)
908 1760 1045 1811 λέγεται
1065 1756 1151 1800 εἶναι

127 1822 189 1865 V.,
208 1827 246 1868 et
264 1818 304 1855 in
322 1831 440 1868 marg.
462 1831 484 1854 a
499 1831 548 1855 m.
570 1832 646 1856 sec.
668 1834 721 1870 γρ.
742 1818 912 1869 βούλεται.
935 1845 974 1852 —
994 1823 1039 1864 34
1060 1823 1150 1859 scri-

125 1876 289 1913 bebatur
311 1876 465 1928 Χείροσι.
491 1901 532 1908 -
560 1877 607 1913 35
632 1879 768 1929 πρῶτον
790 1882 992 1915 Porsonus.
1023 1884 1147 1930 Lege—

126 1934 240 1971 batur
266 1936 404 1986 πρῶτα.
438 1936 649 1972 Meinekius
683 1938 806 1989 πρῶτα
839 1935 900 1986 μὲν
929 1931 998 1976 οῧν.
1025 1962 1076 1967 -
1101 1940 1147 1975 36

126 1992 483 2046 Πεισίαν-Διιτρέφη
517 1994 528 2043 (
541 1994 782 2032 scribebatur
816 1998 982 2048 Διιτρεφῆ
996 1997 1019 2046 ).
1057 2000 1147 2035 Haec

124 2053 278 2089 nomina
294 2053 422 2089 locum
438 2066 516 2090 non
533 2053 677 2090 habent
697 2054 736 2090 in
755 2063 878 2091 metro
901 2057 1144 2106 anapaestico.

128 2110 286 2148 Videtur
325 2111 515 2148 addidisse
553 2113 754 2149 scholiasta
772 2142 782 2160 ‚
824 2114 1147 2163 quemadmodum

124 2169 326 2218 Eupolidis
359 2169 534 2206 versibus
553 2171 592 2206 in
612 2171 758 2207 scholio
776 2170 878 2208 Nub.
899 2185 972 2220 997
996 2173 1147 2222 Hippo-

125 2228 238 2264 cratis
266 2228 433 2264 filiorum
463 2228 618 2264 nomina
637 2237 724 2264 sunt
748 2229 952 2278 adscripta.
985 2230 1144 2267 Suidas:

126 2284 254 2323 Πισίαν
278 2300 286 2321 :
308 2284 387 2336 τ’ρία
406 2283 568 2322 κνώδαλά
592 2299 694 2335 φησιν
713 2285 979 2337 Ἀριστοφάνης,
1001 2287 1144 2334 Πισίαν,

124 2342 331 2395 Ὀσφρύωνα
348 2342 523 2396 (ὀσφύωνα
535 2345 649 2381 Paris.
665 2347 692 2380 B
709 2352 746 2380 et
756 2345 949 2393 Bruxell.),
968 2347 1144 2397 Διιτρερῆ.

123 2405 245 2439 Dum.
270 2403 365 2446 Quae
385 2402 551 2439 Hanovii
571 2415 726 2451 quoque
746 2410 783 2438 et
801 2403 979 2439 Meinekii
999 2412 1144 2440 senten-

124 2460 240 2497 tentia
268 2468 325 2496 est
352 2462 457 2497 Com.
484 2463 523 2507 Ι,
559 2473 597 2509 p.
636 2460 720 2495 153.
748 2460 908 2509 Bergkio
930 2462 1139 2497 Comment.

123 2532 159 2568 p.
192 2524 265 2562 242
308 2519 427 2567 ipsius
458 2531 538 2555 esse
566 2518 709 2555 Cratini
735 2518 852 2555 verba
886 2518 1076 2564 videntur,
1107 2528 1144 2556 et

124 2589 254 2614 versus
283 2576 487 2626 glyconeus
516 2576 712 2626 praemisso
736 2577 905 2613 cretico:
931 2577 1035 2626 quod
1061 2590 1142 2614 me-

123 2643 223 2672 trum
252 2647 340 2671 cum
367 2642 588 2671 tetrametro
620 2635 850 2684 anapaestico
882 2636 1143 2672 consociatum

123 2692 434 2742 deprehendebat
458 2693 496 2729 in
517 2692 730 2741 fragmento
755 2693 900 2730 Comici
920 2693 1060 2729 veteris
1080 2706 1140 2743 ap.

121 2753 218 2788 Plut.
237 2755 336 2788 Mor.
356 2765 392 2801 p.
415 2765 477 2799 27,
499 2755 538 2789 C.
560 2753 667 2789 Conf.
688 2754 849 2790 Meinek.
867 2753 922 2789 ib.
943 2768 981 2804 p.
1002 2754 1087 2789 161.

179 2810 267 2855 767,
295 2811 344 2857 39
365 2809 427 2851 Εἰς
444 2809 527 2846 αὐτό
542 2812 583 2847 V.
610 2823 683 2859 pro
704 2809 850 2853 Ἄλλως.
881 2810 988 2847 Idem
1018 2810 1142 2859 pergit

123 2869 141 2904 ὃ
163 2864 282 2917 πέρδιξ
313 2866 504 2918 πανουργία
532 2866 686 2919 ἐξαπατᾷ
712 2866 791 2910 τοὺς
820 2867 998 2919 θηρευτάς.
1023 2868 1052 2904 εἷ
1084 2861 1140 2904 οὖν

124 2923 182 2962 καὶ
201 2927 219 2962 ὁ
238 2923 309 2966 υἱὸς
326 2925 427 2960 αὐτοῦ
447 2923 607 2974 βούλεται
623 2924 738 2972 ὅμοιος
755 2926 848 2977 αὐτῷ
863 2924 1034 2975 γενέσθαι.

177 2983 271 3028 768,
293 2986 340 3024 44
366 2994 421 3030 sq.
447 2981 798 3032 καταλαμὸανόμενοι
823 2982 890 3020 ὑπὸ
916 2985 984 3020 τῶν
1004 2981 1138 3034 ἀνθρώ-

124 3055 198 3078 πων
220 3040 448 3089 μηχανῶνται
467 3037 555 3075 οῧτω
573 3039 635 3085 τὴν
657 3039 830 3091 σωτηρίαν
848 3045 906 3087 R.‚
927 3042 993 3090 qui
1013 3041 1060 3084 46
1076 3040 1142 3092 γὰρ

125 3111 202 3136 om.
234 3121 276 3128 —
297 3102 346 3146 49
365 3111 506 3145 κατεγν.
535 3096 590 3133 ἐπὶ
614 3100 727 3149 φυγῇ,
761 3099 809 3135 52
835 3104 952 3151 φυγεῖν
978 3102 1020 3135 V.
1052 3122 1090 3128 —
1124 3113 1136 3134 1

125 3154 364 3194 scribebatur
378 3155 531 3190 τιθεῖσιν.
545 3179 587 3184 -
604 3155 626 3190 6
641 3153 906 3205 ἐπισπωμένως,
923 3156 946 3192 8
961 3155 1142 3207 διαδρᾶσαι

126 3217 172 3252 V.
192 3211 427 3264 διαδιδράσκει
447 3214 493 3248 G.

182 3273 259 3320 769
275 3271 315 3307 in
326 3273 374 3307 V.
391 3269 624 3318 adscriptum
642 3272 664 3315 ἣ
679 3269 815 3321 ἀντῳδὴ
831 3269 909 3315 ἤτοι
921 3268 1142 3320 ἀντιστροφή.

183 3342 276 3377 772,
298 3335 342 3373 14
364 3327 541 3379 πτερύγων
565 3327 651 3366 Ald.
676 3327 734 3365 τὸν
753 3327 848 3373 ἥλιον
869 3331 915 3365 R.

2165 185 2237 218 48⁷

1280 266 1349 297 774
1366 282 1374 297 ‚
1409 256 1451 289 16
1484 256 1627 307 Θράκης
1662 258 1948 309 ποταμὸς-ἔχων
1981 265 2024 298 V.
2055 286 2095 293 —
2132 264 2175 300 18
2209 264 2239 299 οἱ

1223 307 1350 359 ὄρνιθες
1370 313 1513 349 Victor.

1280 369 1350 413 782
1364 398 1373 413 ,
1398 370 1445 405 25
1463 370 1520 407 τὸν
1539 370 1632 423 ἱερέα
1654 376 1693 409 V.

1278 427 1366 472 787,
1392 429 1434 463 31
1456 431 1587 480 μικρῶν
1611 435 1654 468 R.

1278 498 1372 531 790,
1397 486 1442 521 35
1464 500 1521 535 sq.
1546 486 1668 536 λόγιος.
1694 488 1891 526 &sedne-‚0
1914 490 1948 526 δὲ
1972 492 2017 534 ὡς
2042 491 2241 541 καταχέσας

1222 539 1265 576 τὰ
1286 542 1476 592 στρώματα
1494 545 1609 582 αὐτοῦ.
1645 544 1764 588 ἐξετίλ.
1785 549 1828 585 R.
1849 547 1960 589 ἄλλως
1977 548 2012 585 δὲ
2025 554 2068 586 V.
2082 558 2118 586 ct
2135 550 2240 588 Suid.

1222 611 1248 634 s.
1271 600 1458 643 Χεζητιῶν.
1480 601 1515 637 δὲ
1534 615 1607 638 om.
1626 603 1711 639 ΑΜ.
1730 629 1768 633 -
1784 606 1832 640 36
1850 605 1908 641 καὶ
1927 606 2047 649 οὐέσας
2061 611 2107 643 V.

1275 658 1369 704 793,
1393 658 1438 694 38
1458 660 1554 708 ὑμῶν
1574 659 1612 696 ἂν
1632 658 1724 701 ὅστις
1742 665 1785 700 R,

1274 721 1369 761 794,
1401 721 1445 758 41
1481 718 1678 766 βουλευταῖς
1711 719 1926 768 βουλευτικὸς
1956 723 1999 756 R.
2024 723 2066 756 V.
2099 721 2239 771 ἐφήδοις

1219 772 1363 824 ἐφηὸίης
1378 777 1420 810 V.
1439 799 1479 805 —
1498 781 1544 818 42
1561 773 1596 812 δὲ
1612 789 1686 812 om.
1706 780 1752 813 R.
1775 776 1844 813 ἀπὸ
1861 775 1935 812 ἀντὶ
1954 779 1984 812 θ.
2003 779 2045 812 V.
2064 777 2146 813 Ald.
2164 779 2239 813 ἀντὶ

1218 833 1277 868 τοῦ
1296 831 1364 868 ἀπὸ
1383 835 1411 868 0.
1434 836 1632 870 Kusterus.

1272 891 1366 937 798,
1397 892 1442 933 43
1468 892 1517 941 τῷ
1545 904 1618 928 om.
1644 894 1685 927 V.
1712 915 1751 921 --
1779 897 1825 935 44
1855 890 2044 941 ἷμαντάρια
2064 890 2194 928 Suidas
2212 905 2238 929 S.

1216 946 1412 998 Διιτρέφης.
1445 949 1664 999 Legebatur
1694 947 1923 1000 αἱμαντοίρια.
1950 973 1990 980 --
2019 956 2066 997 49
2094 948 2153 985 καὶ
2173 949 2241 985 ἀπὸ

1219 1003 1297 1052 (ὑπὸ
1316 1005 1380 1055 V.)
1410 1007 1470 1051 τῆς
1498 1009 1700 1060 Διιτρεςροῧς
1726 1011 1768 1045 V.
1798 1008 1882 1045 Ald.
1904 1033 1944 1039 —
1968 1009 2010 1044 51
2044 1008 2102 1044 καὶ
2125 1009 2237 1044 πολυ-

1186 1062 1188 1072 “
1216 1061 1387 1113 πράγμων
1411 1063 1583 1101 additum
1599 1078 1644 1102 ex
1659 1068 1706 1101 R.
1729 1090 1769 1096 —
1790 1067 1836 1102 52
1858 1066 1915 1103 καὶ
1935 1064 2026 1109 ξένον
2048 1079 2239 1114 gramma—

1217 1119 1303 1166 tici,
1336 1134 1413 1158 non
1444 1123 1581 1159 comici
1614 1136 1694 1160 esse
1727 1123 1889 1160 videtur.
1927 1124 2040 1170 Quod
2061 1137 2106 1160 ex
2127 1123 2239 1160 Suida

1215 1180 1432 1216 confirmari
1454 1190 1583 1218 monet
1611 1182 1774 1218 Meinek.
1807 1185 1914 1218 Com.
1942 1186 1977 1228 Ι,
2010 1196 2046 1231 p.
2068 1182 2159 1236 626.
2182 1181 2238 1217 τὀν

1517 1255 1537 1275 G*

1215 1280 1313 1330 μόσις
1331 1287 1373 1321 V.
1393 1284 1450 1322 τὸν
1470 1300 1534 1334 μου
1552 1288 1598 1322 G.
1616 1311 1657 1318 -
1674 1300 1688 1322 1
1711 1284 1871 1331 Ἀττικῆς
1888 1289 1931 1323 G.
1953 1284 2075 1322 θάλινα
2087 1315 2096 1332 ,
2117 1300 2136 1322 2
2154 1288 2235 1323 ἱππ.

1214 1341 1272 1377 καὶ
1296 1343 1372 1380 ε’πλ.
1394 1347 1439 1380 V.
1465 1344 1541 1390 Qui
1566 1345 1607 1381 in
1628 1345 1701 1381 fine
1720 1344 1825 1381 addit
1845 1338 1940 1386 οἶτος
1960 1343 2238 1396 πολυπράγμων.

1269 1420 1343 1455 799
1358 1436 1367 1453 ‚
1390 1407 1411 1445 5
1435 1421 1489 1458 sq.
1510 1407 1636 1445 Verba
1649 1406 1975 1461 Παρὰ-Αἰσχύλου
2009 1416 2178 1457 spectant
2195 1408 2240 1445 ad

1213 1466 1430 1515 proximum
1447 1464 1561 1508 ξουθὸς
1573 1464 1856 1516 ἱππαλεκτρυών,
1875 1465 1920 1502 de
1936 1478 2013 1516 quo
2028 1465 2104 1501 vid.
2119 1466 2240 1504 schol.

1212 1527 1297 1561 Pac.
1326 1538 1337 1559 1
1352 1537 1435 1570 177.
1459 1526 1580 1560 Dmn.
1600 1522 1842 1575 Μυρμηδόνων
1857 1526 1902 1560 V.
1923 1537 1980 1572 γε.
1999 1552 2006 1560 .
2027 1553 2033 1559 .
2057 1520 2092 1559 δὲ
2111 1523 2238 1575 ἀρτίως

1213 1581 1291 1631 (ἤδη
1306 1582 1403 1631 Ald.)
1422 1581 1498 1631 μέγ.
1516 1585 1560 1618 R.
1580 1582 1661 1618 sine
1678 1579 1742 1617 ὅτι.

1265 1641 1361 1690 800,
1380 1654 1403 1689 9
1421 1639 1634 1691 ἐντιμότερος
1652 1643 1697 1676 R.
1720 1636 1925 1690 τιμιώτερος
1941 1638 2028 1674 Ald.

1265 1700 1354 1745 801,
1380 1700 1422 1734 13
1445 1711 1527 1748 sqq.
1552 1697 1690 1742 ἐξῆλθον
1716 1696 1774 1733 καὶ
1802 1695 1853 1746 (δὲ
1871 1696 1970 1746 Ald.)
1998 1697 2028 1732 οἱ
2049 1694 2108 1733 δύο
2129 1697 2233 1732 ἐπτε-

1213 1756 1359 1809 ρωμένοι
1381 1756 1439 1793 καὶ
1465 1756 1564 1792 ἄλλοι
1583 1753 1697 1797 καθὼς
1718 1753 1859 1803 εἴπομεν
1879 1753 1994 1790 habet
2011 1757 2058 1790 G.

1265 1817 1362 1861 806,
1389 1829 1433 1865 19
1458 1812 1733 1864 ἇποκεκομμένῳ
1752 1813 1838 1850 Ald.
1858 1837 1898 1842 —
1919 1826 1963 1848 21
1993 1813 2040 1863 τῷ
2061 1812 2195 1863 ἐχθρῷ,
2216 1813 2232 1848 ὁ

1210 1873 1245 1911 δὲ
1266 1890 1297 1911 κ.
1316 1876 1366 1927 τῷ
1383 1871 1607 1926 προμετώπῳ
1622 1870 1882 1921 κεκοσμημένος
1896 1874 1941 1907 V.

1262 1939 1352 1985 807,
1373 1939 1421 1975 25
1452 1951 1533 1987 sqq.
1555 1936 1725 1986 AEschyli
1752 1948 1884 1972 versus
1910 1934 2020 1972 affert
2043 1933 2179 1971 Suidas
2200 1947 2230 1969 s.

1208 1998 1288 2047 Οὐχ
1311 1996 1366 2033 ὑπ’
1389 1995 1504 2034 ἄλλων
1533 1995 1616 2045 (ubi
1642 1996 1809 2045 primum
1836 2006 1990 2031 versum
2019 1991 2172 2042 omisit)
2195 2000 2235 2028 et

1208 2055 1322 2093 Ταυτὶ
1342 2055 1417 2105 μέν.
1437 2080 1479 2087 -
1497 2056 1545 2091 25
1566 2053 1614 2091 δ’δ’
1635 2054 1780 2091 Suidas.
1802 2052 2020 2102 Legebatur
2037 2053 2083 2094 ὡς
2099 2049 2147 2087 δὲ.
2169 2043 2234 2086 ὧδ’

1207 2113 1279 2151 ἐστὶ
1314 2112 1430 2163 μύθων
1462 2115 1531 2150 τῶν
1557 2111 1720 2150 Λιὸυκῶν
1758 2110 1798 2148 τὸ
1826 2110 1925 2153 κλέος
1958 2109 2161 2146 scholiasta
2180 2112 2235 2145 A-

1207 2171 1384 2221 phthonii
1403 2172 1442 2208 in
1462 2171 1598 2207 Walzii
1617 2171 1746 2207 Rhett.
1769 2170 1844 2205 vol.
1865 2182 1908 2216 2,
1929 2182 1966 2218 p.
1993 2181 2049 2204 12.
2072 2169 2175 2216 μῦθος
2188 2171 2234 2206 V.

1205 2255 1243 2260 —
1257 2230 1304 2266 28
1322 2230 1434 2266 αὐτῶν
1451 2229 1539 2266 Ald.
1556 2230 1669 2270 αὐτοῖς
1683 2231 1728 2264 V.
1742 2252 1783 2258 —-
1801 2240 1849 2275 29
1865 2225 2101 2275 ἁλισκόμεσθα
2117 2225 2223 2262 Suid.

1206 2288 1332 2324 Ceteri
1358 2286 1581 2337 ἁλισκόμεθα.
1603 2286 1700 2323 Vide
1724 2289 1885 2323 Porson.
1912 2284 1960 2321 ad
1987 2284 2119 2333 Eurip.
2140 2285 2225 2319 Me-

1205 2347 1313 2383 deam
1336 2349 1428 2395 139,
1446 2347 1564 2391 V111,
1592 2345 1657 2393 qui
1685 2344 1847 2380 aliorum
1872 2342 2102 2392 scriptorum
2123 2342 2225 2377 locos

1206 2404 1389 2454 quosdam
1406 2403 1591 2439 indicavit
1602 2430 1612 2447 ‚
1629 2401 1768 2452 quibus
1783 2400 1968 2438 Galerium
1984 2399 2081 2436 adde
2095 2398 2169 2435 vol.
2189 2398 2224 2445 5,

1205 2475 1240 2511 p.
1264 2468 1334 2505 144
1352 2461 1411 2500 ed.
1433 2461 1601 2499 Chai-ter.
1621 2476 1627 2496 :
1645 2459 1704 2496 καὶ
1723 2457 1806 2509 τάχ’
1825 2459 1891 2508 οὐχ
1909 2457 1966 2494 ὑπ’
1985 2456 2112 2503 ἄλλων,
2134 2454 2223 2492 ἀλλὰ

1203 2524 1272 2562 τοῖς
1295 2521 1406 2556 αὑτῶν
1429 2523 1564 2570 πτεροῖς
1583 2516 1809 2565 ἁλισκόμεθα.
1829 2518 1950 2552 Dmn.
1975 2539 2016 2545 -
2039 2514 2086 2550 3ο
2109 2511 2221 2550 αἰετὸν

1203 2581 1246 2613 V.
1289 2574 1524 2628 τρωννύμενον
1553 2574 1612 2611 καὶ
1648 2572 1795 2624 λέγοντα
1811 2576 1854 2609 V.
1875 2570 1962 2609 Ald.
1985 2595 2023 2601 —
2045 2572 2089 2607 31
2113 2573 2222 2606 ταῦτα

1204 2648 1278 2671 om.
1300 2639 1343 2671 R.

1256 2694 1330 2740 809
1342 2721 1352 2737 ,
1371 2692 1419 2729 38
1435 2690 1500 2729 Ἔν
1513 2705 1601 2728 τισιν
1617 2703 1692 2727 om.
1710 2692 1758 2727 V.
1774 2711 1813 2719 -
1830 2690 1878 2736 39
1894 2690 1994 2724 τοῦτο
2009 2685 2061 2723 ἔπ.
2078 2687 2120 2723 V.
2136 2685 2219 2723 Ald.

1255 2751 1350 2796 816,
1374 2756 1421 2793 44
1444 2763 1500 2799 sq.
1522 2747 1718 2798 legebatur
1739 2745 1808 2783 οὐδ’
1838 2745 2027 2794 ἄσπαρτον.
2042 2767 2082 2774 -
2096 2750 2145 2791 49
2163 2757 2222 2792 μοι

1204 2808 1305 2845 αὐτὸν
1331 2813 1370 2845 R.
1387 2810 1432 2844 V.
1451 2829 1504 2838 -
1525 2807 1572 2843 50
1589 2809 1610 2851 ἡ
1632 2803 1742 2857 κειρία
1761 2802 1796 2840 δὲ
1816 2806 1862 2840 V.
1884 2806 2087 2859 παρεοικυῐα
2105 2803 2152 2838 R.

1255 2868 1329 2903 822
1344 2894 1354 2912 ,
1372 2868 1392 2903 3
1412 2863 1626 2916 Προείρηκεν
1639 2866 1687 2899 V.
1706 2861 1789 2897 Ald.
1807 2884 1848 2890 -
1864 2862 1884 2896 5
1901 2862 1947 2900 εἰς
1962 2856 2024 2906 μὲν
2036 2885 2046 2902 ,
2072 2857 2217 2906 Rhegi-

1201 2936 1273 2959 nus
1287 2952 1296 2970 ‚
1318 2923 1364 2958 de
1381 2935 1458 2971 quo
1474 2921 1563 2957 vide
1581 2923 1735 2957 Kuster.
1752 2917 1799 2955 ad
1813 2916 1968 2954 Suidam
1982 2927 2010 2950 s.
2028 2911 2217 2961 Θεαγένης.

1202 2982 1273 3018 Hic
1301 2989 1338 3017 et
1367 2982 1388 3016 6
1421 2982 1438 3015 ὃ
1467 2991 1541 3015 om.
1561 2981 1608 3014 V.
1635 3001 1676 3008 -
1695 2989 1714 3022 7
1736 2970 1914 3026 περαίτης,
1938 2985 2019 3008 voc.
2042 2970 2216 3019 dubium,

1202 3038 1344 3076 omittit
1362 3037 1508 3075 Suidas.

1257 3097 1330 3132 823
1345 3123 1354 3140 ,
1379 3096 1422 3130 13
1440 3092 1478 3130 τὸ
1499 3106 1573 3129 om.
1591 3094 1634 3128 V.
1655 3090 1691 3126 δὲ
1711 3102 1784 3126 om.
1803 3093 1847 3126 R.

1255 3153 1351 3199 825,
1375 3165 1422 3188 22
1442 3153 1549 3188 εἰπεῖν
1568 3157 1605 3187 et
1626 3149 1673 3184 23
1692 3148 1804 3184 αὐτῶν
1824 3160 1898 3184 om.
1914 3148 1959 3183 V.
1984 3144 2069 3182 Ald.
2095 3145 2218 3194 ὑπερε-

1202 3210 1369 3248 ὅάλλοντο
1379 3213 1423 3247 V.
1439 3207 1651 3261 ὓπερέὸαλον
1668 3206 1752 3243 Ald.

1255 3270 1344 3315 827,
1365 3268 1412 3303 26
1427 3266 1545 3317 ἔφερον
1561 3268 1606 3302 R.
1620 3288 1662 3295 —
1675 3276 1722 3309 27
1738 3260 1992 3310 Παναθτναίων
2008 3259 2216 3308 Berglerus.

1204 3325 1420 3375 Legebatur
1436 3321 1635 3370 Ἀθηναίων.
