2485 3808
908 215 1175 255 SCHOLIA
1214 216 1268 256 IN
1306 215 1502 258 NUBES.
2220 232 2267 266 95

137 304 223 348 τινὲς
238 298 295 343 οὖν
317 305 363 347 εἷς
382 302 421 340 τὸ
441 301 605 356 δροσερὰν
628 301 728 353 φύσιν
749 301 927 352 εὐάγητον,
947 303 1173 354 προστιθέασι

136 364 175 401 τὸ
206 365 363 415 ἀφεῖσαι,
390 361 447 399 ἵνα
479 362 612 398 ἐντεῦθε
599 377 632 397 εν
660 360 720 404 τὰς
751 360 944 404 αἰτιατικᾶς
969 360 1173 404 συντάξωσι.

135 425 236 459 τοῦτο
256 420 326 458 δὲὲ
311 436 344 457 εν
365 420 474 458 οὐδενι
494 435 561 456 τι)ν
583 421 623 456 ἁ
609 419 737 472 ργαίων
758 419 900 470 βιίλίιΝ
924 419 1079 470 εὕρηται,
1100 419 1176 456 ἀλλ’

136 478 212 518 οὐδὲ
233 479 356 531 μέτρον
378 480 530 517 ἀπαιτεῖ.
557 477 785 515 συντάσσεται
806 478 840 515 δὲ
863 477 964 516 οὕτω·
989 495 1017 515 ιι)
1037 477 1176 529 νεφέλαι

99 551 116 576 5
137 537 270 575 ἀένναοι
292 537 362 574 αἶ’
344 552 486 588 εχουσαι
507 536 606 589 φύσιν
628 536 792 588 δροσερὰν
817 537 983 587 εὐάγητον
1001 536 1104 587 ἤγουν
1121 536 1176 572 εὐ-

136 595 287 641 κίνητον.
310 596 391 648 LB.]

189 667 251 693 277.
283 654 401 706 [φύσιν
417 652 584 703 εὐάγητον
601 667 608 691 :
625 655 816 704 Πανταχοῦ
831 652 1032 706 φερομένην,
1049 651 1071 697 ἢ
1089 652 1176 700 λαμ-

134 712 259 764 πράν]
278 711 457 765 λαμπρὰν,
477 712 644 764 καθαράν.
664 719 700 749 R.
717 712 884 762 εὐάγητον
906 726 914 750 t
934 710 1057 756 Πάντη
1073 708 1175 761 φερό-

137 787 251 821 μενον,
269 772 456 817 εὐκίνητον·
471 776 622 809 τοιοῦτον
639 771 706 824 γὰρ
725 771 764 809 τὸ
779 771 882 822 ὕδωρ.
898 778 958 808 Br.

85 845 117 870 10
191 832 279 880 (278).
736 828 943 872 Ἀκολούθως
956 828 1024 870 τοῖς
1037 826 1104 865 ὕπὸ
1116 829 1176 864 τοῦ

136 888 344 941 Σωκράτους
364 889 553 941 εἰρημένοις

312 831 481 868 Ὠκεανοῦ
498 831 690 883 βαρυαχέος
706 844 715 868 :

300 982 354 1013 εἶτ’
374 982 525 1013 Ὠκεανοῦ
542 981 655 1021 πατρὸς
671 980 701 1011 ἐν
717 981 839 1017 κήποις.

138 1065 214 1101 ἀλλ’
235 1066 253 1101 6
279 1063 340 1113 μὲν
365 1062 421 1100 διὰ
448 1063 487 1100 τὸ
513 1063 640 1109 ἄδηλον
665 1063 703 1099 ἐκ
732 1060 903 1114 διαφόρων
929 1058 1035 1103 αὐτὰς
1061 1058 1177 1096 τόπων

137 1116 197 1154 καὶ
209 1119 330 1165 πηγῶν
346 1117 464 1162 καλεῖ,
481 1114 522 1152 ἵν’
538 1114 626 1153 οὕτω
640 1118 720 1164 γοῦν
734 1118 794 1160 τ·7,ς
812 1112 973 1159 ἀληθείας
988 1114 1106 1164 τυχεῖν
1124 1113 1178 1149 δυ-

87 1188 118 1211 15
137 1177 235 1225 νηθῇ.
257 1176 292 1211 αἱ
318 1174 370 1219 δὲ,
398 1173 456 1210 ἅτε
476 1176 536 1219 τῆς
555 1175 686 1210 ἑαυτιι)ν
704 1171 867 1223 γενέσεως
885 1169 1120 1221 γικώσκουσαι
1139 1185 1178 1206 το

136 1232 292 1285 ἀκριὸὲς,
310 1231 406 1276 εὐθυς
425 1232 586 1285 διώρισαν
603 1232 663 1269 καὶ
679 1230 780 1269 πόθεν
801 1229 908 1273 αὐτὰς
928 1232 1014 1282 ἀρθῆ
1017 1245 1074 1266 ναι
1095 1228 1174 1274 δεή-

136 1307 200 1331 σει.
231 1290 421 1362 βαρυαχέος
440 1290 476 1328 δὲ
496 1295 554 1329 τοῦ
583 1289 674 1341 μέγα
691 1292 869 1341 ηγοῦντος.
899 1288 946 1339 [οἱ
971 1287 1037 1340 γὰρ
1065 1288 1179 1339 βαρεῖς

135 1364 288 1400 ποταμοι
311 1348 441 1401 ῥέοντες
467 1348 576 1399 μέγαν
608 1364 694 1400 ηχον
727 1347 991 1399 ἀπεργάζονται.
1002 1347 1016 1396 ]
1042 1369 1093 1374 —
1115 1348 1177 1396 βα-

137 1407 282 1460 ρυαχέος
314 1422 323 1447 2
357 1407 458 1458 Μέγα
478 1410 826 1458 ηχοῦντος.1ι’.ῐι“ι·1.

83 1485 118 1511 20
189 1478 252 1504 279.
281 1466 356 1508 ταῖς
371 1464 549 1514 κοπιώσαις
564 1465 713 1516 κορυφαῖ
703 1481 729 1507 ,ς
742 1470 812 1506 τοῖς
829 1462 987 1515 δένδροις.
1007 1471 1044 1500 R.

276 1522 324 1562 Ε
328 1539 440 1561 ’.φαμεν
461 1523 513 1561 ὅτι
534 1529 604 1566 τοῖς
623 1523 852 1575 ὑψηλοτάτοις
862 1539 930 1560 των
949 1525 1036 1575 ὀρῶν
1057 1520 1181 1559 ἐπικά-

137 1586 259 1628 θηνται
277 1583 313 1618 αἱ
338 1582 490 1635 νεφέλαι.
505 1581 561 1619 ι’να
579 1582 726 1620 ἀντιτοῦ
742 1597 828 1619 οπου
844 1581 888 1618 τὰ
907 1580 1026 1633 πόρρω
1046 1579 1181 1624 καθεζό-

138 1656 225 1690 μενα
253 1640 436 1691 βλέπομεν.
465 1648 503 1678 R.
541 1639 609 1691 (ι’να
639 1641 842 1693 τηλεφανεῖς
873 1653 881 1678 :
908 1639 1029 1687 Οθεν,
1053 1640 1111 1691 ἀφ’
1132 1642 1179 1675 ὡν

137 1698 229 1736 ἐστὶν
259 1699 340 1736 ἰδεῖν
363 1698 407 1735 τὰ
434 1699 522 1752 πόρρ
507 1715 565 1737 ιι)
598 1705 668 1742 τοῖς
695 1699 762 1750 γὰρ
784 1700 829 1741 εἷς
846 1698 928 1750 ὕὺος
950 1702 1025 1735 οὖσι
1052 1698 1111 1735 καὶ
1137 1697 1180 1735 τὰ

85 1774 118 1800 25
139 1773 278 1810 μακραν
298 1761 482 1810 καταφανῆ
498 1758 642 1808 γίνεται.
649 1760 700 1810 )ι,Ξ
683 1757 778 1795 {svb
760 1757 794 1795 05
814 1756 892 1804 ῗ,να
914 1756 990 1793 ἀντὶ
1006 1760 1065 1794 τοῦ
1079 1756 1177 1795 ὅπου.

136 1815 212 1863 ἢτὸ
232 1814 288 1853 ἵνα
313 1816 523 1869 ἀφορώμεθα
551 1816 644 1854 ἐστὶν
666 1816 741 1853 ἀντὶ
760 1820 819 1854 τοῦ
837 1787 923 1854 ὅθέν.
950 1814 1117 1867 κέχρηται
1144 1814 1180 1852 δὲ

136 1873 350 1927 ἐπιρρήματι
377 1877 427 1928 τῷ
449 1877 482 1912 ἐν
505 1875 602 1928 τόπῳ
631 1875 708 1913 ἀντὶ
733 1879 794 1913 τοῦ
812 1876 851 1912 ἐκ
878 1874 996 1912 τόπου.
1014 1898 1066 1904 -—
1089 1872 1147 1912 ἵνα
1169 1886 1177 1912 2

138 1932 229 1971 Ἄντὶ
247 1936 308 1970 τοῦ
325 1932 413 1988 ὅθεν.
438 1933 543 1986 Vict]

189 2004 254 2029 282.
284 1992 530 2042 ἀρδευομένην.
550 2001 588 2031 R.

85 2068 120 2095 30
190 2062 253 2088 283.
283 2049 411 2094 ζαθέων
425 2064 433 2090 ;
446 2053 524 2090 Θαυ
530 2053 686 2102 μαστῶν,
701 2050 786 2102 ἄγαν
799 2049 912 2089 θείων.
927 2049 1178 2100 κελαδήματατ

140 2110 221 2160 Κρ..
238 2123 281 2146 ν..
296 2109 357 2151 τὰς
376 2109 471 2160 βοάς.
502 2118 583 2147 Ποῖ.
603 2109 789 2161 ἦχῆματα.
809 2117 846 2146 R.

192 2178 256 2205 284.
285 2166 475 2205 κελάδοντα
497 2181 504 2206 ;
525 2168 714 2219 Ἠχοῦντα.
739 2166 958 2220 βαρύὸρομον
981 2179 989 2204 2
1016 2165 1181 2217 Μεγαλό-

137 2227 259 2278 ψοφον.
290 2233 373 2264 Ῐίὀι.
395 2226 585 2279 βαρύηχον,
603 2225 661 2263 διὰ
688 2226 746 2263 τὸν
767 2228 835 2263 τῶν
862 2225 1027 2275 κυμάτων
1056 2225 1177 2277 ψόφον.

139 2292 232 2322 R.V.

87 2359 121 2385 35
197 2356 260 2381 286.
291 2342 512 2394 [σελαγεῖται
539 2354 547 2379 :
577 2341 667 2379 Ἀντὶ
692 2345 752 2379 τοῦ
781 2340 1063 2389 καταλάμπεται.
1090 2340 1180 2378 ἔοικε

139 2399 176 2437 δὲ
189 2399 299 2450 λέγειν
310 2401 367 2437 τὸν
381 2400 492 2446 ἥλιον.
509 2400 583 2437 ἐπεὶ
596 2399 656 2437 καὶ
670 2401 700 2437 οἱ
714 2398 871 2452 τραγικοὶ
882 2399 1040 2437 εἰώθασιν
1052 2401 1181 2452 ὀφθαλ-

139 2458 203 2508 μὸν
234 2458 412 2507 ὀνομάζειν
443 2458 560 2497 αὐτόν.
595 2457 738 2504 τοιαύτη
775 2457 855 2502 δόξα
884 2458 956 2495 ἐστὶ
986 2465 1082 2509 παρὰ
1112 2463 1182 2501 τοῖς

137 2516 350 2569 φιλοσόφοις,
379 2516 477 2567 ὄμμα
504 2516 634 2570 αἰθέρος
659 2517 776 2554 καλεῖν
794 2516 852 2554 τὸν
878 2516 988 2563 ἥλιον.
1008 2539 1062 2544 -
1081 2516 1180 2567 ὄμμα

139 2573 270 2627 αἰθέρος
293 2574 351 2612 τὸν
375 2574 471 2620 ἥλιον
498 2575 588 2613 ἔοικε
616 2575 740 2626 λέγειν·
769 2575 844 2612 ἐπεὶ
874 2575 935 2612 καὶ
967 2576 998 2612 οἱ
1019 2575 1180 2627 τραγικοὶ

87 2648 123 2674 40
143 2632 302 2670 εἰώθασιν
319 2633 425 2677 οὕτως
444 2637 575 2682 καλεῖν,
600 2633 776 2688 ὀφθαλμὸν
801 2633 947 2680 δηλαδή.
969 2633 1042 2671 ἔστι
1065 2632 1100 2671 δὲ
1121 2633 1180 2671 καὶ

139 2690 236 2744 παρὰ
249 2692 319 2734 τοῖς
335 2692 532 2745 φιλοσόφοις
548 2691 691 2740 τοιαύτη
708 2692 806 2740 δόξα,
823 2691 913 2730 ὥστε
929 2692 1106 2745 ὀφθαλμὸν
1121 2693 1180 2730 καὶ

140 2749 295 2800 ἡγεμόνα
313 2754 368 2788 τοῦ
380 2752 524 2804 οὐρανοῦ
533 2753 668 2790 καλεῖν.
682 2758 744 2788 LB.
762 2750 1050 2801 καταλάμπεται.
1073 2751 1179 2804 νέοι]

141 2807 240 2858 ὄμμα
258 2807 389 2860 αἰθέρος
411 2809 469 2847 τὸν
494 2809 591 2856 ἥλιον
607 2809 714 2862 λέγει.
730 2819 768 2848 R.
786 2811 1018 2864 ἐκπυροῦται,
1044 2810 1181 2861 λάμπε-

141 2880 212 2902 ται.
226 2873 265 2902 R.
279 2865 468 2915 λάμπεται.
488 2876 531 2906 V.

89 2943 124 2967 45
196 2923 415 2975 μαρμαρέαις
442 2939 452 2965 :

142 2983 306 3032 λάμπειν,
322 2990 364 3020 V.

481 2932 556 2969 ταῖς
581 2927 772 2979 λαμπραῖς.
808 2927 1020 2980 μαρμαίρειν
1047 2926 1115 2979 γὰρ
1141 2925 1181 2964 τὸ

195 3055 261 3080 287.
293 3041 566 3092 ἀποσεισάμεναι
591 3057 600 3082 z
619 3043 930 3096 διασκορπίσασαι,
946 3043 1009 3090 τὴν
1026 3059 1182 3096 χειμερι-

143 3098 205 3146 νὴν
225 3100 371 3146 ἀπειλὴν
392 3100 645 3140 ἀποὸαλοῦσαι.
661 3110 698 3140 R.
712 3110 754 3140 V.

197 3171 261 3197 289.
293 3158 498 3201 ἀθανάταις’
491 3158 615 3201 ιδέαιςε
633 3158 662 3210 [³
667 3160 756 3197 Επεὶ
773 3160 831 3198 καὶ
847 3161 1090 3210 γυναικοειδεῖς
1109 3162 1181 3198 εἷσ-

93 3237 129 3263 50
147 3215 234 3254 ιέναι
266 3216 448 3266 μέὶλουσι,
470 3220 570 3253 τοῦτο
591 3215 761 3266 λέγουσιν,
784 3219 1180 3279 ἐμπαρασκευαζόμεναι

145 3273 208 3320 τὴν
225 3274 366 3321 εἴσοδον,
381 3277 426 3317 ὡς
442 3274 558 3324 ὅμοιαι
579 3273 642 3323 μὲν
658 3280 727 3317 τοῖς
741 3275 857 3319 ἄλλοις
876 3279 961 3320 θεοῖς
981 3281 1099 3324 οὖσαι,
1116 3293 1180 3314 πε-

148 3331 336 3384 ρικείμεναι
359 3331 395 3370 δὲ
413 3332 530 3384 νέφους
548 3331 625 3369 τινὰ
640 3332 752 3384 φύσιν.
834 3333 919 3372 Ἀλλ
921 3351 980 3377 ως.
1006 3334 1180 3378 ἀθανάτας

149 3389 238 3434 ἰδέας
254 3396 377 3431 κεῖται.
395 3391 454 3428 καὶ
475 3390 566 3429 ἔστιν
586 3391 696 3428 ἑνικὸν
710 3392 744 3429 ἐν
760 3396 879 3444 γενικῇ
896 3393 1038 3431 πτώσει.
1057 3393 1179 3444 μέλλει

1236 303 1273 341 δὲ
1290 301 1351 345 τὰς
1373 303 1527 356 Νεφέλας
1547 305 1838 359 γυναικομόρφους
1862 305 2026 357 εἰσάγειν,
2052 308 2168 355 ἐσθῆτι
2190 326 2270 349 ποι-

1234 360 1313 412 κίλῃ
1334 362 1535 414 χρωμένας,
1552 361 1607 400 ἵνα
1624 363 1667 401 τὰ
1689 367 1756 402 τῶν
1775 365 1941 418 οὐρανίων
1959 366 2157 419 φυλάττωσι
2183 369 2267 420 σχή-

1236 435 1343 468 ματα.
1367 420 1405 457 τὸ
1426 421 1454 458 δ’
1487 421 1704 472 ἐπιδώμεθα,
1729 423 1805 460 ἀντὶ
1830 427 1889 462 τοῦ
1916 424 2087 475 ἐπίδωμεν
2107 426 2166 463 καὶ
2197 428 2273 464 ἐπι-

1236 477 1475 531 σκεψώμεθι]
1493 479 1548 516 ἵνα
1564 487 1729 530 γυναῖκας
1750 482 1918 533 εἰσαγάγῃ
1937 483 1998 526 τὰς
2014 487 2072 521 τοῦ
2092 489 2211 537 χοροῦ.

1289 549 1352 574 299.
1381 537 1588 590 τηλεσκόπῳ
1613 552 1622 577 :
1651 538 1708 577 Τὰ
1736 539 1850 577 πάντα
1877 542 2053 593 ἐφορῶντι.
2085 551 2122 580 R.
2152 543 2270 596 πόρρω
2289 559 2326 584 5·-

1235 595 1370 644 ὁρῶντι.
1396 602 1478 632 ΠΜ.

1288 664 1352 690 291.
1383 645 1410 689 ὦ
1433 653 1522 703 μέγα
1543 669 1667 704 σεμναι
1688 669 1696 693 :
1718 655 1788 700 ffTb
1815 671 1954 707 μερικον
1975 661 2074 695 τοῦτο
2090 659 2272 708 ααοιῧαῖον

1236 708 1399 758 σύστημα
1424 712 1462 747 ἐκ
1480 711 1608 762 στίχων
1630 713 1720 750 ἐστιν
1750 715 2009 751 ἀναπαιστικῶν
2031 732 2180 768 τετρααε
2173 717 2273 769 ’τρων

1235 768 1357 804 καταλ·
1350 772 1501 813 ηκτικῶν
1519 772 1562 816 ζ,
1580 773 1624 814 ὡς
1638 770 1772 822 ἐρρέθη.
1794 770 1931 821 λέγεται
1943 772 1977 808 δὲ
1995 777 2094 810 τοῦτο
2111 774 2217 812 σύστγ
2215 792 2273 825 ,μα

1235 840 1326 862 κατα
1348 827 1540 878 περικοπὴν
1564 828 1789 881 ἀνοιιοιομερὲ
1776 845 1826 876 ς,
1833 832 1901 888 ὐὣς
1923 830 2135 883 Ἡφαιστίων
2160 833 2273 885 ’.α-ησίν.
2296 847 2328 872 10

1235 882 1293 919 ἐπι
1328 899 1377 920 τω
1414 885 1504 922 τέλει
1537 902 1634 939 παρα
1625 887 1798 940 φάρος]
1829 890 1857 925 ὠ
1897 888 2183 938 θαυμασιώταται
2216 907 2275 928 και

1236 941 1413 993 ὑπεράγαν
1434 944 1571 994 σεμναί.
1594 957 1629 987 R
1646 957 1684 986 V
1706 949 1816 983 ταῦτα
1839 963 1901 983 μεν
1925 947 2000 984 καθ’
2028 948 2166 998 ἑαυτόν,
2185 948 2253 986 τὸ
2244 949 2276 986 Σὲ

1236 999 1343 1051 ᾔσθου
1360 1005 1476 1053 φωνῆς
1491 1002 1576 1055 πρὸς
1591 1002 1696 1040 τὸν“Ἴ
1667 1004 1888 1056 ..⁴p5btciom
1909 1008 1925 1042 6
1947 1005 2151 1077 Σωκράτης.
2174 1015 2212 1044 V.

1289 1071 1352 1097 292.
1377 1059 1501 1111 [ῃσθου
1522 1064 1659 1113 φωνῆςῖ
1678 1061 1740 1100 Ἐν
1758 1063 2042 1116 ταῖςκιι)μιι)δίαις
2058 1064 2126 1102 τινε
2130 1081 2145 1107 ς
2164 1081 2278 1145 μηχα-

1236 1115 1310 1163 ναὶ,
1330 1117 1375 1154 τὰ
1402 1118 1638 1168 καλούμενα’
1620 1122 1744 1171 ηχεῖα,
1768 1137 1814 1158 ων
1840 1124 1858 1158 ὃ
1874 1121 2003 1165 κτύπος
2023 1124 2277 1174 σχηματίζεται
2299 1142 2330 1166 15

1237 1176 1284 1217 εἷς
1305 1178 1480 1227 βροντῆς
1462 1193 1655 1229 απηχησιν.
1675 1178 1748 1216 ἔστι
1766 1178 1801 1216 δὲ
1819 1195 1878 1217 και
1903 1183 1938 1218 ἐν
1957 1185 2000 1233 τῇ
2024 1185 2136 1233 σκην’7,
2155 1183 2278 1265 ιιι-ηχά-

1236 1232 1332 1282 νηιιά
1355 1249 1399 1279 τι,
1417 1233 1611 1273 ὃκαὶειται
1628 1239 1814 1288 βροντεῖον,
1836 1239 2009 1291 ἀμφορευς
2029 1240 2152 1290 μεστὸς
2169 1241 2276 1294 amo(-

1237 1292 1304 1329 δων
1325 1293 1626 1344 ἀντιὸαλλομένων
1648 1297 1694 1338 εἰς
1692 1297 1862 1354 χαλκοῦν
1884 1297 2030 1344 ὶέέητα.
2039 1298 2057 1350 Ἦ

1290 1364 1353 1389 >93.
1384 1351 1469 1404 [Γκαὶ
1483 1352 1632 1403 σέὸομαί
1645 1354 1676 1404 γ’
1688 1371 1716 1391 ιι)
1726 1355 1977 1405 πολυτιμη-οι
1994 1357 2083 1394 Αντι
2096 1373 2155 1395 του
2167 1373 2278 1410 προσ-

1237 1425 1346 1456 κυιω,
1364 1408 1386 1455 ἢ
1407 1411 1617 1458 καταπέπλη
1620 1427 1728 1485 γμαι,
1747 1414 1798 1450 δεῖ
1820 1414 1855 1451 δὲ
1873 1414 1931 1452 καὶ
1954 1418 2025 1458 τοῖς
2043 1415 2164 1453 τούτου
2188 1416 2278 1467 σχή-
2297 1435 2332 1459 20

1239 1484 1344 1518 μασιν
1365 1470 1598 1508 ἐνδείκνυσθαι
1618 1472 1657 1509 τὸ
1675 1472 1922 1523 δεδιττόμενον,
1940 1490 1999 1512 και
2019 1474 2076 1512 ἐπι
2093 1478 2135 1525 τῇ
2153 1491 2280 1526 παρου-

1239 1527 1298 1580 σία
1333 1531 1402 1566 τῶν
1442 1531 1608 1582 Νεφελῶν
1653 1531 1956 1582 ἐκπεπληγμένον.
1986 1533 2126 1570 σέὸεται
2168 1534 2203 1571 δὲ
2234 1536 2279 1577 ὡς

1239 1585 1432 1636 σεοασυ.ίας
1458 1588 1523 1626 ὑπὸ
1549 1592 1634 1626 θεων
1661 1589 1721 1626 καὶ
1748 1590 1959 1640 τιμωμένας.
1988 1590 2048 1628 καὶ
2077 1594 2278 1643 προσκυνῶν

1239 1643 1274 1681 δὲ
1295 1646 1394 1690 δῆθεν
1410 1649 1522 1683 ταῦτα
1542 1646 1648 1697 >εγει.
1652 1647 1670 1699 J]

1292 1703 1612 1756 [22*27·0‘·2005Lv
1628 1704 1718 1742 Ἀντι
1732 1709 1792 1743 τοῦ
1806 1709 1920 1744 >tw-1⁴7
1915 1706 2275 1758 ,σαικαιάντηχῗ-σαι.
2297 1722 2331 1747 25

1238 1776 1317 1813 περι
1336 1760 1371 1798 δὲ
1392 1762 1453 1808 τὴν
1473 1762 1656 1814 βροντην”
1637 1763 1788 1811 επαιξεν,
1810 1763 1973 1814 ἐξομοιων
1997 1767 2084 1817 αὐτῇ
2105 1769 2166 1812 τ7,·ς
2189 1781 2280 1818 πορ-

1239 1819 1299 1864 δ·7ς
1315 1818 1372 1856 τὸν
1392 1836 1490 1871 ·rA0v.
1502 1822 1515 1872 ]

1291 1889 1355 1915 294.
1386 1878 1471 1930 πρὸς
1487 1894 1547 1921 τας
1573 1878 1748 1932 βροντάς;
1770 1879 1966 1931 Μηχανη’
1951 1895 2056 1927 εστιν,
2077 1880 2095 1918 ὃ
2120 1883 2224 1919 mh*
2194 1897 2280 1919 -ιται

1241 1938 1428 1986 βροντεῖον,
1456 1936 1522 1974 ὑπο
1550 1953 1613 1983 την
1639 1938 1783 1984 σκηνήν·
1809 1933 1887 1985 ὃην
1909 1939 2102 1991 ἀμφορευς,
2129 1941 2281 1992 ψηρῖδας

1239 2009 1327 2045 εχων
1351 1996 1415 2032 θα)
1419 1995 1554 2039 ασσίας.
1575 2013 1616 2042 ην
1635 1995 1670 2033 δὲ
1686 1995 1792 2043 λέοης
1810 1999 1980 2048 χαλκοῦς,
1999 1999 2046 2040 εἷς
2062 1997 2101 2035 ὃν
2116 2000 2151 2035 αἱ
2171 2000 2278 2050 ψηφοι
2298 2016 2334 2040 39

1238 2051 1326 2097 κατ-π’,
1329 2068 1428 2102 γοντο
1465 2053 1525 2090 καὶ
1560 2053 1762 2104 κυλιόμεναι
1792 2058 1879 2106 ἦχον
1914 2054 2102 2093 ἀπετέλουν
2144 2055 2280 2093 ἐοικότα

1240 2112 1379 2162 βροντῇ.

1291 2168 1504 2221 τετρεμαίνω
1544 2169 1739 2222 ῖΤρέμιι),
1783 2169 2026 2223 (παραγώγως.
2058 2170 2217 2218 ἐπίτηδες
2244 2171 2279 2210 δὲ

1238 2225 1379 2270 ἐξέτεινε
1394 2244 1458 2273 την
1478 2227 1567 2272 ὶέξιν
1587 2227 1877 2280 τερατευόμενος).

1291 2298 1354 2324 295.
1364 2285 1439 2334 (κεῖ
1467 2285 1562 2336 θεμις
1584 2286 1657 2324 ἐστι
1684 2286 1789 2324 :Kal
1808 2288 1837 2323 εἰ
1863 2285 2002 2330 εὐσεὸές
2026 2289 2098 2325 ἐστι
2124 2287 2184 2325 καὶ
2209 2287 2276 2338 μὴ,
2298 2305 2332 2329 35

1253 2341 1355 2393 χέσαι
1376 2341 1460 2394 ἔχω.
1482 2345 1528 2386 ὡς
1545 2342 1612 2380 ὑπὸ
1628 2347 1688 2380 τοῦ
1709 2343 1816 2396 φόδου
1836 2343 2132 2396 προειλημμένος,
2149 2345 2209 2382 καὶ
2230 2345 2278 2395 μὴ

1239 2399 1426 2450 δυνάμενος
1446 2402 1611 2453 ἀνασχεῖν
1631 2400 1693 2440 ἔτι.
1715 2405 1733 2439 6
1749 2400 1816 2453 γαρ
1845 2401 2075 2452 ἐπιστάμενος
2093 2401 2144 2439 ὅτι
2164 2402 2212 2452 μὴ
2229 2405 2282 2441 δεῖ

1239 2456 1357 2495 οὕτω
1346 2461 1470 2505 ποιεῖν,
1487 2463 1562 2496 εἶτα
1584 2463 1685 2497 τοῦτο
1705 2458 1800 2497 ουδὲν
1820 2463 1923 2505 ἧττον
1940 2475 2062 2509 ποιων,
2080 2460 2146 2498 υπὸ
2167 2461 2281 2511 μείζο-

1238 2531 1292 2558 νος
1321 2516 1474 2568 ἀνάγκης
1498 2515 1702 2568 ἐξαγόμενον
1732 2519 1779 2560 εἰς
1803 2516 1842 2554 τὸ
1867 2520 2083 2570 παρανομεῖν
2112 2518 2280 2557 δείκνυσιν

1239 2574 1391 2626 ἑαυτόν.)
2297 2591 2332 2617 4ο
2361 2587 2364 2589 ’

1291 2647 1354 2671 296.
1386 2633 1442 2686 [ου
1460 2632 1507 2684 μὴ
1529 2634 1702 2686 σκώψῃςε
1721 2635 1864 2672 Τοῦτοε
1851 2637 1937 2684 ομοῦ
1952 2633 2014 2684 μὲν
2034 2637 2052 2672 ὃ
2066 2635 2277 2688 Σωκράτης,

1238 2706 1298 2728 και
1326 2708 1372 2735 ως
1391 2695 1603 2745 περιφρονῶν
1619 2692 1663 2730 τὰ
1686 2691 1904 2745 ἀνθρώπινα,
1929 2708 2060 2735 πιστως
2084 2692 2123 2730 λέ
2108 2709 2193 2744 ε,γει
2219 2693 2278 2732 καὶ

1238 2748 1316 2792 τους
1333 2765 1394 2795 της
1418 2750 1606 2803 κωμωδίας
1625 2766 1730 2797 ποιητ
1717 2766 1771 2794 ας
1794 2749 1983 2800 ἡγούμενος
2004 2750 2162 2797 ἀθλίους,
2191 2753 2278 2800 ὁμοῦ

1239 2807 1350 2845 δὲκαὶ
1371 2808 1633 2861 Ἀριστοφάνης,
1654 2811 1758 2847 αὐτοῦ
1777 2808 1839 2858 μὲν
1859 2810 1916 2855 οὗ,
1936 2811 2003 2846 τῶν
2021 2807 2056 2846 δὲ
2078 2808 2192 2845 ἄλλων
2208 2824 2279 2846 κω-

1240 2866 1478 2919 μῳδογράφων
1504 2867 1753 2918 ἀτεχνούντων,
1773 2869 1819 2910 ὡς
1848 2865 2110 2904 καταλιπόντων
2134 2866 2196 2916 μὲν
2212 2865 2275 2914 τὴν
2293 2879 2330 2904 45

1237 2925 1392 2975 ποίησιν,
1408 2929 1468 2963 τοῦ
1489 2924 1524 2962 δὲ
1539 2925 1710 2963 σκώπτειν
1734 2924 1919 2976 ἐχομένων.

1291 2986 1322 3020 οἱ
1342 2983 1589 3035 τρυγοοαίμονε
1593 3001 1608 3027 ς
1637 3014 1646 3022 .
1638 2985 1720 3022 Ὀἳ
1749 2982 1902 3028 ποιηταί·
1932 2981 2050 3030 ἐπειδὴ
2076 2981 2139 3029 τὴν
2167 2983 2277 3036 τρύγα

1238 3041 1433 3094 χριόμενοι,
1455 3057 1509 3078 ινα
1527 3059 1576 3092 μη
1597 3040 1763 3094 γνώριμοι
1779 3040 1965 3092 γένωνται,
1983 3040 2089 3084 ούτιι)ς
2104 3058 2148 3079 τα
2164 3045 2276 3080 αὑτων

1238 3103 1320 3152 ᾐδον
1341 3101 1524 3151 ποιήματα
1544 3099 1636 3138 κατὰ
1655 3100 1716 3143 τὰς
1739 3100 1836 3143 ὁδους
1860 3099 1997 3150 ἁμάξης
2017 3101 2275 3151 ἐπικαθήμενοι.

1239 3158 1290 3196 διὸ
1307 3159 1366 3196 καὶ
1380 3158 1569 3211 παροιμία,
1581 3175 1626 3202 ως
1639 3158 1708 3202 ἐξ(
1691 3157 1826 3208 αμάξης
1840 3159 1941 3196 λαλεῖ
1948 3159 2077 3209 ,ἤγουν
2095 3159 2329 3211 ἀναισχύν-ω

1239 3234 1304 3260 τως
1335 3216 1475 3270 ὑδρίζει.
1516 3221 1616 3255 τοῦτο
1647 3215 1683 3254 δὲ
1714 3215 1849 3254 ἐποίουν
1883 3218 1914 3254 οἱ
1939 3216 2089 3266 κωμικοὶ
2119 3214 2277 3262 ποιηταί.

1237 3274 1383 3319 Ἄλλως.
1403 3278 1432 3313 οἳ
1450 3275 1616 3326 κωμικοὶ,
1640 3274 1737 3328 παρὰ
1752 3275 1792 3312 τὸ
1810 3274 2075 3325 κακοδαίμονες,
2095 3274 2169 3311 ἐπεὶ
2185 3275 2274 3312 πολ-

1237 3334 1291 3372 λοὶ
1310 3337 1352 3385 τῇ
1370 3332 1593 3386 αἰσχροποιίᾳ
1606 3334 1771 3384 ἐχρῶντο.
1789 3332 2038 3383 κακοδαίμονες
2051 3331 2106 3379 δὲ,
2121 3330 2271 3383 παρόσον

1238 3392 1401 3446 ἀφέμενοι
1426 3395 1492 3429 τῶν
1521 3391 1620 3429 θείων
1642 3391 1721 3443 περὶ
1745 3391 1784 3429 τὸ
1810 3390 1981 3428 σκώπτειν
2005 3389 2196 3442 τρέπονται.
2219 3414 2272 3424 --
