2485 3808
613 196 876 255 scuomA
911 214 967 253 1N
1002 213 1682 255 THESMOPHOMAZUSAS.

143 325 221 352 1022.
251 306 347 360 παρὰ
365 306 481 344 τὸτοῦ
506 307 610 356 χοροῦ
638 305 671 340 ἐν
693 302 902 355 Ἀνδρομέδα
925 321 940 336 κ
968 303 1121 345 ἄνοικτος
1147 308 1155 360 Ῑ

89 388 105 404 ι
134 369 169 413 ὃς
195 367 302 406 τεκών
332 380 370 403 σε
397 362 459 409 τὴν
487 361 782 407 πολυπονωτάτην
814 363 945 413 βροτῶν
973 364 1120 411 μεθ’ἧκεν
1148 366 1153 422 Ι

89 446 105 461 ιι
121 426 216 482 ”’ᾼδα
232 423 360 475 πατρὸς
378 423 590 472 ὑπερθανεῖν.
608 438 622 451 »

144 502 220 530 1⁰2⁴.
249 487 310 532 τὴν
327 485 529 538 τηρήσασαν
548 484 648 521 αὐτὸν
670 485 703 521 ἐν
723 488 791 526 τοῖς
807 483 1054 535 θεσμοφορίοις.

146 561 226 586 1025.
259 545 333 583 δέον
351 546 457 581 εἰπεῖν
476 542 619 588 ἐσώθην,
638 542 828 592 ἀπωλόμην
851 536 923 578 εἶπε
944 542 1046 593 χάριν
1066 541 1124 592 γέ-

89 606 209 647 λωτος.

1158 1383 1169 1421 Ῑ

55 564 72 588 5

145 680 222 706 1030.
251 666 356 703 πάλιν
373 665 406 708 ἐξ
424 663 656 716 Ἀνδρομέδας.
671 663 758 700 τὸδὲ
775 663 1016 715 ἐπιφερόμενον
1034 661 1124 699 σκώ-

90 724 230 767 πτοντός
247 725 319 761 ἐστι
339 721 414 764 τοὺς
431 722 625 768 Ἀθηναίους
641 724 686 765 ὡς
699 722 903 774 φιλοδίκους.

148 802 226 827 1031.
255 786 352 838 παρὰ
371 785 432 832 τὴν
453 785 669 838 Ιἐνηφοθτζκτῑν.
688 787 724 823 οὐ
743 785 889 830 δικάζω,
912 784 1014 837 φησὶν
1034 785 1051 820 6
1070 782 1127 833 γέ-

41 857 74 883 10
95 862 172 899 ρων.

148 923 227 948 1033.
257 908 331 946 ἐπεὶ
347 906 520 960 ὀψοφάγος
536 906 594 943 καὶ
610 905 868 957 γαστρίμαργος
883 907 899 941 6
916 902 1127 950 Γλαυκέτης,

93 970 139 1011 ὡς
155 969 188 1005 ἑν
210 965 340 1019 Εἰρήνῃ
359 965 460 1016 [1008]
478 964 653 1009 δηλοῦται.

149 1037 228 1064 10³⁴.
257 1023 317 1061 καὶ
332 1026 432 1060 τοῦτο
449 1021 482 1065 ἐξ
499 1019 733 1072 Ἀνδρομέδας.

149 1095 228 1121 1040.
260 1081 329 1119 ἀπὸ
355 1083 466 1118 κοινοῦ
492 1078 654 1128 λάὸωμεν
679 1077 835 1115 πέπονθα
861 1075 974 1126 ἄνομα
1002 1074 1129 1114 πάθεα.

46 1156 78 1181 15
96 1140 156 1179 καὶ
171 1143 281 1178 ταῦτα
298 1138 332 1182 ἐξ
352 1137 589 1190 Ἀνδρομέδας.

150 1209 294 1261 δεομένη
314 1212 373 1246 τοῦ
404 1207 592 1260 βαρὸάρου.
620 1207 763 1260 προεῖπε
789 1204 825 1244 δὲ
855 1223 870 1239 α
895 1205 1023 1256 γοᾶσθέ
1049 1204 1083 1255 μ’
1104 1198 1132 1242 ‹3³⁴›

95 1273 264 1319 γυναῖκες.
283 1285 298 1299 υ
315 1281 368 1319 γρ.
385 1265 445 1303 καὶ
461 1267 559 1318 φῶτα
576 1263 746 1315 ἀντομένα
758 1280 765 1288 ·
779 1264 839 1301 καὶ
852 1267 952 1301 τοῦτο
966 1262 1038 1315 ἔχει
1055 1266 1133 1300 νοῦν

97 1326 181 1379 πρὸς
196 1324 240 1363 τὰ
256 1324 348 1371 ἑξῆς,
368 1324 451 1377 φῶτ’
471 1322 674 1374 ἀντομέναν,
695 1322 730 1366 ὃς
750 1322 804 1373 ἔμ’
822 1321 1015 1374 ἀπεξύρησε
1037 1324 1132 1371 πρῶ-

98 1400 169 1424 τον.

47 1467 83 1492 20
155 1461 235 1487 1041.
266 1446 342 1484 ἀντὶ
357 1449 416 1483 τοῦ
434 1444 707 1496 πολυδακρύτου.

157 1519 235 1544 1044.
267 1504 342 1542 ἀντὶ
360 1508 420 1542 τοῦ
439 1503 610 1555 κροκωτὸν
630 1502 838 1555 οἷμφέδυσεν.

157 1577 235 1602 1050.
262 1562 346 1605 ἴσως
361 1562 418 1600 τὸν
437 1562 534 1608 ἥλιον
552 1560 681 1613 ἀστέρα
701 1560 878 1607 ἐκάλεσεν,
895 1558 916 1606 ἢ
935 1563 1066 1611 μᾶλλον
1079 1565 1136 1603 τὸν

102 1621 280 1674 κεραυνόν.

159 1700 238 1725 1051.
268 1687 389 1736 διχῶς,
402 1683 460 1721 τὸν
478 1683 605 1721 ἄθλιον.

160 1757 243 1782 1054.
272 1743 384 1780 λείπει
400 1741 516 1794 ἔσχον,
534 1742 573 1779 ἐκ
588 1742 655 1778 τῶν
674 1740 845 1792 δαιμόνων
869 1740 913 1779 τὰ
930 1742 1000 1793 ἄχη
1025 1743 1138 1795 ἔσχον.

157 1800 347 1847 σκοτεινήν.

51 1759 86 1785 25

174 1878 252 1903 1056.
299 1861 522 1914 ὑποκρίνεται
559 1861 749 1913 Εὐριπίδης
786 1861 826 1899 τὸ
861 1862 1046 1915 πρόσωπον
1080 1866 1141 1910 τ’ἦς

106 1922 248 1974 Ἠχοῦς.
265 1920 383 1972 πατὴρ
399 1920 465 1972 γὰρ
485 1922 545 1965 τῆς
561 1919 785 1972 Ἀνδρομέδας
804 1922 822 1957 6
841 1921 993 1974 Κηφεύς.

74 2039 82 2046 1
161 2004 240 2029 1059.
270 1990 408 2028 εἰωθυῖα
427 1990 544 2040 γελᾶν,
561 1988 763 2041 γελάστρια.
799 1990 876 2027 ἐπεὶ
896 1990 1058 2042 εἰσήγαγε
1078 2007 1142 2029 κα-

56 2067 91 2093 80
108 2043 334 2088 κοστένακτον
354 2047 416 2093 τὴν
438 2046 538 2098 Ἠχὼ
557 2049 575 2084 6
592 2047 783 2100 Εὐριπίδης
803 2049 836 2085 ἐν
856 2051 900 2099 τῇ
922 2049 1142 2102 Ἀνδρομέδα,

110 2109 156 2151 εἷς
170 2111 269 2145 τοῦτο
287 2105 417 2150 παίζει.
445 2105 595 2150 ἐζήλωσε
613 2105 648 2142 δὲ
671 2105 773 2142 αὐτὸν
801 2108 1017 2156 Πτολεμαῖος
1036 2111 1053 2145 6
1073 2111 1144 2147 Φι·

110 2163 274 2216 λοπάτωρ
299 2166 333 2202 ἐν
357 2158 381 2215 ᾗ
397 2162 566 2207 πεποίηκε
582 2162 759 2214 τραγῳδίᾳ
776 2163 948 2210 Ἀδώνιδι,
966 2165 1045 2217 περὶ
1069 2161 1109 2212 ἧς
1128 2169 1145 2203 6

116 2221 286 2274 ἐρώμενος
315 2222 409 2274 αὐτῷ
437 2220 646 2269 Ἀγαθοκλῆς
672 2218 854 2273 γέγραφεν,
875 2223 892 2258 6
921 2223 1066 2274 ἀδελφὸς
1085 2227 1147 2269 τῆς

112 2279 287 2331 ἐρωμένης
303 2279 406 2315 αὐτοῦ
421 2276 527 2314 πάλιν
544 2276 796 2326 Ἀγαθοκλείας.

167 2356 245 2381 1060.
275 2341 351 2380 ἐπεὶ
366 2340 510 2392 πέρυσιν
524 2339 687 2391 ἐδιδάχθη
702 2343 723 2386 ἦ
742 2341 961 2392 Ἀνδρομέδα.

169 2413 248 2439 1064.
277 2397 392 2451 ’ἠρέμα
414 2401 432 2436 6
450 2397 619 2444 κηδεστὴς
639 2401 738 2436 τοῦτο
763 2399 846 2450 πρὸς
866 2400 923 2438 τὸν
944 2401 1145 2452 Εὐριπίδην.

169 2472 248 2497 1065.
278 2460 296 2494 6
316 2456 536 2508 Μνησίλοχος
555 2458 601 2498 ὡς
618 2455 839 2508 Ἀνδρομέδα.

167 2520 228 2553 τοῦ
243 2514 413 2568 προλόγου
431 2513 656 2566 Ἀνδρομέδας
673 2514 829 2560 εἷσὸολή.

170 2593 248 2618 1066.
272 2577 424 2630 πορείαν.

171 2651 248 2676 1069.
275 2639 376 2674 τοῦτο
395 2639 417 2682 ἡ
437 2634 515 2686 ἠχὼ
530 2634 634 2686 λέγει.

171 2708 251 2734 1070.
279 2694 339 2732 καὶ
354 2696 454 2731 τοῦτο
472 2694 511 2730 ἐκ
527 2696 586 2730 τοῦ
605 2692 788 2745 προλόγου.

60 2362 94 2389 ³5

64 2661 100 2686 ⁴0

174 2770 252 2795 1072.
281 2756 392 2794 λείπει
409 2755 583 2805 μέλλουσα
606 2761 736 2807 τυχεῖν.

175 2826 254 2852 1073.
284 2814 494 2864 φλυαροῧσα.

175 2883 254 2909 1077.
283 2869 323 2907 τὸ
339 2871 467 2922 πλῆρες
480 2870 612 2921 ὠγαθή.

177 2946 254 2972 1083.
284 2932 391 2984 χωρὶς
409 2936 467 2970 τοῦ
489 2948 504 2970 ε
521 2934 705 2986 γράφεται·
729 2937 747 2972 6
769 2934 836 2987 γὰρ
860 2936 996 2985 Σκύθης
1017 2938 1149 2990 βαρὸα-

125 2990 220 3044 ρίζει.

178 3066 256 3091 1085.

178 3123 258 3149 1086.

179 3181 260 3206 1089·

180 3239 259 3264 1090.

181 3300 261 3326 10⁹4.

183 3357 262 3384 1095·

70 2954 104 2978 ⁴5

286 3051 362 3089 ἀντὶ
377 3055 436 3089 τοῦ
454 3052 507 3089 σοὶ
519 3053 622 3091 κακόν
631 3083 638 3089 .

289 3109 390 3147 πόθεν
405 3112 427 3155 ἡ
442 3109 537 3161 φωνή
546 3126 555 3156 ;
569 3111 734 3161 θαυμάζει
748 3112 811 3159 τὴν
825 3115 915 3166 ἠχώ.

285 3168 479 3219 καταγελᾷς
495 3182 565 3216 μοι.

287 3228 386 3262 τοῦτο
403 3226 421 3261 6
435 3224 536 3276 χορὸς
551 3223 574 3269 ἢ
594 3227 612 3262 6
630 3225 751 3277 γέρων.

290 3286 366 3324 ἀντὶ
382 3290 441 3324 τοῦ
460 3288 498 3325 οὐ
517 3287 708 3339 χαιρήσεις.

290 3345 418 3386 λαλεῖς.

2135 226 2202 259 271

1236 316 1314 342 1096.
1346 304 1486 355 κάτεχε.

1234 374 1314 400 1097.
1344 361 1406 407 τὴν
1425 362 1530 399 λάλον
1547 362 1606 399 καὶ
1622 362 1815 415 κατάρατον
1832 365 1991 414 γυναῖκα.

1235 432 1316 457 1098.
1354 421 1399 462 εἰς
1428 419 1566 472 Περσέα
1595 419 1629 463 ἐξ
1659 420 1882 473 Ἀνδρομέδας
1908 422 1986 475 τρία
2010 422 2054 460 τὰ
2078 425 2213 476 πρῶτα.

1180 477 1239 513 καὶ
1258 477 1376 514 λοιπὸν
1395 477 1549 522 ἐπέζευξε
1565 476 1607 514 τὰ
1627 478 1715 523 ἑξῆς.

1237 554 1314 579 1099.
1345 539 1481 590 ἐλέγετο
1499 539 1566 591 γὰρ
1582 542 1602 577 S
1620 540 1773 593 Περσεὺς
1789 545 1835 584 εἰς
1850 540 1926 584 τοὺς
1945 543 2052 586 πόδας
2067 543 2156 595 ἔχειν
2172 543 2216 582 τὰ
2234 559 2251 584 5

1181 597 1302 648 πτερά.

1238 679 1316 704 1103.
1351 665 1385 702 τί
1413 664 1507 712 λέγει
1535 665 1614 716 περὶ
1642 668 1703 711 τῆς
1729 668 1882 718 κεφαλῆς
1909 672 1966 705 τοῦ
1998 669 2129 721 Γόργου
2157 674 2217 708 τοῦ

1183 722 1381 774 γραπτέως,
1399 723 1474 760 ἐπεὶ
1494 724 1655 774 προεῖπεν
1678 725 1803 766 ἐκεῖνος
1824 742 1837 757 (ι
1860 726 2024 776 Γοργόνος
2043 729 2131 779 κάρα
2159 744 2216 766 κο-

1187 781 1304 830 μίζων.
1323 799 1338 814 υ
1355 783 1373 818 6
1399 779 1435 817 δὲ
1466 780 1593 832 Γόργος
1612 781 1859 832 γραμματεὺς,
1876 783 1966 820 ἀλλὰ
2000 785 2059 822 καὶ
2080 785 2218 838 βάρδοι-

1187 854 1253 891 ρος.

1242 915 1322 940 1105.
1356 901 1460 939 πάλιν
1488 901 1521 946 ἐξ
1547 901 1770 954 Ἀνδρομέδας
1793 921 1807 936 «
1826 903 1886 954 ἔα,
1916 904 1978 942 τίν’
2007 905 2107 957 ὄχθον
2130 907 2219 945 τόνδ’

1187 978 1202 993 «
1224 962 1292 1012 ὁρῶ
1318 958 1520 1012 περίρρυτον
1550 962 1648 1013 ἀφρῷ
1674 961 1868 1009 θαλάσσης,
1893 963 2061 1016 παρθένου
2086 965 2115 1002 τ’
2140 965 2221 1004 εἷκώ

1188 1036 1203 1051 «
1222 1033 1312 1056 τινα.
1334 1035 1349 1051 »

2241 868 2272 892 10

1243 1095 1323 1120 1109.
1356 1081 1618 1133 ἀποθανουμένη
1636 1083 1766 1135 τολμᾷς
1780 1084 1945 1130 λαλῆσαι.

1244 1152 1322 1178 1114.
1353 1140 1520 1178 δείκνυσιν
1537 1142 1630 1193 αὐτῷ
1645 1140 1682 1178 τὸ
1703 1142 1842 1181 αἰδοῖον.

2244 1169 2276 1194 15

1244 1211 1322 1236 1118.
1351 1200 1388 1236 οὖ
1407 1200 1498 1245 ζηλῶ
1512 1214 1568 1245 σε,
1586 1198 1700 1251 φησὶν,
1719 1201 1748 1237 εἰ
1768 1201 1859 1252 ἐρᾷς.

1247 1282 1325 1307 1119.
1361 1269 1390 1306 εἷ
1418 1267 1467 1318 μὴ
1490 1267 1547 1305 τὸν
1572 1270 1678 1306 νῶτον
1699 1263 1763 1318 ἦν,
1789 1270 1893 1322 φησὶ,
1920 1270 2074 1324 πρὸςὲτῆ
2093 1280 2220 1328 ςανίδῑ,

1193 1326 1282 1364 ἀλλὰ
1298 1326 1383 1377 πρὸς
1399 1329 1494 1376 ἡμᾶς
1513 1325 1722 1378 ἐτέτραπτο,
1743 1328 1805 1365 οὐκ
1820 1328 1860 1365 ἄν
1881 1343 1934 1365 σοι
1949 1322 2102 1380 {goch-4252
2120 1334 2220 1373 ἀπα-

1192 1384 1334 1436 γαγόντι
1354 1390 1524 1436 περανεῖν.

1249 1468 1326 1493 1127.

1250 1526 1328 1550 1130.

1252 1584 1330 1608 1151.

1252 1642 1329 1666 1168.

1253 1701 1329 1725 1170.

1253 1757 1332 1782 1172.
1357 1744 1545 1795 Εὐριπίδης
1565 1745 1597 1780 ἐν
1616 1743 1774 1794 σχήματι
1787 1748 1992 1795 προαγωγοῧ
2009 1745 2124 1798 γραός.

1252 1806 1390 1859 ἑταίρας
1411 1806 1519 1856 ὄνομα
1543 1805 1708 1859 Ἐλάφιον
1734 1809 1779 1849 ὡς
1799 1806 1961 1858 Χρυσίον,

1199 1865 1313 1903 ὅμοια.

1359 1453 1453 1505 ἔλεγε
1472 1454 1510 1491 τὸ
1530 1453 1765 1508 ξιφομάχαιρα
1781 1457 1826 1497 ὡς
1846 1456 2164 1509 δρεπανομάχαιρα.

1357 1511 1454 1563 παρὰ
1471 1511 1514 1549 τὰ
1537 1514 1575 1550 ἐκ
1592 1512 1749 1559 Μηδείας
1770 1515 1860 1565 [298].

1360 1569 1459 1608 ὅπου.

2247 1478 2281 1501 ἿΟ

1359 1627 1470 1679 λάθρα
1485 1630 1624 1665 ποιεῖτε.

1360 1686 1521 1728 Ἀττικῶς
1544 1686 1618 1722 ἀντὶ
1632 1688 1692 1723 τοῦ
1711 1685 1941 1735 πεπείσμεθα.

2250 1765 2286 1790 25

1989 1838 1997 1846 .
2028 1838 2036 1846 .
2056 1824 2091 1846 ον
2111 1809 2171 1847 καὶ
2189 1809 2234 1848 τὰ

1255 1946 1333 1972 1174.
1364 1931 1576 1982 σημειωτέον
1593 1936 1704 1971 τοῦτο.
1726 1933 1887 1982 σημαίνει
1901 1933 1936 1971 δὲ
1952 1934 1991 1972 τὸ
2008 1935 2121 1988 ἇὸρῶς
2139 1937 2235 1988 βαδί-

1201 1995 1282 2036 ζειν.
1355 1994 1376 2037 ἡ
1399 1990 1576 2041 αὐλητρίς.

1257 2074 1336 2099 1175.
1362 2058 1573 2111 βαρὸαρικὸν
1588 2058 1647 2096 καὶ
1655 2059 1828 2110 Περσικὸν
1839 2059 1980 2111 ὄρχημα
1994 2060 2156 2112 ὅκλασμα
2170 2078 2235 2100 κα-
2253 2078 2290 2103 30

1201 2122 1331 2163 λεῖται,
1351 2118 1430 2169 περὶ
1449 2112 1487 2154 οἷ
1511 2116 1626 2159 Ἰόὸας
1646 2117 1778 2168 μακρὸν
1796 2117 1983 2164 πεποίηται
2002 2119 2101 2169 λόγον
2119 2122 2152 2157 ἐν
2169 2127 2238 2163 τοῖς

1202 2176 1282 2228 περὶ
1292 2178 1353 2221 τῆς
1369 2178 1548 2226 θεατρικῆς
1565 2174 1733 2225 ἱστορίας,
1747 2174 1836 2212 ὥστε
1849 2176 2012 2213 λελύσθαι
2031 2176 2094 2223 τὴν
2113 2179 2238 2215 Σελεύ-

1204 2249 1264 2272 κου
1275 2232 1454 2285 πρότασιν.
1468 2232 1637 2284 προτείνει
1653 2231 1720 2283 γὰρ
1736 2233 1770 2268 ἐν
1783 2235 1832 2284 τῷ
1847 2232 1932 2284 πρὸς
1945 2233 2090 2279 Ζήνωνα
2104 2250 2238 2286 προτα-

1205 2294 1289 2344 τικῷ
1306 2291 1344 2327 τὸ
1364 2290 1536 2342 Περσικὸν
1557 2289 1708 2341 ὄρχημα.

1261 2373 1340 2399 1176.
1362 2360 1483 2410 διχῶς,
1503 2357 1712 2410 κωμοδρίαν.

2258 2375 2292 2400 35

1261 2431 1339 2456 1180.
1370 2415 1460 2454 κατὰ
1483 2416 1604 2467 δέρμα.

1261 2489 1339 2513 1185.
1371 2477 1416 2516 ὡς
1437 2472 1580 2525 στέριφα
1597 2471 1640 2510 τὰ
1660 2472 1781 2510 τιτθία.

1262 2547 1340 2572 1186.
1370 2531 1454 2584 πρὸς
1470 2531 1531 2577 τὴν
1550 2531 1752 2583 αὐλητρίδα.

1262 2615 1342 2641 1187.
1372 2601 1456 2654 πρὸς
1475 2600 1514 2638 τὸ
1530 2599 1611 2643 πέος
1622 2599 1714 2651 λέγει
1738 2600 1958 2647 ἐπιπλήττων
1980 2604 2214 2658 ἐντεινομένῳ.

1263 2674 1342 2698 1190.
1371 2659 1449 2710 οὐχὶ
1470 2658 1638 2711 φιλήσειν.
2260 2687 2295 2711 40

1264 2742 1344 2767 1197.
1374 2726 1438 2774 τὴν
1455 2727 1656 2773 τοξοθήκην.
1683 2726 1817 2774 συὸήνη
1838 2728 2025 2775 αὗλοθήκη.
2043 2730 2182 2782 λέγουσι
2207 2734 2243 2770 δὲ

1209 2786 1268 2824 καὶ
1288 2786 1345 2823 τὸν
1366 2788 1586 2839 φαρετρεῶνα
1603 2785 1768 2831 συδήνην.

1266 2864 1344 2888 1199.
1375 2848 1652 2901 παρακελεύεται
1664 2851 1757 2900 αὐτῷ
1767 2854 1882 2899 τηρεῖν
1897 2849 1953 2886 τὸν
1967 2849 2127 2902 γέροντα,
2143 2853 2244 2896 αὐτὸς

1211 2907 1246 2945 δὲ
1267 2906 1462 2959 εἰσέρχεται
1480 2905 1569 2956 μετὰ
1584 2908 1646 2949 τῆς
1662 2906 1895 2957 ὀρχηστρίδος.

1267 2996 1345 3020 1202.

1267 3054 1347 3080 1203.

1268 3112 1348 3136 1205.

1376 2980 1495 3027 ἐπειδὴ
1516 2983 1584 3018 τῶν
1609 2979 1716 3019 δόλων
1737 2980 1855 3032 ἔφορος
1875 2984 1892 3018 6
1913 2981 2058 3034 εΕρμῆς.

1377 3039 1440 3085 τὴν
1454 3038 1640 3085 τοξοθήκην
1658 3039 1716 3075 καὶ
1730 3038 1774 3076 τὰ
1793 3039 1921 3091 ὄργανα
1938 3043 1997 3085 τ’ῆς
2008 3041 2243 3094 ὀρχηστρίδος.

1379 3098 1508 3149 δραμῇ.

2261 2999 2297 3024 45

1269 3179 1347 3204 1214.
1380 3164 1588 3209 ἐξηπάτησε.
1606 3162 1702 3216 παρὰ
1715 3166 1784 3207 τοῖς
1799 3163 1928 3203 Ἴωσιν.
1947 3167 1964 3202 6
1984 3166 2084 3210 αὐτὸς
2098 3169 2133 3205 ἐν
2153 3165 2246 3222 Ὄρ-

1215 3239 1301 3261 νισιν
1321 3220 1419 3275 [1648]
1441 3241 1455 3255 «
1476 3221 1702 3259 διαὸάλλεταί
1723 3221 1753 3259 σ’
1769 3224 1786 3258 6
1806 3222 1931 3264 θεῖος.»

1269 3283 1381 3333 ἑαυτῷ
1400 3278 1685 3331 παρακελεύεται.
2265 3302 2300 3328 5⁰

1276 3363 1354 3388 1218.
1385 3351 1403 3385 6
1426 3347 1528 3399 χορὸς
1547 3347 1707 3397 ἐμπαίζει
1730 3349 1779 3396 τῷ
1801 3347 1932 3394 Σκύθη,
1958 3347 2014 3386 ἵνα
2042 3349 2091 3399 μὴ
2116 3350 2246 3389 διώκων
