2533 3808
227 226 303 260 258

277 318 340 343 736.
372 302 463 352 (αὕθ’
482 300 588 352 ἡτέρα
608 312 617 337 :
640 298 738 343 Αὕτη
755 297 843 344 ἄλλη
862 299 924 342 τῆς
944 296 1052 342 ἅλ’λης
1067 294 1229 341 κακίων.)

271 376 335 402 737.
364 360 426 406 τὴν
453 359 581 396 ἄλοπον
604 370 614 395 :
645 355 843 395 Ἀλέπιστον
864 355 923 393 καὶ
944 354 1151 406 ἀκάθαρτον.
1175 353 1261 405 πρὸς

219 419 283 465 τὴν
301 417 472 456 ὑπόνοιαν.

272 490 334 515 738.
367 474 491 526 (χώρει
512 472 617 510 πάλιν
637 472 737 523 δεῦρο
755 484 764 510 2

186 548 201 570 5
272 546 335 572 739.
365 531 432 581 ἐγὼ
463 531 489 568 δ’
524 529 739 582 ἀποδείρασα
776 542 784 568 :

780 469 865 509 Ἐπὶ
881 469 944 515 τὴν
963 467 1181 521 ἀκρόπολιν.)

817 526 1073 567 Ἀποπλύνασα.
1104 527 1203 572 δηλοῖ
1229 524 1264 562 δὲ

226 590 286 627 καὶ
306 589 344 626 τὸ
361 590 597 640 κακέμφατον.

274 661 340 686 743.
372 647 433 689 ἕως
456 646 495 684 ἂν
514 647 560 688 εἷς
581 647 701 682 ὅσιονῑ
722 643 812 681 Ἀντὶ
828 646 886 681 τοῦ
904 643 950 685 εἷς
973 641 1119 693 βέὸηλον
1138 640 1198 679 καὶ
1205 639 1264 710 μὴ

222 705 330 764 ἱερὸν,
355 704 431 742 ἀλλ’
459 704 551 741 ὅσιον
575 704 622 745 εἷς
640 700 789 739 τοκετόν.
817 699 935 746 ἐπειδὴ
957 702 991 737 ἐν
1011 704 1052 751 τῇ
1077 698 1266 759 ἀκροπόλει

222 767 324 809 ἦσαν.
358 761 526 814 παρθένος
547 759 583 798 δε
609 763 631 806 ἡ
659 758 744 802 Οεός.
774 757 1048 811 περικεφαλαίαν
1068 761 1160 809 εἶχεν
1177 755 1266 794 ὥστε

173 834 204 858 10
226 822 335 858 δοκεῖν
354 819 464 858 κύειν.

680 873 779 912 Ἀντὶ
799 878 857 911 τοῦ
875 876 920 916 ὥς
937 873 1033 924 πρός.

691 931 891 982 Ἃπτομένη
917 934 977 977 τῆς
999 930 1147 983 γαστρὸς
1164 931 1270 975 αὐτῆς

279 891 343 917 746.
374 879 420 920 ὡς
441 876 502 922 τὴν
523 878 630 926 μαῖαν
651 889 659 913 :

276 950 341 976 748.
371 934 472 987 ἄρρεν
493 932 629 971 παιδίον
651 945 661 970 t

224 998 324 1032 τοῦτο
345 993 441 1046 φησί.

278 1066 342 1091 755.
379 1050 528 1088 εἷσὸᾶσα
559 1047 688 1095 ταύτην
713 1046 831 1100 ὥσπερ
856 1059 866 1086 ;
890 1045 978 1085 ‘'Ox-1.
1007 1047 1041 1084 ἐν
1072 1044 1271 1095 κοιλώμασι

175 1129 208 1155 15
225 1109 411 1148 τίκτουσιν.

279 1181 344 1206 757.
375 1165 444 1204 οὐδ’
447 1162 686 1225 Νάμιοιδρόμια
716 1176 725 1202 :
756 1162 841 1200 Δέον
867 1162 1023 1208 παιδίου,
1056 1157 1129 1199 εἶπε
1158 1177 1272 1204 κυνης.

228 1228 334 1270 κυνῆ-ν
347 1223 415 1275 γὰρ
436 1227 509 1273 εἶχε
531 1220 812 1273 προσποιουμένη
833 1219 939 1258 κύειν.
962 1219 1179 1271 ἀμριδρόμια
1200 1219 1234 1256 δε
1250 1222 1272 1264 ἡ

231 1282 360 1329 δεκάτη
378 1280 494 1334 ἡμέρα
512 1296 581 1317 των
611 1279 821 1328 τικτομένων
850 1277 1013 1325 παιδίων,
1031 1280 1065 1315 ἐν
1090 1281 1111 1328 ᾑ
1129 1276 1172 1314 τὰ
1197 1277 1275 1314 ὀνό-

233 1356 329 1392 ματα
349 1340 462 1382 αὐτοῖς
481 1337 612 1376 τιθέασι
627 1315 900 1389 περιδραμόντες
916 1334 1098 1385 κειμένοις.

179 1417 214 1442 20
284 1412 348 1437 758.
387 1395 463 1435 οὐδε
490 1396 652 1446 κοιμᾶσθ’
688 1397 721 1431 ἐν
754 1394 854 1432 πόλει
889 1407 897 1432 :

234 1459 337 1494 τοῦτο
356 1454 390 1492 δὲ
408 1469 508 1505 ετερα
527 1453 612 1503 γυνή
627 1467 742 1510 φησιν.

284 1527 346 1552 759.
377 1512 410 1555 εξ
430 1515 468 1548 οὑ
488 1510 545 1547 τὸν
573 1509 647 1562 ὅφιν
671 1510 757 1546 εἶδον
780 1522 788 1547 :
817 1508 888 1547 Τὸν
910 1506 1000 1559 ἱερὸν
1024 1506 1193 1559 δράκοντα
1217 1510 1279 1554 τῆς

233 1571 399 1618 Ἀθηνᾶς,
416 1569 474 1607 τὸν
495 1568 634 1620 φύλακα
653 1583 712 1605 του
733 1582 832 1605 ναου.

285 1642 346 1666 769.
376 1630 443 1665 τῶν
482 1625 747 1679 τερατευμάτων
790 1641 800 1667 ;
841 1625 922 1663 Τῶν
970 1623 1177 1675 προφάσεων
1221 1624 1281 1662 καὶ

180 1705 214 1728 95
234 1687 467 1737 πλασμάτων.

287 1759 353 1784 763.
387 1747 481 1794 ἡμᾶς
500 1741 528 1779 δ’
546 1742 609 1779 οὒκ
622 1740 686 1779 οἴει
704 1756 713 1779 :
736 1742 789 1780 Οὐ
807 1739 955 1791 νομίζεις
971 1740 1148 1784 κάκείνους
1165 1743 1280 1778 ποθεῖν

235 1806 338 1852 ἡμᾶς

287 1875 349 1899 770.
373 1856 571 1910 χελιδόνες·
564 1887 572 1894 .
594 1857 639 1894 Αἱ
658 1860 816 1905 γυναῖκες
838 1853 1006 1901 δηλονότι.
1028 1850 1200 1906 χρησμός.

305 1932 351 1957 71
381 1915 571 1969 φαλήτωνῑ
593 1915 673 1952 Των
693 1912 841 1964 μορίων.

183 1991 216 2016 3ο
287 1990 351 2015 779.
367 1974 410 2012 τὰ
427 1973 454 2010 δ’
469 1971 639 2024 υπέρτερα
656 1971 825 2041 νέρτεραζ
817 1968 927 2008 .Τὰ’
913 1967 1171 2021 επικρατέστρα
1190 1967 1284 2004 εὖτε-

236 2032 384 2112 λέσ-τερα
403 2030 562 2076 ποιήσει,
580 2043 659 2071 τους
680 2027 806 2078 ἄνδρας
826 2026 997 2073 δηλονότι.

291 2104 355 2130 773.
389 2088 510 2127 ἐπάνω
523 2086 833 2136 κατακεισόμεθα;
855 2085 1025 2137 'Epona’
1011 2082 1129 2121 επάνω
1147 2097 1208 2120 του
1228 2083 1286 2118 αἷ-

239 2114 344 2188 δοίου.
362 2145 595 2198 κακεμεράτως
616 2145 651 2182 δὲ
671 2123 821 2187 ἐδέξατο.

292 2220 356 2246 774.
391 2205 575 2255 (διαστῶσι
592 2215 601 2241 :
620 2204 735 2253 Διχῶς
755 2200 967 2249 ἀποστῶσι.)

185 2286 219 2309 35
290 2279 354 2305 776.
383 2259 767 2312 καταπυγωνέστερον;
788 2258 1050 2309 Μαλακύτερον
1077 2272 1138 2294 και
1164 2270 1288 2308 πορνι-

238 2323 385 2374 κώτερον
405 2323 472 2358 τῶν
488 2317 695 2371 χελιδόνων,
710 2315 867 2355 τουτέστι
883 2318 950 2353 τῶν
969 2329 1154 2364 γυναικων.

292 2395 355 2420 785.
387 2373 448 2428 (ἠν
470 2375 646 2419 νεανίσκος
675 2374 874 2414 Μειλανίων
897 2387 905 2412 :
938 2372 1085 2418 Μήποτε
1111 2371 1209 2422 παρὰ
1225 2370 1288 2416 τὴν

241 2437 392 2490 ἱστορίαν
423 2435 570 2487 εἴρηκεν.
602 2435 640 2471 οὗ
660 2432 728 2484 γὰρ
750 2431 951 2471 Μειλανίων
982 2430 1105 2483 ἔφευγε
1133 2430 1288 2479 μαλλον,

243 2498 319 2533 ἀλλ’
339 2498 361 2541 ἡ
393 2491 601 2537 Ἀταλάντη.
631 2490 790 2536 επίτηδες
817 2489 853 2527 δὲ
879 2493 981 2526 τοῦτο
1008 2491 1027 2526 6
1059 2490 1128 2525 τῶν
1157 2487 1289 2538 ἀνδρῶν

191 2572 225 2595 40
243 2568 343 2607 χορος
359 2551 501 2602 ιστορεῖ,
512 2551 524 2599 )

295 2623 360 2650 789.
390 2605 584 2658 ἐλαγοθήρα
606 2617 616 2642 z
634 2604 879 2653 Ἐκυνηγέτει,
894 2602 1019 2653 λαγους
1039 2602 1158 2653 ἐθήρα.

297 2682 360 2707 790.
390 2663 602 2714 πλεξάμενος
629 2661 733 2714 ἄρκυς
755 2674 764 2699 :
787 2655 888 2703 Εἶδος
911 2659 1064 2698 δικτύου.
1090 2658 1166 2696 λίνα
1186 2674 1291 2705 κυνη-

246 2724 381 2778 γετικά.

299 2797 363 2822 795.
393 2778 484 2819 κατὰ
506 2780 618 2816 κοινοῦ
637 2776 676 2814 τὸ
696 2790 864 2826 μισουμεν
884 2773 944 2817 τὰς
962 2779 1141 2824 γυναῖκας.

199 2858 232 2882 45
305 2854 368 2878 796.
398 2841 429 2876 οἱ
450 2836 648 2888 σώφρονεςε
667 2833 813 2884 Ἐσμὲν,
834 2831 1105 2903 βδελυττόμεθα.

304 2912 370 2936 793.
401 2893 578 2946 κρόμμυόν
606 2893 635 2930 τ’
658 2892 711 2945 ἄρ’
741 2893 803 2929 οὐκ
830 2890 928 2928 ἔδει;
963 2892 1047 2928 Οἷον
1073 2886 1217 2926 κλαυσει
1232 2903 1290 2925 και

252 2971 358 3008 χωρις
377 2950 576 3006 κρομμύων.
603 2947 734 2995 ἢκατὰ
752 2948 791 2986 τὸ
811 2947 991 3001 εἰρημένον
1018 2946 1110 2992 ἅνω,
1136 2945 1192 2982 ἵνα
1218 2961 1290 2995 μη-

251 3027 334 3049 ποτε
351 3011 444 3082 ιράγῃ
463 3008 610 3060 σκόροδα
630 3006 689 3044 καὶ
705 3005 860 3056 κυάμους
880 3003 1080 3055 μέλανας.
1062 3020 1084 3049 η
1100 3003 1151 3041 ὅτι
1166 3002 1290 3054 δακρύ-

254 3085 299 3113 εις
314 3069 374 3106 καὶ
395 3083 502 3119 χωρις
520 3069 579 3103 τοῦ
604 3063 781 3116 κρόμμυον
810 3063 944 3100 ἐσθίειν.
964 3061 987 3108 ἢ
1007 3063 1045 3100 οὐ
1067 3060 1289 3110 πολεμήσεις.

201 3144 236 3169 50
306 3140 371 3165 799.
399 3141 439 3163 το
456 3122 607 3166 σκέλος
589 3139 611 3168 η
635 3121 674 3159 τὸ
695 3123 834 3160 αἰδοῖον.
851 3123 889 3154 R·

308 3198 372 3222 800.
403 3177 471 3220 οἷον
491 3181 649 3231 τιλθήσῃ.
673 3183 711 3213 R.

310 3254 375 3279 801.
405 3238 465 3277 καὶ
484 3236 691 3289 Μυρωνίδης
703 3236 770 3288 γὰρ
785 3231 826 3282 ἦν
851 3249 860 3274 1
879 3234 949 3274 Δύο
970 3233 1171 3285 Μυρωνίδαι
1191 3226 1292 3278 ἦσαν,

261 3303 306 3342 ὡς
325 3301 358 3336 ἐν
375 3302 449 3340 ταῖς
478 3293 812 3340 Ἐκκλησιαζούσαις
838 3295 918 3344 [303]
942 3292 1148 3337 δεδήλωται.
1176 3289 1292 3329 ἐνθάδε

260 3356 370 3394 τοίνυν
387 3354 559 3405 μέμνηται
576 3356 635 3390 τοῦ
653 3353 687 3388 ἐν
704 3351 905 3403 Οἰνοφύτοις
921 3349 1137 3395 νικήσαντος.

927 1394 990 1432 Ἔν
1017 1397 1059 1445 τῇ
1091 1393 1289 1445 ἀκροπόλει.
1340 1409 1355 1424 ³¹

884 211 1135 250 SCHOLIA
1162 210 1218 247 ΙΝ
1255 210 1686 249 LYSISTRATAM.

1372 309 1435 333 802.
1467 295 1693 347 μελάμπυγός
1715 311 1753 333 τε
1772 309 1780 334 :
1801 295 1891 338 Τοὺς
1921 294 2153 345 λευκοπύγους
2175 296 2220 338 ὡς
2235 309 2356 344 γυναι-

1319 352 1439 395 κώδεις
1453 353 1671 404 ἕκωμῴδουν.

1373 424 1436 449 804.
1466 413 1511 453 ὡς
1529 411 1564 448 δὲ
1580 410 1748 464 Φορμίων
1767 424 1775 449 :
1795 411 1977 462 Φορμίων,
1995 409 2206 462 στρατηγὸς,
2227 408 2358 462 σφόδρα

1321 467 1517 518 εὐδόκιμος,
1540 468 1716 506 Ἀσωπίου
1743 469 1825 512 υἱὸς.
1859 471 1904 512 ὡς
1925 467 2096 520 τριχώδης
2122 469 2157 506 δὲ
2180 468 2240 506 καὶ
2260 467 2361 510 αὐτὸς

1321 525 1381 562 καὶ
1400 526 1563 575 μελαίνας
1584 525 1695 576 πυγὰς
1711 526 1799 577 ἔχων
1821 528 2053 578 ἐκωμῳδεῖτο.
2381 538 2397 562 5

1376 598 1439 622 807.
1470 586 1518 636 τῷ
1537 584 1736 622 Μελανίωνι
1758 597 1766 621 1

1375 661 1438 686 808.
1472 647 1595 698 Τίμων
1624 642 1665 694 ἦν
1691 663 1741 690 τις
1764 661 1772 686 :
1802 647 1924 697 Τίμων
1951 643 2046 691 οὗτος
2075 643 2116 695 ἦν
2137 650 2154 685 6
2182 647 2363 698 λεγόμενος

1326 704 1567 758 μισάνθρωπος
1580 736 1591 755 ,
1613 705 1754 758 ὅν·ιρησι
1774 706 1929 751 Νεάνθης
1957 706 2025 742 ἀπὸ
2041 706 2191 757 ἀχράδος
2213 704 2364 742 πεσόντα

1324 763 1439 814 χωλὸν
1460 763 1636 814 γενέσθαι,
1654 764 1702 813 μὴ
1729 762 1955 815 προσιέμενον
1975 762 2010 800 δὲ
2028 765 2164 815 ἰατροὺς
2183 764 2365 800 ἀποθανεῖν

1327 821 1493 859 σαπέντα.
1514 822 1574 859 καὶ
1593 821 1681 870 μετὰ
1697 821 1758 867 τὴν
1775 821 1936 866 τελευτὴν
1951 822 2055 858 αὐτοῦ
2074 821 2131 858 τὸν
2148 820 2254 873 τάφον
2271 820 2364 858 ‹3252-
2387 828 2420 853 10

1326 894 1383 916 τον
1397 879 1552 930 γενέσθαι
1568 880 1633 917 ὑπὸ
1651 879 1828 925 θαλάσσης
1845 878 2096 931 περιρραγέντα
2107 908 2117 925 ,
2135 881 2168 916 ἐν
2185 879 2253 930 ὁδῷ
2268 882 2312 930 τῇ
2328 880 2367 916 ἐκ

1329 939 1503 989 Πειραιῶς
1518 940 1563 981 εἷς
1582 941 1755 990 Ζωστῆρα
1775 939 1835 976 καὶ
1856 935 1999 976 Σούνιον
2019 936 2181 989 φερούσῃ.

1790 585 1853 622 Σοὶ
1870 587 1918 636 τῷ
1937 584 2083 636 γέροντι.

1381 1015 1449 1039 809.
1481 1001 1557 1038 ἀντὶ
1582 1006 1641 1039 τοῦ
1664 1001 1792 1044 &eamq
1819 1001 1878 1039 καὶ
1906 1001 2063 1044 ἄστατος.
2088 1008 2126 1038 R.
2153 1023 2193 1028 —
2215 997 2371 1053 ἀΐδρυτος

1331 1058 1511 1097 ἀὸάτοισιν
1543 1074 1550 1098 :
1587 1054 1670 1098 Οἶον
1701 1060 1866 1103 ἀκάνθαις
1902 1059 2174 1112 τετριχωμένος,
2208 1058 2368 1112 σκληρός.

1330 1115 1472 1160 Ἄλλως.
1492 1118 1633 1170 σκόλοψι
1654 1118 1713 1156 καὶ
1730 1118 1922 1161 παττάλοις
1946 1117 2213 1170 ἠσφαλισμένος.
2394 1129 2425 1154 15

1385 1188 1450 1213 810.
1481 1175 1520 1213 τὸ
1541 1176 1731 1229 πρόσωπον
1750 1176 2057 1230 περιειργασμένος
2075 1189 2084 1215 :
2103 1175 2194 1215 Ἀντὶ
2209 1179 2269 1213 τοῦ
2290 1191 2374 1213 σκυ-

1333 1232 1482 1284 θρωπός.

1387 1304 1451 1328 811.
1481 1291 1642 1344 ἀπορρώξ
1661 1305 1669 1330 :
1691 1290 1758 1329 Διὰ
1781 1291 1843 1338 τὴν
1863 1291 2137 1345 μισανθρωπίαν.

1389 1366 1459 1391 815.
1496 1354 1609 1391 πολλὰ
1646 1354 1934 1408 καταρασάμενος
1972 1369 1982 1394 ;
2021 1354 2200 1401 Ἐπιεικὴς
2236 1349 2278 1402 ἦν
2317 1354 2377 1392 καὶ

1337 1426 1456 1463 εφευγε
1478 1411 1554 1454 τοὺς
1574 1413 1757 1465 πονηρούς.
2395 1423 2431 1448 9ο

1389 1483 1452 1508 817.
1486 1472 1531 1513 ὡς
1545 1472 1573 1507 εἰ
1593 1474 1693 1516 ἡμεῖς
1710 1475 1812 1522 ὑμᾶς.

1389 1540 1453 1566 891.
1484 1528 1562 1565 κατ’
1583 1529 1764 1581 ἐρώτησιν.

1390 1598 1455 1623 899.
1481 1584 1503 1631 ἢ
1526 1586 1680 1639 εἰρωνείᾳ
1702 1585 1851 1640 φησὶν,ἢ
1869 1587 2004 1633 ἀληθῶς
2019 1584 2185 1639 ἔφοὸήθη.

1391 1655 1454 1681 893.
1485 1644 1654 1682 λακτίσω.

1392 1713 1454 1739 824.

1392 1773 1454 1797 896.

1393 1830 1456 1854 839.

1394 1893 1457 1919 834.
1488 1879 1645 1917 τουτέστι
1670 1883 1731 1925 τ’ἧς
1748 1882 1854 1925 αὐτῆς
1870 1880 1947 1917 ὁδοῦ
1967 1879 2026 1916 καὶ
2046 1879 2208 1924 διανοίας.

1395 1951 1459 1977 835.
1490 1937 1609 1983 Χλόης
1630 1937 1817 1990 Δήμητρος
1837 1937 1927 1989 ἱερὸν
1953 1939 1988 1975 ἓν
2019 1938 2224 1990 ἀκροπόλει,
2249 1940 2283 1975 ἐν
2304 1931 2332 1991 ᾧ
2353 1940 2383 1976 οἱ

1344 1996 1514 2043 Ἀθηναῖοι
1543 1995 1660 2033 θύουσι
1688 1995 1794 2046 μηνὸς
1816 1996 2084 2047 Θαργηλιῶνος,
2111 1998 2157 2040 ὡς
2189 1996 2385 2050 Φιλόχορός
2404 2008 2439 2033 3ο

1344 2069 1445 2106 φησιν
1465 2055 1499 2091 ἐν
1517 2054 1565 2097 ς’.

1484 1700 1523 1737 τὸ
1542 1707 1736 1751 γυναικεῖον
1754 1702 1895 1741 αἰδοῖον.
2400 1716 2434 1740 ‘²5

1484 1758 1536 1795 ὅτι
1556 1759 1820 1811 ἀπεψιλωμένον
1838 1759 1936 1811 φησί.

1488 1816 1693 1866 μαινόμενον
1707 1819 1756 1868 τῷ
1770 1815 1884 1868 ἔρωτι.

1347 2164 1367 2172 -.
1397 2125 1460 2150 838.
1491 2112 1653 2164 κωμῳδεῖ
1669 2111 1842 2156 Κινησίαν
1859 2113 1904 2155 ὡς
1921 2113 2106 2164 κατωφερῆ
2126 2113 2174 2155 εἷς
2191 2111 2385 2150 συνουσίαν.

1345 2174 1386 2216 ἠν
1408 2169 1443 2207 δὲ
1461 2168 1762 2221 διθυραμὸοποιός.

1397 2241 1462 2267 839.
1492 2227 1666 2278 πέπαιχεν
1684 2226 1781 2278 παρὰ
1797 2227 1836 2264 τὸ
1855 2228 1973 2265 κινεῖν.

1399 2306 1462 2330 840.
1492 2291 1856 2344 παραλογίζεσθαικαὶ
1870 2290 2051 2338 τὰταύτην
2060 2292 2387 2343 παρακολουθοῦντα
2407 2308 2442 2334 35

1346 2351 1437 2397 πλὴν
1459 2344 1506 2388 ῶν
1528 2349 1806 2401 συνωμοσάμεθα
1828 2349 1877 2401 μὴ
1892 2356 2015 2398 ποιεῖν,
2032 2349 2191 2388 τουτέστι
2211 2351 2377 2390 συνουσιά

1347 2412 1427 2454 ζειν.

1399 2480 1462 2504 841.
1492 2467 1539 2508 εἷς
1559 2465 1600 2511 ἣν
1621 2464 1825 2515 ὠμόσαμεν.

1400 2537 1466 2562 844.
1498 2523 1559 2561 σύν
1581 2538 1634 2560 σοι
1656 2522 1801 2568 ὀπτήσω
1821 2525 1870 2574 τῷ
1887 2521 1992 2574 ἔρωτι
2013 2521 2083 2560 ἀπὸ
2103 2529 2303 2575 μεταφορᾶς
2320 2525 2388 2561 τῶν

1347 2583 1470 2632 κρεῶν.
2408 2594 2443 2619 40

1399 2651 1463 2677 847.
1492 2637 1605 2676 λείπει
1622 2637 1660 2674 τὸ
1684 2636 1796 2688 ἐγγύς.

1400 2698 1417 2732 ὃ
1437 2695 1530 2738 ἐντὸς
1549 2698 1616 2732 τῶν
1633 2696 1883 2746 φυλασσουσῶν
1905 2695 2088 2744 γυναικῶν.

1399 2766 1464 2791 849.
1496 2755 1530 2790 ἐν
1550 2752 1667 2804 ἡμέρα
1687 2755 1878 2789 σκοποῦσα.

1400 2830 1464 2853 859.
1495 2815 1612 2859 παίζει
1630 2815 1716 2866 πρὸς
1734 2814 1773 2851 τὸ
1793 2813 1874 2857 πέος
1894 2817 1939 2857 ὣς
1956 2813 2026 2852 ἀπὸ
2042 2814 2153 2864 δήμου
2173 2814 2272 2858 τινός.
2292 2815 2315 2861 ἢ
2333 2815 2390 2854 ἵνα

1347 2873 1499 2924 διαὸάλῃ
1521 2872 1620 2910 αὐτὸν
1640 2871 1730 2915 ξένον
1747 2871 1806 2909 καὶ
1822 2873 1960 2924 Θρᾷκα.
2409 2885 2444 2910 45

1401 2951 1467 2975 855.
1499 2936 1671 2979 διαπαίζει
1692 2934 1752 2977 τὰς
1771 2940 1936 2983 γυναῖκας
1953 2938 1998 2978 ὡς
2019 2934 2149 2987 ἐρώσας
2166 2924 2224 2973 τοῖ’]
2242 2940 2362 2974 κινεῖν.

1399 2994 1456 3033 διὰ
1475 2993 1655 3043 στόματος.

1400 3067 1464 3091 857.
1496 3052 1571 3089 ἀντὶ
1591 3055 1649 3088 τοῦ
1669 3049 1905 3102 φυλαττέσθω.

1401 3124 1461 3147 861.

1402 3180 1464 3205 869.

1402 3238 1464 3262 863.

1403 3300 1465 3325 864.
1497 3286 1565 3323 ἀπὸ
1590 3290 1649 3323 τοῦ
1680 3285 1816 3337 τείχους
1846 3287 2060 3324 κατελθοῦσα
2081 3283 2168 3322 ὅπου
2192 3282 2388 3336 ἐφύλασσον

1353 3347 1389 3382 αἱ
1410 3344 1657 3397 ἡμεροσκόποι.

1493 3112 1526 3146 ἐν
1548 3109 1728 3159 ἐρωτήσει.

1495 3166 1534 3203 τὸ
1552 3166 1678 3203 αἰδοῖον
1699 3163 1880 3203 δείκνυσιν.
2407 3185 2444 3210 50

1494 3223 1515 3269 ἢ
1533 3223 1693 3276 ἀργύριον
1710 3222 1732 3268 ἢ
1755 3223 1891 3275 μερίδα.
