2517 3792
1118 131 1301 170 AVIUM.

2167 152 2234 183 481

155 219 348 264 ἀλαζονεία.
381 223 472 268 Quae
503 219 642 256 inserta
673 225 762 256 sunt
796 231 842 255 ex
880 218 1007 254 Suidae
1032 218 1168 267 glossis
1232 218 1285 254 ait
1304 219 1435 256 solitos
1451 234 1530 258 esse
1553 231 1682 271 poetas
1699 225 1852 263 nomina
1872 226 1918 263 de
1938 228 2070 265 vicinis
2091 240 2242 268 mutua-

154 278 313 315 duabus.
334 282 453 315 Dian.

214 352 296 385 199,
318 339 364 373 23
390 335 411 381 ἢ
433 348 506 372 om.
533 339 577 372 R.
592 360 632 366 -
648 336 696 371 26
715 334 817 386 φησὶν
839 348 912 370 om.
936 338 981 371 V.

209 408 282 430 2υ2
305 398 351 431 R.
378 394 455 430 haec
478 401 623 429 tantum
645 391 778 434 habet,
802 390 901 434 τόπος
922 390 1108 444 σύμφυτος.

208 454 295 496 203,
324 466 371 500 29
392 451 493 488 Ἐπεὶ
514 455 534 497 ἡ
562 450 703 502 Πρόκνη
725 449 860 499 γαμετὴ
883 453 985 487 αὐτοῦ
1009 444 1072 496 ἦν,
1093 449 1167 495 ἥτις

153 513 199 547 R.
216 532 256 539 —
270 511 316 546 30
336 511 382 552 εἰς
402 508 543 555 ἀηδόνα.
563 510 723 545 Videtur
752 510 810 545 hic
842 510 1060 546 scholiastes
1090 523 1165 558 pu-

154 576 247 614 tare,
266 571 437 604 Procnen
456 582 615 604 uxorem
634 569 745 605 Terei
766 569 803 604 in
825 569 1022 604 lusciniam
1043 576 1164 603 trans-—

152 625 352 662 formatam
377 626 510 671 fuisse,
539 640 655 676 quum
679 626 725 662 sit
748 626 919 675 vulgata,
947 633 983 661 et
1019 625 1164 670 melior,

150 684 279 728 credo,
301 685 449 733 opinio,
467 698 549 721 eam
579 685 616 720 in
640 684 894 729 hirundinem,
917 683 1162 720 Philomelam

149 753 243 778 vero
268 755 437 778 sororem
470 743 506 779 in
540 742 757 787 lusciniam,
779 749 939 777 mutatas
964 741 1076 776 fuisse
1098 755 1104 775 :
1128 748 1163 776 et

150 800 203 836 sie
224 800 379 849 quidem
409 814 456 837 ex
481 801 643 836 nominis
672 801 866 836 notatione
892 800 990 835 ratio
1013 797 1159 834 suadet.

150 860 246 894 Nam
267 859 472 895 Philomela
492 858 559 895 ἀπὸ
573 861 632 895 τοῦ
660 859 768 909 φιλεῖν
788 856 831 893 τὰ
854 855 943 906 μέλη
968 857 1069 892 dieta
1089 864 1163 901 est,

149 916 252 964 quod
275 917 438 953 lusciniae
456 917 630 966 apprime
650 915 848 959 convenit;
866 927 949 962 quae
970 922 1006 950 et
1027 914 1110 963 plus
1127 921 1164 950 et

150 975 270 1010 multo
306 975 439 1011 melius
473 974 591 1019 canit,
626 985 736 1021 quam
779 984 1013 1020 (piaeeunque
1046 972 1164 1008 altera

149 1032 252 1078 avis;
276 1033 380 1069 nullo
403 1031 518 1068 modo
531 1044 636 1067 ”vero
662 1029 880 1075 hirundini,
918 1042 999 1079 quae
1028 1043 1162 1065 vocem

149 1089 305 1137 exilem,
345 1102 496 1125 raucam
522 1096 560 1124 et
589 1087 744 1124 minime
771 1095 916 1137 gratam
947 1088 1107 1134 emittit;
1126 1097 1163 1125 et

147 1149 276 1196 plures
292 1160 339 1183 ex
354 1146 519 1195 antiquis
533 1145 585 1182 ita
599 1154 842 1183 censuerunt.
860 1147 1032 1195 Hyginus
1049 1154 1161 1192 certe,

147 1206 214 1254 qui
244 1205 291 1241 de
325 1204 462 1241 sabulis
487 1218 535 1240 ex
567 1204 740 1253 professo
769 1205 944 1253 scripsit,
975 1218 1059 1254 cap.
1090 1218 1162 1240 λιν

145 1275 227 1298 eam
249 1270 365 1298 totam
389 1262 553 1299 fabulam
586 1270 726 1308 narrat,
758 1270 794 1298 et
826 1266 999 1299 Procnen
1029 1264 1065 1298 in
1097 1263 1160 1299 hi-

145 1320 359 1368 rundinem,
380 1320 623 1357 Philomelam
644 1321 682 1356 in
699 1320 894 1357 lusciniam
918 1329 1081 1357 mutatas
1101 1335 1162 1357 as-

144 1380 264 1416 serit:
286 1378 390 1428 quod
417 1392 438 1415 a
469 1378 635 1428 quodam
669 1379 828 1428 antiquo
859 1382 991 1415 Graeco
1027 1381 1161 1429 procul

144 1437 264 1474 dubio
289 1445 487 1487 acceperat
505 1451 512 1472 :
534 1437 632 1473 forte
657 1451 703 1473 ex
723 1437 917 1474 Nicandro
938 1439 977 1474 in
1001 1437 1159 1489 Ἑτεροι-

143 1494 311 1545 ουμένοις.
334 1498 381 1532 Et
403 1495 575 1531 maximae
594 1496 831 1532 auctoritatis
849 1505 960 1545 poeta
979 1498 1161 1547 Virgilius

144 1554 286 1603 Georg.
315 1557 333 1596 4
356 1553 409 1589 ita
427 1553 555 1597 sentit,
573 1566 691 1602 quum
712 1553 764 1589 ait
782 1567 789 1589 :

225 1639 338 1671 Absint
354 1641 386 1670 et
402 1639 480 1679 picti
495 1639 672 1678 squalentia
688 1640 775 1679 terga
790 1641 901 1672 lacerti

225 1685 396 1725 pinguibus
412 1695 430 1716 a
443 1685 593 1723 stabulis;
610 1693 830 1725 meropesque,
848 1687 983 1726 aliaeque
997 1689 1160 1729 volucres,

225 1735 258 1763 et
273 1732 418 1763 manibus
433 1736 552 1763 Procne
569 1734 680 1771 pectus
694 1733 816 1772 signata
829 1734 981 1765 cruentis.

225 1779 340 1810 Omnia
353 1787 427 1809 nam
442 1779 503 1809 late
517 1780 654 1817 vastant,
670 1779 820 1819 ipsasque
834 1781 979 1813 volantes

223 1833 278 1856 ore
292 1824 410 1864 serunt,
427 1824 554 1855 dulcem
569 1825 651 1856 nidis
664 1825 841 1857 immitibus
855 1836 971 1859 escam.

143 1904 238 1948 Quae
269 1901 397 1938 omnia
419 1901 613 1939 hirundini
632 1904 886 1950 conveniunt,
916 1919 1156 1956 nequaquan]

141 1959 321 1996 lusciniae.
351 1963 447 1997 Nam
475 1960 698 1997 hirundines
727 1974 817 2011 apes
846 1971 884 2000 et
915 1964 988 2000 alia
1015 1965 1158 2002 insecta

141 2018 310 2056 volatilia
331 2025 587 2068 assequuntur
609 2020 786 2068 volando,
808 2030 845 2058 et
873 2036 917 2058 ea
942 2023 1158 2073 depascun—

142 2084 232 2113 tur:
259 2085 298 2114 at
323 2077 493 2114 lusciniae
522 2091 669 2115 vermes
693 2087 907 2128 terrestres,
937 2096 1090 2131 erucas,
1121 2094 1158 2121 et

140 2137 213 2173 alia
241 2137 281 2173 id
308 2150 426 2187 genus
460 2147 680 2176 sectantur:
708 2148 745 2177 et
775 2140 829 2177 ibi
858 2150 1023 2191 nugatur
1057 2145 1157 2180 serio

140 2196 310 2241 Servius,
326 2197 393 2245 qui
412 2197 466 2233 sic
486 2197 619 2234 scribit
648 2212 655 2233 z

139 2259 248 2291 mine.
278 2258 377 2291 Nam
405 2257 661 2293 Philomelam
695 2259 925 2296 hirundinem
949 2275 1059 2297 versa
1088 2272 1153 2298 est.

140 2316 188 2349 Et
207 2313 366 2362 Virgilio
385 2314 463 2350 vim
487 2314 597 2360 facit,
614 2323 657 2351 ut
677 2328 763 2352 eum
781 2318 827 2352 ad
855 2331 962 2354 suam
984 2319 1156 2357 traducat

139 2371 378 2417 sententiam,
401 2380 437 2408 et
457 2372 491 2408 ei
510 2385 680 2410 errorem
704 2375 900 2421 attribuit,
922 2385 964 2412 nt
983 2380 1155 2415 Procnen

140 2441 211 2478 pro
233 2429 440 2466 Philomela
469 2431 656 2479 posuerit.
692 2435 739 2468 Et
767 2435 941 2482 quamvis
964 2435 1002 2471 in
1020 2437 1155 2473 eodem

138 2486 236 2523 libro
267 2487 424 2524 inferius
451 2501 534 2525 eam
569 2503 700 2527 rursus
725 2493 895 2540 proferat
927 2497 1153 2533 sententiam

137 2546 332 2596 Virgilius,
350 2546 442 2583 dum
459 2548 534 2583 ait:

685 2201 827 2235 Nomen
851 2206 978 2248 posuit
992 2216 1061 2250 pro
1089 2217 1156 2238 no-

217 2630 329 2666 Qualis
342 2632 477 2672 populea
489 2641 625 2665 moerens
639 2634 812 2674 philomela
824 2636 884 2668 sub
899 2638 1010 2671 umbra
1020 2663 1029 2679 ,

217 2679 352 2709 amissos
367 2679 513 2719 queritur
530 2680 638 2719 soetus,
654 2690 735 2722 quos
750 2682 850 2715 durus
866 2689 972 2716 arator

218 2722 394 2756 observans
405 2725 482 2756 nido
494 2726 665 2766 implumes
682 2729 822 2762 detraxit
837 2741 845 2761 ε
864 2733 897 2762 at
910 2732 963 2763 illa

218 2769 272 2800 flet
288 2773 428 2810 noctem,
446 2781 600 2813 ramoque
616 2775 731 2807 sedens
745 2777 924 2810 miserabile
941 2788 1070 2812 carmen

218 2815 373 2856 integrat,
388 2819 420 2849 et
432 2819 552 2851 moestis
565 2820 629 2852 late
643 2821 711 2853 loca
727 2824 894 2863 questibus
908 2825 1026 2866 implet.

136 2884 213 2921 Ubi
235 2886 359 2935 palam
383 2888 565 2938 Virgilius
591 2903 661 2939 per
687 2892 933 2931 Philomelam
953 2896 1149 2934 lusciniam

137 2942 334 2992 intelligit:
350 2945 454 2981 nulla
472 2946 573 2983 enim
591 2949 662 2984 alia
682 2950 762 2986 avis
777 2950 932 3001 (praeter
952 2953 1149 3004 lucifugas,

137 3013 221 3049 quae
241 3000 366 3037 dirum
385 3002 478 3051 quid
495 3003 654 3054 ejulant)
674 3016 786 3044 nocte
805 3010 916 3046 canit.
939 3011 998 3048 Ibi
1026 3020 1149 3049 tamen

136 3059 311 3107 pertinax
345 3061 499 3097 Servius
527 3075 659 3099 rursus
687 3066 846 3114 Virgilio
865 3069 943 3104 vim
976 3070 1082 3117 facit,
1113 3079 1150 3107 et

136 3117 189 3153 ait
213 3130 221 3152 τ
238 3118 446 3154 Philomela
458 3133 530 3167 pro
555 3126 681 3167 quavis
706 3137 772 3158 ave
791 3138 802 3158 :
819 3138 907 3161 nam
927 3132 1062 3174 species
1097 3138 1152 3163 est

135 3185 208 3219 pro
231 3187 375 3222 genere.
408 3179 455 3212 Et
486 3190 616 3214 rursus
647 3179 693 3215 ad
719 3180 798 3218 haec
833 3182 946 3219 verba
981 3184 1147 3232 ejusdem

136 3229 224 3268 libri
241 3245 251 3268 ε

1176 3042 1182 3074 Ι

299 3291 458 3322 Remeato
474 3300 492 3321 a
507 3292 658 3330 sanguine
675 3295 787 3325 Teucri
802 3303 810 3325 ε

295 3351 407 3379 senor..
432 3354 604 3382 Amsrorn.

1228 289 1286 322 re,
1307 285 1343 312 et
1361 278 1515 315 adducit
1536 280 1607 317 hoe
1631 283 1871 331 exemplum:

1312 358 1347 386 Et
1363 357 1510 387 manibus
1526 361 1644 389 Procne
1661 361 1772 398 pectus
1787 361 1910 401 signata
1927 364 2076 395 cruentis.

1226 427 1298 460 Pro
1328 427 1546 464 Philomela.
1577 431 1716 465 Contra
1752 432 1926 468 Servium
1957 441 2079 471 tamen
2112 444 2241 484 aperte

1227 490 1372 530 pugnat
1391 484 1580 520 Martialis
1600 486 1729 535 Epigr.
1755 487 1820 524 lib.
1848 495 1890 531 il,

1307 568 1371 598 Flet
1386 568 1559 599 Philomela
1573 570 1661 601 nefas
1680 572 1788 603 incesti
1802 576 1918 605 Tereos
1929 599 1937 613 ,
1954 576 1984 606 et
1999 586 2070 616 quae

1343 616 1432 645 muta
1448 615 1553 654 puella
1568 616 1641 654 suit,
1659 619 1784 656 garrula
1801 620 1901 651 fertur
1915 622 1994 652 avis.

1224 687 1320 720 Nam
1344 693 1448 720 muta
1480 686 1607 734 puella
1639 700 1714 722 non
1737 687 1807 723 suit
1837 693 2003 733 Procne,
2025 693 2089 728 sed
2114 694 2242 730 Philo—

1225 742 1340 787 mela3
1361 755 1428 778 nec
1447 744 1526 779 avis
1544 744 1618 780 ulla
1639 746 1754 794 magis
1770 748 1921 794 garrula
1941 762 2052 797 quam
2072 750 2243 797 luscinia,

1224 812 1307 846 quae
1327 800 1498 836 canendo
1522 801 1599 837 fere
1628 803 1831 852 rumpitur.
1867 808 2034 851 Tamen,
2068 820 2114 843 ne
2150 811 2242 856 quid

1224 855 1475 903 dissimulem,
1510 858 1731 896 scholiastes
1767 861 1919 898 videtur
1949 865 2057 913 sequi
2089 866 2240 903 Aristo-

1224 913 1358 961 phanis
1390 917 1637 963 sententiam,
1671 918 1737 966 qui
1767 921 1856 956 satis
1894 921 1994 959 clare
2028 922 2172 970 innuit,
2204 940 2243 960 se

1224 980 1359 1020 putare
1380 986 1539 1010 uxorem
1562 975 1672 1011 Terei
1692 976 1731 1012 in
1752 977 1962 1023 lusciniam,
1980 980 2130 1026 ἀηδόνα,
2154 994 2240 1018 mu-

1224 1037 1339 1065 tatam
1361 1031 1495 1075 fuisse,
1518 1031 1606 1067 dum
1630 1036 1802 1082 Epopem
1830 1049 1895 1072 seu
1924 1041 2087 1074 Tereum
2109 1039 2241 1076 dicen—

1224 1095 1296 1123 tem
1314 1088 1473 1134 inducit,
1490 1088 1552 1134 τὴν
1573 1089 1658 1138 ἐμὴν
1678 1091 1828 1139 ἀηδόνα,
1851 1103 1899 1140 et,
1918 1095 1980 1145 ἄγε
1998 1095 2144 1146 σύννομέ
2165 1112 2242 1146 μοιε

1222 1152 1259 1180 et
1284 1145 1404 1182 multo
1439 1148 1677 1195 expressius,
1694 1163 1810 1198 quum
1840 1152 1894 1188 ait
1927 1153 2123 1190 lusciniam
2147 1156 2242 1192 allo—

1223 1216 1362 1251 quens,
1391 1202 1449 1240 τὸν
1481 1203 1563 1253 ἐμὸν
1596 1205 1654 1242 καὶ
1685 1205 1744 1243 σὸν
1777 1207 1996 1261 πολύδακρυν
2017 1210 2125 1248 Ἴτυν.
2152 1216 2242 1262 ·Itys

1222 1262 1323 1297 enim
1354 1271 1435 1298 erat
1466 1263 1577 1299 Terei
1607 1272 1643 1299 et
1676 1267 1860 1313 Procnes,
1891 1282 1968 1304 non
1991 1282 2081 1306 vero
2109 1271 2240 1308 Philo-

1223 1320 1347 1366 melae3
1381 1329 1419 1358 et
1452 1321 1720 1371 Aristophanis
1751 1327 1974 1363 sententiam
2005 1336 2156 1364 secutus
2186 1338 2242 1365 est

1223 1380 1356 1415 Varro.
1383 1379 1455 1416 Sed
1476 1380 1513 1416 in
1535 1393 1578 1417 ea
1608 1382 1819 1429 quaestione
1852 1398 1928 1421 non
1963 1394 2020 1422 est
2051 1386 2241 1423 altercan-

1223 1436 1336 1484 dum,
1357 1446 1443 1474 utra
1463 1439 1511 1474 sit
1533 1439 1662 1475 verim-
1692 1442 1900 1485 sententia‚
1929 1443 2084 1492 quando
2114 1444 2239 1482 fabula

1223 1494 1309 1531 ficta
1337 1504 1374 1531 et
1402 1509 1421 1531 a
1448 1497 1606 1533 veritate
1629 1498 1750 1534 aliena
1775 1507 1841 1535 est.
1862 1500 1936 1537 Sed
1958 1515 2074 1550 quum
2101 1516 2241 1539 conve-

1222 1552 1301 1588 niat
1316 1553 1486 1590 lnsciniae
1510 1568 1647 1591 nomen
1670 1555 1903 1604 philomelae,
1925 1558 1970 1594 iis
1993 1559 2154 1606 accedo,
2173 1562 2238 1610 qui

1221 1610 1466 1648 Philomelam
1505 1612 1705 1649 lusciniam
1746 1623 1902 1658 vocant,
1942 1618 2113 1653 Procnen
2146 1632 2238 1655 vero

1221 1667 1480 1705 hirundinem.
1505 1673 1672 1706 Pimmn.

1276 1740 1364 1776 209,
1390 1728 1436 1763 35
1460 1727 1495 1764 δὲ
1515 1741 1590 1764 om.
1609 1732 1653 1765 R.

1275 1799 1363 1831 212,
1381 1787 1428 1828 45
1444 1799 1524 1835 sqq.
1542 1789 1637 1823 Cum
1653 1787 1725 1823 hoe
1737 1789 1984 1826 recentissimi
2002 1792 2235 1839 grammatici

1221 1844 1366 1880 scholio
1382 1845 1511 1881 confer
1543 1845 1749 1882 Eudociam
1768 1860 1805 1896 p.
1829 1849 2052 1894 327.D1Nn.

1275 1903 1350 1938 216
1368 1901 1467 1954 Ἠχὼ
1487 1903 1560 1940 ἀντὶ
1582 1907 1642 1941 τοῦ
1663 1906 1682 1949 ἡ
1709 1904 1804 1955 φωνή
1829 1920 1902 1943 σου.
1924 1906 1999 1943 ἀντὶ
2019 1911 2080 1945 τοῦ
2112 1909 2236 1961 χωρ-τ’,-

1220 1975 1272 1997 σει
1292 1965 1336 1998 R.

1276 2034 1364 2068 217,
1387 2021 1430 2057 15
1450 2019 1607 2071 Ἐλέγοις
1620 2026 1688 2063 τοῖς
1709 2021 1844 2073 Θρήνοις
1860 2027 1906 2062 R.

1274 2082 1362 2126 218,
1390 2094 1433 2128 19
1451 2078 1542 2117 Ἀντὶ
1565 2084 1625 2117 τοῦ
1648 2094 1726 2117 om.
1750 2083 1794 2117 R.
1812 2106 1851 2112 —
1868 2096 1916 2118 20
1940 2082 2004 2135 γὰρ
2022 2099 2097 2136 κυρ.
2111 2088 2156 2122 R.

1273 2138 1348 2173 225
1368 2137 1561 2186 διελέγοντο
1580 2142 1622 2174 V.

1273 2196 1364 2243 228,
1384 2197 1430 2232 33
1456 2196 1496 2234 τὸ
1517 2194 1551 2232 δὲ
1577 2196 1701 2234 ἐποποὶ
1721 2199 1781 2235 καὶ
1804 2196 1847 2234 τὰ
1864 2202 2007 2236 τοιαῦτα
2025 2200 2077 2237 δεῖ
2094 2201 2179 2238 Ald.
2194 2222 2235 2233 -ι

1220 2252 1265 2294 34
1289 2254 1331 2303 τῇ
1352 2255 1449 2304 φωνῇ
1470 2267 1545 2289 om.
1569 2257 1614 2289 V.
1636 2254 1721 2292 Ald.

1275 2310 1362 2356 231,
1386 2317 1434 2354 40
1454 2312 1575 2353 κοινῶς
1603 2314 1647 2348 R.
1672 2315 1717 2348 V.
1739 2341 1778 2344 -
1804 2317 1848 2355 41
1872 2306 1987 2349 εἶπεν·
2012 2313 2085 2350 ἐπεὶ
2117 2315 2156 2352 οὐ
2184 2319 2232 2356 V.

1218 2368 1304 2404 Ald.
1322 2394 1360 2400 -
1379 2375 1425 2413 44
1447 2371 1490 2419 τῇ
1509 2382 1583 2405 om.
1598 2372 1642 2406 R.

1276 2431 1365 2474 244,
1392 2440 1435 2462 12.
1456 2429 1473 2463 ὃ
1493 2427 1598 2469 ἑλεῖος
1620 2427 1700 2463 Ald.
1726 2428 1742 2463 ὃ
1762 2427 1871 2469 ἑλείας
1896 2431 1940 2464 V.

1273 2483 1361 2531 245,
1388 2498 1429 2529 17
1453 2484 1593 2521 ἐσθίετε.
1615 2487 1703 2521 Haee
1729 2485 1996 2534 interpretatio
2017 2495 2163 2535 spectat
2186 2489 2232 2524 ad

1215 2539 1382 2588 κάπτετε,
1404 2543 1464 2579 eui
1483 2543 1742 2592 superscripta
1758 2551 1814 2579 est
1831 2543 1870 2580 in
1889 2547 1935 2580 V.
1957 2547 2075 2581 DiNn.

1269 2606 1358 2649 249,
1382 2613 1429 2637 2ο
1449 2601 1540 2638 ἑλεῖα
1560 2605 1605 2638 V.
1627 2601 1713 2637 Ald.

1268 2658 1364 2704 250,
1392 2666 1514 2707 29-42
1538 2658 1670 2695 iisdem
1692 2659 1816 2697 verbis
1837 2660 2016 2709 leguntur
2031 2662 2132 2710 apud
2150 2666 2229 2698 Eu-

1212 2714 1358 2752 dociam
1389 2730 1426 2766 p.
1455 2717 1573 2753 36.—
1598 2718 1642 2763 37
1668 2716 1762 2768 παρὰ
1787 2720 1836 2769 τῷ
1867 2718 1987 2770 σίλλῳ.
2019 2722 2103 2755 Imo
2135 2733 2228 2756 vero

1212 2772 1307 2824 παρὰ
1327 2776 1376 2824 τῷ
1404 2775 1563 2826 αἰγιαλῷ.
1585 2775 1776 2812 Lucianus
1798 2776 1912 2812 etiam
1936 2776 1975 2812 in
1995 2777 2106 2812 initio
2136 2779 2229 2814 Hal-

1213 2833 1362 2878 cyonis,
1383 2832 1452 2869 ἀπὸ
1471 2834 1539 2869 τῶν
1551 2834 1732 2881 αἰγιαλῶν,
1748 2841 1785 2870 et
1807 2834 1980 2882 plerique
2000 2834 2063 2869 alii
2079 2834 2226 2882 halcyo-

1210 2904 1297 2928 nem
1321 2892 1356 2926 ἐν
1374 2895 1443 2932 τοῖς
1464 2891 1630 2940 αἰγιαλοῖς
1653 2892 1752 2940 quiri
1760 2892 1827 2927 tari
1846 2891 2011 2927 tradunt.
2026 2893 2227 2928 Hans-rm-

1211 2963 1296 2985 nus.
1325 2948 1371 2984 ad
1393 2949 1549 2985 Lucian.
1569 2950 1750 2997 Halcyon.
1776 2962 1807 2984 c.
1827 2963 1854 2994 1,
1882 2962 1920 2997 p.
1951 2949 2034 2993 178.
2057 2949 2126 2984 Vir
2151 2949 2223 2985 do—

1209 3015 1291 3042 ctus
1310 3019 1424 3055 penes
1444 3019 1556 3054 quem
1577 3007 1666 3042 olim
1690 3007 1760 3042 fuit
1778 3006 1974 3054 exemplar
1995 3019 2120 3042 meum
2143 3008 2224 3043 edi—

1210 3064 1323 3100 tionis
1342 3063 1498 3099 Kusteri
1528 3064 1605 3099 ha’c
1624 3063 1825 3111 adscripsit
1842 3076 1850 3097 :
1871 3078 1885 3094 «
1903 3062 2037 3114 Σίλλῳ]
2055 3064 2224 3100 Eudocia

1209 3133 1245 3168 p.
1277 3121 1323 3155 36
1353 3119 1415 3155 dat
1442 3118 1586 3170 τύμὸῳ,
1606 3119 1707 3168 quod
1725 3119 1838 3155 habet
1857 3126 1895 3154 et
1912 3121 2100 3167 Varinus,
2123 3121 2222 3158 unde

1208 3191 1275 3213 sua
1292 3178 1417 3214 hausit
1433 3177 1678 3229 ψευὸευδοκία,
1700 3190 1797 3225 quae,
1818 3178 1892 3214 nisi
1915 3191 1974 3214 me
1999 3178 2128 3215 omnia
2146 3178 2220 3217 fal-

1208 3236 1310 3284 lunt,
1330 3244 1384 3272 est
1402 3237 1482 3284 ipse
1503 3235 1679 3271 Varinus.
1698 3237 1739 3270 V.
1758 3248 1818 3271 me
1837 3235 1884 3271 ad
1900 3235 2094 3272 Varinum.
2111 3253 2126 3269 »
2149 3239 2220 3274 Re-

1208 3293 1291 3342 cepi
1318 3293 1594 3330 Hemsterhusii
1622 3292 1936 3331 emendationem.
1970 3293 2092 3345 τύμὸῳ
2126 3308 2219 3332 vero

2048 3365 2080 3382 ’Μ

2047 3385 2082 3394 υ.
