2533 3808
274 189 348 221 (524

273 267 416 305 Alycus,
439 265 659 305 Peloponnesi
678 263 781 301 urbs,
799 264 833 294 in
851 270 920 302 qua
942 261 1069 292 colitur
1084 261 1282 300 Neptunus,

314 313 388 350 Lys.
408 314 467 341 403

271 357 504 395 Amarynthus
515 366 525 386 .·
536 355 580 386 ibi
593 357 796 394 Aqamemno
806 356 930 386 Dianoe
942 353 1133 385 immolavit
1145 354 1285 383 arietem

312 403 401 432 κόλον
418 402 527 432 :unde
540 401 583 432 ibi
600 403 716 432 Diana
734 401 891 439 Coloenis,
906 399 1129 441 Euphronius
1142 401 1199 430 Av.
1213 401 1283 429 874.

273 447 405 485 Amasii,
428 449 483 479 Pl.
512 450 681 478 153-159.

272 494 423 531 Amasis,
441 503 504 525 rex
523 495 680 533 AEqypti,
696 493 952 525 Atheniensibus
963 491 1156 532 petentibus
1171 491 1286 531 famis

313 538 692 577 temporefrumentum
706 541 814 578 misit,
834 539 887 570 ΡΖ.
909 542 977 570 178.

271 585 446 615 Amatores
467 588 679 616 amasiorum
696 588 833 616 nomina
849 585 995 616 scribunt
1009 584 1041 614 in
1055 583 1156 615 muris
1166 607 1174 623 ‚
1189 583 1286 614 arbo-

311 630 426 668 ribus,
435 630 549 669 foliis,
565 632 674 662 addito
687 631 792 670 καλός,
811 631 889 663 Ach.
910 633 985 669 144,
1002 632 1095 669 Vesp.
1111 633 1161 661 98.

273 679 443 706 Amazones
468 676 500 707 in
517 677 607 717 equis
627 686 700 707 cum
727 677 803 708 viris
825 679 1002 716 pugnantes
1020 676 1114 715 pictae
1130 684 1149 706 a
1165 675 1287 706 Micone

310 724 344 752 in
361 723 495 761 Poeci'le,
512 726 588 763 Lys.
605 727 663 754 678
677 733 725 763 sq.
740 725 978 755 ,vernorantur
994 723 1036 753 ib.
1058 725 1124 753 191.

270 768 511 808 Ambraciotce5
534 773 655 801 contra
670 779 723 801 cos
739 772 844 802 Cares
865 770 992 801 bellum
1013 768 1228 800 meditantur
1243 767 1285 806 (e.

312 816 410 854 nos),
424 817 478 846 Pl.
499 820 586 848 1002.

269 863 433 900 Aminios,
451 864 621 902 Pronapis
635 862 730 899 filius
741 861 813 902 [sed
826 870 856 893 v.
874 861 1019 902 notam],
1037 860 1178 898 archon,
1197 859 1285 890 Nub.

311 909 360 938 31.
380 910 533 939 Aminias
551 908 700 947 archon,
715 912 795 948 Ara.
811 909 901 940 Nub.
920 911 955 947 V,
972 911 1045 947 549,
1060 910 1136 946 Ara.
1155 908 1285 946 l'espJ.

269 953 444 992 AmipsiaS,
469 957 561 994 poeta
584 955 727 985 comicus
745 955 840 994 vilis,
864 957 952 986 Ran.
979 958 1027 985 15.
1051 955 1135 985 Vicit
1159 954 1288 984 Aristo-

302 999 456 1038 phanem
480 1003 515 1031 in¹
536 1001 690 1032 Nubibus
708 1001 897 1040 prioribus,
915 1003 992 1039 Ara.
1018 1002 1055 1038 V,
1080 1002 1112 1030 et
1133 1003 1203 1030 525.
1219 1000 1291 1029 Ari-

309 1047 509 1085 stophanem
527 1051 605 1079 risit
619 1049 707 1088 quod
725 1049 920 1079 Callistrati
932 1050 963 1078 et
978 1047 1171 1078 Philonidte
1187 1049 1290 1077 nomi-

310 1092 564 1132 nibussabulas
580 1094 723 1133 doceret,
743 1095 838 1126 Prot.
858 1097 920 1133 XI,
938 1098 973 1125 13
985 1103 1050 1134 39.,·
1066 1095 1150 1132 XII,
1167 1098 1202 1124 10
1216 1102 1286 1133 sqq.

270 1142 425 1169 Ammon:
441 1140 481 1171 ad
501 1150 574 1172 eum
594 1143 629 1172 in
652 1142 793 1181 Libyam
810 1141 1056 1181 proficiscuntur
1071 1149 1158 1171 sacra
1174 1139 1288 1170 facturi

310 1187 342 1215 et
353 1187 533 1218 oraculum
547 1189 771 1225 sciscitaturi,
785 1191 842 1219 Ar.
860 1187 995 1218 619.1b.
1011 1190 1082 1218 716.

269 1235 377 1271 Amor,
390 1233 502 1274 Ἔρως,
518 1235 610 1265 Eccl.
625 1237 696 1272 957,
711 1238 771 1265 966
781 1246 789 1273 ;
801 1235 917 1273 alatus,
928 1236 985 1264 Ar.
999 1236 1055 1264 574
1067 1244 1075 1271 3
1087 1233 1288 1272 γλυκύθυμος,

309 1281 389 1318 Lys.
407 1283 478 1311 551.
496 1284 593 1311 Amor
610 1281 845 1320 desiderabilis,
864 1280 969 1311 aureis
989 1280 1047 1311 alis
1068 1280 1101 1310 in
1121 1282 1226 1317 tergo,
1249 1287 1289 1308 ex

310 1334 372 1356 ovo
387 1327 497 1357 Noctis
512 1328 684 1366 processit;
703 1327 815 1358 deinde
831 1328 914 1358 alato
932 1328 1018 1358 Chao
1035 1326 1152 1357 mistus
1167 1326 1199 1355 in
1213 1329 1289 1356 Tar-

309 1373 379 1402 taro
396 1374 564 1412 progenuit
577 1374 685 1404 avium
703 1383 813 1413 genus,
829 1376 902 1404 ante
919 1373 994 1404 deos
1010 1375 1041 1405 et
1059 1372 1215 1410 homines,
1231 1375 1288 1402 Ar.

311 1421 370 1448 696
390 1427 461 1459 sqq.
486 1423 583 1450 Amor
604 1421 710 1451 omnia
733 1419 876 1458 miscuit,
905 1420 988 1450 unde
1014 1419 1132 1459 prodiit
1153 1419 1289 1456 coelum,

310 1465 470 1504 Oceanus,
485 1469 593 1504 Terra,
611 1465 657 1496 dii
670 1468 701 1497 et
718 1466 875 1504 homines,
894 1468 1066 1496 700—702.
1090 1470 1186 1495 Amor
1203 1465 1289 1504 ἀμςι-

311 1511 412 1549 (iai-fig,
431 1513 452 1542 i.
469 1520 496 1542 e.
507 1515 685 1552 patrimus
703 1515 735 1543 et
753 1515 947 1550 matrimus,
966 1512 1068 1542 aureis
1085 1511 1142 1542 alis
1161 1520 1290 1542 currum

311 1557 439 1597 regebat
456 1558 488 1589 in
507 1559 627 1598 nuptiis
643 1559 732 1590 Jovis
751 1562 783 1590 et
799 1559 948 1597 Junonis,
972 1567 1082 1589 eorum
1103 1558 1268 1597 pronubus
1281 1582 1289 1596 ,

310 1606 368 1634 Ar.
393 1607 605 1636 1737-1741.
630 1608 727 1636 Amor
748 1606 854 1645 pictus
877 1613 899 1636 a
921 1604 1076 1636 Zeuxide
1093 1604 1233 1635 Athenis
1256 1606 1291 1634 in

313 1651 437 1690 templo
454 1653 599 1690 l‘eneris,
616 1654 701 1682 rosis
716 1654 914 1690 coronatus,
929 1651 1008 1682 Ach-
1021 1654 1078 1682 991
1094 1659 1143 1691 sq.

270 1700 434 1736 Amorqus
452 1699 580 1737 insula,
596 1699 686 1730 unde
699 1699 871 1737 amorginae
888 1698 1066 1737 snbuculae,
1081 1699 1157 1736 Lys.
1179 1701 1247 1728 150.

272 1744 480 1783 Ampeliotte‚
492 1744 604 1783 Libyae
612 1745 765 1784 populus
775 1748 814 1782 (c.
826 1745 921 1783 not),
937 1744 1074 1783 Delphis
1085 1743 1291 1775 dedicabant

311 1790 440 1820 caulem
456 1790 587 1829 silphii,
605 1793 686 1822 teste
703 1791 949 1828 Alexandride,
965 1791 1020 1821 Pl.
1034 1793 1105 1821 925.

272 1835 500 1874 Amphiaraus,
517 1836 651 1874 sabula
668 1837 907 1876 Aristophanis
923 1847 932 1867 :
950 1845 979 1867 υ.
992 1836 1046 1875 sr.
1065 1838 1207 1867 83——104
1219 1859 1228 1874 ,
1253 1844 1289 1875 p.

313 1885 372 1913 459
395 1892 466 1923 sqq.
491 1884 690 1924 Amphiarai
699 1884 782 1923 fitia
800 1886 877 1915 Iaso
903 1884 998 1923 apud
1013 1883 1290 1923 Aristophanem,

314 1929 368 1959 Pl.
386 1932 457 1960 701.

272 1975 529 2015 Amphictyones
556 1987 566 2007 .·
597 1976 699 2016 leqati
737 1977 950 2017 ἱερομνήμονες
975 1979 1006 2007 et
1034 1976 1217 2015 Pytayorar
1247 1975 1294 2006 ad

313 2031 428 2052 eorum
448 2025 660 2060 conventum,
679 2023 832 2060 coronati,
848 2023 936 2054 Ναί).
954 2026 1024 2053 623.

273 2067 673 2107 Amphidromia‚festum
697 2068 827 2099 decima
853 2068 906 2099 die
920 2070 997 2107 post
1011 2071 1157 2108 partum
1177 2068 1295 2099 libero-

314 2123 405 2152 rum,
425 2115 545 2154 quibus
563 2117 634 2145 tum
651 2124 767 2145 nomen
782 2115 947 2154 (labatur,
965 2117 1041 2154 Lys.
1062 2118 1132 2146 757.

275 2161 442 2199 Amphion.
467 2161 656 2200 Amphionis
678 2161 792 2191 domus
815 2161 948 2192 fulmine
970 2170 1098 2199 eversa,
1132 2163 1167 2191 in
1189 2161 1294 2192 Niobe

312 2207 465 2246 sEschyli
479 2230 488 2244 ,
503 2209 561 2237 Ae.
582 2209 669 2239 1247.
691 2207 770 2238 lide
784 2207 982 2246 Amphodus.

274 2253 483 2293 Amphipolis
506 2255 539 2283 in
564 2253 712 2285 Thracia
727 2254 796 2285 :ibi
819 2254 1050 2285 occubuerunt
1072 2253 1239 2285 Brasidas
1261 2256 1294 2284 ct

317 2301 430 2335 Cleon,
449 2302 529 2331 Pac.
547 2302 617 2330 284.

273 2347 484 2386 Amphitheus
503 2348 535 2377 in
556 2346 829 2377 Acharnensibus
846 2348 965 2385 (orator
977 2346 1095 2385 fictus),
1118 2346 1172 2386 qui
1196 2355 1295 2385 genus

313 2401 407 2423 suum
421 2392 550 2423 deducit
565 2392 605 2422 ab
627 2393 758 2432 antiqno
774 2392 976 2432 Amphitheo,
993 2392 1113 2423 Cereris
1126 2394 1158 2423 et
1172 2392 1293 2431 Tripto-

314 2439 388 2470 lemi
402 2439 479 2477 filio,
494 2441 562 2469 sice
570 2441 687 2478 potius
703 2438 887 2476 sacerdote,
904 2438 1078 2470 ludicrum
1094 2440 1128 2469 in
1145 2438 1294 2476 modam,

314 2488 354 2516 ‘ut
369 2486 473 2516 simul
488 2484 667 2524 Euripidei
681 2486 812 2524 proloqi
834 2485 1032 2516 rideantur.
1046 2484 1111 2515 Sibi
1124 2484 1296 2514 immortali

317 2531 516 2562 commisisse
542 2531 618 2561 deos
652 2531 710 2561 soli
740 2534 775 2561 ut
805 2540 912 2570 pacem
942 2540 1016 2561 cum
1051 2531 1297 2562 Lacedaemoniis

315 2580 485 2617 componat
501 2587 507 2606 :
527 2577 583 2607 sed
606 2586 657 2616 pr)
665 2579 754 2607 tanes
770 2586 867 2616 egeno
891 2577 1045 2607 viaticum
1062 2586 1124 2607 non
1142 2578 1294 2616 praebere.

317 2624 508 2661 Abducitur,
523 2622 739 2653 intercedente
754 2622 978 2662 Dicaeopolide,
992 2625 1124 2653 46—58.
1140 2628 1166 2654 A
1176 2633 1239 2662 quo
1256 2624 1294 2654 ad
1308 2651 1312 2655 ,

316 2668 573 2701 Lacedaemonios
590 2669 739 2706 mittitur,
757 2671 793 2698 ut
814 2668 938 2708 privam
956 2677 1065 2708 pacem
1089 2668 1167 2707 ipsi,
1188 2669 1296 2700 liberis

316 2719 347 2747 et
360 2715 452 2745 uxori
466 2717 650 2754 componat,
667 2717 825 2745 129-133
851 2714 944 2745 Redit
958 2723 1031 2744 cum
1041 2714 1137 2744 variis
1151 2714 1296 2754 induciis,

317 2762 536 2793 Acharnenses
552 2761 650 2791 duros
666 2764 699 2791 et
715 2760 881 2791 bellicosos
898 2762 1042 2791 metuens
1055 2784 1063 2797 ,
1081 2763 1124 2798 et,
1142 2760 1225 2792 datis
1242 2761 1294 2791 Di-

317 2808 484 2849 caeopolidi
506 2807 738 2838 tricennalibus
753 2807 904 2845 induciis,
922 2807 1013 2846 fugit,
1036 2809 1173 2838 175-203.

277 2855 466 2895 Amphodus
481 2854 646 2885 vocandus
666 2855 734 2884 erat
750 2852 944 2893 (Amphion)
958 2877 966 2891 ,
997 2853 1126 2884 Thcsm.
1143 2853 1221 2891 att„
1240 2853 1295 2892 fr.

321 2904 392 2933 304.

276 2948 416 2988 Amyclae
432 2957 439 2977 :
455 2946 500 2977 ibi
514 2947 619 2978 cultus
635 2946 759 2986 Apollo,
778 2947 854 2985 Lys.
878 2949 965 2977 1299.

279 2993 430 3034 Amynias
451 2995 486 3024 ut
499 2993 632 3024 timidus
646 2992 880 3032 pei-stringitur,
896 2994 915 3029 ἡ
929 2992 1054 3032 Ἀμυνία
1071 2992 1180 3032 potius
1196 2992 1300 3032 appel·

317 3040 443 3078 landus,
459 3040 547 3071 Nub.
559 3043 733 3071 686-692,
747 3041 772 3070 A
786 3041 926 3070 Comicis
936 3041 1110 3079 prceterea
1121 3041 1161 3070 ut
1174 3040 1299 3078 nioltiS,

318 3088 499 3127 qloriosus,
510 3086 734 3125 sycophanta,
750 3086 884 3124 leyatus
896 3085 1022 3125 infidus
1032 3088 1298 3129 perstrinqitur,

320 3136 392 3164 691.
408 3132 572 3171 Amynias‚
590 3131 741 3171 Pronapis
758 3131 854 3171 lilius,
871 3134 995 3163 amator
1008 3132 1084 3163 aleae
1098 3141 1104 3162 :
1123 3140 1143 3163 a
1159 3134 1300 3164 Cratino

313 3180 561 3220 perstrinyitur
587 3180 691 3209 etiam
716 3180 756 3209 ut
773 3180 984 3216 assentator,
1004 3179 1173 3218 qloriosus
1186 3203 1195 3218 ‚
1213 3188 1303 3219 syco-

313 3226 472 3267 phanta,
498 3227 590 3263 Vesp.
609 3225 646 3256 74
664 3233 731 3264 39.,·
752 3233 858 3265 porro
874 3225 1177 3264 perstrinqebatur
1194 3227 1231 3256 ut
1242 3235 1302 3265 po-

315 3272 393 3313 puli
406 3279 494 3310 osor,
511 3271 698 3311 improbus,
715 3280 828 3302 comas
843 3272 940 3303 alens
951 3296 961 3310 ‚
979 3272 1022 3303 ib.
1042 3275 1114 3310 466,
1129 3271 1184 3303 ubi
1200 3274 1303 3312 Κομη-

319 3319 461 3358 ταμυνία.
479 3318 552 3351 Selli
576 3317 661 3349 tilius
685 3326 754 3349 esse
762 3318 928 3358 finqitur,
945 3328 1010 3359 quo
1022 3321 1215 3359 paupertas
1230 3321 1302 3359 ejus

320 3366 458 3396 notetur
467 3376 477 3397 .·
486 3366 563 3396 erat
577 3367 694 3396 autem
707 3365 1043 3405 Pronapisfilius,de
1054 3365 1183 3397 crobvli
1197 3374 1302 3405 prosa-

956 175 1108 213 INDEX
1131 175 1363 212 NOMINUM
1388 175 1454 212 ET
1483 176 1669 215 RERUM.

1388 259 1453 299 pia,
1463 261 1612 301 stolidus,
1624 262 1835 295 famelicus‘ut
1845 263 2019 304 Antiphon,
2027 264 2150 305 legatus
2158 265 2356 305 Pharsalum,

1386 305 1442 336 ubi
1455 306 1537 337 inter
1549 310 1699 339 Penestas
1716 309 1887 341 Thessaliae
1903 311 2042 350 vivebat,
2058 310 2126 351 ipse
2138 313 2174 342 ut
2189 311 2244 351 qui
2260 311 2358 342 maxi·

1387 360 1437 382 me
1453 356 1600 392 penesta,
1623 357 1714 395 I'esp.
1737 359 1948 388 1267—1274.

1346 400 1495 438 Amynias
1507 424 1515 439 ,
1541 401 1678 432 creditor
1695 403 1883 442 strepsiadae
1898 406 1933 434 in
1956 404 2129 442 Nubibus,
2156 407 2213 443 31,
2230 403 2361 435 advenit

1387 445 1520 485 perditis
1542 455 1596 486 per
1620 449 1819 488 ἱπποτροφίαν
1840 449 1995 488 fortunis,
2015 453 2051 480 ut
2067 449 2215 481 reddatur
2231 449 2293 481 sibi
2309 449 2360 480 de-

1386 492 1491 524 bitum
1517 497 1638 533 petens.
1666 499 1692 525 A
1720 495 1898 534 Strepsiade
1925 496 2096 528 insolenter
2121 495 2303 527 ludificatur
2329 497 2363 528 et

1386 539 1515 616 sicilmgilo
1525 542 1679 580 tanquam
1692 550 1794 581 equus
1805 541 1954 581 abigitur,
1971 545 2184 582 1258—1302,
2197 542 2276 574 coll.
2289 541 2359 573 sch.

1387 593 1409 615 α
1481 589 1507 616 l.

1346 633 1505 670 Amynon,
1523 640 1590 662 non
1609 631 1763 671 medicus,
1781 632 1839 663 sed
1852 635 1970 664 orator
1981 634 2168 674 ἡταιρηκώς,
2180 634 2270 666 Eccl.
2289 637 2360 665 365.

1346 680 1510 708 Anacreon
1524 678 1630 717 Teius,
1642 678 1760 717 mollis,
1775 678 1904 710 Thesm.
1920 682 1986 710 161.
1999 681 2204 713 Anacreontis
2213 680 2361 720 scolium‚

1383 722 1439 761 fr.
1459 728 1487 754 2.

1346 769 1660 807 Anacyndaraxus,
1679 769 1927 809 Sardanapalli
1936 773 2053 811 pater,
2067 774 2126 803 Av.
2146 774 2236 803 1021.

1346 815 1703 855 Anadiplosisfiqura,
1719 817 1809 847 Nub.
1829 820 1900 848 267.
2309 842 2318 849 2

1346 862 1474 901 Ἀνάγκη
1489 862 1679 898 (secundum
1692 862 1863 893 nonnullos
1874 862 2026 903 judiciale
2043 862 2128 902 vas),
2137 862 2194 902 fr.
2211 866 2282 894 512.

1347 912 1654 948 Anagyrus‚pa9us
1675 911 1817 947 Atticoe,
1842 910 1886 941 ab
1906 912 2064 950 Anaqyro
2081 910 2198 948 heroe,
2220 911 2298 948 Lys.
2313 911 2363 940 67.

1389 956 1715 995 Anagyrus,fabula
1734 956 1974 997 Aristophanis
1995 967 2006 988 .-
2026 956 2117 996 v.sr.
2135 958 2364 996 135—155‚p.

1390 1003 1448 1032 466
1462 1010 1532 1042 sqq.

1347 1048 1586 1088 Anaphlystius‚
1600 1058 1643 1081 εχ
1659 1049 1754 1081 demo
1767 1051 1900 1088 Atticoe,
1916 1052 2000 1081 Ran.
2017 1051 2090 1088 427,
2111 1048 2368 1089 ubifictum“vi-

1389 1094 1491 1126 detur
1503 1096 1546 1126 ab
1556 1097 1687 1137 ἀναφλᾱν
1701 1108 1709 1136 ;
1721 1099 1799 1128 item
1813 1097 2041 1137 Anaphlystius
2054 1097 2161 1135 homo,
2176 1096 2222 1128 ad
2234 1095 2368 1137 ἀναφλᾶν

1389 1141 1588 1181 alludentia,
1605 1144 1696 1174 Eccl.
1715 1147 1785 1175 979.

1348 1188 1537 1265 Anar2h3*sis
1550 1213 1558 1228 ,
1582 1190 1698 1235 altera
1713 1190 1879 1229 diessesti
1897 1191 2164 1230 Apaturiorum,
2185 1191 2269 1221 Pac.
2288 1191 2366 1228 890,

1389 1236 1433 1264 Ac
1462 1259 1468 1265 .
1488 1237 1554 1266 146.

1349 1286 1513 1319 Anchiale
1527 1296 1621 1319 :eam
1642 1290 1675 1320 et
1699 1291 1845 1320 Tarsum
1871 1290 1907 1320 in
1919 1288 2044 1323 >Cilicia
2055 1296 2124 1320 uno
2140 1287 2194 1319 die
2213 1285 2368 1319 condidit

1389 1333 1678 1373 Sardanapallus,
1693 1337 1751 1366 Aa.
1771 1338 1859 1365 1021.

1349 1380 1576 1410 Anchomenus
1593 1382 1649 1419 (?),
1673 1383 1810 1420 Taqen„
1819 1380 1875 1419 sr.
1892 1382 1964 1411 430.

1349 1426 1510 1466 Anchusa,
1526 1427 1631 1458 herba
1648 1436 1676 1458 s.
1701 1427 1808 1458 radix
1830 1427 1876 1458 ad
1881 1426 2007 1466 sucum
2020 1424 2223 1457 mulieribus
2237 1434 2370 1466 paran-

1391 1471 1487 1511 dum,
1500 1475 1577 1512 Lys.
1596 1476 1647 1512 48,
1662 1473 1756 1504 Eccl.
1771 1476 1843 1504 929.

1351 1525 1496 1564 Ancylio,
1513 1528 1603 1565 pater
1616 1526 1741 1565 M5rtiae
1751 1528 1927 1567 panarioe,
1948 1527 2045 1565 Vesp.
2067 1526 2157 1556 1397.
2178 1523 2318 1563 Ancytio
2334 1525 2370 1554 in

1391 1572 1562 1604 comoediis
1586 1575 1729 1605 notatur
1753 1575 1901 1604 matrem
1924 1572 2016 1603 male
2041 1572 2208 1602 tractasse
2223 1594 2234 1609 ,
2274 1572 2367 1610 l’esp.

1396 1621 1407 1647 1
1418 1619 1486 1649 178.

1351 1664 1539 1696 Andocides
1556 1668 1686 1705 orator,
1694 1666 1796 1706 filius
1810 1669 1980 1706 Leoyorae,
1995 1664 2084 1697 Nub.
2101 1667 2178 1702 109;
2187 1666 2292 1705 pater
2311 1665 2372 1696 An-

1394 1711 1556 1751 tiphontis
1573 1714 1614 1751 (v.
1634 1714 1730 1753 not),
1751 1715 1844 1753 Vesp.
1867 1716 1956 1744 1270.
1971 1711 2153 1744 Andocidae
2171 1711 2290 1743 her-ma
2304 1719 2371 1743 non

1392 1761 1608 1798 amputatuS,
1631 1761 1713 1790 teste
1729 1760 1945 1798 Philochoro,
1960 1761 2038 1799 Lys.
2061 1760 2139 1789 1094

1351 1805 1504 1836 Andreas
1517 1808 1778 1845 yrammaticus,
1793 1809 1863 1838 not.
1879 1806 1927 1837 ad
1941 1808 2015 1845 Lys.
2031 1808 2122 1836 1087.

1351 1856 1524 1889 Androcles
1537 1869 1557 1890 a
1575 1861 1717 1890 Comicis
1729 1861 1981 1899 perstrinqitur
1990 1859 2031 1889 ut
2044 1865 2183 1895 servus,
2198 1855 2369 1894 medicus,

1391 1905 1577 1943 ἡταιρηκώς,
1592 1907 1834 1943 crumeniseca,
1858 1907 1950 1944 I'esp.
1973 1907 2061 1935 1187.

1351 1949 1566 1989 Andromeda,
1580 1951 1643 1981 filia
1662 1950 1790 1990 Cephei,
1806 1951 1862 1990 qui
1877 1951 2026 1990 exposuit
2038 1958 2107 1980 eam
2130 1950 2200 1980 ceto
2212 1971 2220 1986 ‚
2239 1947 2369 1979 Thesm.

1397 1998 1473 2026 1056
1490 2005 1553 2036 39.,
1572 2000 1662 2028 1113.
1675 1997 1783 2036 (Cons.
1800 1997 1870 2028 sch.
1897 1996 1987 2028 Nub.
2007 1998 2091 2033 556.)
2107 1995 2181 2034 Ejus
2203 1996 2312 2034 partes
2329 2002 2373 2024 ex

1392 2041 1610 2073 Andromeda
1626 2043 1805 2083 Euripidis
1819 2051 1998 2083 expressas
2020 2042 2084 2081 agit
2105 2040 2320 2072 Mnesilochus
2336 2042 2372 2070 in

1393 2088 1585 2127 casabula‚
1605 2093 1817 2121 1057-1134.
1834 2088 2036 2121 Andromeda
2049 2087 2221 2128 Euripidis,
2239 2087 2372 2119 Thesm-

1399 2138 1488 2173 1012‚
1511 2138 1596 2166 Ran.
1620 2139 1669 2166 53.
1692 2138 1765 2167 L‘na
1780 2144 1855 2166 cum
1872 2135 2004 2167 Helena
2017 2133 2148 2174 sabula
2163 2133 2371 2170 docebatur,

1400 2181 1459 2211 Th.
1483 2185 1558 2212 1012
1576 2206 1583 2221 ‚
1603 2185 1635 2213 et
1649 2184 1722 2213 octo
1738 2184 1838 2213 annis
1852 2183 1933 2213 ante
1955 2184 2090 2219 Ranas,
2108 2179 2348 2220 pulcherrima
2361 2203 2372 2216 ,

1395 2229 1480 2258 Ran.
1502 2231 1551 2259 53.
1579 2232 1613 2259 In
1634 2237 1670 2259 ea
1685 2228 1898 2259 inducebatur
1921 2227 2026 2265 Echo,
2050 2225 2212 2266 superiore
2233 2233 2318 2255 anno
2339 2223 2373 2255 iu

1396 2281 1491 2304 scena
1504 2273 1643 2313 adjutrix
1658 2274 1817 2314 Euripidi,
1845 2273 1976 2305 Thesm.
2009 2275 2087 2304 1060
2103 2280 2153 2312 sq.
2172 2270 2374 2302 Andromeda

1394 2319 1471 2357 (non
1489 2322 1538 2350 est
1551 2319 1658 2350 rabula
1671 2319 1916 2359 Aristophanis),
1924 2328 1963 2359 p.
1979 2321 2051 2357 446,
2066 2318 2098 2349 b.

1356 2365 1512 2404 Anguillae
1525 2366 1557 2396 in
1575 2375 1658 2406 aqua
1670 2366 1799 2398 turbida
1812 2366 1995 2407 capiuntur,
2012 2367 2074 2406 Eq.
2090 2368 2162 2396 865.
2183 2363 2271 2396 Add.
2288 2367 2374 2396 Boeo·

1395 2412 1462 2451 tiae,
1481 2413 1646 2452 Copaides.

1355 2468 1502 2496 Annuere
1516 2465 1621 2504 capite
1638 2473 1755 2504 reqnm
1772 2466 1834 2503 est,
1853 2468 1910 2495 Av.
1925 2467 1996 2495 929.

1356 2511 1472 2542 Annuli
1484 2510 1690 2549 nobiliorum,
1706 2513 1736 2542 E
1738 2511 1788 2542 ccl
1794 2536 1799 2542 .
1819 2514 1888 2542 632.
1906 2510 2029 2541 Anulus
2042 2517 2150 2540 aeneus
2167 2509 2313 2550 ἀπείρων,
2319 2507 2374 2547 fr.

1398 2559 1469 2588 247.
1484 2557 1612 2588 Annali
1625 2560 1823 2597 φαρμακῖται,
1839 2558 1970 2596 maqice
1983 2557 2183 2594 consecrati,
2195 2554 2290 2595 apud
2318 2557 2375 2586 Co-

1396 2606 1510 2641 mices,
1526 2604 1580 2634 Pl.
1598 2607 1670 2642 883,
1689 2606 1759 2635 884.

1356 2656 1472 2685 Annus
1477 2655 1639 2694 J'udicum
1655 2657 1877 2694 computatur
1895 2654 2008 2685 decem
2030 2654 2219 2692 mensium,
2243 2652 2376 2684 duobus

1397 2700 1538 2738 infesta
1552 2703 1776 2740 consumptis,
1802 2702 1893 2739 Vesp.
1910 2703 1980 2731 663.

1356 2754 1473 2782 Annus
1487 2753 1668 2791 AEqyptius
1676 2760 1813 2792 panum,
1829 2753 1862 2782 in
1877 2752 2011 2783 clibano
2025 2749 2271 2790 confectionem
2288 2753 2376 2783 inve-

1399 2800 1449 2830 nit
1467 2809 1477 2828 :
1493 2799 1584 2829 unde
1595 2798 1813 2838 proverbium
1829 2799 1930 2833 Ἇννος
1943 2798 2099 2838 κρίὸανον,
2116 2797 2198 2829 Ach.
2221 2801 2273 2830 86.

1357 2846 1489 2883 Ἀνοδος,
1519 2845 1590 2876 dies
1612 2847 1750 2885 primus
1783 2845 2123 2885 Thesmophoiiorum
2136 2867 2147 2882 ,
2175 2844 2378 2876 undecimus

1399 2896 1654 2933 Pyanepsionis‚
1673 2893 1802 2924 Ttiesm.
1817 2896 1866 2924 80.
1879 2895 1990 2929 Quare
2002 2894 2053 2924 ita
2065 2891 2178 2924 dietus
2186 2894 2230 2924 sit
2239 2894 2273 2924 et
2282 2891 2378 2934 apud

1401 2940 1583 2971 nonnullos
1597 2940 1737 2977 κάθοδος,
1757 2939 1798 2970 ib.
1817 2942 1886 2970 585.
1901 2939 1986 2970 Add.
2003 2942 2074 2970 623.
2192 2940 2200 2947 ”

1359 2996 1446 3024 Anus
1460 2992 1551 3023 dives
1566 2992 1715 3031 juvenem
1730 2999 1901 3030 pauperem
1918 2991 1978 3022 sibi
1998 2994 2173 3023 amatorem
2198 2991 2297 3030 alens,
2318 2990 2374 3023 Pl.

1400 3041 1595 3070 958—1094.

1360 3096 1460 3123 Anser
1474 3099 1481 3120 ε
1498 3098 1553 3130 per
1566 3096 1724 3127 anserem,
1735 3087 1923 3128 fatidicam
1940 3096 2049 3127 avem,
2062 3088 2149 3128 jurat
2160 3091 2280 3127 Lampo
2293 3098 2301 3118 :
2311 3096 2378 3128 per

1401 3146 1454 3168 eos
1460 3137 1581 3175 J'urari
1599 3135 1678 3166 olim
1687 3135 1794 3174 Jussit
1808 3134 2110 3172 Rhadamanthus,
2127 3135 2267 3165 auctore
2290 3135 2375 3165 Sosi-

1402 3185 1508 3221 crate,
1525 3185 1581 3213 Ar.
1599 3186 1651 3213 521
1663 3207 1668 3212 .
1681 3183 1747 3212 Per
1760 3181 1903 3212 eundem
1913 3182 2043 3221 Jurant
2054 3180 2261 3222 philosophi,
2281 3182 2374 3221 Vesp.

1401 3232 1451 3260 83.

1360 3277 1498 3307 Απίαἰις
1513 3277 1546 3306 in
1563 3275 1666 3315 Libya
1681 3275 1774 3315 :eJ'us
1789 3277 1959 3307 certamen
1975 3284 2053 3307 cum
2068 3275 2230 3314 Hercule,
2245 3278 2315 3308 not.
2329 3273 2376 3306 ad

1406 3324 1488 3352 Ran.
1506 3324 1576 3352 688.

1363 3369 1468 3399 Antea
1486 3370 1629 3399 Homero
1643 3376 1721 3408 quae
1733 3367 1812 3399 aliis
1825 3368 2032 3407 Stheneboea,
2054 3371 2136 3401 Ran.
2157 3370 2245 3399 1053.
