2517 3792
1191 219 1356 258 PLUTI.

221 311 264 348 15
287 309 564 362 προσδάλλοντος
579 312 671 358 Reg.
692 327 706 341 «
723 310 779 344 De
809 308 1094 345 constructione
1124 308 1232 345 vei-bi

181 404 184 406 .
217 369 448 421 προσὸάλλειν
470 382 556 406 cum
581 368 710 404 dativo
735 381 768 403 ν.
795 377 872 404 not.
896 368 943 404 ad
969 372 1128 418 Gregor.
1158 371 1234 405 Co-

216 429 332 465 rinth.
351 441 389 477 p.
411 428 456 472 37
473 456 482 473 ‚
505 426 570 463 ubi
595 426 743 463 Basilus
769 439 855 462 usus
886 435 941 463 651
966 427 1039 463 hoc
1073 426 1232 462 scholio.

216 491 408 523 Sennea.
428 486 593 534 Regius:
619 483 730 522 Ουκῖ
714 499 785 521 εστι
806 484 843 522 τὸ
872 484 995 530 πλήν
984 486 1037 521 ν
1041 487 1127 521 αυθα
1158 485 1219 520 ἀντ
1223 500 1232 520 ι

214 545 275 579 τοῦ
299 542 427 595 χωρίς,
449 542 523 578 ἀλλ’
542 543 605 578 ἀντ
609 545 694 578 ιτοῧ
713 543 741 578 εἰ
763 557 810 590 μη
826 572 834 588 ,
855 541 1124 591 λαμοανομενου
1143 556 1207 576 κα.
1212 540 1232 576 ὰ

216 599 427 650 συνεκδογὴν
445 615 503 637 του
525 601 627 637 x6J0:
614 599 731 651 υρτον
761 623 779 636 1.
756 600 839 650 τρὸς
859 600 897 636 τὸ
915 598 1049 638 οώόων.
1070 600 1114 650 φ)
1117 599 1218 635 υκταί
1220 621 1234 626 -

215 673 274 700 νας
288 657 353 726 γὰρ
369 659 488 694 ἀιθουν
494 673 545 698 τες
560 660 590 695 οἱ
602 673 644 695 πε
648 673 747 703 νητες
762 660 926 716 δυσγεραι
920 660 962 694 ν
954 673 1026 694 1031.
1039 672 1099 693 και
1113 658 1232 706 βοωσι,

215 716 274 753 καὶ
293 715 410 769 ὠσπερ
430 716 638 768 κολοσυρτὸν
655 716 824 768 ἑ.είρουσι
840 715 883 752 δι’
897 718 943 752 ὡν
959 716 1123 765 δυσγεραι
1117 729 1232 750 .νουσι.

215 774 300 826 φαίη
318 773 347 811 δ’
370 775 409 810 ἄν
424 789 476 816 τις
493 774 583 811 κατὰ
608 773 764 826 δεύτερον
784 774 905 822 λόγον,
938 772 1057 816 ἐπειδὴ
1086 772 1124 809 τὸ
1140 771 1232 816 πλήν
1259 742 1263 850 Ι

214 832 274 869 καὶ
295 832 370 869 ἀντὶ
387 836 446 869 τοῦ
467 832 574 885 γωρίς
595 830 653 868 καὶ
676 834 736 868 αντ
739 832 829 868 2:23
845 832 873 866 εἰ
900 830 949 879 μή
971 829 1132 882 εὕρηται,
1150 829 1234 880 πρὸς

216 889 307 940 μὲν
290 890 329 928 τὸ
341 890 465 942 φώδων
476 889 514 928 τὸ
528 890 730 941 τοῧχιι)ρίς
714 894 967 938 σημαινόμενον
985 887 1234 955 νοοῦμεν,πρὸς

215 950 251 986 δὲ
271 949 309 987 τὸ
328 948 535 1000 κολοσυρτόν
556 948 595 985 τὸ
608 963 667 984 του
688 949 716 984 εἰ
733 947 806 996 μή·
827 945 906 983 ιὐσπ
896 961 945 1010 ,ερ
961 945 996 982 65
1011 945 1050 982 τὸ
1064 947 1233 996 κολοσυρ-
1258 851 1306 1115 ἰ

214 1007 272 1044 τόν
293 1006 350 1044 καὶ
375 1006 459 1058 πρὸς
484 1005 523 1042 τὸ
551 1004 744 1056 παιδαρίων
775 1003 1041 1040 ὑποπεινωντων
1062 1004 1100 1039 J5
1093 1002 1233 1052 ’(ομεν,

215 1064 306 1102 οὕτω
322 1063 437 1102 καὶτὸ
455 1062 671 1101 ὑποπεινωντ
673 1079 720 1100 ων
741 1062 806 1114 πρὸ
796 1078 826 1104 ς
853 1062 893 1099 τὸ
910 1062 1075 1113 γραιδίων
1092 1060 1236 1110 λαμοά-

214 1139 331 1173 νομεν.
354 1126 429 1159 εἰπε
448 1121 484 1159 δε
500 1121 540 1159 τὸ
557 1121 679 1174 φώὸων
701 1122 739 1158 ἐκ
761 1122 829 1172 βα)
833 1136 904 1158 ανει
907 1136 968 1168 ου,
984 1120 1015 1156 6.
1019 1119 1040 1157 ὰ
1059 1135 1160 1157 τουτο
1183 1118 1221 1156 ὅτ
1206 1135 1235 1155 -ι
1260 1120 1263 1158 ἲ

213 1180 540 1230 ——sequunturl.
565 1161 635 1216 13-
646 1194 704 1226 17.
1260 1169 1264 1231 1

269 1240 358 1285 536,
379 1239 424 1275 18
445 1239 647 1291 κεκραγωσι
664 1242 712 1275 Υ.
735 1238 930 1290 κεκράγασι
951 1242 998 1275 G.
1016 1262 1056 1269 -
1081 1251 1129 1274 20
1151 1239 1235 1275 Πει-
1260 1235 1265 1271 l

213 1298 323 1334 νῶσαι
337 1297 403 1348 γὰρ
419 1298 467 1335 Θ.
487 1322 529 1328 -
551 1310 596 1332 22
622 1296 716 1333 κάλα
735 1295 802 1349 γὰρ
827 1295 869 1334 τὰ
893 1296 977 1340 ξύλα
996 1295 1156 1346 λέγονται
1175 1310 1234 1332 re-

215 1363 275 1392 cte
293 1359 387 1406 Reg.

269 1415 341 1461 537
363 1416 478 1452 Τοῦτο
497 1413 535 1450 τὸ
551 1414 694 1464 ἀριθμὸν
711 1413 795 1466 πρὸς
816 1414 853 1451 τὸ
873 1414 949 1451 0565
967 1413 1060 1464 λέγω
1081 1429 1134 1451 σοι
1150 1413 1236 1451 σύν-

215 1488 304 1510 απτε
328 1474 376 1511 Θ.

270 1533 360 1579 538,
381 1533 429 1568 26
449 1530 558 1573 Ἰόίως
574 1530 610 1568 65
628 1536 671 1567 V.
684 1556 724 1562 —
740 1533 787 1569 28
800 1531 1130 1584 παραπλανηθέντες

214 1595 273 1629 De
295 1591 368 1628 hoc
400 1590 546 1627 scholio
580 1590 696 1627 habet
723 1594 768 1628 R.
798 1591 842 1603 ”“’

798 1601 890 1634 ἰοιως
924 1585 998 1628 εἶπε
1024 1592 1085 1633 τὰς
1104 1590 1236 1643 ψύλλας

214 1647 359 1700 βομὸεῐν
376 1663 385 1671 ·

215 1708 395 1758 εἰρῆσθαι,
419 1707 468 1743 30
489 1705 544 1743 τὸν
561 1705 690 1758 ψύλλον
714 1706 854 1757 λέγουσι
874 1712 931 1755 V.‚
950 1710 1015 1758 qui
1035 1710 1236 1757 sequentia

1147 1533 1235 1569 Ald.

418 1649 456 1685 οὖ
488 1646 555 1698 γὰρ
587 1654 731 1700 προιᾶσι
762 1649 890 1701 φωνήν.
909 1674 949 1679 -
983 1664 1031 1699 29
1071 1651 1235 1702 ᾠήθησαν

1262 1549 1265 1578 !

1262 1591 1265 1628 ἰ

1262 1703 1266 1723 i

215 1764 576 1813 θηλυκῶς-ἐμπίδας
598 1766 753 1803 omittit.
772 1791 811 1796 —
829 1766 848 1801 3
861 1780 873 1801 1
898 1766 959 1811 τὴν
981 1765 1134 1803 κώνωπα
1148 1765 1238 1803 κατὰ
1262 1726 1266 1801 i

215 1837 291 1860 om.
312 1824 376 1869 6.,
396 1823 461 1872 qui
480 1823 527 1858 33
552 1822 786 1893 περιίπταται.
811 1825 897 1861 Aid.
916 1825 1125 1877 περιίπτατο
1145 1824 1239 1870 ἧπε-
1262 1805 1266 1876 1

219 1881 408 1934 ριίπταται.
426 1907 467 1912 -
489 1882 536 1917 36
564 1880 655 1918 Ἀλλ’
676 1882 746 1919 ἀπὸ
765 1886 809 1920 Υ.

271 1939 362 1989 539,
388 1945 438 1983 40
458 1955 524 1993 ou]
547 1955 600 1977 οτι
620 1939 656 1977 65
672 1941 775 1978 αὗται
796 1946 839 1979 V.

273 1998 361 2044 54.,1
387 2000 435 2042 48
465 1998 581 2050 κερκίς
569 2000 619 2041 3ος
643 1998 773 2049 ὕμνοις.
799 2002 861 2038 Sic
881 2002 1033 2039 coriexi
1065 2003 1237 2053 scriptu—
1262 1884 1267 2127 ι

217 2068 300 2092 ram
317 2056 462 2094 codicis
482 2058 521 2093 οὐ
542 2057 711 2108 κερκίδοις
733 2057 872 2108 ὕμνους.
893 2063 1013 2097 Dim).

273 2115 361 2163 542,
388 2117 435 2153 53
461 2115 611 2167 ψιάθιον.
629 2120 686 2153 Ita
711 2119 829 2154 schol.
855 2119 1074 2168 Thucy.did
1113 2119 1160 2156 ad
1193 2133 1237 2166 2,
1264 2130 1267 2157 !

217 2173 292 2221 75;
321 2179 365 2221 4,
387 2175 448 2217 48.
480 2175 563 2211 Vid.
595 2176 836 2226 Moschopul.
877 2179 923 2215 Π.
957 2178 1054 2227 6756.
1091 2191 1127 2228 p.
1161 2179 1235 2223 43,
1264 2165 1267 2179 Ι

216 2240 255 2269 et
275 2233 450 2282 inprimis
470 2235 642 2282 Ducang.
669 2234 707 2269 in
727 2247 758 2270 v.
786 2235 953 2272 ῙΓιοίθιον.
984 2239 1133 2274 Hmis‘r.
1151 2262 1192 2268 -
1220 2251 1234 2272 1
1264 2228 1267 2272 Ι

216 2290 360 2332 τάπιτος
380 2294 500 2327 Dorv.
524 2290 666 2341 ἐπευχίο
654 2307 687 2327 υ
707 2295 798 2342 Reg.

271 2350 360 2395 543,
376 2356 396 2393 4
415 2348 639 2398 μεμοίλακται
655 2349 738 2386 Ald.
754 2359 791 2386 et
812 2351 903 2387 soit.
925 2355 970 2388 R.
987 2355 1076 2388 Post
1089 2356 1146 2389 νῦν
1167 2352 1237 2389 ad-

216 2407 274 2444 dit
299 2406 382 2445 Ald.
409 2407 549 2458 μάκτρα
567 2406 602 2444 6:
628 2409 699 2444 θυε
690 2423 723 2444 ια
752 2408 947 2458 ἐπιμήκης,
970 2410 1003 2446 ἐν
1024 2413 1045 2458 ᾑ
1069 2410 1137 2459 μα.
1121 2425 1239 2448 ττουσι

216 2465 261 2503 τὰ
281 2464 436 2517 ἄλευρα,
452 2478 500 2501 ex
518 2465 663 2501 scholio
680 2479 713 2503 v
740 2466 784 2510 54
793 2468 828 2503 5.

271 2523 361 2569 544,
378 2537 397 2570 7
418 2525 516 2573 ὑμεῖς
533 2526 576 2560 V.
599 2524 818 2574 utrobique.
844 2544 858 2557 «
881 2525 1095 2575 Legebatur
1122 2527 1238 2578 ῥαφα-

216 2597 285 2620 νον.
306 2583 465 2620 Correxi
483 2596 531 2619 ex
547 2583 666 2620 Suida
690 2592 727 2619 et
748 2585 971 2628 Ammonio,
998 2585 1044 2621 ad
1066 2599 1179 2634 quen]
1202 2601 1237 2622 v.

216 2642 394 2679 Valcken.
414 2641 616 2678 Animadv.
633 2655 671 2691 p.
694 2644 810 2679 203.»
829 2646 948 2679 Dum.
964 2668 1004 2674 —
1024 2645 1045 2680 8
1066 2643 1100 2681 65
1125 2645 1238 2696 ῥάφα-

216 2714 274 2737 νον
294 2698 391 2751 παρὰ
407 2698 447 2736 τὸ
468 2702 548 2752 ῥᾷον
570 2703 614 2736 V.
636 2700 760 2752 ῥαδίως
779 2702 890 2737 etiam
911 2702 1046 2740 Suidas
1068 2711 1105 2739 et
1125 2704 1239 2740 Athe-

217 2771 321 2794 naeus
342 2771 378 2804 2,
400 2771 436 2807 p.
457 2759 518 2795 56.
535 2783 575 2789 —
595 2773 618 2807 9
637 2758 704 2811 γὰρ
732 2773 808 2797 0111.
831 2762 877 2798 Θ.
896 2761 940 2802 ὡς
968 2760 1172 2812 ἑπερόμεναι
1193 2766 1237 2799 R.

218 2815 443 2867 σπειρόμεναι
460 2818 504 2854 Θ.
523 2826 560 2853 61
581 2817 733 2864 Suidus,
755 2818 820 2866 qui
839 2818 953 2854 habet
972 2819 1122 2856 ἀνίασιν.
1264 2794 1268 2846 i

275 2873 372 2918 545,
395 2876 515 2916 14-16
547 2874 756 2921 ὑποποδίου,
788 2876 880 2912 ἔνθεν
915 2876 973 2913 καὶ
1004 2878 1165 2928 θρανίτης
1192 2882 1236 2915 R.
1263 2850 1267 2922 Ι

219 2931 410 2969 ὑποποδίου
437 2933 606 2984 κεραμίου
638 2933 847 2976 κλασθέντος
878 2936 984 2982 (haec
1011 2936 1088 2973 duo
1121 2936 1238 2973 verba

219 2997 395 3039 spectant
409 2989 456 3025 ad
476 2989 643 3035 πιθακνης
660 3006 695 3028 v.
719 2992 765 3035 54
771 2993 822 3030 6

219 3050 250 3084 οἱ
280 3047 376 3100 παρὰ
404 3047 462 3084 τὸν
489 3048 546 3084 δίει
524 3063 606 3099 φρον
640 3053 684 3086 V.
717 3051 837 3102 θράνος
865 3052 1051 3089 υποπόδιον
1084 3068 1125 3102 με
1129 3069 1145 3089 ν
1180 3069 1238 3090 και

219 3105 381 3157 θρανίτης
411 3107 681 3157 ὑποκοριστικῶς
709 3111 731 3153 ἠ
769 3109 938 3159 πολίγνης
967 3112 1014 3148 Θ.
1049 3113 1238 3149 ὑποποδίου

220 3163 378 3213 σκάμνου
398 3166 488 3213 Reg.
508 3189 550 3195 -
569 3166 613 3200 16
632 3174 718 3214 post
737 3166 896 3217 θρανίτης
920 3169 1005 3205 Ald.
1025 3169 1130 3205 addit
1149 3172 1238 3207 ὑπο-

220 3223 426 3273 κοριστικῶς
443 3223 488 3263 ὡς
506 3222 675 3273 πολίχνης
691 3253 701 3270 ,
720 3238 768 3261 ex
787 3225 932 3261 scholio
954 3228 1145 3276 proximo.
1169 3232 1236 3266 Se-

219 3280 379 3330 quentia
409 3293 483 3316 orn.
513 3281 624 3317 etiam
654 3284 755 3319 Θ.-
777 3296 818 3328 17
853 3285 1004 3328 καθ-ἧσαι
1023 3285 1109 3322 Ald.
1138 3289 1236 3323 Cor-

220 3346 364 3376 rectum
381 3352 428 3375 ex
447 3339 647 3376 Eustathio
668 3353 706 3390 p.
737 3342 833 3388 982,
859 3344 906 3385 64
924 3357 934 3388 ;
970 3348 1067 3385 1400
1081 3372 1092 3390 ,
1118 3350 1178 3388 24.
1196 3372 1237 3378 .-

223 3397 270 3437 23
304 3395 322 3434 ὃ
352 3395 387 3433 65
429 3396 582 3446 στάμνου
614 3413 646 3435 κ.
678 3401 821 3437 Η611151.
840 3422 880 3430 -
901 3413 950 3449 29
982 3401 1059 3437 imo
1092 3403 1230 3455 γράφει.

846 2992 938 3030 ἔνθεν
957 3009 1015 3030 και
1031 2996 1060 3030 οἱ
1082 2996 1179 3044 θρανῖ
1182 3010 1238 3031 ται

2241 226 2315 260 569

1294 311 1482 344 Kusterus
1505 307 1660 352 maluit,
1682 307 1716 343 ἔν
1739 322 1808 344 τισι
1823 306 1857 344 δὲ
1875 323 1942 344 των
1964 309 2036 345 ἀντ.
2055 308 2167 347 Credi
2184 319 2313 360 potest

1294 365 1496 402 conflatum
1517 379 1562 401 6Χ
1582 365 1734 402 duobus
1753 366 2060 416 excinplaiibus,
2083 369 2121 404 in
2145 380 2311 417 quorum

1293 439 1370 462 uno
1390 426 1481 473 suit,
1496 423 1619 462 Ἰινα
1607 423 1641 461 65
1659 441 1725 461 των
1750 441 1781 461 α.
1802 427 1834 462 ά.
1857 441 1908 463 στ.
1927 427 2114 477 κεραμίου,
2135 428 2172 464 111
2191 427 2311 464 altero

1296 482 1728 531 [αη111111,αντισταμνου
1746 498 1783 519 κε
1789 484 1912 534 ραυιίου
1931 484 2111 537 γράοεται.
2131 483 2310 535 Κεραμίου

1295 554 1386 576 vcro
1409 513 1526 589 fliium
1544 553 1694 576 vcisum
1714 541 1856 578 inu-are
1880 552 2066 591 nequeat,
2089 543 2169 580 sine
2191 542 2309 579 dubio

1295 599 1480 647 scriptum
1500 599 1613 634 fuisse
1637 607 1791 646 oportet
1822 600 1988 650 κεράμου.
2013 604 2161 638 11111151.
2195 624 2231 630 -
2261 603 2310 649 39

1296 658 1419 706 σχῆμα
1437 656 1624 692 κάλλιστον
1643 658 1787 692 Hemst.

1349 715 1443 759 546,
1467 715 1486 749 3
1506 715 1780 763 ὑποκοριστικῶς
1801 713 1835 750 65
1866 714 1949 752 αὗτὸ
1978 719 2022 752 G.
2047 715 2310 767 ὑποκοριστικὸν

1295 771 1330 808 65
1350 771 1450 813 αὐτὸς
1477 775 1525 809 Υ.
1546 796 1586 803 -
1605 773 1624 808 3
1658 771 1809 822 πολίχνη
1841 776 1886 809 G.
1903 798 1944 804 —
1963 775 1985 810 8
2014 773 2243 812 Ἀποδεικνύω
2272 789 2312 812 σε

1294 834 1437 868 Hemst.

1350 889 1439 934 548,
1461 902 1472 923 1
1488 902 1501 923 1
1525 888 1659 925 Snidas
1678 888 1795 939 ᾐνίξω.
1814 891 1853 927 ἐκ
1869 905 1994 942 μεταφ.
2014 895 2062 928 Υ.
2085 916 2126 923 -
2147 906 2190 928 12
2211 907 2312 929 κεου-

1295 946 1402 983 οντων
1423 945 1484 991 τὴν
1505 947 1676 983 additum
1697 962 1743 984 ex
1764 952 1823 994 R.‚
1842 949 1991 1000 κιθαρων
2012 950 2096 986 Ald.
2113 951 2313 1002 κιθαρῳδῶν

1298 1009 1339 1042 V.
1356 1031 1396 1036 —
1422 1006 1466 1040 13
1488 1004 1632 1056 ὀργάνου
1654 1005 1809 1043 τοιούτου
1830 1009 1877 1045 Θ.
1899 1007 2057 1044 τοιούτου
2079 1022 2152 1045 om.
2171 1012 2227 1054 V,
2247 1009 2312 1058 qui

1295 1063 1396 1100 -τενία
1414 1063 1603 1113 πτωγείας.
1623 1088 1662 1094 -
1685 1065 1729 1100 15
1749 1079 1804 1114 sq.
1829 1068 1850 1110 ἡ
1867 1064 1902 1101 65
1917 1066 2190 1116 πτωχεία-καὶ
2210 1069 2227 1103 ὁ
2252 1067 2313 1115 μὲν

1295 1137 1337 1157 π-
1325 1137 1401 1167 -ννς
1416 1122 1587 1158 idditum
1606 1136 1651 1158 ex
1676 1125 1719 1159 V.
1755 1132 1790 1159 et
1818 1124 1933 1161 Suida
1955 1140 1962 1161 :
1986 1138 2058 1161 om.
2092 1126 2139 1163 Θ.
2157 1125 2242 1162 Α1ι1.
2264 1146 2313 1153 —

1298 1193 1345 1216 20
1367 1181 1500 1230 αἱνινμ.
1523 1179 1662 1225 ἐδηλωσ
1666 1196 1704 1222 ας
1725 1181 1772 1218 Θ.

1352 1240 1439 1285 550,
1467 1242 1588 1276 21-50
1608 1240 1682 1277 hoc
1702 1241 1835 1278 ordine
1854 1242 1891 1277 in
1915 1245 1973 1287 Υ.,

1607 1295 1749 1340 Ἄλλως.

1998 1240 2083 1278 ιίΟτι
2109 1234 2208 1290 ὃμὲν
2233 1245 2315 1279 Διο-

1295 1296 1576 1340 «λύσιος-ἄνους.
1784 1298 1827 1335 τὰ
1862 1298 2083 1348 ὅμοια-τὴν
2117 1300 2314 1351 τυραννίδα.

1295 1355 1438 1398 Ἄλλως.
1460 1360 1477 1394 ὁ
1494 1356 1559 1406 μὲν
1582 1355 1999 1410 ἀξιωματικος-ο-φοδρα
2017 1356 2207 1406 ἀνομοίους.
2228 1356 2317 1403 ἢότι

1295 1414 1558 1466 -3ημοφιλής,
1578 1440 1618 1446 -
1637 1429 1681 1450 21
1708 1414 1756 1464 μὴ
1779 1430 1854 1452 om.
1877 1419 1920 1452 V.
1939 1440 1980 1446 —
2009 1429 2055 1452 22
2075 1417 2120 1458 ὡς
2142 1416 2180 1452 ἄν
2202 1432 2253 1458 τις
2272 1420 2314 1452 Υ.

1296 1472 1390 1523 λέγοι
1409 1477 1612 1510 Kusterus.
1633 1472 1727 1523 λέγει
1744 1475 1788 1511 Θ.
1812 1475 1896 1510 Aid.
1913 1473 1998 1524 λέγῃ
2020 1477 2062 1510 Υ.
2094 1478 2137 1510 In
2163 1478 2205 1511 R.
2224 1476 2317 1524 sigla

1297 1544 1382 1579 quae
1400 1532 1626 1581 pierumque
1642 1530 1737 1580 λέγει
1769 1540 1835 1569 est.
1858 1557 1898 1561 —
1925 1534 1970 1568 23
1999 1534 2048 1583 τῷ
2074 1532 2169 1583 λύκῳ
2195 1536 2240 1569 R.
2265 1536 2311 1569 Υ.

1297 1594 1385 1626 Ρ(151
1402 1589 1509 1639 Λύκῳ
1525 1590 1648 1639 pergit
1665 1593 1723 1635 R„
1741 1588 1792 1626 ὅτι
1807 1592 1824 1626 ὃ
1843 1589 1905 1638 μὲν
1928 1589 2158 1638 αξιωματικὸς
2176 1590 2234 1627 καὶ
2251 1590 2316 1640 μέ-

1297 1663 1378 1697 γας,
1409 1651 1425 1683 ὅ
1455 1646 1490 1684 65
1522 1646 1752 1696 μαινόμενος,
1786 1648 1920 1684 ceteris
1950 1648 2231 1692 omissis—24
2256 1648 2314 1684 καὶ

1297 1705 1559 1756 παντὸς-βο)
1575 1707 1610 1742 ἐν
1630 1705 1785 1757 Σικελία.
1808 1704 1939 1747 Ἄλλως
1954 1719 2028 1742 0111.
2051 1708 2096 1745 Θ.
2115 1706 2174 1743 καί
2201 1706 2314 1744 πάντα

1298 1763 1466 1814 κρείττονι
1493 1763 1548 1800 διοί
1573 1778 1610 1800 τε
1636 1763 1695 1804 τὰς
1728 1763 1951 1815 ἐπιφανείσας
1983 1767 2041 1809 Υ.,
2061 1765 2127 1813 qui
2156 1764 2203 1800 25
2227 1764 2316 1800 κατὰ

1298 1835 1377 1857 0111.
1405 1821 1500 1862 δίκας
1514 1821 1598 1857 Α1(1.
1620 1821 1717 1863 νίκας
1741 1821 1799 1857 καί
1820 1821 1876 1858 ἐπὶ
1895 1821 1933 1858 τὸ
1950 1821 2145 1858 καταλύσαι
2163 1821 2224 1867 τὴν
2242 1837 2315 1873 τυρ.

1298 1883 1339 1916 Υ.
1352 1903 1404 1907 ——
1421 1881 1468 1916 28
1490 1882 1506 1916 ὁ
1527 1878 1767 1930 ἀξιωματικός.
1789 1880 1954 1916 Indicari
1974 1881 2127 1916 videtur
2149 1881 2179 1916 15
2197 1881 2319 1916 Thra-

1299 1938 1456 1988 sybulus
1471 1968 1481 1988 3
1503 1939 1610 1988 cujus
1633 1940 1672 1974 iit
1692 1939 1835 1975 mentio
1860 1939 1899 1974 111
1921 1939 2122 1976 Ecclesiaz.
2157 1952 2192 1974 v.
2217 1940 2288 1976 203
2311 1955 2317 1975 ;

1300 2011 1388 2034 nam
1409 1997 1463 2034 ibi
1483 2010 1638 2046 quoque
1657 1997 1887 2033 describitur
1907 2011 1928 2033 a
1949 1998 2150 2034 scholiaste
2171 1998 2320 2043 αὐθάδης

1298 2056 1357 2093 καὶ
1373 2056 1563 2108 δωροδόκος
1580 2057 1668 2106 (vid.
1688 2070 1721 2092 v.
1739 2056 1883 2106 3:362&
1902 2055 2097 2107 ὑπερόπτης
2111 2059 2169 2093 :03
2186 2056 2317 2106 δήμου·

1299 2115 1446 2152 idemne
1465 2115 1580 2151 fuerit
1604 2115 1668 2164 qui
1688 2115 1916 2163 Colyttensis
1930 2144 1939 2159 ‚
1960 2129 2029 2151 nec
2061 2129 2126 2161 ne,
2154 2130 2230 2152 non
2258 2117 2318 2152 as-

1264 2176 1516 2226 'firmaveio
1541 2177 1687 2210 Hmis’r.
1705 2198 1745 2203 -
1766 2175 1812 2210 33
1832 2177 1849 2210 ὁ
1865 2174 2009 2210 addidit
2026 2174 2259 2211 Dindorfius.
2277 2201 2318 2206 —

1302 2230 1386 2275 3..
1367 2247 1458 2282 εγων
1482 2246 1526 2282 γρ
1510 2230 1650 2268 αιδονα
1671 2232 1802 2268 codex.
1828 2250 1842 2263 «
1860 2233 2019 2269 Coriexi
2048 2233 2214 2282 γλίδωνα.
2233 2233 2319 2285 τρύ-

1300 2305 1400 2342 οημα
1419 2298 1456 2326 61
1480 2289 1559 2339 γλίο
1546 2290 1635 2325 3·ωια
1659 2290 1759 2325 intei
1775 2290 1959 2326 mundum
1982 2291 2208 2328 inuliebiem
2235 2305 2318 2328 1116-

1301 2358 1425 2386 morat
1448 2349 1719 2398 Aristophanes
1746 2350 1791 2385 fi.
1782 2363 1837 2399 ag.
1875 2352 1960 2398 309.
1980 2368 1994 2383 »
2017 2379 2055 2383 -
2075 2352 2121 2387 35
2157 2350 2222 2388 Ἀθ.
2250 2350 2319 2388 αἴδι

1300 2407 1529 2456 μακαρίζεται
1554 2411 1599 2443 Υ.
1617 2407 1689 2444 Ἀθ.
1710 2406 1779 2443 atet
1806 2408 2055 2457 βαυκαλίζεται
2076 2408 2132 2458 xid
2153 2418 2208 2445 cst
2230 2411 2318 2459 βαυ-

1298 2466 1441 2513 κίζεταιῇ
1459 2469 1506 2503 G.
1519 2491 1560 2496 -
1573 2466 1619 2501 36
1639 2464 1766 2510 ἐπὶτὴν
1781 2464 1858 2516 ὄψιν
1873 2465 2109 2517 περισκώπτει
2122 2468 2202 2505 Ald.
2219 2472 2317 2505 Tum

1300 2532 1512 2573 sequuntur
1540 2524 1621 2560 haec
1634 2552 1644 2569 ,
1681 2525 1726 2565 ὡς
1770 2523 1980 2573 ὁμοιούντων
2017 2525 2226 2575 (ὃμοιούσης
2251 2530 2316 2576 Υ.)

1300 2582 1432 2634 σφοόρα
1450 2582 1620 2631 ἀνομοίως
1642 2584 1753 2630 (corr.
1774 2583 1955 2632 ἀνομοίους
1975 2597 2022 2620 ex
2042 2586 2101 2632 Υ.)
2114 2612 2123 2629 ,
2143 2598 2226 2634 quae
2247 2585 2316 2622 de-

1300 2642 1410 2678 lenda
1425 2654 1506 2677 esse
1524 2641 1618 2677 vidit
1634 2641 1834 2679 Dobraeus.
1852 2665 1893 2671 —
1909 2643 1956 2690 39
1972 2643 2118 2691 priores
2135 2642 2218 2678 edd.
2238 2644 2318 2680 Κω-

1298 2699 1466 2741 λυττεως·
1511 2699 1699 2749 ejusmodi
1734 2713 1794 2736 561
1797 2708 1925 2749 iptuia
1955 2701 2103 2750 pepeiit
2145 2714 2314 2737 61·’·ιοι6111

1299 2759 1446 2795 Suidae:
1465 2759 1600 2796 Κωλυτ-
1589 2773 1652 2805 ες,
1674 2759 1781 2807 δημος
1798 2774 1859 2803 της
1878 2757 2040 2807 Αἰγηίδος
2057 2774 2064 2780 ·
2086 2759 2186 2794 undc
2204 2773 2241 2794 11.
2243 2768 2315 2797 itus

1300 2826 1366 2863 est,
1387 2826 1543 2853 auctme
1562 2818 1728 2853 Meuisio
1748 2818 1787 2853 in
1804 2818 1886 2853 Rel
1906 2821 1996 2862 Ait„
2012 2830 2086 2852 nox
2093 2831 2134 2853 us
2148 2826 2185 2854 61
2203 2819 2315 2866 igno-

1299 2875 1427 2911 rabilis
1444 2875 1580 2911 Atticae
1597 2875 1760 2923 regionis
1776 2875 1919 2913 demus.
1934 2877 1990 2910 Ex
2004 2884 2111 2923 parte
2128 2879 2316 2914 Kusterus

1264 2937 1266 2952 '
1299 2946 1373 2982 ope
1391 2935 1495 2970 MSS.
1516 2933 1629 2968 Paris.
1654 2933 1839 2967 maculam
1865 2932 2042 2968 abstersit
2066 2947 2074 2968 :
2093 2933 2229 2970 Suidus
2249 2935 2315 2971 de-

1300 2999 1432 3040 ceptus
1453 2990 1635 3035 dederat,
1657 2989 1849 3031 Κωλυπεύς
1863 3018 1872 3027 .
1898 2989 2085 3036 Κωλυπος,
2107 2991 2136 3027 6.
2155 2999 2223 3028 etc.
2242 3006 2314 3042 pro

1300 3047 1513 3089 Κολυττεύς·
1537 3047 1712 3088 Κολυττὸς
1726 3047 1755 3083 6.
1777 3056 1847 3083 etc.
1870 3048 2019 3084 Dicitur
2035 3056 2160 3085 autem
2187 3051 2309 3087 Thra—

1298 3106 1456 3154 sybulus
1470 3106 1577 3142 hicce
1597 3105 1825 3153 Colyttensis
1840 3135 1850 3153 ‚
1868 3114 1907 3142 ut
1924 3105 1971 3142 ab
1991 3107 2056 3142 illo
2076 3106 2312 3146 nobilissimo

1297 3166 1429 3214 patriae
1452 3164 1637 3200 libertatis
1658 3163 1806 3199 vindice
1827 3164 2104 3213 distinguatur,
2123 3168 2187 3216 qui
2211 3168 2314 3205 Στει-

1299 3221 1404 3275 ριεὺς,
1423 3223 1502 3258 sive
1527 3222 1640 3259 Stiria
1659 3221 1770 3258 demo
1795 3222 2004 3260 oriundus:
2033 3225 2136 3274 quod
2164 3239 2208 3262 eo
2226 3226 2312 3275 dili-

1297 3283 1444 3331 gentius
1476 3289 1623 3317 veteres
1650 3281 1879 3329 observant,
1915 3283 2004 3332 quia
2034 3284 2183 3320 easdem
2218 3286 2310 3335 reip.

1262 3362 1264 3393 3
1296 3349 1424 3390 partes
1446 3339 1564 3376 secuti
1586 3348 1695 3377 aetate
1716 3341 1996 3391 propemodum
2013 3342 2166 3378 fuerunt
2187 3356 2312 3392 aequa-

1261 3414 1264 3419 ¹
1295 3400 1358 3435 les.
1373 3398 1580 3444 Utriusque
1607 3399 1778 3435 meminit
1797 3400 2039 3450 Xenophon,

2073 3400 2187 3450 hujus
2215 3402 2310 3438 Heli.
