2485 3808
919 175 1174 214 SCHOLIA
1215 177 1274 214 ΙΝ
1309 176 1542 216 VESPAS.

177 267 195 302 ὁ
213 262 356 316 πατήρ.)
374 261 507 313 κιγκλὶς
522 259 588 312 γὰρ
604 262 626 306 ἡ
643 259 728 311 θύρα
745 262 804 296 τοῦ
823 259 1062 311 δικαστηρίου,
1086 260 1140 310 (ἣν
1158 260 1216 298 καὶ

175 319 399 373 καγκελωτὴν
419 320 577 357 καλοῦσι.
607 318 765 369 κνεφαῖος
785 316 839 363 δὲ,
868 317 917 354 ἔτι
941 317 1082 360 σκότους
1105 318 1217 366 ὄντος,

175 379 235 418 καὶ
261 378 367 430 μήπω
394 377 578 429 γενομένης
603 375 752 428 ἡμέρας,
773 375 830 413 ὅτε
864 377 898 413 ἐν
926 378 977 428 τῷ
1005 377 1218 430 δικαστηρίῳ

174 438 355 486 ἀπῆλθεν).

88 501 92 505 “
141 502 158 527 ⁵
230 508 289 532 125.
323 495 488 544 (ἐντεῦθεν
507 491 635 530 οὐκέτ’
660 491 763 530 αὐτόν
786 506 794 532 :

173 568 251 600 νου,
270 551 359 603 μετὰ
379 555 500 589 ταῦτα.

225 609 466 663 ἐξεφρείομενζ
485 608 607 661 Ἔξεφέ
611 611 739 661 ρομεν.)

227 683 289 708 1.26
322 670 550 720 (ὑδρορροῶν;
573 671 618 707 Οἱ
643 669 752 706 κοῖλοι
774 667 890 714 τόποι,
919 668 961 704 δι
986 672 1032 705 ὧν
1051 668 1161 721 χωρεῖ
1179 667 1216 704 τὸ

172 726 264 780 ὕδωρ
279 727 319 765 τὸ
339 727 401 771 ἐξ
389 728 506 764 υετῶν.
511 728 521 776 )

119 797 154 822 10
227 798 288 823 128.
321 783 546 834 (ἐνεὸύσαμεν
597 798 606 822 :
653 782 949 835 Ἐπληρώσαμεν,
1005 781 1213 834 ἐφράξαμεν.

170 842 331 896 ’Όμηρος
350 848 425 889 [Od.
441 850 483 888 Δ,
502 847 562 888 134]
579 861 594 875 «ι
611 842 763 892 νήματος
779 844 943 887 ἀσκητοῖο
961 839 1183 891 βεὸυσμένον.
1201 856 1215 872 υ

224 901 508 950 κάπακτώσαμεν
525 913 533 938 :
548 900 780 952 Ἐφράξαμεν,
793 898 1058 951 ἐπληρώσαμεν.
1072 899 1216 935 πακτῶ-

171 975 231 998 σαι
247 958 315 1012 γὰρ
331 959 371 996 τὸ
387 960 593 1011 σφηνῶσαι.)

226 1019 316 1068 (129).
334 1016 483 1068 ὡσπερεὶ
502 1015 654 1058 κολοιός;
671 1015 753 1058 Τοῖς
768 1013 835 1066 γὰρ
855 1015 889 1051 ἐν
908 1015 957 1066 τῷ
973 1013 1056 1066 οἴκῳ
1070 1015 1216 1057 κολοιοῖς

119 1086 152 1110 15
169 1075 244 1126 [καὶ
263 1076 333 1118 τοῖς
352 1074 469 1116 ἄλλοις
494 1072 636 1125 ὀρνέοις]
664 1071 856 1123 πηγνύουσι
877 1071 1068 1119 πάτταλον,
1091 1071 1148 1109 ἵνα
1169 1074 1216 1115 εἷς

170 1131 293 1176 αὐτοὺς
313 1131 484 1169 ἅλλοιντο.

224 1203 285 1228 133.
317 1188 534 1239 (Φιλοκλέων
570 1202 579 1227 :
607 1187 716 1232 ’ἰδίως
747 1182 822 1226 εἷπε
851 1191 894 1240 τῇ
921 1187 1045 1241 φράσει
1079 1189 1129 1240 τῷ
1151 1189 1214 1239 υἱῷ

167 1247 276 1298 ὄνομα
296 1246 519 1286 Βδελυκλέων
539 1247 598 1285 καὶ
613 1249 662 1299 τῷ
678 1246 785 1299 πατρὶ
802 1247 911 1296 ὄνομα
929 1246 1160 1297 Φιλοκλέων.)

221 1319 284 1345 135.
317 1305 419 1358 (ἔχων
441 1305 587 1358 τρόπους
608 1319 617 1344 :
639 1305 862 1348 Ἀντίπτωσίς
883 1307 988 1342 ἐστιν·
1015 1306 1128 1342 εὐθεῖα
1148 1304 1214 1358 γάρ

115 1377 150 1402 2ο
170 1366 261 1402 ἐστιν
285 1364 359 1402 ἀντὶ
384 1366 518 1410 δοτικῆς
545 1367 607 1410 τ’ἧς
634 1363 760 1414 ἔχοντι.
788 1363 941 1409 συνήθως
970 1361 1005 1400 δὲ
1034 1362 1215 1415 ὄφρύαγμο

169 1422 239 1460 ἀπὸ
255 1427 314 1460 τοῦ
330 1424 451 1475 ὀφρῦς,
465 1421 487 1468 ἢ
502 1422 668 1474 φρύαγμα
679 1452 689 1471 ,
705 1421 765 1459 καὶ
782 1421 906 1470 σεμνὸν
921 1420 996 1458 ἀντὶ
1009 1424 1068 1459 τοῦ
1085 1421 1215 1473 ὑπερή-

169 1481 302 1534 φανον.)
321 1503 373 1508 —
390 1480 548 1518 σύνθετον
567 1479 665 1532 παρὰ
679 1478 742 1526 τὴν
762 1478 865 1532 ὀφρὺν
890 1480 949 1517 καὶ
974 1479 1138 1532 φρύαγμα
1156 1480 1215 1517 καὶ

168 1539 209 1577 τὸ
229 1538 366 1589 σεμνόν.
382 1546 420 1576 Β.

225 1611 287 1637 136.
317 1596 516 1648 (καθεύδετε
534 1611 542 1636 :
560 1597 621 1636 Ἐν
633 1597 841 1647 ἀπειλητικῇ
856 1599 952 1648 φωνῗΙ
966 1596 1066 1634 τοῦτό
1083 1597 1211 1649 φησιν.)

117 1672 150 1697 25
226 1670 287 1695 139.
318 1657 378 1707 (εἷς
393 1656 451 1694 τὸν
471 1656 566 1693 ἷπνόν
585 1669 594 1694 t
613 1655 724 1698 Ἰπνὸς
738 1655 863 1707 κυρίως
882 1658 903 1701 ἡ
921 1654 1082 1705 κάμινος,
1099 1659 1158 1692 νῦν
1179 1655 1214 1692 δὲ

168 1714 208 1753 τὸ
233 1714 429 1767 μαγειρεῖόν
456 1729 572 1767 φησιν,
588 1715 622 1751 ἐν
641 1708 670 1766 ᾧ
688 1712 803 1750 λαθὼν
827 1712 950 1756 αὐτοὺς
969 1716 986 1750 ὁ
1009 1713 1214 1752 Φιλοκλέων

169 1774 324 1819 εἰσῆλθεν
340 1772 399 1810 καὶ
416 1773 462 1815 εἷς
477 1772 612 1825 τρύπην
631 1771 764 1821 ὑπέδυ.)

223 1845 284 1870 140.
315 1831 502 1882 (μυσπολεῖ
524 1844 532 1870 :
552 1828 794 1876 Καταδύεται,
814 1831 861 1872 ὡς
882 1833 947 1880 μῦς
970 1835 1082 1882 φοιτᾷ.
1109 1828 1215 1872 οὕτως

168 1891 200 1927 οἱ
216 1889 364 1928 Ἀττικοὶ
380 1888 447 1927 ὑπὸ
467 1888 550 1939 μίαν
575 1888 678 1932 λέξιν.
760 1887 903 1931 Ἄλλως.
926 1887 1012 1940 πρὸς
1031 1887 1094 1934 τὴν
1111 1887 1213 1935 λέξιν,

116 1960 152 1986 30
169 1947 221 1986 ὅτι
241 1947 310 1986 ἀπὸ
328 1951 397 1986 τῶν
421 1950 516 1998 μυῶν
537 1946 645 1985 ἔοικεν
670 1947 1062 1997 ὠνοματοπεποιῆσθαι,
1087 1946 1126 1983 τὸ
1145 1947 1215 1983 διε-

170 2010 352 2060 ρευνᾶσθαι
368 2004 508 2058 κρύφα.)

224 2078 286 2104 141.
315 2062 406 2103 κατὰ
436 2067 499 2110 τῆς
526 2063 653 2102 πυέλου
685 2077 695 2102 t
725 2065 784 2114 (Αἱ
810 2063 877 2114 γὰρ
909 2062 1030 2100 πύελοι
1058 2062 1215 2115 τρώγλας

169 2116 262 2174 εἶχον
278 2122 335 2161 ἐπὶ
350 2122 412 2168 τὴν
429 2122 506 2160 ὁδὸν
525 2121 610 2173 πρὸς
625 2121 664 2158 τὸ
679 2121 717 2158 τὸ
733 2120 824 2172 ὕδωρ
847 2120 1058 2172 ἐξέρχεσθαι.
1139 2120 1216 2158 Ἀλ-

116 2201 121 2204 ·
168 2183 248 2225 λως.
268 2184 290 2228 ἡ
309 2179 473 2224 πύελος”
455 2195 527 2231 εχει
553 2179 724 2231 τρώγλην,
751 2181 792 2216 δι’
819 2175 859 2226 ἧς
885 2178 1172 2229 ἀπολουόαενον
1157 2195 1214 2217 εκ-

116 2250 151 2276 35
168 2238 288 2291 χέουσι
303 2239 342 2276 τὸ
362 2237 498 2298 θερμόν.
518 2236 634 2280 παίζει
658 2236 692 2273 δὲ
711 2236 770 2274 καὶ
788 2240 889 2274 τοῦτο
907 2239 953 2279 ὡς
975 2237 1032 2275 ἐπὶ
1053 2237 1158 2287 μυός.)
1175 2261 1216 2265 -

168 2298 204 2334 ἐν
220 2299 269 2335 τῶ
288 2297 382 2348 αὒτῳ
398 2299 489 2347 εἰχον
506 2294 565 2333 καὶ
580 2293 642 2340 τὴν
661 2293 786 2332 πύελον
806 2294 866 2332 καὶ
882 2294 921 2333 τὸ
936 2294 1089 2347 λουτρόν.
1110 2302 1148 2332 Β.

224 2368 285 2393 142.
314 2353 460 2400 οἰκέτης.
486 2361 524 2391 Β.

223 2425 286 2452 143.
319 2412 447 2463 (κάπνη
468 2425 476 2449 :
494 2411 539 2450 ‘H
560 2409 774 2462 καπνοδόχη.
795 2409 868 2448 ἔστι
884 2409 921 2448 δέ
938 2425 973 2448 τι
993 2411 1215 2457 σωληνοειδὲς

167 2469 227 2508 ἐπὶ
245 2473 313 2509 τῶν
334 2469 554 2522 μαγειρείων,
569 2470 612 2507 δι’
627 2463 666 2506 οἷ
683 2471 700 2506 ὁ
719 2467 848 2511 καπνὸς
863 2468 996 2512 ἔξεισιν.
1014 2470 1060 2511 ὡς
1078 2464 1135 2506 οὖν
1154 2473 1214 2507 τοῦ

75 2539 79 2541 ’
115 2541 151 2568 w
169 2528 410 2573 Φιλοκλέωνος
425 2527 639 2581 πειρωμένου
660 2527 702 2564 δι’
717 2528 824 2573 αὐτῆς
841 2526 986 2570 ἐξελθεῖν
1004 2526 1064 2564 καὶ
1083 2526 1212 2565 κτύπον

167 2586 376 2634 ποιήσαντος
399 2586 500 2624 τοῦτό
522 2601 619 2639 φησι.
639 2589 752 2623 ταῦτα
776 2584 812 2622 δὲ
831 2584 948 2622 πάντα
972 2584 1114 2635 κωμικοί
1140 2587 1213 2623 ἐστι

168 2649 227 2683 τοῦ
248 2644 382 2696 γελοίου
400 2644 531 2698 χάριν.)

223 2716 285 2742 144.
313 2704 505 2749 Φιλοκλῆς.
526 2704 572 2742 R.

223 2773 286 2800 145.
317 2760 455 2813 (συκίνῳ
475 2774 485 2800 :
506 2759 591 2800 “Ort
611 2759 670 2798 καὶ
690 2761 721 2798 οἱ
744 2758 906 2797 δικασταὶ
929 2758 1131 2812 δριμύτατοι
1152 2760 1211 2797 καὶ

116 2830 152 2855 45
170 2819 188 2855 ὁ
203 2817 326 2870 γέρων.
343 2817 555 2857 καπνοποιὸν
573 2817 639 2871 γὰρ
655 2817 694 2855 τὸ
715 2816 850 2855 σύκινον
865 2816 974 2861 ξύλον.
993 2817 1052 2855 καὶ
1069 2816 1122 2855 ὅτι
1140 2820 1157 2855 ὃ
1172 2820 1211 2855 ἐκ

168 2877 238 2913 τῶν
249 2875 394 2913 συκίνων
408 2874 516 2920 ξύλων
533 2875 662 2919 καπνὸς
677 2874 884 2928 δριμύτατος
897 2874 957 2922 καὶ
968 2874 1211 2927 Ἀριστοτέλης

169 2931 273 2985 φησὶν
290 2934 324 2971 ἐν
341 2932 598 2985 Προὸλήματι.)

224 3003 287 3030 147.
317 2991 393 3040 (οὐκ
411 2990 604 3043 ἐσερρήσεις
622 3007 661 3042 γε
683 3006 692 3031 :
714 2991 776 3036 Ὡς
793 2990 834 3029 ἂν
863 2993 913 3043 τῷ
941 2992 1065 3043 καπνῷ
1091 2990 1209 3041 φησὶν,

169 3049 231 3086 οὒκ
245 3046 430 3086 εἷσελεύσει
445 3048 533 3098 μετὰ
549 3052 692 3101 φθορᾶς;

116 3118 153 3144 5ο
222 3109 342 3144 ποῦσθ’
358 3108 380 3152 ἡ
391 3105 495 3152 τηλία
513 3108 592 3157 εΤῇ
606 3106 722 3158 κάπνῃ
740 3106 902 3158 βούλεται
916 3108 1083 3144 ἐπιθεῖναι
1099 3109 1208 3157 πῶμα

168 3164 231 3211 τὴν
253 3163 390 3211 τηλίαν,
408 3163 512 3210 τηλία
532 3163 586 3210 δὲ,
603 3164 698 3208 σανὶς
715 3166 854 3216 βαθεῖα,
873 3167 907 3203 ἐν
924 3160 948 3216 ἧ
963 3164 1007 3202 τὰ
1028 3165 1156 3218 ἄλφιτα
1174 3167 1207 3202 ἐν

169 3225 211 3275 τῇ
228 3224 338 3275 ἀγορᾷ
351 3221 590 3273 ἐπίπρασκον.)

225 3293 286 3319 148.
319 3279 406 3332 (φέρ’
432 3280 594 3316 ἐπαναθῶ
616 3294 668 3316 σοι
687 3279 746 3317 καὶ
775 3279 871 3323 ξύλον
898 3295 906 3320 :
935 3282 989 3320 Οὐ
1020 3297 1070 3333 τῳ
1101 3281 1208 3332 πατρὶ

168 3342 278 3379 ταῦτα
304 3335 415 3388 λέγει,
432 3335 523 3374 ἀλλὰ
541 3338 584 3387 τῇ
606 3335 735 3387 κάπνῃ.
761 3336 784 3383 ἢ
799 3337 882 3390 πρὸς
909 3337 972 3384 τὴν
991 3337 1129 3388 τηλίαν,
1151 3337 1207 3375 ἵνα

814 492 888 530 Ἀπ’
906 491 1035 530 ἐκείνου
1055 495 1114 530 τοῦ
1133 492 1214 544 χρό-

2245 190 2316 226 139

1276 262 1377 312 ἐπιθῇ
1398 262 1484 312 αὐτῇ
1500 261 1598 306 ξύλον
1615 263 1661 305 εἷς
1679 262 1798 314 βάρος,
1816 263 1872 301 διὰ
1892 264 1953 308 τὰς
1976 269 2035 303 τοῦ
2055 266 2183 319 πατρὸς
2200 284 2318 320 μηχα-

1275 320 1362 370 νάς.)

1330 391 1391 416 149.
1425 378 1586 428 (ἐνταῦθα
1603 382 1660 416 νῦν
1679 392 1687 418 :
1707 379 1934 424 Ἀποκλείσας
1950 381 2013 429 τὴν
2031 382 2177 428 διέξοδον
2192 387 2250 422 τοῦ
2269 385 2318 436 μὴ

1275 437 1462 482 δυνηθῆναι
1476 437 1577 474 αὐτον
1597 439 1760 475 εἰσελθεῖν
1772 439 1882 476 ταυτά
1899 443 2008 520 φησι.)

1933 500 2035 537 ῖΤὸν
2062 501 2317 550 ὑπεκλυόμενον

1274 545 1388 588 οἰνόν
1380 552 1465 604 φασί
1480 568 1566 595 τινες
1581 553 1731 590 καπνίαν
1749 554 1921 604 ὶέγεσθαι.
1937 558 1971 592 ἐν
1990 557 2024 594 δὲ
2039 564 2108 601 τοῖς
2121 574 2200 609 περι
2220 561 2316 612 Κρα·
2338 576 2354 599 5

1273 608 1366 645 τίνου
1394 608 1589 659 διιί,1ρισται
1617 612 1646 647 εἰ
1663 611 1720 648 τὸν
1738 611 1903 649 ἀπόθετον
1930 612 1951 658 ἢ
1981 615 2039 652 καὶ
2065 616 2227 654 παλαιόν.
2255 617 2319 667 (διο

1274 665 1510 717 Ἐκφαντίδην
1533 667 1694 705 Καπνίαν
1714 671 1892 709 καλοῦσιν.

1331 508 1391 533 151.
1422 494 1514 538 ὅστις
1532 510 1660 547 πατρος
1678 512 1737 533 νυν
1764 497 1908 535 καπνίου

1976 670 2120 716 Ἄ))ως
2141 674 2215 723 ἅμα
2235 691 2320 746 προς

1272 739 1312 760 το
1328 728 1484 761 καπνῢε
1487 726 1644 762 ἷκακέναι
1660 726 1792 764 ἑαυτόν.
1809 732 1882 764 εἰπε
1898 727 1982 797 γὰρ,
2000 746 2159 773 καπνοςε
2145 731 2223 781 ’γω.
2244 733 2319 783 ἅμα

1274 781 1309 818 δε
1331 797 1390 818 και
1409 782 1524 828 κάπνη
1546 776 1632 826 εἶδος
1649 784 1843 834 ἀμπέλου
1828 786 2013 837 ςηρότατον
2032 804 2090 824 και
2111 789 2318 841 δριμύτατον

1274 845 1362 877 οἰνον
1383 839 1566 887 ποιούσης,
1587 841 1712 891 ὁμοίως
1734 858 1857 880 καπνι)
1875 848 2041 882 ποιοῦντα
2068 846 2213 899 δάκρυα.
2232 847 2319 892 τινὲς
2340 867 2374 892 10

1273 896 1309 934 δε
1330 913 1480 935 καπνιαν
1508 902 1596 936 οἰνον
1623 915 1657 936 εν
1682 886 1879 938 Βενεὸεντω
1903 918 1963 948 της
1990 903 2142 947 Ἰταλίας
2167 905 2321 956 γίνεσθαί

1273 971 1370 1008 φασι.
1389 972 1448 993 και
1465 957 1594 994 καπνία
1612 974 1633 1003 η
1657 974 1750 1008 αμπε
1754 960 1836 1009 λος.)
1859 983 1911 988 -
1927 960 2054 1006 παίζει.
2074 970 2111 999 Β.

1328 1027 1388 1051 153.
1419 1014 1503 1066 πρὸς
1522 1030 1584 1060 την
1605 997 1759 1068 θύραν,’
1746 1032 1798 1054 ινα
1821 1017 1928 1063 αὐτην
1947 1019 2102 1072 τηρήσι.1
2122 1028 2161 1057 V.

1328 1086 1388 1110 155.
1421 1073 1448 1122 (ε’
1433 1072 1641 1125 κτρι’1ξεται
1667 1088 1676 1112 z
1705 1074 1796 1111 ’Am
1822 1091 1881 1112 του
1902 1075 1959 1112 τὸν
1989 1077 2123 1128 μοχλὸν
2150 1076 2319 1130 φύλαττε,

1273 1145 1364 1173 οπως
1381 1130 1428 1180 μὴ
1444 1130 1482 1168 τὸ
1499 1132 1654 1183 κλεῖθρον
1673 1147 1791 1184 φαγων
1813 1131 1945 1185 ἐξέὶθῃ.
2344 1155 2374 1179 15

1328 1187 1477 1239 βάλανον
1498 1201 1506 1226 ;
1527 1189 1597 1227 Τὸν
1618 1189 1760 1240 μοχλόν.
1782 1190 1907 1243 κυρίως
1926 1190 1960 1228 δε
1987 1191 2024 1228 τὸ
2045 1193 2091 1235 εἷς
2111 1192 2168 1230 τὸν
2190 1193 2320 1244 μοχλὸν

1273 1245 1439 1298 σιδήριον,
1451 1245 1468 1284 ὃ
1479 1248 1652 1297 καλοῦμεν
1668 1247 1857 1299 μάγγανον.
1868 1249 1927 1286 καὶ
1943 1250 2087 1301 βάλανοι
2099 1250 2141 1288 τὰ
2157 1251 2319 1302 μάγγανα

1272 1308 1333 1351 τῆς
1351 1304 1576 1348 κλειδώσεως.
1603 1305 1662 1343 καὶ
1689 1306 1931 1358 βεὸαλάνωται
1958 1313 2030 1354 [Av.
2057 1314 2136 1355 1159]
2165 1310 2241 1346 ἀντὶ
2261 1314 2320 1347 τοῦ

1273 1363 1510 1401 κεκλείδωται.
1528 1364 1588 1402 καὶ
1604 1364 1811 1418 βαλανάγρα
1826 1369 1847 1412 ἡ
1865 1366 1976 1414 κλεὶς,
1997 1366 2094 1419 παρὰ
2110 1367 2148 1405 τὸ
2166 1367 2320 1420 ἀγρεύειν

1272 1421 1335 1468 τὴν
1350 1421 1525 1473 βάλανον.)
2341 1443 2375 1467 20

1328 1494 1389 1519 157.
1421 1481 1657 1533 Δρακοντίδης
1687 1495 1696 1521 z
1728 1482 1886 1535 Πονηρὸς
1918 1477 2014 1526 οὗτος
2044 1483 2115 1533 (καὶ
2143 1483 2322 1527 πλείσταις

1273 1539 1477 1583 καταδίκαις
1496 1540 1717 1591 ἐνεχόμενος,
1731 1557 1776 1584 ως
1794 1540 1948 1579 Πλάτων
1965 1543 2166 1594 Σοφισταις.
2187 1542 2321 1581 Καλλί-

1274 1613 1417 1657 στρατος
1437 1596 1473 1635 83
1487 1597 1547 1635 ἕνα
1563 1601 1630 1636 τῶν
1647 1600 1678 1636 λ’
1696 1599 1811 1652 φτσὶν,
1834 1601 1862 1636 εἷ
1884 1616 1932 1649 μη
1951 1599 2145 1649 ὃμών.υμος
2167 1599 2240 1637 ἔστι
2254 1599 2320 1652 κὰρ

1273 1659 1370 1699 οὗτος
1389 1658 1406 1693 ὃ
1423 1672 1461 1693 το
1479 1656 1559 1708 περὶ
1581 1673 1648 1694 των
1672 1657 1706 1694 λ’
1728 1657 1893 1709 ψηφισμα
1912 1673 1992 1709 περι
2015 1657 2219 1710 ὀλιγαρχιας
2234 1658 2320 1710 (ρά-

1272 1716 1395 1767 ψας,(
1378 1731 1423 1757 ως
1443 1713 1709 1766 'prtotfflalq'
1694 1731 1728 1752 εν
1747 1715 1959 1758 Πολιτείαις.
1965 1717 1974 1765 )
2339 1742 2373 1766 25

1327 1786 1388 1811 160.
1420 1774 1637 1819 ἀποσκλῆναι
1657 1787 1665 1811 :
1683 1773 1893 1821 Ἀποθανεῒν,
1908 1773 2201 1826 ἀποξηρανθῆναι.
2226 1782 2309 1812 I'c'cc.

1330 1844 1390 1868 164.
1422 1829 1502 1874 ὀδὰξ
1524 1830 1563 1868 τὸ
1588 1830 1720 1868 δίκτυον
1745 1845 1754 1870 :
1783 1833 1856 1870 Νῦν
1882 1831 1988 1869 πάλιν
2016 1831 2072 1869 διὰ
2097 1835 2156 1870 τοῦ
2183 1833 2320 1871 δικτύου

1272 1888 1431 1942 φαίνεται
1451 1888 1522 1925 ἅνω
1539 1887 1636 1940 παρὰ
1654 1888 1716 1935 τὴν
1737 1888 1972 1941 καπνοδόχην.

1327 1962 1388 1986 165.
1419 1947 1508 1997 (ἀλλ’
1525 1949 1587 1984 οὐκ
1603 1947 1692 1999 ἔχεις
1709 1947 1848 1991 ὀδόντας
1874 1962 1882 1986 :

1271 2001 1325 2054 ἧν.
1345 2008 1376 2045 οἱ
1397 2006 1431 2043 δὲ
1446 2005 1600 2057 γέροντες
1619 2006 1858 2044 ἀποὸάλλουσι
1874 2006 1951 2049 τοὺς
1966 2006 2132 2055 ὀδόντας.)
2339 2027 2373 2051 30

1327 2078 1388 2103 167.
1417 2062 1598 2113 τιμητικόν
1619 2077 1627 2102 :
1653 2064 1982 2113 (Καταδικαστικὸν,
2000 2063 2085 2102 ὅπου
2102 2063 2165 2135 τὴν
2181 2064 2318 2117 μακρὰν

1271 2121 1508 2175 χαράσσοντες
1527 2120 1800 2168 κατεδικαζον,
1782 2139 1803 2168 η
1822 2138 1884 2167 την
1903 2138 2044 2193 μικραν,
2061 2122 2120 2159 καὶ
2138 2121 2228 2159 ἀπέ)
2231 2138 2287 2160 υον
2291 2124 2315 2172 ,)

1272 2200 1319 2206 ·--
1338 2183 1385 2223 εἷς
1401 2180 1418 2217 ὃ
1439 2178 1565 2229 ἐτίμων
1583 2194 1642 2216 και
1661 2178 1722 2222 τὰς
1749 2179 1886 2233 μακρὰς
1915 2179 2104 2231 λεγομένας
2133 2174 2244 2218 εἷλκον
2283 2182 2317 2217 ἐν

1270 2241 1342 2282 τοῖς
1358 2238 1487 2275 ἐπάνω.
1511 2245 1549 2275 Β.
2150 2273 2179 2283 ι,

1327 2310 1386 2335 169.
1418 2293 1622 2346 (ἀποδόσθαι
1645 2308 1653 2333 :
1677 2296 1861 2341 Πωλῆσαι.
1886 2297 1897 2346 )
2337 2315 2371 2340 35

1327 2368 1388 2394 170.
1419 2351 1630 2403 (κανθηλίοις
1650 2366 1659 2391 t
1682 2352 1801 2395 Ὀνοις
1820 2352 2010 2404 μεγάλοις.)

1323 2412 1368 2451 τὰ
1387 2409 1608 2460 ἐπιτιθέμενα
1628 2412 1722 2464 αὐτῷ
1741 2411 1925 2458 κανθήλιοι.
1943 2418 1982 2448 Β.
2001 2410 2070 2454 τοῖς
2086 2410 2282 2457 κανθηλίοις
2304 2423 2312 2449 :

1271 2471 1394 2512 Λείπει
1411 2473 1434 2517 ἡ
1456 2469 1528 2509 σύν.
1557 2479 1639 2509 I'e‘ct.

1325 2543 1385 2570 171.
1419 2529 1599 2580 (νουμηνία
1624 2527 1690 2581 γάρ
1719 2529 1810 2566 ἐστιν
1838 2541 1847 2567 1
1879 2525 1984 2571 Ἔθος
2009 2520 2051 2574 ἦν
2077 2526 2257 2573 Ἀθήνησιν
2280 2527 2315 2564 ἐν

1269 2587 1439 2640 νουμηνίᾳ
1456 2588 1703 2641 πιπράσκειν.)
2335 2601 2378 2627 40

1324 2661 1387 2687 173.
1418 2645 1526 2697 (τον”
1506 2662 1582 2684 ονον
1600 2645 1724 2695 εςαγεῖ
1743 2645 1826 2687 Τοῖς
1843 2643 1991 2686 οικέταις
2010 2642 2121 2695 φησί.)

1324 2718 1387 2746 174.
1419 2703 1584 2742 ὗπέὸαλε.
1603 2701 1817 2756 πανούργως.
1833 2704 1874 2741 V.

1324 2777 1386 2802 175.
1417 2766 1463 2806 εἷς
1489 2765 1556 2800 τῶν
1584 2763 1738 2800 οἰκετῶν.
1765 2763 1806 2798 Β.
1844 2759 1920 2797 ἀλλ’
1947 2760 2010 2797 οὐκ
2034 2757 2216 2796 ἔσπασεν;
2236 2758 2314 2796 Οὖκ

1268 2819 1426 2872 ἐπέτυχε·
1443 2819 1541 2872 παρὰ
1556 2818 1619 2866 τὴν
1638 2817 1830 2870 παροιμίαν
1851 2818 1997 2868 [Thesm.
2019 2817 2087 2867 928]

1908 1947 2089 1995 Ἐπαιξεν,
2113 1947 2188 1985 ἐπεὶ
2209 1947 2319 2001 γέρων

1479 2911 1556 2948 αὕτη
1575 2911 1628 2950 μὲν
1648 2912 1667 2947 ἡ
1688 2909 1827 2950 μήρινθος
1847 2908 1934 2939 οὐδὲν
1950 2908 2098 2938 ἔσπασεν.
2331 2922 2364 2946 45

1269 2986 1418 3038 (ἐλέγετο
1442 2985 1477 3024 δὲ
1504 2985 1563 3024 ἐπὶ
1585 2986 1652 3022 τῶν
1676 2983 1781 3036 πείρα
1804 2982 1990 3021 καθιέντων
2013 2982 2197 3033 ἄγκιστρον
2222 2979 2310 3030 μετὰ

1266 3045 1406 3097 σχοίνου
1418 3074 1428 3092 ,
1441 3044 1500 3082 καὶ
1519 3042 1567 3094 μὴ
1588 3041 1890 3093 ἐπιτυγχανόντων
1907 3040 2022 3092 ἰχθύος
2034 3039 2147 3090 τινός.)

1321 3117 1382 3142 176.
1412 3106 1454 3154 τῇ
1472 3101 1657 3154 προφάσει.
1680 3109 1720 3138 V.
1735 3099 1799 3146 τὴν
1813 3099 1998 3153 πρόφασιν.
2019 3107 2059 3136 G.

2065 3159 2086 3167 ..,
2101 3156 2140 3168 κω

1319 3176 1381 3201 178.
1411 3158 1638 3213 παρακύψαι.
1653 3156 2015 3207 (Ι)υλαττόμενοςυπ”
2001 3172 2086 3207 εμου
2098 3165 2199 3202 οητα.
2223 3161 2305 3191 lice.

1318 3221 1405 3271 (179.)
1435 3218 1581 3265 κάνθων,
1602 3217 1636 3254 τί
1652 3216 1797 3259 κλάειςτ
1819 3215 1880 3258 “Ως
1901 3214 2115 3267 βαρουμένου
2132 3230 2190 3251 του
2211 3213 2303 3251 ὄνου.
2325 3234 2360 3258 50

1233 3291 1235 3294 ⁴
1263 3278 1362 3330 ἔφερε
1381 3276 1448 3329 γὰρ
1471 3275 1529 3313 τὸν
1555 3274 1699 3327 γέροντα
1717 3272 2037 3325 [ὑποκρεμασθέντα
2053 3271 2198 3323 λάθρα],
2215 3269 2304 3308 κατὰ

1264 3336 1411 3387 μίμησιν
1432 3350 1492 3372 του
1512 3332 1737 3375 Ὀδυσσέο1ς“
1726 3331 1793 3370 υπὸ
1815 3347 1873 3369 του
1894 3347 1990 3382 κριου
2007 3329 2217 3382 φερομένου,
2241 3327 2306 3379 [ἐφ’
