2517 3792
906 192 1562 234 THESMOPHORIAZUSARUM.

184 294 214 332 οἳ
234 293 363 333 οὖδὲν”
344 309 423 346 εχον
439 292 570 330 codex.
594 288 738 343 Σφηξιν,
763 303 798 326 v.
820 303 832 326 1
849 290 935 335 234,
955 289 1021 326 ubi
1042 302 1075 325 v.
1094 281 1238 324 sebo-¹

186 354 246 390 lia.
255 360 363 398 —47
389 351 483 402 ὡνὴρ
509 350 642 387 codex.
655 372 703 377 --
723 349 770 392 48
790 347 902 397 μένειν
920 348 1118 385 Dobraeus.
1141 345 1182 396 μὲ
1170 362 1202 382 ν

187 414 275 448 εἰναι
311 410 442 448 codex.
465 437 515 442 -
545 409 593 445 50
636 408 784 457 c01rige
821 406 860 443 λε’
846 422 944 456 -γων
981 405 1206 455 Typotlietae

188 469 316 519 lapsus
332 468 434 518 λέγω.
452 467 528 504 ἀλλ’
548 468 651 504 insei
655 466 709 503 uit
726 465 957 503 Dindoifius.
961 487 1013 492 —-
1028 465 1074 501 52
1093 463 1203 500 Πελο-

189 526 333 571 πονήσιε
349 526 483 564 codex.

246 585 338 634 198,
363 598 384 620 2
401 583 661 634 supplendum
680 583 832 620 videtur
859 582 961 626 δῆλον
989 579 1041 625 ὅτι
1059 582 1117 616 vel
1147 592 1210 629 φα-

189 641 284 694 νερὸν
300 641 363 679 ὅτι.
380 645 562 679 Dim).—
579 643 599 677 3
626 643 688 679 οὐκ
715 642 818 678 ἄλλον
848 640 982 676 codex.
1008 643 1051 675 In
1075 637 1207 675 eodem

190 708 278 750 post
299 700 441 752 κορυδὸν
466 701 593 738 tenuia
622 708 765 736 tantum
787 706 992 748 supersunt
1018 697 1210 733 literarum

191 759 349 807 vestigia
368 774 591 796 αντωνυσιου.
615 758 807 795 Dindorfii
829 766 884 794 est
902 755 1005 793 αὐτὸν
1031 753 1212 801 ὠνόμασεν

193 816 270 853 ἀλλ’
286 815 307 862 ἢ
324 817 457 866 (codex
472 817 644 862 &DQX—
660 818 680 853 5
697 816 859 853 indicavi
877 816 1065 851 lacunam.
1085 811 1214 848 Codex

193 874 314 911 literis
349 889 472 926 prope
507 875 723 912 obliteratis
757 874 950 921 λελυΟημαι
986 869 1060 907 ὅθεν
1087 867 1214 919 [apud

194 933 408 970 Bekkerum
437 935 457 983 β
644 932 735 981 δεν],
766 945 849 980 quae
883 937 990 966 tanto
1025 929 1149 964 minus
1176 927 1215 962 in

194 991 386 1040 integrum
409 991 556 1028 restitui
576 997 750 1040 possunt,
764 1002 881 1038 quum
900 988 1012 1037 plura
1032 985 1217 1022 excidisse

197 1049 440 1086 manifestum
464 1049 524 1085 sit.
552 1048 746 1096 λελυθημαι
764 1046 886 1083 simile
903 1054 958 1082 est
976 1044 1097 1081 verbo
1113 1041 1219 1080 λελύ-

196 1122 325 1156 πημαι.
337 1110 457 1144 Dum.
471 1109 595 1154 Quum
608 1107 647 1142 in
663 1106 731 1142 hae
745 1104 870 1142 fabula
886 1104 932 1141 de
946 1104 1068 1154 poetis
1079 1101 1220 1139 dixerit

198 1164 423 1211 Teleclides,
453 1165 602 1201 τάλαινα
627 1177 708 1201 esse
734 1164 857 1214 possit
882 1163 1009 1200 Poesis
1030 1161 1089 1198 vel
1114 1173 1219 1196 musa

198 1223 368 1272 AEschyli
387 1224 470 1269 avi,
488 1224 549 1260 cui
567 1223 644 1259 vim
662 1223 795 1259 fecerit
823 1222 1022 1259 Philocles.
1042 1219 1218 1269 Conjeci:

306 1309 399 1348 Ἀλλ’
418 1312 440 1355 ἡ
463 1309 609 1347 τάλαινα
628 1308 809 1347 Φιλοκλέα
832 1308 1073 1359 βδελύττεται,

305 1366 357 1405 ὅτι
372 1366 549 1418 [γύννις]ε
536 1367 621 1404 ἐστὶ
614 1383 630 1403 ν
651 1367 827 1418 Αἰσχύλου
849 1367 997 1419 φρόντμ’
1016 1366 1117 1417 ἔχων.

200 1452 376 1494 Quorum
394 1448 501 1498 prius
523 1446 624 1498 βδελ
607 1463 745 1485 υττεται
765 1462 840 1485 11011
861 1448 1024 1498 impiob
1018 1447 1116 1484 ibile
1137 1447 1223 1483 exi-

202 1507 335 1550 stim03
356 1506 421 1543 sed
442 1519 516 1556 pro
543 1504 656 1555 γύννις
685 1507 787 1543 aliud
814 1507 1046 1544 vocabulum
1075 1505 1225 1542 deside-

203 1573 312 1602 ratur
326 1564 503 1601 ductibus
518 1565 715 1602 literarum
730 1574 767 1603 et
781 1565 1084 1614 praecedentibus
1098 1565 1225 1602 verbis

204 1622 326 1673 μικρὸς
343 1621 402 1659 καὶ
419 1622 563 1674 αἰσχρὸς
579 1624 917 1661 accommodatius,

264 1695 348 1730 199.
368 1685 534 1730 Zeugma
550 1682 694 1718 scilicet
712 1691 845 1719 notare
861 1683 1004 1727 voluit,
1030 1682 1135 1732 quod
1157 1681 1226 1717 hac

205 1738 380 1775 solvebat
403 1740 575 1776 ratione:
594 1738 655 1781 τὰς
680 1738 858 1792 συμφορὰς
885 1739 951 1792 γὰρ
971 1740 1049 1791 οὐχὶ
1075 1746 1144 1782 τοῖς
1168 1754 1228 1775 τε-

207 1796 408 1847 χνάσμασιν
436 1795 613 1849 ἐκφεύγειν
641 1797 791 1845 δίκαιον,
816 1797 904 1835 ἀλλὰ
930 1805 1001 1840 τοῖς
1021 1798 1226 1848 παθήμασιν

208 1853 334 1906 φέρειν.
355 1858 455 1892 Cave
477 1856 674 1893 existimes
691 1857 935 1894 scholiastam
953 1857 1062 1894 aliter
1082 1858 1226 1906 legisse.

207 1916 413 1951 Fm‘rzscn.

264 1972 353 2028 215.
384 1975 441 2009 De
473 1973 621 2010 Cratini
650 1973 778 2010 fabula
807 1988 842 2012 v.
871 1974 1048 2010 Dindorf.
1081 1974 1128 2010 ad
1160 1974 1231 2009 fra-

211 2039 366 2079 gmenta
400 2031 599 2082 Aristoph.
630 2045 667 2082 p.
699 2037 748 2080 94
773 2032 836 2069 ed.
877 2033 982 2082 Lips.
1005 2041 1042 2068 et
1064 2032 1229 2068 Meinek.

209 2091 316 2126 Com.
335 2092 372 2136 Ι,
401 2102 439 2138 p.
454 2089 500 2125 53
521 2103 601 2139 sqq.

267 2159 341 2183 220
363 2146 477 2184 scrib.
502 2148 606 2184 αὐτοῦ
631 2177 640 2184 .
657 2178 665 2184 .
685 2176 692 2184 .
727 2150 816 2185 Haec
845 2148 1005 2185 fortasse
1030 2149 1076 2185 de
1097 2149 1232 2198 proxi—

195 2222 197 2224 ·
214 2217 364 2241 morum
382 2204 590 2241 verborum
611 2210 764 2255 γενναῖος
781 2198 813 2242 εἶ
827 2206 1082 2256 explicatione
1100 2220 1233 2255 super-

214 2267 451 2300 sunu-mm).

269 2332 342 2355 221
368 2321 471 2370 apud
490 2322 701 2357 Bekkerum
719 2322 806 2358 καλ.
823 2349 832 2358 .
850 2352 857 2358 .
870 2336 954 2358 εναι.

270 2383 343 2421 224
359 2406 368 2423 ,
410 2383 456 2422 24
498 2379 551 2415 sic
585 2379 820 2416 Dindorfius.
861 2380 994 2417 Codex
1027 2395 1070 2416 ιε.

215 2434 362 2489 ἱερείων.

274 2495 369 2540 232,
391 2507 441 2544 29
466 2494 721 2547 προὸάλλεται,
758 2496 803 2532 31
838 2509 893 2545 sq.
922 2494 957 2532 δὲ
981 2494 1116 2548 εἴρηκε,
1149 2495 1235 2533 διότι

217 2554 272 2604 ἐψ.
294 2553 430 2590 811ἰά35
447 2567 475 2590 5.
497 2552 626 2595 Ψιλός.

271 2611 346 2654 245
370 2615 452 2649 Put.
483 2611 645 2658 αἷθάλης,
677 2614 839 2657 στακτῆς.
871 2612 981 2649 Conf.
1011 2612 1166 2650 Suidam
1196 2627 1233 2652 v,

216 2667 395 2711 Ἄσὸολος.

272 2727 347 2769 246
370 2730 455 2763 Put.
475 2741 483 2762 ε
506 2724 633 2776 μεταξὺ
650 2729 813 2778 πρωκτοῦ
829 2742 866 2764 τε
886 2726 943 2764 καὶ
965 2727 1094 2764 αἰδοίου
1117 2727 1232 2771 τόπος.

271 2783 360 2828 258,
378 2785 425 2828 43
441 2783 500 2821 καὶ
518 2785 564 2826 ὥς
579 2783 665 2834 γυνὴ
691 2785 827 2823 Suidas
843 2799 871 2822 5.
891 2785 1088 2837 Περίθετος.
1108 2787 1237 2824 Codex

221 2842 266 2881 ὥς
283 2841 366 2891 γυνὴ
382 2839 506 2878 καὶ.-
524 2847 571 2886 44
589 2841 730 2892 λέγουσι
746 2841 782 2880 δὲ
797 2842 855 2880 καὶ
871 2845 976 2880 malit
995 2845 1235 2882 Fritzschius.

223 2922 274 2928 —
301 2901 348 2944 45
383 2900 596 2951 παντευχίαν
631 2902 681 2940 δεῖ
709 2904 937 2940 Meinekius.
960 2924 1014 2933 —
1035 2905 1083 2947 46
1116 2905 1238 2942 codex

223 2959 373 2997 ἔνσταθι.

280 3019 350 3054 261
364 3044 373 3061 ,
395 3021 450 3064 49,
467 3016 704 3066 εἷστεταμένον
724 3019 859 3056 Suidas
879 3032 1033 3069 quoque
1047 3033 1074 3056 s.
1100 3020 1239 3067 Κλινίς,

224 3075 291 3113 ubi
325 3077 517 3111 Porsonus
549 3075 785 3124 ἐκτεταμένον.
815 3081 967 3114 Poterat
1000 3077 1240 3127 probabilius

226 3135 300 3172 ἔστι
317 3129 520 3180 τεταμένον.
540 3135 657 3170 ΒιΝῑ).
679 3137 736 3171 Ita
758 3135 873 3171 etiam
891 3136 1132 3173 Fritzschius.

282 3191 355 3236 273
384 3188 513 3225 addidi
543 3187 578 3231 ὃς
605 3198 642 3226 et
672 3191 847 3229 lacunam
882 3193 1059 3230 indicavi.
1087 3195 1241 3231 Excidit

228 3248 430 3299 epitheton
458 3246 614 3294 aliquod
634 3246 799 3285 filiorum
826 3250 886 3285 vel
915 3262 1108 3287 numerus.
1129 3251 1240 3288 Conf.

229 3306 348 3344 schol·
376 3303 476 3341 Nub·
518 3317 624 3341 1001.
659 3308 782 3342 Dmn.
816 3307 1048 3344 Fritzschius
1079 3307 1115 3350 ὃς
1149 3302 1240 3359 εἶχεν

230 3361 323 3407 υἱοὺς
348 3360 478 3404 δώδεις.

1090 2395 1131 2416 .α
1165 2381 1232 2416 τῶν

1248 1121 1253 1240 l

2203 197 2275 230 509

1319 287 1391 327 274
1411 279 1524 317 habet
1541 279 1677 317 Suidas
1695 293 1722 316 5.
1743 278 1889 329 Ἄρδην,
1907 292 1953 315 ex
1970 292 2047 329 quo
2065 279 2237 316 additum
2257 279 2277 315 3

1263 341 1346 385 τοῦ,
1376 340 1395 376 5
1427 341 1528 376 τοῦτο
1559 338 1670 383 δηλοῖ.
1706 341 1795 374 Post
1823 337 1928 387 quod
1956 337 2184 375 vocabulum
2216 337 2280 374 ille

1267 397 1390 446 pergit
1411 395 1485 432 ἀντὶ
1501 399 1560 433 τοῦ
1577 395 1721 438 πάντας.

1324 455 1393 489 281
1420 457 1504 490 Put.
1527 456 1587 497 τῆς
1606 452 1800 494 ἀναδόσεως
1816 467 1873 489 του
1889 455 2038 489 κατνοῧ.

1325 513 1395 555 284
1415 515 1494 548 Put.
1512 513 1647 560 ἀγγεῖον
1670 513 1737 547 ἐν
1719 527 1747 547 ι)
1768 509 1810 547 τὰ
1834 510 2003 561 βρώματα
2020 510 2161 548 ermom.
2180 511 2285 548 Idem

1270 570 1316 606 ad
1340 570 1414 606 285
1439 572 1592 618 (28731,
1610 568 1763 611 δοςῶςτ’
1785 568 2032 618 ἔχειναε.Α(1
2063 570 2136 605 286
2157 569 2284 619 (287?)

1271 627 1486 664 ἐλλειπτικὸν
1510 627 1548 664 τὸ
1564 630 1698 678 σχῆμα.
1720 628 1778 664 Ad
1797 628 1886 672 288,
1908 599 1961 668 ab}
1979 628 2105 664 λαθεῖν.

1327 687 1416 733 289,
1437 687 1482 721 18
1503 685 1645 735 μύρτιον
1665 685 1896 721 Dindorlius.
1920 685 2049 721 Codex
2066 684 2206 737 μύρτον.

1329 756 1417 791 291,
1445 756 1486 779 21
1512 742 1742 794 πεδαρίσκον,
1776 755 1822 777 22
1844 745 2017 794 κατοφερῆ
2041 744 2176 780 codex.
2202 747 2287 781 Put.

1275 800 1416 837 babet
1406 801 1589 852 προσέχειν
1609 817 1666 838 τον
1689 800 1768 837 θα)
1755 815 1837 845 ηκον
1861 801 1942 847 (sic)
1969 800 2059 849 ἐμοι.

1332 859 1377 901 34
1384 859 1420 903 6,
1442 859 1488 901 45
1509 873 1565 908 sq
1586 860 1763 895 Datixum
1785 858 1904 909 ἑταίρα
1928 858 2020 908 legit
2048 858 2109 895 hic
2128 860 2293 896 scholia-

1277 925 1346 953 sta.
1372 917 1536 954 Codex
1523 933 1565 953 επ
1570 933 1631 954 ιτο
1646 932 1704 968 πρ.
1716 945 1724 961 ,
1744 922 1789 962 47
1808 925 1845 953 et
1863 882 1939 960 48
1926 939 1941 953 .-.
1944 915 2039 968 τέρα.
2053 946 2094 950 -
2109 917 2189 954 5ο
2176 918 2296 970 εταίρα

1277 984 1380 1012 recte
1401 978 1560 1026 corrigit
1575 978 1812 1014 Dindorfius.

1333 1035 1406 1071 363
1424 1064 1433 1081 ,
1456 1035 1477 1071 5
1501 1035 1746 1072 scribendum
1766 1035 1919 1072 videtur
1944 1035 2211 1088 ἀπηγορευμένα
2229 1037 2298 1087 [510

1279 1091 1416 1129 Suidas
1435 1106 1464 1130 5.
1488 1092 1700 1145 Ἀπόρρητα]
1716 1094 1775 1130 vel
1798 1093 1855 1130 ἐπὶ
1877 1096 1943 1130 τῶν
1961 1095 2070 1144 ἀπηγ.
2090 1098 2207 1132 Dum.
2225 1096 2299 1143 Qui

1280 1151 1579 1217 comparandum
1597 1160 1727 1188 monet
1744 1152 1864 1188 schol.
1889 1153 1984 1190 Ran.
2007 1153 2097 1190 362.

1337 1209 1380 1255 37
1363 1210 1423 1256 3,
1450 1224 1494 1246 12
1515 1211 1622 1260 prius
1637 1209 1659 1255 ἢ
1675 1210 1847 1246 additum
1868 1223 1914 1246 ex
1935 1210 2052 1247 Suida
2071 1223 2101 1246 s.

1281 1280 1349 1310 τις,
1370 1268 1436 1317 qui
1457 1281 1534 1305 om.
1561 1269 1721 1305 alterum
1743 1291 1762 1304 A»
1738 1283 1831 1319 περι.

1339 1327 1427 1371 380,
1457 1328 1538 1363 16
1521 1326 1596 1363 αντὶ
1614 1326 1671 1363 τὸν
1692 1326 1826 1364 codex.
1844 1328 1962 1362 Recte
1983 1325 2246 1363 Dindor'fius
2228 1326 2303 1364 αντὶ

1284 1389 1344 1423 τοῦ
1362 1402 1418 1423 τον
1440 1402 1495 1425 στ.

1341 1445 1414 1480 383
1437 1443 1521 1494 γυνὴ
1541 1446 1730 1494 pertinere
1751 1444 1904 1481 videtur
1921 1443 1967 1480 ad
1987 1443 2074 1490 381,
2090 1442 2307 1495 χρέμπτεται

1285 1501 1389 1553 γὰρ’
1368 1517 1449 1547 ηοη.

1342 1560 1430 1607 389,
1457 1560 1503 1595 23
1536 1559 1668 1596 Suidas
1697 1573 1725 1596 s.
1749 1559 1928 1609 Επισμῃ,
1958 1560 1989 1595 οἳ
2017 1556 2052 1595 δε
2079 1574 2204 1611 μεταφ.
2238 1558 2307 1596 ἀπὸ

1288 1632 1348 1654 το2
1370 1615 1538 1667 σμήχειν,
1562 1620 1592 1654 οῖ
1597 1632 1631 1653 ον
1653 1633 1764 1669 επιτρι
1768 1617 1854 1655 οειν,
1871 1640 1918 1645 -—
1937 1618 1983 1654 25
2005 1616 2176 1681 Διοῗωρος
2196 1618 2309 1654 intel-

1288 1677 1323 1712 li
1317 1675 1460 1724 gendus
1491 1676 1642 1712 videtur
1668 1656 1836 1725 lexicogi
1839 1676 1979 1725 aphus,
1999 1674 2106 1724 cujus
2136 1674 2310 1718 Ιταλικὰς

1288 1732 1449 1783 γλώσσας
1474 1747 1494 1768 e
1520 1734 1718 1783 Pamphilo
1738 1734 1829 1770 citat
1853 1734 2052 1770 Athenaeus
2072 1747 2112 1769 11
2126 1746 2196 1783 ,.p
2220 1740 2308 1805 479.

1747 1790 1780 1819 >Χ
1810 1791 1838 1816 5⁵:

1289 1796 1669 1842 ScnsE1D1-2u.p.94.
1696 1793 1727 1828 οἱ
1747 1807 1781 1828 οε
1805 1807 1838 1835 ες
1857 1790 1953 1835 ἔθους
1974 1792 2118 1830 Suidas.
2128 1815 2176 1819 —
2197 1805 2242 1838 27
2264 1793 2311 1833 ὣς

1290 1866 1328 1887 το
1344 1849 1500 1900 σμώχειν
1521 1850 1798 1900 51111101ἀο1.[).
1821 1850 1882 1886 55.

1344 1910 1420 1958 392
1440 1913 1522 1945 Put.
1536 1908 1598 1958 (ad
1619 1908 1872 1960 μυχοτρόπους)
1893 1907 2002 1958 μυχία
2019 1910 2040 1953 ἠ
2060 1907 2255 1961 Ἀφροδίτη.

1345 1968 1419 2015 393
1441 1967 1539 2003 conf.
1563 1967 1714 2004 Suidam
1735 1980 1761 2003 5.
1778 1966 1997 2014 Οἰνοπίπας,
2019 1967 2084 2016 qui
2110 1969 2157 2005 35
2178 1967 2312 2005 οἷνοπί-

1290 2040 1376 2072 πας,
1395 2026 1442 2061 36
1462 2023 1577 2074 μύζειν
1593 2023 1615 2069 ἢ
1635 2027 1762 2073 μυζᾶν.

1347 2083 1440 2130 395,
1467 2084 1514 2131 39
1545 2081 1704 2130 γενέπθαι
1720 2082 1854 2119 Suidas
1882 2095 1910 2119 5.
1932 2080 2065 2133 Ἰκρία,
2091 2096 2308 2132 quanquam

1292 2141 1395 2191 apud
1416 2141 1516 2177 hunc
1531 2154 1685 2190 quoque
1709 2148 1783 2177 tres
1804 2140 1955 2177 codices
1983 2139 2144 2190 γένηται,
2169 2149 2211 2177 ut
2241 2141 2315 2177 hoc

1292 2201 1378 2236 loco
1393 2203 1439 2235 R.

1348 2258 1421 2306 397
1445 2257 1638 2306 pertinent
1659 2255 1707 2292 ad
1735 2269 1768 2291 v.
1790 2256 1865 2304 390
1891 2268 1961 2305 sq„
1985 2254 2137 2308 ὅπουπερ
2153 2255 2314 2309 ἐμὸραχὺ

1295 2315 1381 2353 εἷο-ἰν
1401 2314 1534 2352 θεαταί.

2128 1208 2302 1248 Ἐπιστά-

1350 2381 1438 2420 401,
1461 2379 1506 2416 44
1539 2371 1628 2424 αὔτα
1650 2372 1711 2425 ὅρα
1733 2373 1779 2423 (i.
1806 2386 1837 2409 e.
1867 2371 2006 2424 ὥρα)
1991 2388 2051 2410 εστ
2053 2373 2315 2424 εφανηπλόκουν

1295 2433 1500 2471 Seidlerus.

1351 2493 1425 2535 416
1442 2495 1524 2528 Put.
1544 2488 1754 2542 Ἰλλυρικοὺς
1774 2489 1889 2532 κύνας.

1350 2550 1447 2595 423,
1479 2562 1502 2597 9
1527 2549 1619 2590 κλεῖς
1645 2547 1738 2585 ἐστὶν
1766 2547 1955 2584 codex.—
1985 2561 2028 2584 1o
2057 2548 2316 2600 περιτιθεμένου

1266 2652 1267 2655 ¹
1296 2608 1437 2646 Suidas
1458 2621 1485 2643 5.
1505 2605 1723 2644 Λακωνικαί.

1351 2672 1440 2712 427,
1453 2664 1575 2709 14ἀπὸ
1589 2668 1641 2717 θρ.
1657 2665 1807 2701 codices
1826 2664 1950 2701 Suidae
1966 2678 1994 2701 5.
2012 2663 2314 2716 Θριπηδέστατον.

1351 2731 1426 2772 429
1446 2727 1530 2761 Put.
1551 2729 1727 2775 κυρκανᾶν
1748 2721 1900 2774 ἀκριὸῶς
1920 2724 2051 2769 ζητεῖν,
2074 2722 2144 2760 ἀπὸ
2157 2725 2218 2768 τῆς
2231 2721 2318 2774 κύρ-

1296 2799 1360 2830 κης
1376 2784 1412 2833 (l.
1428 2781 1628 2833 κυρκάνης).

1353 2847 1423 2885 441
1446 2840 1559 2876 habet
1580 2844 1665 2876 Put.
1690 2839 1807 2875 verba
1829 2852 1874 2874 20
1897 2839 1959 2874 οὐκ
1980 2837 2314 2889 ἀπὸ-συμμέτρων.

1297 2898 1415 2944 Idem,
1456 2897 1650 2944 Esvox).‘·?,<;‚
1687 2895 1758 2937 υἱὸς
1796 2894 1990 2946 Καρκίνου,
2017 2894 2235 2944 κωμῳδεῖται
2273 2897 2318 2936 ὡς

1299 2954 1437 2999 ἄξεστος
1471 2956 1505 2991 ἐν
1547 2957 1589 3004 τῇ
1637 2953 1776 2998 ποιήσει
1822 2952 1881 2989 καὶ
1929 2953 2166 3003 ἀλληγορικῶς
2208 2953 2317 3001 (sic),

1299 3026 1383 3063 quae
1409 3015 1584 3062 leguntur
1604 3013 1642 3048 in
1661 3012 1778 3048 schol.
1813 3013 1906 3047 Ran.
1928 3011 2042 3046 86.-
2065 3023 2109 3046 21
2134 3010 2167 3047 ἐν
2190 3010 2265 3056 ἤθει
2282 3009 2319 3048 δέ

1300 3071 1545 3116 Fritzschius,
1570 3071 1649 3107 sine
1667 3068 1952 3119 probabilitate.

1354 3129 1428 3171 458
1445 3125 1638 3169 ἔκδοτικοὺς
1654 3126 1788 3164 Suidas
1804 3140 1834 3163 5.
1855 3124 2168 3176 Συνθηματιαίους.
2187 3125 2317 3163 Codex

1301 3184 1561 3227 συνεκδοτικοὺς

1355 3246 1425 3287 481
1450 3252 1505 3280 est
1526 3243 1635 3280 etiam
1655 3255 1715 3292 ap.
1730 3245 1917 3279 Zonaram
1937 3245 1967 3287 1,
1986 3255 2024 3291 p.
2046 3242 2122 3291 669
2140 3250 2176 3280 et
2196 3255 2315 3292 gram·

1303 3302 1479 3338 maticum
1500 3301 1538 3336 in
1560 3300 1673 3337 Catal.
1697 3299 1808 3336 codd.
1832 3300 1993 3338 Nanian.
2013 3313 2050 3350 p.
2069 3301 2156 3349 493.

1360 3360 1448 3408 489,
1473 3359 1518 3395 38
1540 3356 1660 3407 ἀγυεῦς
1681 3357 1814 3394 codex.
