2533 3808
265 201 340 232 622

298 281 394 320 poris
416 276 566 317 artifices
588 276 731 316 optimi,
756 272 985 304 condiderunt
1007 271 1177 311 Apollinis
1201 272 1281 301 tem-

295 326 397 365 plum
424 323 627 363 Delphicum
655 323 687 351 et
719 322 755 351 in
778 319 879 351 Elide
904 319 1106 350 thesaurum
1137 318 1253 355 Auqioe
1266 327 1279 353 ;

301 378 398 410 quem
421 368 511 400 clam
532 367 790 406 spoliaverunt,
813 364 872 395 sed
897 363 1036 395 Daedali
1058 362 1136 394 dolo
1156 360 1279 401 pedica

299 417 405 455 capti,
424 412 601 453 Aqainedis
624 413 729 451 caput
751 419 772 441 a
791 410 978 450 Trophonio
994 410 1212 449 amputatur,
1237 415 1278 436 ne

298 462 434 500 aenosci
451 460 576 499 posset.
602 458 730 489 Filium
753 464 796 487 ex
818 458 983 496 Epicasta
1003 455 1125 487 habuit
1140 455 1276 492 Cercyo-

298 515 385 544 nem,
403 504 589 536 secundum
605 503 811 540 Characem,
827 502 917 534 Nub.
935 505 1005 533 508.

257 557 448 591 Agamemno
468 559 541 589 rex,
556 553 612 581 Ao.
632 552 702 580 509.
724 549 919 580 [inmolavit
934 545 1139 586 Amarynthi
1152 546 1275 576 Dianoe

295 600 435 628 arietem
449 597 539 627 κόλον
562 598 594 627 et
611 595 776 635 templum
792 596 820 625 ei
843 595 971 625 statuit
995 591 1185 628 Colcenidi;
1210 598 1273 620 au-

294 646 402 675 ctores
427 642 662 674 Callimachus
684 643 717 673 et
739 641 975 681 Euphronius,
1000 642 1057 671 Ae.
1082 641 1153 671 874.
1174 636 1272 677 Apud

294 689 456 720 Achieum
472 690 507 719 in
521 688 716 719 Philocteta
729 687 868 719 Achivos
882 688 1013 717 excitat
1026 684 1273 717 acclamatione

294 736 441 773 ἐλελελεῦ,
456 737 512 765 Ao.
528 737 599 765 304.
625 734 703 765 Vide
716 736 842 771 Atreus,
857 733 1050 772 Iphiyenia.

256 783 391 821 Agatho,
409 781 548 820 tragicus
565 783 676 820 poeta,
686 780 788 820 filius
816 781 1002 818 Tisameni,
1026 778 1269 814 mollissimus,

294 831 378 859 Han.
396 831 452 866 83,
470 827 511 857 ob
530 827 697 858 mollitiem
714 826 937 866 perstringitur
953 828 988 856 in
1016 823 1201 863 Gerytade,
1214 822 1268 861 fr.

294 878 352 906 229
368 874 460 914 [adde
473 874 572 905 schol.
588 873 717 904 Luciani
731 881 781 912 ap.
799 876 938 903 Cramer.
957 870 1073 903 Anecd.
1087 875 1189 902 Oxou.
1206 869 1269 900 vol.

291 924 309 952 4
323 945 332 959 ,
349 930 381 960 p.
401 923 478 959 209,
498 920 563 959 20].
581 918 901 959 Agathonemsuisse
917 918 1042 957 nigrum
1055 940 1064 954 ,
1082 916 1270 954 robustum,

290 967 459 998 barbatum
484 966 631 997 tradunt
646 965 869 996 Aristarchus
884 966 917 996 et
930 964 1099 1004 Didymus
1115 962 1196 994 :sed
1208 970 1270 1002 per

290 1014 326 1045 id
349 1013 439 1053 quod
466 1021 533 1044 non
560 1014 635 1043 erat
657 1013 906 1052 perstrinxisse
927 1019 1005 1041 eum
1027 1009 1270 1049 Aristophanes

289 1059 436 1097 videtur,
455 1060 519 1089 nisi
537 1059 578 1090 de
593 1059 662 1089 alio
678 1058 818 1097 iqnobili
840 1057 989 1097 quodam
1004 1055 1178 1095 Aqathone
1196 1055 1269 1086 hoec

288 1106 524 1146 intelliyet-ida,
554 1105 684 1137 Thesm.
703 1108 754 1144 31,
779 1108 829 1136 33.
848 1106 937 1136 Erat
960 1105 1054 1135 Iaecis
1073 1105 1106 1134 el
1129 1102 1269 1134 barbam

288 1153 351 1183 sibi
376 1152 531 1189 vellebat,
557 1155 607 1183 33.
635 1152 755 1183 Tribus
779 1152 880 1181 annis
899 1154 944 1186 (v.
970 1150 1052 1187 not.)
1078 1151 1157 1179 aule
1180 1148 1269 1178 hanc

281 1198 449 1237 fabulam
461 1197 579 1229 docere
593 1199 777 1237 inceperat,
791 1200 842 1228 32.
854 1199 897 1227 lu
914 1195 1267 1235 Thesmophoriazusis

288 1245 454 1285 Euripides
468 1244 534 1275 adit
546 1245 742 1284 Agathonem
754 1268 762 1282 ,
781 1245 907 1284 poetam
922 1243 1077 1282 tragicum
1100 1241 1267 1280 inclytum,

287 1300 351 1322 uon
365 1291 455 1322 illum
469 1291 648 1330 robustum,
662 1291 800 1330 nigrum,
814 1289 999 1327 barbatum,
1017 1288 1071 1319 sed
1090 1287 1265 1327 pathicum,

289 1341 423 1369 29—35.
449 1341 549 1368 Domo
566 1338 631 1368 exit
653 1337 789 1368 famulus
803 1337 872 1376 ejus
885 1336 1051 1373 delicatus,
1067 1342 1161 1364 orans
1175 1333 1266 1364 silen-

287 1385 369 1415 tium
385 1386 421 1415 ut
438 1385 492 1415 tiat
507 1384 603 1414 choro
617 1387 780 1414 Musarum
796 1382 883 1420 heri,
901 1381 955 1421 qui
971 1380 1138 1411 artiticiose
1152 1381 1265 1419 pangat

286 1431 493 1471 tragoediam,
515 1433 647 1462 39—09.
673 1434 744 1469 Ipse
763 1428 830 1459 exit
841 1427 988 1458 muliebri
1007 1426 1134 1464 habitu,
1158 1424 1267 1456 cantil-

288 1479 354 1508 lans
367 1502 375 1516 ,
390 1477 487 1508 choro
501 1486 559 1508 suo
575 1476 699 1507 cantica
715 1474 903 1515 praecipiens
914 1497 922 1512 ,
942 1475 1112 1504 tot—129.
1134 1475 1203 1511 Ejus
1220 1471 1265 1502 61-

289 1525 439 1557 seminata
454 1525 604 1556 mollities
621 1524 756 1561 ridetur,
774 1522 830 1553 sed
845 1522 910 1561 ipse
925 1521 1061 1560 explicat
1080 1528 1176 1559 quam
1193 1521 1267 1558 apta

286 1573 328 1604 sit
349 1571 503 1612 poematis
517 1571 600 1610 suis,
619 1571 738 1611 quibus
751 1577 860 1609 parem
881 1568 994 1599 debere
1009 1576 1076 1598 esse
1092 1569 1194 1606 poetae
1210 1566 1264 1596 113-

286 1620 389 1651 bitum
401 1643 409 1658 ‚
432 1622 603 1651 130-175.
628 1621 697 1648 Non
713 1617 784 1647 vult
796 1618 833 1646 ut
848 1614 963 1645 mulier
980 1614 1099 1644 intrare
1111 1612 1265 1652 templum

286 1666 552 1705 Thesmophorotv
565 1666 596 1695 et
609 1663 788 1704 periculum
801 1670 859 1702 pro
873 1661 1020 1700 Euripide
1031 1661 1151 1699 subire,
1163 1659 1264 1700 pejori

286 1713 471 1751 ceteroquin
493 1711 638 1750 exemplo
661 1709 840 1749 periturus,
858 1707 976 1747 quippe
988 1707 1158 1738 mulierum
1172 1715 1266 1746 opera

286 1761 442 1789 nocturna
458 1758 596 1797 clepens,
616 1759 775 1788 177—208
789 1765 797 1792 ;
812 1754 864 1786 sed
885 1754 926 1784 ad
943 1754 1165 1785 exornandum
1178 1757 1265 1784 Mne-

286 1806 441 1837 silochum
455 1805 661 1841 novaculam,
675 1804 836 1834 crocotam
848 1825 856 1840 ,
871 1801 1062 1840 strophium,
1077 1801 1186 1839 vittas,
1204 1801 1265 1830 mi-

285 1853 380 1889 tram,
389 1850 792 1890 galericulum‚enc5clum,
805 1848 1020 1878 calceamenta
1030 1848 1267 1887 praebet,218—
1295 1853 1299 1887 1

287 1903 358 1930 265.
377 1901 418 1929 In
436 1899 540 1929 Ranis
555 1897 676 1936 Agatho
693 1920 700 1934 ,
715 1895 822 1926 bonus
840 1898 934 1934 poeta
960 1897 992 1925 et
1006 1894 1119 1925 amicis
1140 1894 1264 1925 deside-

285 1944 412 1984 rabilis,
434 1944 512 1975 abiit
525 1943 563 1974 ad
579 1943 746 1974 beatorum
762 1942 871 1981 epulas
882 1965 890 1980 ,
908 1940 999 1981 quod
1013 1941 1063 1971 rel
1077 1940 1117 1971 de
1130 1943 1265 1972 mortuo

285 1991 437 2029 dictum,
460 1990 512 2021 vel
531 1990 572 2020 de
594 1989 794 2020 discessione
815 1989 888 2027 ejus
911 1990 944 2018 in
960 1987 1199 2018 Macedoniam
1221 1988 1266 2018 ad

285 2038 492 2069 Archelaum
514 2044 636 2076 reyem,
661 2035 719 2066 ubi
735 2035 781 2066 ad
803 2036 948 2065 mortem
964 2036 1112 2073 mansit,
1131 2035 1262 2066 83-85.

285 2083 518 2123 Κωμῳδιποιός
533 2085 587 2112 τοῦ
604 2083 800 2122 Σωκρατικοῦ
820 2080 1048 2117 διδασκαλείου,
1062 2083 1111 2111 83.
1135 2082 1265 2111 Amicos

285 2129 462 2170 splendide
478 2128 686 2168 accipie-bat,-
709 2127 804 2167 apud
826 2135 903 2158 eum
925 2129 1094 2166 scriplum
1107 2127 1265 2158 Platonis

286 2178 502 2214 convivium,
533 2177 582 2206 84.
615 2174 688 2213 Ejus
710 2174 844 2204 verbum
873 2173 1096 2213 perstringitur
1111 2173 1165 2212 fr.
1192 2175 1263 2205 494.

284 2222 471 2254 Antitheton
493 2221 669 2253 secundum
690 2220 888 2260 Agathonem
912 2220 1079 2250 inventum
1094 2243 1103 2259 ‚
1131 2219 1263 2251 Thesui.

284 2268 429 2308 alt.,fr.
450 2272 522 2307 300,
539 2268 569 2298 b.

245 2321 461 2361 Aqathoclea,
479 2329 576 2351 soror
588 2319 796 2360 Aqatlioclis,
812 2320 931 2350 amata
945 2327 966 2349 a
982 2319 1167 2350 Ptolemoeo
1181 2319 1265 2350 Phi-

285 2370 452 2409 lopatore‚
476 2369 605 2400 Thesm.
626 2371 714 2399 1059.

243 2422 459 2462 Aqathocles,
486 2421 699 2461 Aqathocleoe
725 2418 872 2458 frater,
898 2419 1052 2449 amasius
1086 2418 1265 2450 Ptolemcei

283 2469 538 2508 Philopatoris,
573 2468 711 2507 scripsit
737 2466 778 2497 de
800 2466 872 2505 eJ'us
902 2464 1070 2504 trayoedia
1092 2465 1263 2504 sidoniae,

290 2515 421 2546 Thesm.
440 2515 530 2545 1059.

244 2566 370 2605 Ἀγαθοῦ
386 2564 538 2604 δαίμονος.
560 2563 639 2595 Vide
655 2564 732 2595 Boni
752 2564 851 2595 Genii.

244 2618 422 2657 Aqelastus
437 2624 538 2656 rupes
549 2615 687 2647 Athenis
700 2624 726 2646 s.
742 2616 914 2653 Eleusine,
930 2614 987 2646 ubi
1001 2613 1153 2645 consedit
1167 2615 1264 2644 Ceres

285 2665 530 2703 Proserpinam
557 2670 713 2702 quoerens
722 2673 734 2699 ;
767 2661 890 2692 ibidem
926 2660 1112 2691 consedisse
1142 2659 1265 2691 dicunt

287 2710 449 2741 Theseum
466 2711 501 2739 in
518 2710 643 2739 Orcum
659 2708 913 2745 descensurum,
929 2708 992 2747 Eq.
1011 2709 1082 2737 785.

244 2766 377 2801 Agenor,
395 2763 483 2801 pater
499 2760 628 2799 Cadmi,
643 2763 730 2791 Ran.
754 2763 841 2791 1226.

243 2817 331 2854 Apis,
347 2814 421 2845 dux
437 2812 784 2849 Lacedcemoniomm,
802 2813 950 2843 Atticam
966 2810 1141 2842 obsidebat
1157 2818 1263 2850 quum

284 2863 365 2891 Aves
381 2859 585 2899 aqebantur,
601 2861 657 2890 Av.
677 2860 755 2897 Arq.
771 2859 800 2889 I.

242 2906 376 2946 Aqlaia,
398 2907 604 2937 Gratiarum
618 2913 702 2943 uno,
722 2904 811 2936 Nub.
829 2906 901 2935 773.

242 2959 459 3000 Aqlaoplzon,
475 2960 591 2999 pictor
609 2957 770 2995 Thasius,
786 2956 973 2987 secundum
993 2955 1177 2987 nonnullos
1185 2957 1263 2995 pri-

283 3015 360 3036 mus
384 3004 686 3044 Victoriamfinxit
703 3004 849 3041 alatam,
866 3007 925 3034 Av.
944 3005 1014 3035 574.

245 3053 416 3091 Aglaurus:
431 3061 487 3092 per
505 3060 574 3082 eam
587 3052 696 3090 jurant
712 3050 874 3088 mulieres,
897 3050 1026 3081 Thesm.
1046 3051 1104 3080 533
1119 3051 1151 3080 et
1165 3048 1234 3080 sch.

244 3108 330 3143 Agna
351 3103 442 3142 nigra
463 3103 709 3134 immolabatur
730 3101 895 3134 exoriente
916 3101 1091 3142 Typhone,
1128 3102 1264 3133 turbine

283 3158 399 3189 opaco,
415 3152 502 3181 Rau.
518 3152 575 3180 847
594 3158 642 3188 sq.

244 3198 370 3236 Aqones
387 3198 460 3227 octo
474 3207 484 3228 .·
501 3197 622 3226 στάδιον
633 3218 641 3233 ,
657 3194 776 3230 δίαυλος
790 3218 798 3233 ,
816 3194 936 3235 δόλιχος
946 3219 956 3234 ,
973 3195 1114 3235 ὁπλίτης,
1137 3195 1243 3234 πυγμή
1254 3218 1262 3233 ,

283 3242 482 3283 παγκράτιον,
496 3241 595 3279 πάλη,
613 3242 707 3280 ἅλμα,
727 3243 783 3271 Αυ.
800 3245 871 3272 292.

241 3289 441 3328 Agoracritus
454 3313 463 3328 ‚
478 3288 634 3319 isiciarius
653 3288 663 3325 (
682 3287 722 3317 ab
738 3288 948 3328 Aristophane
968 3288 1079 3327 fictus)
1096 3290 1128 3319 in
1145 3291 1174 3319 E
1177 3290 1276 3328 quili-

282 3335 355 3372 bus,
371 3334 477 3374 prodit
489 3343 563 3365 cum
579 3335 733 3374 apparatu
749 3333 892 3372 isiciarii,
907 3335 1049 3375 plebeius
1064 3337 1095 3366 et
1109 3335 1195 3366 rudis
1211 3344 1218 3365 :
1233 3334 1262 3365 ei

282 3381 444 3413 incredulo
466 3381 661 3413 demonstrat
686 3381 928 3420 Demosthenes,
953 3382 1134 3422 reipublicae
1156 3382 1257 3414 admi-
1291 3363 1296 3416 Ι

921 186 1075 224 INDEX
1103 184 1352 223 NOMlNUM
1380 185 1445 222 ET
1475 185 1667 224 RERUM.

1381 270 1603 301 nistrationem
1624 271 1657 302 et
1679 270 1919 303 Atheniensium
1942 272 2165 313 sociorumque
2185 274 2352 315 imperium

1380 317 1509 347 oraculo
1522 316 1662 347 delatum
1677 326 1743 348 esse
1763 318 1839 358 ipsi,
1859 321 2029 350 146-210.
2043 321 2176 351 Miratur
2191 330 2226 353 se
2247 322 2354 362 populi

1379 363 1587 402 procurandis
1603 364 1737 403 negotiis
1750 367 1861 404 aptum
1877 374 1960 404 esse,
1979 375 2051 406 quae
2073 368 2213 406 nesciat,
2228 372 2283 399 211
2302 377 2352 408 sq.

1379 409 1510 439 Animos
1526 409 1555 440 ei
1572 409 1661 440 addit
1678 411 1915 449 Demosthenes,
1940 416 1998 444 213
2014 422 2085 453 sqq.
2102 414 2283 453 Impudenti
2296 423 2354 445 vo-

1376 455 1559 486 ciferatione
1574 456 1674 486 certat
1697 464 1769 487 cum
1792 457 1923 496 Cleone,
1940 459 1999 490 273
2018 468 2104 499 sqq„
2121 462 2152 491 et
2165 460 2315 491 incitatus
2336 469 2354 491 a

1375 502 1497 540 611010,
1521 502 1549 532 61
1565 502 1763 533 demonstrat
1782 511 1814 534 se
1830 505 1922 535 malis
1941 505 2042 544 ipsum
2055 506 2178 537 artibus
2191 508 2356 547 superatu-

1376 557 1446 578 rum
1460 571 1468 585 ‚
1484 550 1515 579 et
1532 548 1633 578 minas
1644 548 1739 587 jacit,
1757 552 1931 581 335-374.
1949 552 2150 591 Impudentia
2167 556 2199 584 et
2215 553 2355 593 turpitu-

1375 594 1459 625 dinis
1472 594 1659 633 gloriatione
1675 596 1776 626 certat
1791 604 1865 626 cum
1881 597 2013 636 Cleone,
2030 607 2126 638 quem
2138 600 2267 631 tandem
2282 609 2354 631 ver-

1374 639 1473 679 berat,
1493 643 1664 671 409—4522.
1684 640 1803 672 Deinde
1819 642 1926 673 Cleoni
1949 643 1982 673 in
2004 644 2125 682 Argivis
2146 645 2355 677 conciliandis

1374 689 1540 728 pertidiam
1563 689 1694 728 objicit,
1712 690 1786 721 Cleo
1799 699 1872 721 eum
1886 693 1922 722 ut
1936 692 2130 731 proditorem
2145 693 2307 725 delaturus
2322 694 2356 724 in

1372 738 1518 767 senatum
1532 735 1620 775 abit;
1643 736 1789 775 sequitur
1803 737 2004 775 Agoracritus
2020 738 2093 769 allio
2109 740 2142 770 et
2161 740 2356 771 adhortatio-

1372 783 1467 813 nibus
1498 782 1591 814 Chori
1621 782 1847 814 exstimulatus
1862 807 1871 822 ,
1896 785 2069 816 465—502.
2103 789 2207 824 Quam
2237 786 2356 818 vilibus

1371 829 1537 860 lenociniis
1559 830 1705 860 senatum
1724 831 1755 860 et
1778 829 1928 861 Cleonem
1951 831 2212 871 circumvenerit,
2234 835 2354 871 narrat,

1372 879 1546 907 615—682.
1579 877 1767 915 Supervenit
1801 877 1877 907 6160
1902 886 1909 907 :
1934 877 2127 909 altercantur
2155 881 2188 910 et
2216 887 2283 910 rem
2314 879 2353 910 ad

1371 923 1528 963 Populum
1551 922 1716 960 deferunt,
1746 932 1841 963 quem
1865 923 1939 955 Cleo
1962 933 2046 955 nunc
2068 934 2197 965 quoque
2223 926 2356 966 abjectis

1370 970 1534 1001 blanditiis
1557 970 1597 1000 ab
1619 978 1652 1001 se
1674 972 1805 1010 captum
1829 970 1866 1001 iri
1890 973 2008 1010 sperat,
2033 974 2207 1004 691-727.
2233 973 2355 1013 Populo

1370 1016 1571 1055 Agoracritus
1584 1023 1617 1046 56
1628 1017 1803 1046 amatorem
1819 1016 1950 1047 rivalem
1965 1017 2073 1048 Cleoni
2090 1025 2158 1049 esse
2172 1019 2354 1059 persuadet,

1370 1064 1402 1094 et
1416 1062 1446 1093 in
1463 1071 1564 1102 pnyce
1575 1071 1648 1093 cum
1660 1071 1697 1093 eo
1710 1064 1834 1094 certare
1845 1063 1988 1102 jubetur,
2001 1066 2072 1094 uter
2086 1064 2243 1104 Populum
2257 1065 2356 1105 magis

1369 1111 1473 1147 amet,
1492 1109 1667 1140 733-755,
1685 1109 1760 1140 6160
1780 1111 1948 1149 postquam
1971 1118 2029 1140 sua
2051 1110 2165 1141 merita
2186 1111 2354 1150 exposuit,

1370 1155 1572 1194 Agoracritus
1589 1155 1703 1186 victori
1719 1159 1899 1193 Persarum,
1913 1156 1999 1195 quod
2011 1155 2042 1186 in
2058 1162 2146 1196 petra
2162 1156 2258 1187 nimis
2275 1157 2356 1188 dure

1371 1200 1492 1239 sedeat,
1512 1201 1658 1240 pulvinar
1679 1201 1842 1241 supponit,
1859 1201 2029 1241 plaudente
2041 1203 2162 1242 Populo
2176 1205 2208 1234 et
2226 1212 2264 1234 ex
2280 1207 2354 1233 Har-

1368 1247 1465 1278 modii
1482 1248 1628 1288 prosapia
1641 1250 1748 1279 ortum
1765 1248 1938 1279 isiciarium
1949 1248 2164 1287 existimante,
2177 1252 2352 1287 769÷787.

1369 1293 1490 1324 Deinde
1504 1294 1565 1324 3113
1578 1295 1724 1325 Cleonem
1740 1294 1853 1325 merita
1871 1297 2176 1327 commemorantem
2193 1296 2354 1335 sigillatim

1370 1339 1486 1371 refutat
1503 1342 1535 1371 et
1556 1340 1724 1371 inimicum
1748 1340 1853 1379 potius
1875 1341 1985 1379 Populi
2008 1341 2108 1380 egisse
2129 1341 2354 1380 demonstrat,

1371 1388 1546 1418 790—835.
1572 1387 1691 1417 Deinde
1713 1389 1864 1417 Cleonem
1888 1386 1987 1425 ipsius
2010 1386 2132 1417 artibus
2155 1387 2299 1418 adoritur
2320 1388 2353 1417 et

1369 1433 1564 1472 supplantat,
1587 1432 1750 1464 dexterius
1767 1433 1967 1464 calunuiians
1983 1435 2015 1464 et
2030 1432 2208 1472 blandiens,
2232 1433 2356 1464 calceos

1368 1480 1400 1509 et
1414 1481 1534 1510 vestem
1551 1479 1700 1519 utrinque
1714 1479 1905 1510 manicatam
1921 1480 2040 1519 Populo
2053 1479 2175 1511 donans
2185 1481 2217 1511 et
2227 1479 2354 1519 abjecta

1368 1525 1474 1556 0111613
1487 1526 1515 1557 61
1530 1526 1682 1565 offerens,
1708 1528 1880 1558 843-940.
1907 1530 1986 1557 Eum
2004 1526 2181 1557 admiratur
2196 1526 2352 1566 Populus,

1370 1573 1428 1602 884
1440 1580 1526 1612 sqq.·‚
1543 1574 1602 1603 943
1617 1581 1703 1613 sqq„
1715 1574 1746 1603 et
1761 1572 1916 1603 annulum
1932 1581 2025 1602 suum
2039 1571 2138 1603 tradit
2151 1580 2224 1603 cum
2240 1572 2354 1611 pennis

1369 1618 1656 1658 administratione,
1681 1623 1751 1651 959.
1778 1621 1885 1651 certat
1906 1628 1981 1650 cum
2003 1619 2119 1650 Cleone
2141 1619 2181 1650 de
2203 1619 2352 1658 oraculis,

1369 1668 1429 1696 960
1442 1674 1512 1705 sqq.
1530 1667 1671 1705 Uterque
1685 1675 1743 1697 sua
1757 1666 1937 1697 611611111161
1950 1668 2132 1706 opponunt:
2144 1665 2354 1705 Agoracriteis

1368 1711 1462 1742 tidem
1477 1712 1630 1751 maj0rem
1645 1713 1739 1744 hahet
1753 1713 1891 1752 Populus
1906 1714 1937 1744 et
1952 1712 2090 1744 isiciario
2104 1721 2195 1743 suam
2212 1713 2353 1744 senectu-

1368 1759 1433 1789 tem
1457 1759 1651 1798 committit,
1666 1762 1869 1798 997—1099,
1892 1759 2044 1796 tandem,
2068 1760 2196 1799 petente
2217 1759 2352 1798 Cleone,

1368 1805 1592 1843 exploraturus
1611 1809 1681 1836 uter
1703 1806 1730 1836 ei
1754 1806 1825 1844 plus
1839 1804 2028 1844 benefaciat,
2051 1808 2351 1836 1100—1110.Cer-

1368 1851 1459 1882 tatim
1471 1852 1590 1890 Populo
1604 1852 1748 1883 lautitias
1757 1852 1897 1883 0116111111
1906 1862 1914 1889 ;
1927 1851 2056 1882 tandem
2069 1853 2238 1890 conspecta
2248 1859 2352 1882 vacua

1368 1898 1542 1935 Agoracriti
1565 1907 1655 1936 arca,
1673 1898 1799 1929 Cleonis
1822 1898 1915 1937 plena
1927 1922 1934 1936 ,
1949 1898 2090 1937 Populus
2104 1905 2137 1928 se
2153 1897 2193 1928 ab
2215 1898 2275 1928 hoc
2294 1897 2350 1928 de-

1367 1945 1496 1983 ceptum
1519 1945 1700 1984 planissime
1724 1945 1863 1982 fatetur3
1888 1946 1921 1975 et
1943 1944 2016 1975 Cleo
2040 1944 2108 1983 ipse
2130 1944 2350 1984 Agoracritum

1368 1990 1498 2021 oraculo
1511 1991 1571 2021 sibi
1595 1992 1750 2030 tanquam
1763 1990 1935 2030 perniciem
1952 1990 2165 2029 significatum
2188 1991 2349 2030 agnoscit3

1368 2036 1442 2068 hinc
1453 2037 1637 2077 Agoracrito
1650 2038 1801 2075 traditur,
1811 2038 1876 2075 jam
1888 2038 2000 2077 Populi
2015 2045 2065 2068 res
2074 2037 2213 2074 curanti,
2231 2042 2350 2068 1151—-

1371 2085 1459 2114 1262.
1472 2087 1502 2114 15
1516 2083 1634 2115 Medeae
1645 2086 1711 2114 arte
1721 2084 1877 2123 Populum
1895 2092 2001 2114 senem
2013 2083 2123 2122 coquit
2137 2086 2168 2114 et
2181 2083 2351 2123 antiquum

1367 2131 1603 2162 Marathoniam
1631 2131 1831 2170 splendorem
1860 2131 1888 2162 ei
1917 2130 2040 2168 reddit,
2074 2131 2307 2171 pulcherrimis.
2319 2133 2352 2162 et

1367 2178 1549 2209 utilissimis
1572 2178 1713 2209 consiliis
1735 2178 1871 2217 imbuto,
1899 2180 2120 2216 1316-1387;
2148 2177 2275 2209 1311116111
2298 2186 2348 2207 ve·

1367 2223 1571 2255 nustissimas
1594 2224 1741 2255 Inducias
1763 2223 1953 2255 tricennales
1974 2223 2004 2254 ei
2025 2223 2148 2262 tradit,
2171 2232 2249 2263 quas
2277 2223 2350 2254 6160

1365 2270 1588 2310 absconderat,
1603 2273 1635 2302 et
1648 2271 1798 2302 Cleonem
1811 2270 1853 2310 ‚in
1870 2270 2011 2301 intimam
2028 2270 2227 2310 plebeculam
2245 2270 2350 2301 detru-

1367 2317 1432 2355 dit,
1449 2317 1518 2357 ipse
1532 2318 1564 2348 in
1585 2319 1743 2357 Prytaneo
1762 2319 1794 2349 et
1815 2317 1920 2358 prima
1937 2317 2011 2349 sede
2028 2317 2214 2357 considens,
2231 2320 2350 2349 1388-

1371 2366 1459 2396 1408.

1326 2410 1532 2448 ,160131103ιί,
1548 2412 1714 2441 mercium
1737 2411 1954 2450 inspectores,
1968 2408 2150 2448 ,iudicantes
2171 2409 2211 2441 de
2231 2409 2349 2441 damno

1367 2457 1528 2488 mercibus
1544 2457 1645 2492 illato,
1667 2459 1761 2497 Vesp.
1783 2459 1872 2488 1407.

1325 2501 1485 2542 Aqraule,
1507 2502 1771 2542 Cecroptsfilffl,
1787 2505 1865 2542 LyS.
1883 2505 1954 2534 439.

1325 2548 1623 2588 Agricolae„sabiil(i
1631 2548 1881 2588 Aristophanis.
1898 2548 1978 2579 Vide
1991 2547 2112 2587 Georgi.
2124 2549 2167 2578 In
2180 2549 2268 2579 Pace
2281 2556 2349 2588 pro-

1365 2595 1416 2626 dit
1424 2594 1642 2634 Agricolarum
1656 2595 1778 2626 Chorus
1789 2595 1987 2634 (quanquam
2007 2597 2160 2632 Trygaeus
2176 2594 2348 2626 advocarat

1364 2641 1460 2671 etiam
1479 2643 1682 2679 mercatores,
1699 2640 1815 2679 fabros,
1832 2640 1974 2679 opifices,
1990 2639 2178 2678 inquilinos,
2193 2639 2346 2679 hospites,

1366 2686 1547 2724 insulanos,
1573 2689 1735 2717 296—298
1749 2709 1757 2724 ,
1781 2687 1813 2716 et
1834 2685 1962 2725 Argivi,
1982 2685 2080 2716 Batou
2094 2708 2102 2723 ‚
2128 2688 2345 2724 Megarenses,

1364 2736 1502 2763 Lacones
1524 2734 1744 2762 memorantur
1767 2731 1849 2762 inter
1864 2739 1918 2762 eos
1934 2731 1988 2770 qni
2013 2735 2125 2762 Pacem
2146 2730 2238 2762 deam
2254 2734 2346 2762 antro

1364 2779 1556 2816 extrahunt,
1585 2781 1645 2809 466
1668 2778 1769 2817 sqq).
1783 2778 1910 2809 Alacres
1932 2780 1964 2808 et
1985 2777 2050 2808 laeti
2073 2777 2247 2808 adveniunt
2272 2786 2345 2808 cum

1364 2825 1519 2856 machinis
1529 2827 1560 2855 et
1573 2824 1718 2854 vectibus
1727 2824 1768 2855 ad
1781 2823 2010 2854 extrahendam
2026 2823 2158 2854 dearum
2173 2824 2345 2855 maximam

1363 2874 1395 2902 et
1412 2870 1704 2911 φιλαμπελωτάτην,
1723 2870 1783 2901 sibi
1805 2870 2014 2909 gratulantes,
2043 2869 2268 2909 vociferantes,
2285 2869 2345 2901 tri-

1365 2917 1533 2957 pudiantes
1547 2926 1553 2946 :
1568 2925 1650 2955 a‘gre
1671 2916 1784 2946 laetitia
1799 2925 1910 2947 eorum
1926 2916 2139 2956 compescitur
2157 2924 2175 2946 a
2188 2919 2320 2955 Trygaeo
2335 2939 2343 2946 .

1364 2973 1437 2994 nam
1454 2965 1560 2995 metus
1577 2964 1644 2994 erat
1661 2971 1700 2993 116
1717 2963 1855 3002 Πόλεμος
1874 2962 2035 3001 (Bellum)
2049 2962 2136 2993 intus
2153 2961 2213 2993 illis
2229 2961 2343 2992 clamo·

1364 3011 1452 3041 ribus
1469 3010 1672 3048 excitaretur,
1689 3012 1863 3040 sol—336.
1883 3009 2098 3040 meminerunt
2113 3008 2186 3040 duri
2204 3006 2296 3046 belli,
2312 3009 2344 3038 et

1363 3066 1396 3088 se
1412 3058 1499 3096 ipsos
1512 3058 1577 3096 jam
1601 3065 1663 3086 nou
1686 3055 1817 3086 acerbos
1834 3057 1865 3086 et
1882 3063 2010 3096 asperos
2030 3054 2155 3094 judices
2178 3053 2264 3091 1016,
2286 3051 2342 3083 sed

1364 3105 1457 3135 mites
1473 3103 1681 3142 promittunt,
1711 3105 1886 3133 346-360.
1911 3102 2066 3133 Mercurio
2088 3099 2286 3140 supplicant,
2302 3106 2342 3128 ne

1364 3151 1462 3181 iratus
1475 3159 1492 3180 a
1507 3154 1585 3180 Pace
1599 3149 1779 3179 effodienda
1793 3149 1878 3188 ipsos
1891 3149 2008 3185 arceat,
2020 3148 2194 3178 385—399.
2206 3143 2341 3175 Trahere

1364 3196 1533 3236 incepturi,
1550 3196 1581 3226 in
1594 3196 1742 3227 libatione
1753 3198 1828 3226 vota
1838 3195 2023 3234 concipiunt
2036 3195 2147 3224 eontra
2160 3190 2340 3222 turbatores

1363 3244 1463 3284 pacis,
1485 3246 1652 3275 428—457.
1674 3241 2050 3280 'sn-alium,assiduorum
2063 3246 2191 3279 operam
2209 3235 2338 3268 laudan-

1362 3292 1423 3329 165,
1446 3290 1634 3329 ignavorum
1658 3288 1943 3329 reprehendentes;
1962 3286 2091 3318 tandem
2106 3285 2181 3316 solis
2198 3282 2340 3323 agricolis

1365 3337 1489 3367 sortiter
1505 3336 1746 3367 intendentibus
1770 3343 1818 3365 res
1835 3333 1995 3372 succedit,
2011 3333 2183 3364 458-519.
2199 3328 2339 3361 satutant

1365 3386 1476 3414 Pacem
1491 3391 1563 3422 quie
1576 3382 1724 3419 emersit,
1736 3384 1767 3412 et
1788 3380 1871 3412 bona
1885 3379 1953 3419 ejus
1970 3379 2149 3416 recensent,
2165 3377 2336 3425 530-538‚
