<?xml version="1.0" encoding="UTF-8"?>
<!DOCTYPE html PUBLIC "-//W3C//DTD XHTML 1.0 Transitional//EN"
    "http://www.w3.org/TR/xhtml1/DTD/xhtml1-transitional.dtd">
<html xmlns="http://www.w3.org/1999/xhtml" xml:lang="en" lang="en">
 <head>
  <title>
</title>
<meta http-equiv="Content-Type" content="text/html;charset=utf-8" />
  <meta name='ocr-system' content='tesseract 3.04.00' />
  <meta name='ocr-capabilities' content='ocr_page ocr_carea ocr_par ocr_line ocrx_word'/>
</head>
<body>
  <div class='ocr_page' id='page_1' title='image "./scholiagraecaina00dbuoft/scholiagraecaina00dbuoft_0165.png"; bbox 0 0 2485 3808; ppageno 0'>
   <div class='ocr_carea' id='block_1_1' title="bbox 14 2381 131 2406">
    <p class='ocr_par' dir='ltr' id='par_1_1' title="bbox 14 2381 131 2406">
     <span class='ocr_line' id='line_1_1' title="bbox 14 2381 131 2406; baseline 0 0"><span class='ocrx_word' id='word_1_1' title='bbox 14 2381 131 2406; x_wconf 63' lang='lat'>‘35³1</span> 
     </span>
    </p>
   </div>
   <div class='ocr_carea' id='block_1_2' title="bbox 17 3168 19 3756">
    <p class='ocr_par' dir='ltr' id='par_1_2' title="bbox 17 3168 19 3756">
     <span class='ocr_line' id='line_1_2' title="bbox 17 3168 19 3756; baseline 0 0"><span class='ocrx_word' id='word_1_2' title='bbox 17 3168 19 3756; x_wconf 95' lang='lat' dir='ltr'> </span> 
     </span>
    </p>
   </div>
   <div class='ocr_carea' id='block_1_3' title="bbox 897 207 1477 246">
    <p class='ocr_par' dir='ltr' id='par_1_3' title="bbox 897 207 1477 246">
     <span class='ocr_line' id='line_1_3' title="bbox 897 207 1477 246; baseline -0.002 -1"><span class='ocrx_word' id='word_1_3' title='bbox 897 207 1146 245; x_wconf 74' lang='lat' dir='ltr'>SCHOLIA</span> <span class='ocrx_word' id='word_1_4' title='bbox 1185 207 1242 245; x_wconf 86' lang='lat' dir='ltr'>IN</span> <span class='ocrx_word' id='word_1_5' title='bbox 1281 207 1477 246; x_wconf 71' lang='lat' dir='ltr'><strong>NUBES.</strong></span> 
     </span>
    </p>
   </div>
   <div class='ocr_carea' id='block_1_4' title="bbox 115 291 1154 522">
    <p class='ocr_par' dir='ltr' id='par_1_4' title="bbox 115 291 1154 522">
     <span class='ocr_line' id='line_1_4' title="bbox 172 291 1152 346; baseline -0.008 -10"><span class='ocrx_word' id='word_1_6' title='bbox 172 310 251 337; x_wconf 83' lang='grc'>1001.</span> <span class='ocrx_word' id='word_1_7' title='bbox 281 301 349 339; x_wconf 83' lang='grc' dir='ltr'>τοῖς</span> <span class='ocrx_word' id='word_1_8' title='bbox 369 294 616 346; x_wconf 79' lang='grc' dir='ltr'>Ἱπποκράτους</span> <span class='ocrx_word' id='word_1_9' title='bbox 641 306 649 331; x_wconf 74' lang='lat'>2</span> <span class='ocrx_word' id='word_1_10' title='bbox 677 292 819 335; x_wconf 69' lang='grc' dir='ltr'>Ὑιξιδεις</span> <span class='ocrx_word' id='word_1_11' title='bbox 844 291 931 336; x_wconf 77' lang='grc' dir='ltr'>τινὲς</span> <span class='ocrx_word' id='word_1_12' title='bbox 957 292 1016 330; x_wconf 76' lang='grc' dir='ltr'>καὶ</span> <span class='ocrx_word' id='word_1_13' title='bbox 1043 291 1152 329; x_wconf 83' lang='grc' dir='ltr'>ἀπαί-</span> 
     </span>
     <span class='ocr_line' id='line_1_5' title="bbox 118 349 1154 407; baseline -0.009 -12"><span class='ocrx_word' id='word_1_14' title='bbox 118 359 229 395; x_wconf 90' lang='grc' dir='ltr'>δευτοι</span> <span class='ocrx_word' id='word_1_15' title='bbox 250 355 516 407; x_wconf 76' lang='grc' dir='ltr'>κωμῳδοῦνται,</span> <span class='ocrx_word' id='word_1_16' title='bbox 542 351 601 389; x_wconf 83' lang='grc' dir='ltr'>καὶ</span> <span class='ocrx_word' id='word_1_17' title='bbox 620 350 714 401; x_wconf 75' lang='grc' dir='ltr'>τάχα</span> <span class='ocrx_word' id='word_1_18' title='bbox 740 350 780 388; x_wconf 79' lang='grc' dir='ltr'>ἂν</span> <span class='ocrx_word' id='word_1_19' title='bbox 801 350 921 396; x_wconf 83' lang='grc' dir='ltr'>εἴησαν</span> <span class='ocrx_word' id='word_1_20' title='bbox 941 349 1154 402; x_wconf 68' lang='grc' dir='ltr'>προκέςραλοί</span> 
     </span>
     <span class='ocr_line' id='line_1_6' title="bbox 115 408 1154 463; baseline -0.009 -10"><span class='ocrx_word' id='word_1_21' title='bbox 115 430 220 460; x_wconf 89' lang='grc' dir='ltr'>τινες,</span> <span class='ocrx_word' id='word_1_22' title='bbox 234 415 280 457; x_wconf 82' lang='grc' dir='ltr'>ὡς</span> <span class='ocrx_word' id='word_1_23' title='bbox 299 415 333 450; x_wconf 84' lang='grc' dir='ltr'>ἐν</span> <span class='ocrx_word' id='word_1_24' title='bbox 355 414 524 463; x_wconf 84' lang='grc' dir='ltr'>Γεωργοῖς</span> <span class='ocrx_word' id='word_1_25' title='bbox 543 409 602 448; x_wconf 79' lang='grc' dir='ltr'>καὶ</span> <span class='ocrx_word' id='word_1_26' title='bbox 623 411 656 446; x_wconf 81' lang='grc' dir='ltr'>ἐν</span> <span class='ocrx_word' id='word_1_27' title='bbox 678 408 887 461; x_wconf 75' lang='grc' dir='ltr'>Τριφάλητι.</span> <span class='ocrx_word' id='word_1_28' title='bbox 910 408 981 459; x_wconf 85' lang='grc' dir='ltr'>(καὶ</span> <span class='ocrx_word' id='word_1_29' title='bbox 1002 409 1154 451; x_wconf 84' lang='grc' dir='ltr'>Εὔπολις</span> 
     </span>
     <span class='ocr_line' id='line_1_7' title="bbox 117 471 297 522; baseline -0.022 -11"><span class='ocrx_word' id='word_1_30' title='bbox 117 474 151 511; x_wconf 82' lang='grc' dir='ltr'>ἐν</span> <span class='ocrx_word' id='word_1_31' title='bbox 165 471 297 522; x_wconf 80' lang='grc' dir='ltr'>Δήμοις</span> 
     </span>
    </p>
   </div>
   <div class='ocr_carea' id='block_1_5' title="bbox 80 560 908 651">
    <p class='ocr_par' dir='ltr' id='par_1_5' title="bbox 80 560 908 651">
     <span class='ocr_line' id='line_1_8' title="bbox 80 560 864 605; baseline -0.008 -9"><span class='ocrx_word' id='word_1_32' title='bbox 80 579 97 605; x_wconf 80' lang='lat'><strong>5</strong></span> <span class='ocrx_word' id='word_1_33' title='bbox 195 561 416 603; x_wconf 74' lang='grc' dir='ltr'>Ἱπποκράτους</span> <span class='ocrx_word' id='word_1_34' title='bbox 428 572 460 592; x_wconf 90' lang='grc' dir='ltr'>τε</span> <span class='ocrx_word' id='word_1_35' title='bbox 476 561 582 596; x_wconf 82' lang='grc' dir='ltr'>παῖδες</span> <span class='ocrx_word' id='word_1_36' title='bbox 600 560 755 600; x_wconf 70' lang='grc' dir='ltr'>ἐκῧόὶιμοί</span> <span class='ocrx_word' id='word_1_37' title='bbox 770 571 846 596; x_wconf 82' lang='grc' dir='ltr'>τινες</span> <span class='ocrx_word' id='word_1_38' title='bbox 856 584 864 598; x_wconf 91' lang='grc'>,</span> 
     </span>
     <span class='ocr_line' id='line_1_9' title="bbox 203 606 908 651; baseline -0.003 -11"><span class='ocrx_word' id='word_1_39' title='bbox 203 610 343 651; x_wconf 85' lang='grc' dir='ltr'>βληχητὰ</span> <span class='ocrx_word' id='word_1_40' title='bbox 355 610 447 640; x_wconf 83' lang='grc' dir='ltr'>τέκνα</span> <span class='ocrx_word' id='word_1_41' title='bbox 460 609 622 648; x_wconf 74' lang='grc' dir='ltr'>κούδαμῶς</span> <span class='ocrx_word' id='word_1_42' title='bbox 636 612 690 638; x_wconf 81' lang='grc' dir='ltr'>τοῦ</span> <span class='ocrx_word' id='word_1_43' title='bbox 706 611 758 638; x_wconf 78' lang='grc' dir='ltr'>νῦν</span> <span class='ocrx_word' id='word_1_44' title='bbox 771 606 908 648; x_wconf 85' lang='grc' dir='ltr'>τρόπου.)</span> 
     </span>
    </p>
   </div>
   <div class='ocr_carea' id='block_1_6' title="bbox 61 695 1156 2380">
    <p class='ocr_par' dir='ltr' id='par_1_6' title="bbox 113 695 1153 747">
     <span class='ocr_line' id='line_1_10' title="bbox 113 695 1153 747; baseline -0.006 -12"><span class='ocrx_word' id='word_1_45' title='bbox 113 696 158 735; x_wconf 85' lang='grc' dir='ltr'>τὰ</span> <span class='ocrx_word' id='word_1_46' title='bbox 184 697 220 735; x_wconf 81' lang='grc' dir='ltr'>δὲ</span> <span class='ocrx_word' id='word_1_47' title='bbox 245 696 399 747; x_wconf 83' lang='grc' dir='ltr'>ὀνόματα</span> <span class='ocrx_word' id='word_1_48' title='bbox 425 697 537 733; x_wconf 73' lang='grc' dir='ltr'>αὐτῶν</span> <span class='ocrx_word' id='word_1_49' title='bbox 564 695 801 741; x_wconf 80' lang='grc' dir='ltr'>Τελέσιππος,</span> <span class='ocrx_word' id='word_1_50' title='bbox 827 696 1016 746; x_wconf 73' lang='grc' dir='ltr'>Δημοφῶν,</span> <span class='ocrx_word' id='word_1_51' title='bbox 1043 695 1153 745; x_wconf 89' lang='grc' dir='ltr'>Περι-</span> 
     </span>
    </p>

    <p class='ocr_par' dir='ltr' id='par_1_7' title="bbox 113 756 211 802">
     <span class='ocr_line' id='line_1_11' title="bbox 113 756 211 802; baseline 0.031 -10"><span class='ocrx_word' id='word_1_52' title='bbox 113 756 211 802; x_wconf 76' lang='grc' dir='ltr'>κλῆς.</span> 
     </span>
    </p>

    <p class='ocr_par' dir='ltr' id='par_1_8' title="bbox 61 802 1154 1157">
     <span class='ocr_line' id='line_1_12' title="bbox 169 802 1154 865; baseline -0.006 -14"><span class='ocrx_word' id='word_1_53' title='bbox 169 813 404 865; x_wconf 84' lang='grc' dir='ltr'>(βλιτομάμαν</span> <span class='ocrx_word' id='word_1_54' title='bbox 421 812 580 864; x_wconf 88' lang='grc' dir='ltr'>;Μωρόν.</span> <span class='ocrx_word' id='word_1_55' title='bbox 597 811 736 864; x_wconf 78' lang='grc' dir='ltr'>καὶγὰρ</span> <span class='ocrx_word' id='word_1_56' title='bbox 752 811 789 848; x_wconf 78' lang='grc' dir='ltr'>τὸ</span> <span class='ocrx_word' id='word_1_57' title='bbox 805 810 920 862; x_wconf 87' lang='grc' dir='ltr'>βλίτον</span> <span class='ocrx_word' id='word_1_58' title='bbox 936 809 1050 861; x_wconf 82' lang='grc' dir='ltr'>μωρὸν</span> <span class='ocrx_word' id='word_1_59' title='bbox 1067 802 1154 846; x_wconf 67' lang='grc' dir='ltr'>εἶναι</span> 
     </span>
     <span class='ocr_line' id='line_1_13' title="bbox 61 868 1152 941; baseline -0.006 -31"><span class='ocrx_word' id='word_1_60' title='bbox 61 895 92 920; x_wconf 74' lang='lat'>¹0</span> <span class='ocrx_word' id='word_1_61' title='bbox 114 873 206 910; x_wconf 85' lang='grc' dir='ltr'>δοκεῖ</span> <span class='ocrx_word' id='word_1_62' title='bbox 226 871 407 941; x_wconf 76' lang='grc' dir='ltr'>λάγανον.)</span> <span class='ocrx_word' id='word_1_63' title='bbox 426 871 585 924; x_wconf 69' lang='grc' dir='ltr'>[[εἷκότως</span> <span class='ocrx_word' id='word_1_64' title='bbox 604 870 639 908; x_wconf 90' lang='grc' dir='ltr'>δΞ</span> <span class='ocrx_word' id='word_1_65' title='bbox 660 875 733 908; x_wconf 83' lang='grc' dir='ltr'>εἰπε</span> <span class='ocrx_word' id='word_1_66' title='bbox 752 871 915 914; x_wconf 85' lang='grc' dir='ltr'>καλοῦσι,</span> <span class='ocrx_word' id='word_1_67' title='bbox 943 868 1002 906; x_wconf 82' lang='grc' dir='ltr'>καὶ</span> <span class='ocrx_word' id='word_1_68' title='bbox 1027 869 1064 904; x_wconf 86' lang='grc' dir='ltr'>οὗ</span> <span class='ocrx_word' id='word_1_69' title='bbox 1085 883 1152 904; x_wconf 86' lang='grc' dir='ltr'>κα-</span> 
     </span>
     <span class='ocr_line' id='line_1_14' title="bbox 110 924 1152 997; baseline -0.007 -30"><span class='ocrx_word' id='word_1_70' title='bbox 110 931 267 975; x_wconf 87' lang='grc' dir='ltr'>λέσουσι,</span> <span class='ocrx_word' id='word_1_71' title='bbox 291 929 376 981; x_wconf 88' lang='grc' dir='ltr'>πρὸς</span> <span class='ocrx_word' id='word_1_72' title='bbox 403 944 442 966; x_wconf 92' lang='grc' dir='ltr'>το</span> <span class='ocrx_word' id='word_1_73' title='bbox 467 944 576 973; x_wconf 83' lang='grc' dir='ltr'>ειςεις.</span> <span class='ocrx_word' id='word_1_74' title='bbox 604 928 690 965; x_wconf 86' lang='grc' dir='ltr'>διότι</span> <span class='ocrx_word' id='word_1_75' title='bbox 717 927 778 977; x_wconf 78' lang='grc' dir='ltr'>μὲν</span> <span class='ocrx_word' id='word_1_76' title='bbox 786 928 867 997; x_wconf 82' lang='grc' dir='ltr'>γὰρ</span> <span class='ocrx_word' id='word_1_77' title='bbox 889 925 983 969; x_wconf 79' lang='grc' dir='ltr'>ἅπαξ</span> <span class='ocrx_word' id='word_1_78' title='bbox 1009 924 1152 974; x_wconf 83' lang='grc' dir='ltr'>ἔμελλεν</span> 
     </span>
     <span class='ocr_line' id='line_1_15' title="bbox 110 981 1154 1038; baseline -0.008 -12"><span class='ocrx_word' id='word_1_79' title='bbox 110 987 214 1038; x_wconf 78' lang='grc' dir='ltr'>ὅμοια</span> <span class='ocrx_word' id='word_1_80' title='bbox 234 988 433 1034; x_wconf 86' lang='grc' dir='ltr'>πείσεσθαι,</span> <span class='ocrx_word' id='word_1_81' title='bbox 455 987 552 1031; x_wconf 82' lang='grc' dir='ltr'>εἴξεις</span> <span class='ocrx_word' id='word_1_82' title='bbox 569 990 660 1023; x_wconf 90' lang='grc' dir='ltr'>εἰπε·</span> <span class='ocrx_word' id='word_1_83' title='bbox 679 985 800 1022; x_wconf 81' lang='grc' dir='ltr'>διότι</span> <span class='ocrx_word' id='word_1_84' title='bbox 782 986 817 1021; x_wconf 84' lang='grc' dir='ltr'>οὲ</span> <span class='ocrx_word' id='word_1_85' title='bbox 839 983 927 1034; x_wconf 83' lang='grc' dir='ltr'>μετὰ</span> <span class='ocrx_word' id='word_1_86' title='bbox 946 983 1008 1029; x_wconf 79' lang='grc' dir='ltr'>τὴν</span> <span class='ocrx_word' id='word_1_87' title='bbox 1031 981 1154 1031; x_wconf 88' lang='grc' dir='ltr'>ὁμοίω-</span> 
     </span>
     <span class='ocr_line' id='line_1_16' title="bbox 110 1040 1154 1096; baseline -0.009 -10"><span class='ocrx_word' id='word_1_88' title='bbox 110 1063 163 1086; x_wconf 87' lang='grc' dir='ltr'>σιν</span> <span class='ocrx_word' id='word_1_89' title='bbox 178 1046 284 1090; x_wconf 81' lang='grc' dir='ltr'>οὕτως</span> <span class='ocrx_word' id='word_1_90' title='bbox 301 1046 354 1084; x_wconf 79' lang='grc' dir='ltr'>ἀεὶ</span> <span class='ocrx_word' id='word_1_91' title='bbox 377 1045 498 1096; x_wconf 85' lang='grc' dir='ltr'>ἔμελλε</span> <span class='ocrx_word' id='word_1_92' title='bbox 525 1046 723 1090; x_wconf 80' lang='grc' dir='ltr'>καλεῖσθαι,</span> <span class='ocrx_word' id='word_1_93' title='bbox 746 1044 911 1080; x_wconf 87' lang='grc' dir='ltr'>καλοῦσιν</span> <span class='ocrx_word' id='word_1_94' title='bbox 933 1041 1060 1092; x_wconf 87' lang='grc' dir='ltr'>εἴρηκε.</span> <span class='ocrx_word' id='word_1_95' title='bbox 1065 1040 1082 1093; x_wconf 57' lang='grc' dir='ltr'>Ἦ</span> <span class='ocrx_word' id='word_1_96' title='bbox 1103 1063 1154 1068; x_wconf 94' lang='grc'>-</span> 
     </span>
     <span class='ocr_line' id='line_1_17' title="bbox 111 1073 844 1157; baseline -0.007 -14"><span class='ocrx_word' id='word_1_97' title='bbox 111 1104 387 1157; x_wconf 73' lang='grc' dir='ltr'>βλιτομάμμανε</span> <span class='ocrx_word' id='word_1_98' title='bbox 395 1073 735 1152; x_wconf 80' lang='grc' dir='ltr'>Μαλακογνώμονά.</span> <span class='ocrx_word' id='word_1_99' title='bbox 762 1109 844 1139; x_wconf 73' lang='lat' dir='ltr'>Vicc.</span> 
     </span>
    </p>

    <p class='ocr_par' dir='ltr' id='par_1_9' title="bbox 107 1157 1153 1394">
     <span class='ocr_line' id='line_1_18' title="bbox 163 1157 1151 1213; baseline -0.006 -11"><span class='ocrx_word' id='word_1_100' title='bbox 163 1176 241 1202; x_wconf 83' lang='grc'>1003.</span> <span class='ocrx_word' id='word_1_101' title='bbox 270 1162 483 1212; x_wconf 84' lang='grc' dir='ltr'>στωμύλλων</span> <span class='ocrx_word' id='word_1_102' title='bbox 512 1174 521 1199; x_wconf 88' lang='lat'>:</span> <span class='ocrx_word' id='word_1_103' title='bbox 544 1162 703 1213; x_wconf 79' lang='grc' dir='ltr'>φλυαρῶν</span> <span class='ocrx_word' id='word_1_104' title='bbox 736 1167 773 1197; x_wconf 89' lang='lat' dir='ltr'>R.</span> <span class='ocrx_word' id='word_1_105' title='bbox 804 1157 1151 1210; x_wconf 66' lang='grc' dir='ltr'>τριὲολεκτράπελαξ</span> 
     </span>
     <span class='ocr_line' id='line_1_19' title="bbox 108 1218 1153 1275; baseline -0.008 -12"><span class='ocrx_word' id='word_1_106' title='bbox 108 1225 176 1264; x_wconf 86' lang='grc' dir='ltr'>Ἐκ</span> <span class='ocrx_word' id='word_1_107' title='bbox 204 1226 264 1261; x_wconf 86' lang='grc' dir='ltr'>τοῦ</span> <span class='ocrx_word' id='word_1_108' title='bbox 295 1222 423 1275; x_wconf 69' lang='grc' dir='ltr'>τρίόειν</span> <span class='ocrx_word' id='word_1_109' title='bbox 443 1221 503 1259; x_wconf 84' lang='grc' dir='ltr'>καὶ</span> <span class='ocrx_word' id='word_1_110' title='bbox 534 1220 745 1273; x_wconf 84' lang='grc' dir='ltr'>ἐκτράπελος</span> <span class='ocrx_word' id='word_1_111' title='bbox 765 1218 957 1270; x_wconf 81' lang='grc' dir='ltr'>σύγκειται.</span> <span class='ocrx_word' id='word_1_112' title='bbox 992 1218 1068 1255; x_wconf 83' lang='grc' dir='ltr'>ἀντὶ</span> <span class='ocrx_word' id='word_1_113' title='bbox 1094 1221 1153 1255; x_wconf 83' lang='grc' dir='ltr'>τοῦ</span> 
     </span>
     <span class='ocr_line' id='line_1_20' title="bbox 108 1278 1150 1336; baseline -0.008 -13"><span class='ocrx_word' id='word_1_114' title='bbox 108 1283 242 1336; x_wconf 74' lang='grc' dir='ltr'>σκληρὰ</span> <span class='ocrx_word' id='word_1_115' title='bbox 258 1283 317 1322; x_wconf 90' lang='grc' dir='ltr'>καὶ</span> <span class='ocrx_word' id='word_1_116' title='bbox 335 1282 549 1332; x_wconf 75' lang='grc' dir='ltr'>ἀπαίδευτα,</span> <span class='ocrx_word' id='word_1_117' title='bbox 567 1282 627 1319; x_wconf 86' lang='grc' dir='ltr'>καὶ</span> <span class='ocrx_word' id='word_1_118' title='bbox 641 1280 825 1327; x_wconf 68' lang='grc' dir='ltr'>ἀπόὸλητα</span> <span class='ocrx_word' id='word_1_119' title='bbox 841 1279 926 1332; x_wconf 69' lang='grc' dir='ltr'>[καὶ</span> <span class='ocrx_word' id='word_1_120' title='bbox 941 1278 1150 1330; x_wconf 62' lang='grc' dir='ltr'>ἀνώμαλα]</span> 
     </span>
     <span class='ocr_line' id='line_1_21' title="bbox 107 1340 601 1394; baseline -0.006 -12"><span class='ocrx_word' id='word_1_121' title='bbox 107 1366 159 1372; x_wconf 95' lang='grc'>-</span> <span class='ocrx_word' id='word_1_122' title='bbox 171 1340 359 1393; x_wconf 83' lang='grc' dir='ltr'>οὖδαμινὰ,</span> <span class='ocrx_word' id='word_1_123' title='bbox 377 1340 519 1394; x_wconf 78' lang='grc' dir='ltr'>φευκτά.</span> <span class='ocrx_word' id='word_1_124' title='bbox 539 1349 601 1379; x_wconf 81' lang='lat' dir='ltr'>Br.</span> 
     </span>
    </p>

    <p class='ocr_par' dir='ltr' id='par_1_10' title="bbox 109 1395 1153 1627">
     <span class='ocr_line' id='line_1_22' title="bbox 162 1395 1153 1452; baseline -0.007 -13"><span class='ocrx_word' id='word_1_125' title='bbox 162 1414 241 1440; x_wconf 88' lang='lat'><strong>1004.</strong></span> <span class='ocrx_word' id='word_1_126' title='bbox 263 1397 805 1452; x_wconf 66' lang='grc' dir='ltr'>γλισγραντιλογεξεπιτρίπτου;</span> <span class='ocrx_word' id='word_1_127' title='bbox 825 1397 892 1435; x_wconf 83' lang='grc' dir='ltr'>Ἐκ</span> <span class='ocrx_word' id='word_1_128' title='bbox 907 1400 967 1434; x_wconf 83' lang='grc' dir='ltr'>τοῦ</span> <span class='ocrx_word' id='word_1_129' title='bbox 987 1395 1153 1448; x_wconf 66' lang='grc' dir='ltr'>γλίσχρου</span> 
     </span>
     <span class='ocr_line' id='line_1_23' title="bbox 109 1454 1152 1509; baseline -0.008 -11"><span class='ocrx_word' id='word_1_130' title='bbox 109 1475 169 1498; x_wconf 85' lang='grc' dir='ltr'>και</span> <span class='ocrx_word' id='word_1_131' title='bbox 185 1458 382 1509; x_wconf 83' lang='grc' dir='ltr'>ἀντιλογίαν</span> <span class='ocrx_word' id='word_1_132' title='bbox 402 1456 538 1508; x_wconf 77' lang='grc' dir='ltr'>ἔγοντος</span> <span class='ocrx_word' id='word_1_133' title='bbox 557 1456 616 1494; x_wconf 84' lang='grc' dir='ltr'>καὶ</span> <span class='ocrx_word' id='word_1_134' title='bbox 633 1455 834 1507; x_wconf 79' lang='grc' dir='ltr'>ἐπιτρίπτου</span> <span class='ocrx_word' id='word_1_135' title='bbox 857 1454 1057 1504; x_wconf 85' lang='grc' dir='ltr'>σύγκειται,</span> <span class='ocrx_word' id='word_1_136' title='bbox 1085 1457 1152 1491; x_wconf 75' lang='grc' dir='ltr'>οἷον</span> 
     </span>
     <span class='ocr_line' id='line_1_24' title="bbox 112 1512 1153 1567; baseline -0.006 -13"><span class='ocrx_word' id='word_1_137' title='bbox 112 1522 172 1556; x_wconf 85' lang='grc' dir='ltr'>τοῦ</span> <span class='ocrx_word' id='word_1_138' title='bbox 201 1515 392 1566; x_wconf 83' lang='grc' dir='ltr'>δυναμένου</span> <span class='ocrx_word' id='word_1_139' title='bbox 415 1516 609 1567; x_wconf 62' lang='grc' dir='ltr'>ἐπιτρῒὺαι.</span> <span class='ocrx_word' id='word_1_140' title='bbox 630 1537 680 1543; x_wconf 86' lang='grc'>-</span> <span class='ocrx_word' id='word_1_141' title='bbox 695 1513 862 1566; x_wconf 72' lang='grc' dir='ltr'>γλίσχρου</span> <span class='ocrx_word' id='word_1_142' title='bbox 881 1512 940 1550; x_wconf 84' lang='grc' dir='ltr'>καὶ</span> <span class='ocrx_word' id='word_1_143' title='bbox 957 1513 1153 1563; x_wconf 83' lang='grc' dir='ltr'>ἀντιλογίαν</span> 
     </span>
     <span class='ocr_line' id='line_1_25' title="bbox 110 1574 685 1627; baseline -0.003 -14"><span class='ocrx_word' id='word_1_144' title='bbox 110 1575 246 1627; x_wconf 75' lang='grc' dir='ltr'>ἔχοντος</span> <span class='ocrx_word' id='word_1_145' title='bbox 265 1574 601 1627; x_wconf 83' lang='grc' dir='ltr'>κατατετριμμένην.</span> <span class='ocrx_word' id='word_1_146' title='bbox 627 1580 685 1611; x_wconf 79' lang='lat' dir='ltr'>Br.</span> 
     </span>
    </p>

    <p class='ocr_par' dir='ltr' id='par_1_11' title="bbox 108 1630 1155 2094">
     <span class='ocr_line' id='line_1_26' title="bbox 166 1630 693 1681; baseline -0.006 -10"><span class='ocrx_word' id='word_1_147' title='bbox 166 1648 242 1672; x_wconf 74' lang='lat'><strong>1005.</strong></span> <span class='ocrx_word' id='word_1_148' title='bbox 273 1633 348 1670; x_wconf 86' lang='grc' dir='ltr'>ἀλλ’</span> <span class='ocrx_word' id='word_1_149' title='bbox 377 1634 423 1676; x_wconf 89' lang='grc' dir='ltr'>εἷς</span> <span class='ocrx_word' id='word_1_150' title='bbox 452 1630 693 1681; x_wconf 77' lang='grc' dir='ltr'>Ἀκαδημίαν·</span> 
     </span>
     <span class='ocr_line' id='line_1_27' title="bbox 110 1686 1153 1746; baseline -0.006 -16"><span class='ocrx_word' id='word_1_151' title='bbox 110 1691 299 1746; x_wconf 70' lang='grc' dir='ltr'>φιλόσοφοι.</span> <span class='ocrx_word' id='word_1_152' title='bbox 332 1686 373 1738; x_wconf 87' lang='grc' dir='ltr'>ἠν</span> <span class='ocrx_word' id='word_1_153' title='bbox 403 1691 439 1729; x_wconf 82' lang='grc' dir='ltr'>δὲ</span> <span class='ocrx_word' id='word_1_154' title='bbox 467 1690 686 1741; x_wconf 68' lang='grc' dir='ltr'>γυμνάσιον),</span> <span class='ocrx_word' id='word_1_155' title='bbox 707 1690 806 1741; x_wconf 72' lang='grc' dir='ltr'>[[ἀπο</span> <span class='ocrx_word' id='word_1_156' title='bbox 827 1688 1031 1738; x_wconf 84' lang='grc' dir='ltr'>Ἑκαδημου</span> <span class='ocrx_word' id='word_1_157' title='bbox 1048 1688 1153 1734; x_wconf 83' lang='grc' dir='ltr'>τινὸς,</span> 
     </span>
     <span class='ocr_line' id='line_1_28' title="bbox 109 1745 1152 1803; baseline -0.004 -15"><span class='ocrx_word' id='word_1_158' title='bbox 109 1750 383 1803; x_wconf 76' lang='grc' dir='ltr'>καταλείψαντος</span> <span class='ocrx_word' id='word_1_159' title='bbox 402 1748 464 1796; x_wconf 85' lang='grc' dir='ltr'>τὴν</span> <span class='ocrx_word' id='word_1_160' title='bbox 491 1765 613 1795; x_wconf 88' lang='grc' dir='ltr'>κτησιν</span> <span class='ocrx_word' id='word_1_161' title='bbox 631 1751 754 1786; x_wconf 80' lang='grc' dir='ltr'>ἑαυτοῦ</span> <span class='ocrx_word' id='word_1_162' title='bbox 775 1747 858 1799; x_wconf 83' lang='grc' dir='ltr'>πρὸς</span> <span class='ocrx_word' id='word_1_163' title='bbox 885 1745 1070 1791; x_wconf 78' lang='grc' dir='ltr'>ἐπισκευὴν</span> <span class='ocrx_word' id='word_1_164' title='bbox 1094 1751 1152 1784; x_wconf 89' lang='grc' dir='ltr'>τοῦ</span> 
     </span>
     <span class='ocr_line' id='line_1_29' title="bbox 108 1806 1154 1862; baseline -0.006 -14"><span class='ocrx_word' id='word_1_165' title='bbox 108 1810 225 1848; x_wconf 86' lang='grc' dir='ltr'>τόπου.</span> <span class='ocrx_word' id='word_1_166' title='bbox 247 1809 325 1862; x_wconf 88' lang='grc' dir='ltr'>περὶ</span> <span class='ocrx_word' id='word_1_167' title='bbox 344 1809 446 1846; x_wconf 82' lang='grc' dir='ltr'>αὐτὸν</span> <span class='ocrx_word' id='word_1_168' title='bbox 468 1808 495 1846; x_wconf 85' lang='grc' dir='ltr'>δ’</span> <span class='ocrx_word' id='word_1_169' title='bbox 527 1823 615 1854; x_wconf 86' lang='grc' dir='ltr'>ησαν</span> <span class='ocrx_word' id='word_1_170' title='bbox 645 1809 679 1845; x_wconf 86' lang='grc' dir='ltr'>αἱ</span> <span class='ocrx_word' id='word_1_171' title='bbox 708 1807 812 1849; x_wconf 85' lang='grc' dir='ltr'>ὅντως</span> <span class='ocrx_word' id='word_1_172' title='bbox 829 1806 919 1858; x_wconf 86' lang='grc' dir='ltr'>ἱεραὶ</span> <span class='ocrx_word' id='word_1_173' title='bbox 948 1807 1005 1843; x_wconf 78' lang='grc' dir='ltr'>ἐ)</span> <span class='ocrx_word' id='word_1_174' title='bbox 999 1806 1063 1842; x_wconf 84' lang='grc' dir='ltr'>ῖαι</span> <span class='ocrx_word' id='word_1_175' title='bbox 1092 1808 1154 1851; x_wconf 75' lang='grc' dir='ltr'>τῆς</span> 
     </span>
     <span class='ocr_line' id='line_1_30' title="bbox 109 1864 1153 1918; baseline -0.005 -13"><span class='ocrx_word' id='word_1_176' title='bbox 109 1871 204 1914; x_wconf 89' lang='grc' dir='ltr'>θεοῦ,</span> <span class='ocrx_word' id='word_1_177' title='bbox 224 1867 261 1905; x_wconf 85' lang='grc' dir='ltr'>αἳ</span> <span class='ocrx_word' id='word_1_178' title='bbox 282 1868 468 1905; x_wconf 90' lang='grc' dir='ltr'>καλοῦνται</span> <span class='ocrx_word' id='word_1_179' title='bbox 490 1866 620 1918; x_wconf 84' lang='grc' dir='ltr'>μορίαι·</span> <span class='ocrx_word' id='word_1_180' title='bbox 634 1865 668 1909; x_wconf 83' lang='grc' dir='ltr'>ἐξ</span> <span class='ocrx_word' id='word_1_181' title='bbox 684 1869 730 1902; x_wconf 81' lang='grc' dir='ltr'>ὧν</span> <span class='ocrx_word' id='word_1_182' title='bbox 751 1865 790 1902; x_wconf 83' lang='grc' dir='ltr'>τὸ</span> <span class='ocrx_word' id='word_1_183' title='bbox 805 1864 920 1902; x_wconf 82' lang='grc' dir='ltr'>ἔλαιον</span> <span class='ocrx_word' id='word_1_184' title='bbox 939 1866 1008 1901; x_wconf 82' lang='grc' dir='ltr'>τῶν</span> <span class='ocrx_word' id='word_1_185' title='bbox 1027 1866 1153 1902; x_wconf 89' lang='grc' dir='ltr'>Πανα-</span> 
     </span>
     <span class='ocr_line' id='line_1_31' title="bbox 110 1922 1155 1977; baseline -0.004 -14"><span class='ocrx_word' id='word_1_186' title='bbox 110 1925 271 1973; x_wconf 85' lang='grc' dir='ltr'>θηναίων.</span> <span class='ocrx_word' id='word_1_187' title='bbox 291 1925 348 1963; x_wconf 84' lang='grc' dir='ltr'>τὸν</span> <span class='ocrx_word' id='word_1_188' title='bbox 372 1924 407 1962; x_wconf 84' lang='grc' dir='ltr'>δε</span> <span class='ocrx_word' id='word_1_189' title='bbox 425 1924 591 1977; x_wconf 76' lang='grc' dir='ltr'>στέφανον</span> <span class='ocrx_word' id='word_1_190' title='bbox 609 1928 670 1961; x_wconf 90' lang='grc' dir='ltr'>τοῦ</span> <span class='ocrx_word' id='word_1_191' title='bbox 688 1922 850 1973; x_wconf 80' lang='grc' dir='ltr'>καλάμου</span> <span class='ocrx_word' id='word_1_192' title='bbox 875 1922 1089 1975; x_wconf 79' lang='grc' dir='ltr'>προέκρινεν,</span> <span class='ocrx_word' id='word_1_193' title='bbox 1110 1926 1155 1966; x_wconf 84' lang='grc' dir='ltr'>ὡς</span> 
     </span>
     <span class='ocr_line' id='line_1_32' title="bbox 111 1979 1154 2036; baseline -0.005 -14"><span class='ocrx_word' id='word_1_194' title='bbox 111 1983 342 2036; x_wconf 84' lang='grc' dir='ltr'>ἁπλούστερον</span> <span class='ocrx_word' id='word_1_195' title='bbox 363 1983 446 2021; x_wconf 85' lang='grc' dir='ltr'>ὄντα</span> <span class='ocrx_word' id='word_1_196' title='bbox 471 1983 531 2020; x_wconf 82' lang='grc' dir='ltr'>καὶ</span> <span class='ocrx_word' id='word_1_197' title='bbox 548 1981 762 2035; x_wconf 81' lang='grc' dir='ltr'>ἀπερίεργον·</span> <span class='ocrx_word' id='word_1_198' title='bbox 787 1980 810 2027; x_wconf 84' lang='grc' dir='ltr'>ἢ</span> <span class='ocrx_word' id='word_1_199' title='bbox 831 1979 883 2018; x_wconf 80' lang='grc' dir='ltr'>ὅτι</span> <span class='ocrx_word' id='word_1_200' title='bbox 900 1982 992 2033; x_wconf 76' lang='grc' dir='ltr'>αὐτῷ</span> <span class='ocrx_word' id='word_1_201' title='bbox 1009 1980 1154 2033; x_wconf 67' lang='grc' dir='ltr'>στέρον-</span> 
     </span>
     <span class='ocr_line' id='line_1_33' title="bbox 109 2041 471 2094; baseline 0.003 -14"><span class='ocrx_word' id='word_1_202' title='bbox 109 2058 167 2080; x_wconf 88' lang='grc' dir='ltr'>ται</span> <span class='ocrx_word' id='word_1_203' title='bbox 183 2044 214 2080; x_wconf 85' lang='grc' dir='ltr'>οἱ</span> <span class='ocrx_word' id='word_1_204' title='bbox 235 2041 471 2094; x_wconf 58' lang='grc' dir='ltr'>Διόσκουροι]</span> 
     </span>
    </p>

    <p class='ocr_par' dir='ltr' id='par_1_12' title="bbox 109 2097 1156 2380">
     <span class='ocr_line' id='line_1_34' title="bbox 157 2097 1153 2152; baseline -0.004 -14"><span class='ocrx_word' id='word_1_205' title='bbox 157 2100 224 2138; x_wconf 78' lang='grc' dir='ltr'>ὑπὸ</span> <span class='ocrx_word' id='word_1_206' title='bbox 234 2103 309 2143; x_wconf 83' lang='grc' dir='ltr'>ταῖς</span> <span class='ocrx_word' id='word_1_207' title='bbox 326 2100 462 2152; x_wconf 87' lang='grc' dir='ltr'>μορίαις</span> <span class='ocrx_word' id='word_1_208' title='bbox 480 2113 487 2138; x_wconf 90' lang='lat'><strong>:</strong></span> <span class='ocrx_word' id='word_1_209' title='bbox 508 2099 574 2152; x_wconf 65' lang='lat' dir='ltr'>[M.</span> <span class='ocrx_word' id='word_1_210' title='bbox 584 2098 674 2150; x_wconf 76' lang='grc' dir='ltr'>ἱεραὶ</span> <span class='ocrx_word' id='word_1_211' title='bbox 694 2099 809 2136; x_wconf 82' lang='grc' dir='ltr'>ἐλαῖαι</span> <span class='ocrx_word' id='word_1_212' title='bbox 825 2100 887 2143; x_wconf 82' lang='grc' dir='ltr'>τ’ἧς</span> <span class='ocrx_word' id='word_1_213' title='bbox 902 2097 1044 2143; x_wconf 82' lang='grc' dir='ltr'>Ἀθηνᾶς</span> <span class='ocrx_word' id='word_1_214' title='bbox 1061 2098 1095 2134; x_wconf 80' lang='grc' dir='ltr'>ἐν</span> <span class='ocrx_word' id='word_1_215' title='bbox 1111 2099 1153 2148; x_wconf 71' lang='grc' dir='ltr'>τῇ</span> 
     </span>
     <span class='ocr_line' id='line_1_35' title="bbox 111 2155 1156 2211; baseline -0.004 -15"><span class='ocrx_word' id='word_1_216' title='bbox 111 2158 298 2211; x_wconf 81' lang='grc' dir='ltr'>ἀκροπόλει</span> <span class='ocrx_word' id='word_1_217' title='bbox 322 2158 439 2210; x_wconf 83' lang='grc' dir='ltr'>μορίαι</span> <span class='ocrx_word' id='word_1_218' title='bbox 461 2159 656 2195; x_wconf 78' lang='grc' dir='ltr'>ἐκαλοῦντο.</span> <span class='ocrx_word' id='word_1_219' title='bbox 677 2155 814 2207; x_wconf 86' lang='grc' dir='ltr'>λέγουσι</span> <span class='ocrx_word' id='word_1_220' title='bbox 840 2155 906 2207; x_wconf 85' lang='grc' dir='ltr'>γὰρ</span> <span class='ocrx_word' id='word_1_221' title='bbox 927 2155 978 2193; x_wconf 80' lang='grc' dir='ltr'>ὅτι</span> <span class='ocrx_word' id='word_1_222' title='bbox 1002 2155 1156 2208; x_wconf 77' lang='grc' dir='ltr'>Ἁλιρρό-</span> 
     </span>
     <span class='ocr_line' id='line_1_36' title="bbox 111 2213 1154 2266; baseline -0.004 -12"><span class='ocrx_word' id='word_1_223' title='bbox 111 2220 179 2260; x_wconf 88' lang='grc' dir='ltr'>θιος</span> <span class='ocrx_word' id='word_1_224' title='bbox 190 2247 199 2263; x_wconf 93' lang='grc'>,</span> <span class='ocrx_word' id='word_1_225' title='bbox 213 2220 231 2254; x_wconf 97' lang='lat'><strong>6</strong></span> <span class='ocrx_word' id='word_1_226' title='bbox 248 2218 330 2260; x_wconf 80' lang='grc' dir='ltr'>παῖς</span> <span class='ocrx_word' id='word_1_227' title='bbox 346 2217 579 2262; x_wconf 80' lang='grc' dir='ltr'>Ποσειδῶνος,</span> <span class='ocrx_word' id='word_1_228' title='bbox 596 2215 765 2261; x_wconf 81' lang='grc' dir='ltr'>ἠθέλησεν</span> <span class='ocrx_word' id='word_1_229' title='bbox 783 2214 930 2266; x_wconf 73' lang='grc' dir='ltr'>ἐκκόψαι</span> <span class='ocrx_word' id='word_1_230' title='bbox 949 2213 1076 2260; x_wconf 81' lang='grc' dir='ltr'>αὐτὰς,</span> <span class='ocrx_word' id='word_1_231' title='bbox 1099 2213 1154 2251; x_wconf 86' lang='grc' dir='ltr'>διὰ</span> 
     </span>
     <span class='ocr_line' id='line_1_37' title="bbox 109 2270 1153 2327; baseline -0.004 -15"><span class='ocrx_word' id='word_1_232' title='bbox 109 2274 150 2312; x_wconf 81' lang='grc' dir='ltr'>τὸ</span> <span class='ocrx_word' id='word_1_233' title='bbox 172 2278 234 2321; x_wconf 66' lang='grc' dir='ltr'>τῆς</span> <span class='ocrx_word' id='word_1_234' title='bbox 248 2274 365 2317; x_wconf 84' lang='grc' dir='ltr'>ἐλαίας</span> <span class='ocrx_word' id='word_1_235' title='bbox 379 2274 571 2327; x_wconf 80' lang='grc' dir='ltr'>εὑρεθείσης</span> <span class='ocrx_word' id='word_1_236' title='bbox 592 2277 750 2325; x_wconf 73' lang='grc' dir='ltr'>κριθῆναι</span> <span class='ocrx_word' id='word_1_237' title='bbox 768 2275 829 2318; x_wconf 79' lang='grc' dir='ltr'>τῆς</span> <span class='ocrx_word' id='word_1_238' title='bbox 847 2272 989 2318; x_wconf 78' lang='grc' dir='ltr'>Ἀθηνᾶς</span> <span class='ocrx_word' id='word_1_239' title='bbox 1006 2271 1069 2318; x_wconf 76' lang='grc' dir='ltr'>τὴν</span> <span class='ocrx_word' id='word_1_240' title='bbox 1089 2270 1153 2309; x_wconf 79' lang='grc' dir='ltr'>πό-</span> 
     </span>
     <span class='ocr_line' id='line_1_38' title="bbox 113 2327 1154 2380; baseline -0.004 -11"><span class='ocrx_word' id='word_1_241' title='bbox 113 2333 179 2370; x_wconf 88' lang='grc' dir='ltr'>λιν.</span> <span class='ocrx_word' id='word_1_242' title='bbox 201 2335 219 2369; x_wconf 86' lang='lat'><strong>6</strong></span> <span class='ocrx_word' id='word_1_243' title='bbox 239 2330 274 2368; x_wconf 84' lang='grc' dir='ltr'>δὲ</span> <span class='ocrx_word' id='word_1_244' title='bbox 291 2331 469 2374; x_wconf 84' lang='grc' dir='ltr'>ἀνατείνας</span> <span class='ocrx_word' id='word_1_245' title='bbox 487 2331 544 2369; x_wconf 86' lang='grc' dir='ltr'>τὸν</span> <span class='ocrx_word' id='word_1_246' title='bbox 564 2330 712 2368; x_wconf 87' lang='grc' dir='ltr'>πέλεκυν</span> <span class='ocrx_word' id='word_1_247' title='bbox 729 2330 788 2367; x_wconf 82' lang='grc' dir='ltr'>καὶ</span> <span class='ocrx_word' id='word_1_248' title='bbox 810 2328 937 2375; x_wconf 82' lang='grc' dir='ltr'>ταύτης</span> <span class='ocrx_word' id='word_1_249' title='bbox 969 2327 1154 2380; x_wconf 72' lang='grc' dir='ltr'>ἀποτυχὼν</span> 
     </span>
    </p>
   </div>
   <div class='ocr_carea' id='block_1_7' title="bbox 57 1199 89 1225">
    <p class='ocr_par' dir='ltr' id='par_1_13' title="bbox 57 1199 89 1225">
     <span class='ocr_line' id='line_1_39' title="bbox 57 1199 89 1225; baseline -0.031 0"><span class='ocrx_word' id='word_1_250' title='bbox 57 1199 89 1225; x_wconf 85' lang='lat'>15</span> 
     </span>
    </p>
   </div>
   <div class='ocr_carea' id='block_1_8' title="bbox 722 1629 1153 1681">
    <p class='ocr_par' dir='ltr' id='par_1_14' title="bbox 722 1629 1153 1681">
     <span class='ocr_line' id='line_1_40' title="bbox 722 1629 1153 1681; baseline -0.005 -13"><span class='ocrx_word' id='word_1_251' title='bbox 722 1630 905 1680; x_wconf 83' lang='grc' dir='ltr'>(Ἐνταῦθα</span> <span class='ocrx_word' id='word_1_252' title='bbox 926 1629 1093 1681; x_wconf 64' lang='grc' dir='ltr'>διετριὸον</span> <span class='ocrx_word' id='word_1_253' title='bbox 1123 1631 1153 1666; x_wconf 84' lang='grc' dir='ltr'>οἱ</span> 
     </span>
    </p>
   </div>
   <div class='ocr_carea' id='block_1_9' title="bbox 58 1791 92 1816">
    <p class='ocr_par' dir='ltr' id='par_1_15' title="bbox 58 1791 92 1816">
     <span class='ocr_line' id='line_1_41' title="bbox 58 1791 92 1816; baseline -0.029 0"><span class='ocrx_word' id='word_1_254' title='bbox 58 1791 92 1816; x_wconf 77' lang='lat'>25</span> 
     </span>
    </p>
   </div>
   <div class='ocr_carea' id='block_1_10' title="bbox 58 2091 93 2118">
    <p class='ocr_par' dir='ltr' id='par_1_16' title="bbox 58 2091 93 2118">
     <span class='ocr_line' id='line_1_42' title="bbox 58 2091 93 2118; baseline 0.029 -1"><span class='ocrx_word' id='word_1_255' title='bbox 58 2091 93 2118; x_wconf 84' lang='lat'>30</span> 
     </span>
    </p>
   </div>
   <div class='ocr_carea' id='block_1_11' title="bbox 15 2387 1156 3423">
    <p class='ocr_par' dir='ltr' id='par_1_17' title="bbox 15 2387 1156 3423">
     <span class='ocr_line' id='line_1_43' title="bbox 111 2387 1154 2440; baseline -0.003 -13"><span class='ocrx_word' id='word_1_256' title='bbox 111 2389 256 2436; x_wconf 81' lang='grc' dir='ltr'>επληξεν</span> <span class='ocrx_word' id='word_1_257' title='bbox 283 2389 402 2427; x_wconf 79' lang='grc' dir='ltr'>ἑαυτὸν</span> <span class='ocrx_word' id='word_1_258' title='bbox 422 2390 481 2427; x_wconf 84' lang='grc' dir='ltr'>καὶ</span> <span class='ocrx_word' id='word_1_259' title='bbox 501 2389 663 2427; x_wconf 84' lang='grc' dir='ltr'>ἀπέθανε.</span> <span class='ocrx_word' id='word_1_260' title='bbox 684 2388 744 2426; x_wconf 80' lang='grc' dir='ltr'>καὶ</span> <span class='ocrx_word' id='word_1_261' title='bbox 764 2387 820 2426; x_wconf 84' lang='grc' dir='ltr'>διὰ</span> <span class='ocrx_word' id='word_1_262' title='bbox 844 2391 945 2425; x_wconf 81' lang='grc' dir='ltr'>τοῦτο</span> <span class='ocrx_word' id='word_1_263' title='bbox 965 2387 1085 2440; x_wconf 89' lang='grc' dir='ltr'>μορίαι</span> <span class='ocrx_word' id='word_1_264' title='bbox 1119 2390 1154 2425; x_wconf 79' lang='grc' dir='ltr'>αἱ</span> 
     </span>
     <span class='ocr_line' id='line_1_44' title="bbox 115 2444 1155 2498; baseline -0.002 -15"><span class='ocrx_word' id='word_1_265' title='bbox 115 2447 228 2484; x_wconf 79' lang='grc' dir='ltr'>ἐλαῖαι</span> <span class='ocrx_word' id='word_1_266' title='bbox 251 2447 457 2493; x_wconf 70' lang='grc' dir='ltr'>ἐκλήθησαν.</span> <span class='ocrx_word' id='word_1_267' title='bbox 479 2447 500 2494; x_wconf 80' lang='grc' dir='ltr'>ἢ</span> <span class='ocrx_word' id='word_1_268' title='bbox 522 2447 577 2485; x_wconf 80' lang='grc' dir='ltr'>διὰ</span> <span class='ocrx_word' id='word_1_269' title='bbox 593 2448 631 2485; x_wconf 83' lang='grc' dir='ltr'>τὸ</span> <span class='ocrx_word' id='word_1_270' title='bbox 651 2447 766 2484; x_wconf 82' lang='grc' dir='ltr'>πάντα</span> <span class='ocrx_word' id='word_1_271' title='bbox 784 2445 961 2498; x_wconf 80' lang='grc' dir='ltr'>ἄνθρωπον</span> <span class='ocrx_word' id='word_1_272' title='bbox 980 2444 1155 2495; x_wconf 82' lang='grc' dir='ltr'>κεκτημέ-</span> 
     </span>
     <span class='ocr_line' id='line_1_45' title="bbox 110 2503 1155 2557; baseline -0.002 -15"><span class='ocrx_word' id='word_1_273' title='bbox 110 2519 164 2542; x_wconf 89' lang='grc' dir='ltr'>νον</span> <span class='ocrx_word' id='word_1_274' title='bbox 198 2505 315 2549; x_wconf 81' lang='grc' dir='ltr'>ἐλαίας</span> <span class='ocrx_word' id='word_1_275' title='bbox 348 2506 602 2557; x_wconf 81' lang='grc' dir='ltr'>ἀναγκάζεσθαι</span> <span class='ocrx_word' id='word_1_276' title='bbox 637 2505 738 2557; x_wconf 81' lang='grc' dir='ltr'>μέρος</span> <span class='ocrx_word' id='word_1_277' title='bbox 775 2520 808 2542; x_wconf 86' lang='grc' dir='ltr'>τι</span> <span class='ocrx_word' id='word_1_278' title='bbox 835 2503 1002 2555; x_wconf 76' lang='grc' dir='ltr'>παρέχειν</span> <span class='ocrx_word' id='word_1_279' title='bbox 1025 2505 1072 2546; x_wconf 88' lang='grc' dir='ltr'>εἷς</span> <span class='ocrx_word' id='word_1_280' title='bbox 1109 2503 1155 2541; x_wconf 79' lang='grc' dir='ltr'>τὰ</span> 
     </span>
     <span class='ocr_line' id='line_1_46' title="bbox 111 2561 1156 2617; baseline -0.003 -16"><span class='ocrx_word' id='word_1_281' title='bbox 111 2563 352 2610; x_wconf 75' lang='grc' dir='ltr'>Παναθήναια.</span> <span class='ocrx_word' id='word_1_282' title='bbox 373 2565 524 2617; x_wconf 85' lang='grc' dir='ltr'>κέραμον</span> <span class='ocrx_word' id='word_1_283' title='bbox 545 2563 611 2616; x_wconf 81' lang='grc' dir='ltr'>γὰρ</span> <span class='ocrx_word' id='word_1_284' title='bbox 632 2563 748 2601; x_wconf 79' lang='grc' dir='ltr'>ἐλαίου</span> <span class='ocrx_word' id='word_1_285' title='bbox 765 2561 963 2612; x_wconf 63' lang='grc' dir='ltr'>ἐλάμέανον</span> <span class='ocrx_word' id='word_1_286' title='bbox 985 2564 1019 2599; x_wconf 80' lang='grc' dir='ltr'>οἳ</span> <span class='ocrx_word' id='word_1_287' title='bbox 1037 2565 1156 2599; x_wconf 79' lang='grc' dir='ltr'>νικῶν-</span> 
     </span>
     <span class='ocr_line' id='line_1_47' title="bbox 112 2620 1154 2676; baseline 0.002 -19"><span class='ocrx_word' id='word_1_288' title='bbox 112 2620 213 2673; x_wconf 53' lang='grc' dir='ltr'>τες]</span> <span class='ocrx_word' id='word_1_289' title='bbox 237 2622 361 2675; x_wconf 87' lang='grc' dir='ltr'>κυρίως</span> <span class='ocrx_word' id='word_1_290' title='bbox 389 2623 495 2676; x_wconf 84' lang='grc' dir='ltr'>μορία</span> <span class='ocrx_word' id='word_1_291' title='bbox 520 2622 659 2673; x_wconf 86' lang='grc' dir='ltr'>λέγεται</span> <span class='ocrx_word' id='word_1_292' title='bbox 692 2625 714 2667; x_wconf 84' lang='grc' dir='ltr'>ἡ</span> <span class='ocrx_word' id='word_1_293' title='bbox 750 2620 827 2669; x_wconf 76' lang='grc' dir='ltr'>ἱερὰ</span> <span class='ocrx_word' id='word_1_294' title='bbox 852 2620 951 2658; x_wconf 85' lang='grc' dir='ltr'>ἐλαία</span> <span class='ocrx_word' id='word_1_295' title='bbox 978 2624 1038 2667; x_wconf 70' lang='grc' dir='ltr'>τῆς</span> <span class='ocrx_word' id='word_1_296' title='bbox 1067 2624 1154 2659; x_wconf 88' lang='grc' dir='ltr'>θεοῦ.</span> 
     </span>
     <span class='ocr_line' id='line_1_48' title="bbox 111 2678 1156 2734; baseline 0.001 -19"><span class='ocrx_word' id='word_1_297' title='bbox 111 2678 317 2731; x_wconf 71' lang='grc' dir='ltr'>ἐπεφύτευτο</span> <span class='ocrx_word' id='word_1_298' title='bbox 342 2680 377 2718; x_wconf 77' lang='grc' dir='ltr'>δὲ</span> <span class='ocrx_word' id='word_1_299' title='bbox 412 2683 446 2718; x_wconf 83' lang='grc' dir='ltr'>ἐν</span> <span class='ocrx_word' id='word_1_300' title='bbox 472 2683 521 2734; x_wconf 80' lang='grc' dir='ltr'>τῷ</span> <span class='ocrx_word' id='word_1_301' title='bbox 549 2679 731 2732; x_wconf 82' lang='grc' dir='ltr'>γυμνασίῳ</span> <span class='ocrx_word' id='word_1_302' title='bbox 764 2678 900 2731; x_wconf 81' lang='grc' dir='ltr'>δένδρα.</span> <span class='ocrx_word' id='word_1_303' title='bbox 927 2678 999 2721; x_wconf 85' lang='grc' dir='ltr'>ἔθος</span> <span class='ocrx_word' id='word_1_304' title='bbox 1023 2679 1058 2716; x_wconf 82' lang='grc' dir='ltr'>δὲ</span> <span class='ocrx_word' id='word_1_305' title='bbox 1087 2685 1156 2724; x_wconf 84' lang='grc' dir='ltr'>τοῖς</span> 
     </span>
     <span class='ocr_line' id='line_1_49' title="bbox 111 2736 1153 2792; baseline 0.001 -19"><span class='ocrx_word' id='word_1_306' title='bbox 111 2736 332 2784; x_wconf 84' lang='grc' dir='ltr'>ἀσκουμένοις</span> <span class='ocrx_word' id='word_1_307' title='bbox 342 2739 584 2792; x_wconf 73' lang='grc' dir='ltr'>ἀλειψαμένοις</span> <span class='ocrx_word' id='word_1_308' title='bbox 595 2741 628 2776; x_wconf 82' lang='grc' dir='ltr'>ἐν</span> <span class='ocrx_word' id='word_1_309' title='bbox 644 2742 696 2790; x_wconf 81' lang='grc' dir='ltr'>τῷ</span> <span class='ocrx_word' id='word_1_310' title='bbox 706 2737 795 2790; x_wconf 79' lang='grc' dir='ltr'>ἡλίῳ</span> <span class='ocrx_word' id='word_1_311' title='bbox 805 2737 1001 2790; x_wconf 77' lang='grc' dir='ltr'>τρέχειν.-</span> <span class='ocrx_word' id='word_1_312' title='bbox 1010 2737 1046 2775; x_wconf 81' lang='grc' dir='ltr'><strong>Ἄ</strong></span> <span class='ocrx_word' id='word_1_313' title='bbox 1052 2739 1153 2783; x_wconf 64' lang='grc' dir='ltr'>λλως,</span> 
     </span>
     <span class='ocr_line' id='line_1_50' title="bbox 111 2794 1155 2846; baseline -0.005 -8"><span class='ocrx_word' id='word_1_314' title='bbox 111 2794 269 2838; x_wconf 54' lang='grc' dir='ltr'>ἡττηθεὶς</span> <span class='ocrx_word' id='word_1_315' title='bbox 301 2798 361 2840; x_wconf 76' lang='grc' dir='ltr'>τ’ἧς</span> <span class='ocrx_word' id='word_1_316' title='bbox 386 2797 526 2843; x_wconf 73' lang='grc' dir='ltr'>Ἀθηνᾶς</span> <span class='ocrx_word' id='word_1_317' title='bbox 548 2801 565 2835; x_wconf 88' lang='lat'><strong>6</strong></span> <span class='ocrx_word' id='word_1_318' title='bbox 590 2798 766 2835; x_wconf 77' lang='grc' dir='ltr'>Ποσειδῶν</span> <span class='ocrx_word' id='word_1_319' title='bbox 795 2796 852 2834; x_wconf 83' lang='grc' dir='ltr'>ἐπὶ</span> <span class='ocrx_word' id='word_1_320' title='bbox 876 2799 918 2846; x_wconf 74' lang='grc' dir='ltr'>τῇ</span> <span class='ocrx_word' id='word_1_321' title='bbox 946 2799 1007 2842; x_wconf 67' lang='grc' dir='ltr'>τῆς</span> <span class='ocrx_word' id='word_1_322' title='bbox 1037 2797 1155 2840; x_wconf 83' lang='grc' dir='ltr'>ἐλαίας</span> 
     </span>
     <span class='ocr_line' id='line_1_51' title="bbox 113 2850 1153 2906; baseline 0.004 -19"><span class='ocrx_word' id='word_1_323' title='bbox 113 2850 292 2898; x_wconf 81' lang='grc' dir='ltr'>ἐπιδείξει,</span> <span class='ocrx_word' id='word_1_324' title='bbox 308 2852 441 2906; x_wconf 78' lang='grc' dir='ltr'>ἔπεμψε</span> <span class='ocrx_word' id='word_1_325' title='bbox 468 2855 526 2892; x_wconf 83' lang='grc' dir='ltr'>τὸν</span> <span class='ocrx_word' id='word_1_326' title='bbox 556 2855 626 2892; x_wconf 84' lang='grc' dir='ltr'>υἱον</span> <span class='ocrx_word' id='word_1_327' title='bbox 657 2857 762 2892; x_wconf 77' lang='grc' dir='ltr'>αὐτοῦ</span> <span class='ocrx_word' id='word_1_328' title='bbox 791 2853 998 2906; x_wconf 77' lang='grc' dir='ltr'>Ἁλιρρόθιον</span> <span class='ocrx_word' id='word_1_329' title='bbox 1023 2854 1153 2901; x_wconf 81' lang='grc' dir='ltr'>ταύτην</span> 
     </span>
     <span class='ocr_line' id='line_1_52' title="bbox 115 2911 1153 2962; baseline 0.007 -19"><span class='ocrx_word' id='word_1_330' title='bbox 115 2911 296 2957; x_wconf 86' lang='grc' dir='ltr'>τεμοῦντα.</span> <span class='ocrx_word' id='word_1_331' title='bbox 307 2912 324 2946; x_wconf 90' lang='lat'><strong>6</strong></span> <span class='ocrx_word' id='word_1_332' title='bbox 339 2911 409 2947; x_wconf 76' lang='grc' dir='ltr'>δὲ’</span> <span class='ocrx_word' id='word_1_333' title='bbox 390 2912 567 2955; x_wconf 86' lang='grc' dir='ltr'>ανατείνας</span> <span class='ocrx_word' id='word_1_334' title='bbox 580 2913 637 2950; x_wconf 82' lang='grc' dir='ltr'>τὸν</span> <span class='ocrx_word' id='word_1_335' title='bbox 653 2913 812 2959; x_wconf 88' lang='grc' dir='ltr'>πελεκυν,</span> <span class='ocrx_word' id='word_1_336' title='bbox 823 2914 886 2949; x_wconf 87' lang='grc' dir='ltr'>ταύ</span> <span class='ocrx_word' id='word_1_337' title='bbox 890 2924 951 2957; x_wconf 84' lang='grc' dir='ltr'>της</span> <span class='ocrx_word' id='word_1_338' title='bbox 971 2911 1033 2962; x_wconf 79' lang='grc' dir='ltr'>μὲν</span> <span class='ocrx_word' id='word_1_339' title='bbox 1051 2913 1153 2958; x_wconf 79' lang='grc' dir='ltr'>ἠστό-</span> 
     </span>
     <span class='ocr_line' id='line_1_53' title="bbox 59 2958 1153 3017; baseline 0.006 -16"><span class='ocrx_word' id='word_1_340' title='bbox 59 2958 95 2984; x_wconf 75' lang='lat'>⁴⁵</span> <span class='ocrx_word' id='word_1_341' title='bbox 113 2980 214 3016; x_wconf 78' lang='grc' dir='ltr'>χησε·</span> <span class='ocrx_word' id='word_1_342' title='bbox 251 2965 308 3003; x_wconf 79' lang='grc' dir='ltr'>τὸν</span> <span class='ocrx_word' id='word_1_343' title='bbox 338 2966 373 3004; x_wconf 81' lang='grc' dir='ltr'>δὲ</span> <span class='ocrx_word' id='word_1_344' title='bbox 405 2970 493 3006; x_wconf 85' lang='grc' dir='ltr'>πόδα</span> <span class='ocrx_word' id='word_1_345' title='bbox 528 2973 630 3007; x_wconf 90' lang='grc' dir='ltr'>αυτοῦ</span> <span class='ocrx_word' id='word_1_346' title='bbox 664 2970 754 3016; x_wconf 83' lang='grc' dir='ltr'>πληξ</span> <span class='ocrx_word' id='word_1_347' title='bbox 758 2987 795 3013; x_wconf 91' lang='grc' dir='ltr'>ας</span> <span class='ocrx_word' id='word_1_348' title='bbox 837 2969 1056 3017; x_wconf 86' lang='grc' dir='ltr'>ετελευτησε,</span> <span class='ocrx_word' id='word_1_349' title='bbox 1095 2987 1153 3008; x_wconf 88' lang='grc' dir='ltr'>και</span> 
     </span>
     <span class='ocr_line' id='line_1_54' title="bbox 113 3023 1151 3080; baseline 0.007 -21"><span class='ocrx_word' id='word_1_350' title='bbox 113 3038 202 3060; x_wconf 89' lang='grc' dir='ltr'>ουτω</span> <span class='ocrx_word' id='word_1_351' title='bbox 223 3023 327 3076; x_wconf 89' lang='grc' dir='ltr'>μορία</span> <span class='ocrx_word' id='word_1_352' title='bbox 346 3027 367 3070; x_wconf 84' lang='grc' dir='ltr'>ἡ</span> <span class='ocrx_word' id='word_1_353' title='bbox 398 3027 497 3063; x_wconf 81' lang='grc' dir='ltr'>ἐλαία</span> <span class='ocrx_word' id='word_1_354' title='bbox 517 3028 644 3075; x_wconf 81' lang='grc' dir='ltr'>ἐκληθη</span> <span class='ocrx_word' id='word_1_355' title='bbox 659 3058 669 3075; x_wconf 88' lang='grc'>,</span> <span class='ocrx_word' id='word_1_356' title='bbox 688 3031 733 3072; x_wconf 81' lang='grc' dir='ltr'>ὡς</span> <span class='ocrx_word' id='word_1_357' title='bbox 755 3028 861 3080; x_wconf 89' lang='grc' dir='ltr'>μόρου</span> <span class='ocrx_word' id='word_1_358' title='bbox 886 3044 1092 3080; x_wconf 87' lang='grc' dir='ltr'>παρεκτικη.</span> <span class='ocrx_word' id='word_1_359' title='bbox 1111 3033 1151 3075; x_wconf 81' lang='grc' dir='ltr'>ἠν</span> 
     </span>
     <span class='ocr_line' id='line_1_55' title="bbox 113 3079 1152 3136; baseline 0.007 -18"><span class='ocrx_word' id='word_1_360' title='bbox 113 3079 185 3118; x_wconf 73' lang='grc' dir='ltr'>δὲ’</span> <span class='ocrx_word' id='word_1_361' title='bbox 168 3096 189 3127; x_wconf 89' lang='grc' dir='ltr'>η</span> <span class='ocrx_word' id='word_1_362' title='bbox 207 3081 401 3133; x_wconf 70' lang='grc' dir='ltr'>Ἀκαδημία</span> <span class='ocrx_word' id='word_1_363' title='bbox 431 3085 588 3136; x_wconf 80' lang='grc' dir='ltr'>σχολειόν</span> <span class='ocrx_word' id='word_1_364' title='bbox 608 3103 640 3123; x_wconf 94' lang='grc' dir='ltr'>τι</span> <span class='ocrx_word' id='word_1_365' title='bbox 671 3089 704 3124; x_wconf 83' lang='grc' dir='ltr'>ἐν</span> <span class='ocrx_word' id='word_1_366' title='bbox 725 3087 903 3133; x_wconf 77' lang='grc' dir='ltr'>Ἀθήναις,</span> <span class='ocrx_word' id='word_1_367' title='bbox 934 3088 1064 3130; x_wconf 80' lang='grc' dir='ltr'>ἐλαίαις</span> <span class='ocrx_word' id='word_1_368' title='bbox 1094 3089 1152 3125; x_wconf 81' lang='grc' dir='ltr'>καὶ</span> 
     </span>
     <span class='ocr_line' id='line_1_56' title="bbox 114 3137 942 3197; baseline 0.008 -22"><span class='ocrx_word' id='word_1_369' title='bbox 114 3137 229 3183; x_wconf 83' lang='grc' dir='ltr'>ἄλλοις</span> <span class='ocrx_word' id='word_1_370' title='bbox 247 3156 316 3178; x_wconf 87' lang='grc' dir='ltr'>τισι</span> <span class='ocrx_word' id='word_1_371' title='bbox 336 3141 485 3193; x_wconf 83' lang='grc' dir='ltr'>δένδρεσι</span> <span class='ocrx_word' id='word_1_372' title='bbox 504 3144 705 3183; x_wconf 81' lang='grc' dir='ltr'>κατάσκιον.</span> <span class='ocrx_word' id='word_1_373' title='bbox 727 3153 814 3182; x_wconf 79' lang='lat' dir='ltr'><strong>sunt.</strong></span> <span class='ocrx_word' id='word_1_374' title='bbox 838 3144 942 3197; x_wconf 68' lang='lat' dir='ltr'>Viet]</span> 
     </span>
     <span class='ocr_line' id='line_1_57' title="bbox 15 3199 1152 3256; baseline 0.007 -23"><span class='ocrx_word' id='word_1_375' title='bbox 15 3243 18 3252; x_wconf 47' lang='grc' dir='ltr'>Ι</span> <span class='ocrx_word' id='word_1_376' title='bbox 168 3210 246 3237; x_wconf 77' lang='grc'>1000.</span> <span class='ocrx_word' id='word_1_377' title='bbox 278 3199 458 3252; x_wconf 86' lang='grc' dir='ltr'>καλάμῳ</span> <span class='ocrx_word' id='word_1_378' title='bbox 447 3215 558 3238; x_wconf 83' lang='grc' dir='ltr'>Λευκι)</span> <span class='ocrx_word' id='word_1_379' title='bbox 582 3203 714 3245; x_wconf 72' lang='grc' dir='ltr'>τΛιτὸς</span> <span class='ocrx_word' id='word_1_380' title='bbox 732 3201 798 3255; x_wconf 84' lang='grc' dir='ltr'>γὰρ</span> <span class='ocrx_word' id='word_1_381' title='bbox 826 3203 885 3240; x_wconf 84' lang='grc' dir='ltr'>καὶ</span> <span class='ocrx_word' id='word_1_382' title='bbox 906 3203 1106 3256; x_wconf 85' lang='grc' dir='ltr'>ἀπερίεργος</span> <span class='ocrx_word' id='word_1_383' title='bbox 1135 3207 1152 3241; x_wconf 83' lang='lat'><strong>6</strong></span> 
     </span>
     <span class='ocr_line' id='line_1_58' title="bbox 16 3257 1152 3314; baseline 0.009 -25"><span class='ocrx_word' id='word_1_384' title='bbox 16 3276 17 3282; x_wconf 42' lang='grc' dir='ltr'>ι</span> <span class='ocrx_word' id='word_1_385' title='bbox 60 3257 96 3282; x_wconf 74' lang='lat'>50</span> <span class='ocrx_word' id='word_1_386' title='bbox 112 3259 260 3299; x_wconf 84' lang='grc' dir='ltr'>τοιοῦτος</span> <span class='ocrx_word' id='word_1_387' title='bbox 280 3257 457 3309; x_wconf 71' lang='grc' dir='ltr'>στέοανος.</span> <span class='ocrx_word' id='word_1_388' title='bbox 476 3262 517 3305; x_wconf 79' lang='grc' dir='ltr'>ἠν</span> <span class='ocrx_word' id='word_1_389' title='bbox 536 3258 570 3296; x_wconf 79' lang='grc' dir='ltr'>δὲ</span> <span class='ocrx_word' id='word_1_390' title='bbox 593 3275 660 3296; x_wconf 89' lang='grc' dir='ltr'>των</span> <span class='ocrx_word' id='word_1_391' title='bbox 678 3260 935 3312; x_wconf 27' lang='grc' dir='ltr'>Διοσκούριμψ</span> <span class='ocrx_word' id='word_1_392' title='bbox 923 3262 1005 3298; x_wconf 77' lang='grc' dir='ltr'>ιδιον</span> <span class='ocrx_word' id='word_1_393' title='bbox 1026 3277 1152 3314; x_wconf 68' lang='grc' dir='ltr'>στερα-</span> 
     </span>
     <span class='ocr_line' id='line_1_59' title="bbox 111 3315 1151 3372; baseline 0.008 -23"><span class='ocrx_word' id='word_1_394' title='bbox 111 3315 249 3350; x_wconf 79' lang='grc' dir='ltr'>νοῦσθαι</span> <span class='ocrx_word' id='word_1_395' title='bbox 267 3316 428 3369; x_wconf 85' lang='grc' dir='ltr'>καλάμω.</span> <span class='ocrx_word' id='word_1_396' title='bbox 447 3345 487 3349; x_wconf 89' lang='grc'><strong>-</strong></span> <span class='ocrx_word' id='word_1_397' title='bbox 507 3316 545 3354; x_wconf 82' lang='grc' dir='ltr'>τὸ</span> <span class='ocrx_word' id='word_1_398' title='bbox 562 3316 597 3354; x_wconf 87' lang='grc' dir='ltr'>δΞ</span> <span class='ocrx_word' id='word_1_399' title='bbox 614 3317 799 3365; x_wconf 83' lang='grc' dir='ltr'>ἡλικιώτου</span> <span class='ocrx_word' id='word_1_400' title='bbox 816 3319 891 3358; x_wconf 78' lang='grc' dir='ltr'>ἀντὶ</span> <span class='ocrx_word' id='word_1_401' title='bbox 909 3323 970 3356; x_wconf 88' lang='grc' dir='ltr'>τοῦ</span> <span class='ocrx_word' id='word_1_402' title='bbox 986 3320 1151 3372; x_wconf 90' lang='grc' dir='ltr'>συμπρά-</span> 
     </span>
     <span class='ocr_line' id='line_1_60' title="bbox 113 3380 304 3423; baseline 0.016 -16"><span class='ocrx_word' id='word_1_403' title='bbox 113 3384 244 3423; x_wconf 87' lang='grc' dir='ltr'>κτορος.</span> <span class='ocrx_word' id='word_1_404' title='bbox 265 3380 304 3410; x_wconf 83' lang='lat' dir='ltr'>V.</span> 
     </span>
    </p>
   </div>
   <div class='ocr_carea' id='block_1_12' title="bbox 2183 212 2252 244">
    <p class='ocr_par' dir='ltr' id='par_1_18' title="bbox 2183 212 2252 244">
     <span class='ocr_line' id='line_1_61' title="bbox 2183 212 2252 244; baseline 0 -1"><span class='ocrx_word' id='word_1_405' title='bbox 2183 212 2252 244; x_wconf 80' lang='lat'>123</span> 
     </span>
    </p>
   </div>
   <div class='ocr_carea' id='block_1_13' title="bbox 1212 285 2313 1564">
    <p class='ocr_par' dir='ltr' id='par_1_19' title="bbox 1212 285 2309 865">
     <span class='ocr_line' id='line_1_62' title="bbox 1269 285 2254 342; baseline -0.003 -13"><span class='ocrx_word' id='word_1_406' title='bbox 1269 305 1346 330; x_wconf 90' lang='lat'><strong>1007.</strong></span> <span class='ocrx_word' id='word_1_407' title='bbox 1376 291 1521 342; x_wconf 89' lang='grc' dir='ltr'>μίλακος</span> <span class='ocrx_word' id='word_1_408' title='bbox 1545 285 1672 333; x_wconf 74' lang='grc' dir='ltr'>;Εἷδος</span> <span class='ocrx_word' id='word_1_409' title='bbox 1689 289 1844 341; x_wconf 79' lang='grc' dir='ltr'>βοτάνης.</span> <span class='ocrx_word' id='word_1_410' title='bbox 1859 288 2045 342; x_wconf 62' lang='grc' dir='ltr'>[παρέμιξε</span> <span class='ocrx_word' id='word_1_411' title='bbox 2072 305 2111 326; x_wconf 91' lang='grc' dir='ltr'>το</span> <span class='ocrx_word' id='word_1_412' title='bbox 2142 291 2254 342; x_wconf 84' lang='grc' dir='ltr'>ἀπρα-</span> 
     </span>
     <span class='ocr_line' id='line_1_63' title="bbox 1212 347 2254 401; baseline -0.001 -15"><span class='ocrx_word' id='word_1_413' title='bbox 1212 349 1400 400; x_wconf 89' lang='grc' dir='ltr'>γμοσύνης.</span> <span class='ocrx_word' id='word_1_414' title='bbox 1428 348 1680 401; x_wconf 77' lang='grc' dir='ltr'>ἀπραγμοσύνη</span> <span class='ocrx_word' id='word_1_415' title='bbox 1701 347 1736 386; x_wconf 80' lang='grc' dir='ltr'>δὲ</span> <span class='ocrx_word' id='word_1_416' title='bbox 1756 349 1872 400; x_wconf 76' lang='grc' dir='ltr'>φυτὸν,</span> <span class='ocrx_word' id='word_1_417' title='bbox 1901 351 1946 391; x_wconf 85' lang='grc' dir='ltr'>ὡς</span> <span class='ocrx_word' id='word_1_418' title='bbox 1971 348 2215 400; x_wconf 65' lang='grc' dir='ltr'>Ἀριστοφάνης</span> <span class='ocrx_word' id='word_1_419' title='bbox 2237 350 2254 385; x_wconf 87' lang='lat'><strong>6</strong></span> 
     </span>
     <span class='ocr_line' id='line_1_64' title="bbox 1212 405 2253 460; baseline -0.002 -15"><span class='ocrx_word' id='word_1_420' title='bbox 1212 407 1470 460; x_wconf 77' lang='grc' dir='ltr'>γραμματικὸς</span> <span class='ocrx_word' id='word_1_421' title='bbox 1483 410 1515 444; x_wconf 78' lang='grc' dir='ltr'>ἐν</span> <span class='ocrx_word' id='word_1_422' title='bbox 1529 406 1723 459; x_wconf 80' lang='grc' dir='ltr'>Ακαδηυ.ία</span> <span class='ocrx_word' id='word_1_423' title='bbox 1741 407 1832 458; x_wconf 70' lang='grc' dir='ltr'>φυόυ.</span> <span class='ocrx_word' id='word_1_424' title='bbox 1836 423 1920 446; x_wconf 90' lang='grc' dir='ltr'>ενον.</span> <span class='ocrx_word' id='word_1_425' title='bbox 1936 410 1957 452; x_wconf 86' lang='grc' dir='ltr'>ἡ</span> <span class='ocrx_word' id='word_1_426' title='bbox 1972 405 2115 453; x_wconf 86' lang='grc' dir='ltr'>λεύκη</span> <span class='ocrx_word' id='word_1_427' title='bbox 2097 420 2132 444; x_wconf 86' lang='grc' dir='ltr'>οε</span> <span class='ocrx_word' id='word_1_428' title='bbox 2149 406 2253 456; x_wconf 82' lang='grc' dir='ltr'>ὁμοία</span> 
     </span>
     <span class='ocr_line' id='line_1_65' title="bbox 1213 459 2253 518; baseline -0.001 -16"><span class='ocrx_word' id='word_1_429' title='bbox 1213 466 1392 518; x_wconf 83' lang='grc' dir='ltr'>πλατάνῳ</span> <span class='ocrx_word' id='word_1_430' title='bbox 1459 464 1624 517; x_wconf 32' lang='lat' dir='ltr'>Quum]</span> <span class='ocrx_word' id='word_1_431' title='bbox 1646 464 1900 516; x_wconf 76' lang='grc' dir='ltr'>ἀπραγμοσύνη</span> <span class='ocrx_word' id='word_1_432' title='bbox 1923 459 2009 508; x_wconf 76' lang='grc' dir='ltr'>εἶδος</span> <span class='ocrx_word' id='word_1_433' title='bbox 2030 465 2160 507; x_wconf 81' lang='grc' dir='ltr'>ἄνθους·</span> <span class='ocrx_word' id='word_1_434' title='bbox 2184 468 2253 502; x_wconf 80' lang='grc' dir='ltr'>οῖον</span> 
     </span>
     <span class='ocr_line' id='line_1_66' title="bbox 1214 523 2289 576; baseline -0.002 -14"><span class='ocrx_word' id='word_1_435' title='bbox 1214 525 1328 571; x_wconf 77' lang='grc' dir='ltr'>πάσης</span> <span class='ocrx_word' id='word_1_436' title='bbox 1353 524 1495 568; x_wconf 83' lang='grc' dir='ltr'>εὐωδίας</span> <span class='ocrx_word' id='word_1_437' title='bbox 1514 525 1599 568; x_wconf 81' lang='grc' dir='ltr'>ὄζων</span> <span class='ocrx_word' id='word_1_438' title='bbox 1620 523 1679 561; x_wconf 78' lang='grc' dir='ltr'>καὶ</span> <span class='ocrx_word' id='word_1_439' title='bbox 1699 524 1899 576; x_wconf 71' lang='grc' dir='ltr'>ἀσραλείας.</span> <span class='ocrx_word' id='word_1_440' title='bbox 1918 524 1939 569; x_wconf 79' lang='grc' dir='ltr'>ἢ</span> <span class='ocrx_word' id='word_1_441' title='bbox 1962 523 2253 574; x_wconf 85' lang='grc' dir='ltr'>ἀπραγυοσύνης,</span> <span class='ocrx_word' id='word_1_442' title='bbox 2273 547 2289 571; x_wconf 83' lang='lat'><strong>5</strong></span> 
     </span>
     <span class='ocr_line' id='line_1_67' title="bbox 1214 580 2252 634; baseline 0 -15"><span class='ocrx_word' id='word_1_443' title='bbox 1214 582 1288 619; x_wconf 81' lang='grc' dir='ltr'>ἀντὶ</span> <span class='ocrx_word' id='word_1_444' title='bbox 1309 586 1367 619; x_wconf 84' lang='grc' dir='ltr'>τοῦ</span> <span class='ocrx_word' id='word_1_445' title='bbox 1387 580 1736 634; x_wconf 76' lang='grc' dir='ltr'>πολυπραγμοσύνης.</span> <span class='ocrx_word' id='word_1_446' title='bbox 1765 581 1803 618; x_wconf 80' lang='grc' dir='ltr'>τὸ</span> <span class='ocrx_word' id='word_1_447' title='bbox 1829 581 1864 618; x_wconf 78' lang='grc' dir='ltr'>δὲ</span> <span class='ocrx_word' id='word_1_448' title='bbox 1883 582 2069 634; x_wconf 77' lang='grc' dir='ltr'>ψιθυρίζει,</span> <span class='ocrx_word' id='word_1_449' title='bbox 2091 581 2165 618; x_wconf 78' lang='grc' dir='ltr'>ἀντὶ</span> <span class='ocrx_word' id='word_1_450' title='bbox 2193 585 2252 619; x_wconf 85' lang='grc' dir='ltr'>τοῦ</span> 
     </span>
     <span class='ocr_line' id='line_1_68' title="bbox 1213 638 2252 691; baseline 0.001 -15"><span class='ocrx_word' id='word_1_451' title='bbox 1213 639 1371 682; x_wconf 83' lang='grc' dir='ltr'>πνέοντος</span> <span class='ocrx_word' id='word_1_452' title='bbox 1388 640 1516 690; x_wconf 81' lang='grc' dir='ltr'>ἀνέμου</span> <span class='ocrx_word' id='word_1_453' title='bbox 1537 641 1696 688; x_wconf 87' lang='grc' dir='ltr'>μαλακοῦ</span> <span class='ocrx_word' id='word_1_454' title='bbox 1716 639 1775 676; x_wconf 82' lang='grc' dir='ltr'>καὶ</span> <span class='ocrx_word' id='word_1_455' title='bbox 1805 639 1920 691; x_wconf 73' lang='grc' dir='ltr'>ἠρέμα</span> <span class='ocrx_word' id='word_1_456' title='bbox 1939 639 1995 676; x_wconf 74' lang='grc' dir='ltr'>διὰ</span> <span class='ocrx_word' id='word_1_457' title='bbox 2027 643 2093 676; x_wconf 83' lang='grc' dir='ltr'>τῶν</span> <span class='ocrx_word' id='word_1_458' title='bbox 2115 638 2252 691; x_wconf 70' lang='grc' dir='ltr'>φύλλων</span> 
     </span>
     <span class='ocr_line' id='line_1_69' title="bbox 1214 696 2254 750; baseline 0.001 -15"><span class='ocrx_word' id='word_1_459' title='bbox 1214 698 1385 741; x_wconf 86' lang='grc' dir='ltr'>εἰσιόντος.</span> <span class='ocrx_word' id='word_1_460' title='bbox 1402 697 1521 750; x_wconf 76' lang='grc' dir='ltr'>ὥσπερ</span> <span class='ocrx_word' id='word_1_461' title='bbox 1540 698 1730 750; x_wconf 89' lang='grc' dir='ltr'>προσλαλεῖ</span> <span class='ocrx_word' id='word_1_462' title='bbox 1744 696 1789 734; x_wconf 78' lang='grc' dir='ltr'>τὰ</span> <span class='ocrx_word' id='word_1_463' title='bbox 1806 697 1946 749; x_wconf 78' lang='grc' dir='ltr'>δένδρα,</span> <span class='ocrx_word' id='word_1_464' title='bbox 1966 696 2052 748; x_wconf 79' lang='grc' dir='ltr'>ὅπερ</span> <span class='ocrx_word' id='word_1_465' title='bbox 2069 698 2254 750; x_wconf 76' lang='grc' dir='ltr'>ψιθυρίζειν</span> 
     </span>
     <span class='ocr_line' id='line_1_70' title="bbox 1213 754 2254 807; baseline -0.001 -15"><span class='ocrx_word' id='word_1_466' title='bbox 1213 755 1363 805; x_wconf 83' lang='grc' dir='ltr'>λέγεται.</span> <span class='ocrx_word' id='word_1_467' title='bbox 1381 755 1440 793; x_wconf 82' lang='grc' dir='ltr'>καὶ</span> <span class='ocrx_word' id='word_1_468' title='bbox 1459 755 1646 806; x_wconf 85' lang='grc' dir='ltr'>Θεόκριτος</span> <span class='ocrx_word' id='word_1_469' title='bbox 1667 755 1716 805; x_wconf 91' lang='grc'>[1,</span> <span class='ocrx_word' id='word_1_470' title='bbox 1737 755 1764 805; x_wconf 87' lang='grc'>1]</span> <span class='ocrx_word' id='word_1_471' title='bbox 1786 773 1800 787; x_wconf 89' lang='lat'>«</span> <span class='ocrx_word' id='word_1_472' title='bbox 1820 754 1884 791; x_wconf 78' lang='grc' dir='ltr'>ἁδύ</span> <span class='ocrx_word' id='word_1_473' title='bbox 1901 771 1935 792; x_wconf 91' lang='grc' dir='ltr'>τι</span> <span class='ocrx_word' id='word_1_474' title='bbox 1957 755 1995 792; x_wconf 87' lang='grc' dir='ltr'>τὸ</span> <span class='ocrx_word' id='word_1_475' title='bbox 2015 754 2219 807; x_wconf 79' lang='grc' dir='ltr'>ψιθύρισμα.</span> <span class='ocrx_word' id='word_1_476' title='bbox 2240 775 2254 789; x_wconf 88' lang='lat'>»</span> 
     </span>
     <span class='ocr_line' id='line_1_71' title="bbox 1214 811 2309 865; baseline -0.002 -15"><span class='ocrx_word' id='word_1_477' title='bbox 1214 835 1257 839; x_wconf 94' lang='lat'>—-</span> <span class='ocrx_word' id='word_1_478' title='bbox 1278 812 1556 865; x_wconf 65' lang='grc' dir='ltr'>φυλλοὸολούσης</span> <span class='ocrx_word' id='word_1_479' title='bbox 1575 826 1584 852; x_wconf 86' lang='lat'>:</span> <span class='ocrx_word' id='word_1_480' title='bbox 1607 812 1663 851; x_wconf 89' lang='grc' dir='ltr'>Τὰ</span> <span class='ocrx_word' id='word_1_481' title='bbox 1684 813 1797 865; x_wconf 77' lang='grc' dir='ltr'>φύλλα</span> <span class='ocrx_word' id='word_1_482' title='bbox 1817 811 2014 864; x_wconf 80' lang='grc' dir='ltr'>ῥιπτούσης.</span> <span class='ocrx_word' id='word_1_483' title='bbox 2043 820 2124 849; x_wconf 76' lang='lat' dir='ltr'>Vicl.</span> <span class='ocrx_word' id='word_1_484' title='bbox 2278 836 2309 859; x_wconf 78' lang='lat'>,0</span> 
     </span>
    </p>

    <p class='ocr_par' dir='ltr' id='par_1_20' title="bbox 1213 870 2310 1273">
     <span class='ocr_line' id='line_1_72' title="bbox 1270 870 2250 924; baseline 0.001 -16"><span class='ocrx_word' id='word_1_485' title='bbox 1270 885 1346 910; x_wconf 83' lang='grc'>1009.</span> <span class='ocrx_word' id='word_1_486' title='bbox 1365 872 1427 924; x_wconf 68' lang='grc' dir='ltr'>[ἢν</span> <span class='ocrx_word' id='word_1_487' title='bbox 1443 876 1552 909; x_wconf 90' lang='grc' dir='ltr'>ταῦτα</span> <span class='ocrx_word' id='word_1_488' title='bbox 1576 875 1678 923; x_wconf 74' lang='grc' dir='ltr'>ποιῇς</span> <span class='ocrx_word' id='word_1_489' title='bbox 1698 886 1706 910; x_wconf 86' lang='lat'>:</span> <span class='ocrx_word' id='word_1_490' title='bbox 1725 870 1890 914; x_wconf 77' lang='grc' dir='ltr'>Ἔκθεσις</span> <span class='ocrx_word' id='word_1_491' title='bbox 1906 875 1966 917; x_wconf 63' lang='grc' dir='ltr'>τῆς</span> <span class='ocrx_word' id='word_1_492' title='bbox 1981 872 2103 917; x_wconf 73' lang='grc' dir='ltr'>διπλῆς</span> <span class='ocrx_word' id='word_1_493' title='bbox 2125 874 2162 909; x_wconf 83' lang='grc' dir='ltr'>ἐκ</span> <span class='ocrx_word' id='word_1_494' title='bbox 2181 871 2250 909; x_wconf 83' lang='grc' dir='ltr'>κώ-</span> 
     </span>
     <span class='ocr_line' id='line_1_73' title="bbox 1213 924 2253 980; baseline 0.001 -15"><span class='ocrx_word' id='word_1_495' title='bbox 1213 930 1282 966; x_wconf 90' lang='grc' dir='ltr'>λων</span> <span class='ocrx_word' id='word_1_496' title='bbox 1308 931 1436 980; x_wconf 79' lang='grc' dir='ltr'>ὁμοίων</span> <span class='ocrx_word' id='word_1_497' title='bbox 1463 932 1724 968; x_wconf 84' lang='grc' dir='ltr'>ἀναπαιστικῶν</span> <span class='ocrx_word' id='word_1_498' title='bbox 1755 929 1955 967; x_wconf 80' lang='grc' dir='ltr'>δεκαπέντε·</span> <span class='ocrx_word' id='word_1_499' title='bbox 1977 924 2024 967; x_wconf 60' lang='grc' dir='ltr'>ὧν</span> <span class='ocrx_word' id='word_1_500' title='bbox 2050 930 2092 967; x_wconf 83' lang='grc' dir='ltr'>τὰ</span> <span class='ocrx_word' id='word_1_501' title='bbox 2114 929 2175 980; x_wconf 79' lang='grc' dir='ltr'>μὲν</span> <span class='ocrx_word' id='word_1_502' title='bbox 2211 930 2253 980; x_wconf 69' lang='lat' dir='ltr'>v(</span> 
     </span>
     <span class='ocr_line' id='line_1_74' title="bbox 1214 987 2255 1040; baseline 0.001 -16"><span class='ocrx_word' id='word_1_503' title='bbox 1214 987 1359 1040; x_wconf 85' lang='grc' dir='ltr'>δίμετρα</span> <span class='ocrx_word' id='word_1_504' title='bbox 1386 990 1627 1035; x_wconf 84' lang='grc' dir='ltr'>ἀκατάληκτα·</span> <span class='ocrx_word' id='word_1_505' title='bbox 1652 988 1690 1026; x_wconf 86' lang='grc' dir='ltr'>τὸ</span> <span class='ocrx_word' id='word_1_506' title='bbox 1716 987 2077 1040; x_wconf 77' lang='grc' dir='ltr'>τεσσαρακαιδέκατον</span> <span class='ocrx_word' id='word_1_507' title='bbox 2104 987 2255 1037; x_wconf 80' lang='grc' dir='ltr'>μονόμε-</span> 
     </span>
     <span class='ocr_line' id='line_1_75' title="bbox 1214 1046 2256 1099; baseline -0.001 -16"><span class='ocrx_word' id='word_1_508' title='bbox 1214 1061 1306 1098; x_wconf 91' lang='grc' dir='ltr'>τρον,</span> <span class='ocrx_word' id='word_1_509' title='bbox 1322 1046 1342 1084; x_wconf 74' lang='grc' dir='ltr'><em>ὃ</em></span> <span class='ocrx_word' id='word_1_510' title='bbox 1361 1047 1618 1099; x_wconf 83' lang='grc' dir='ltr'>παρατέλευτον</span> <span class='ocrx_word' id='word_1_511' title='bbox 1636 1046 1856 1097; x_wconf 85' lang='grc' dir='ltr'>ὀνομάζεται.</span> <span class='ocrx_word' id='word_1_512' title='bbox 1877 1046 1916 1083; x_wconf 76' lang='grc' dir='ltr'>τὸ</span> <span class='ocrx_word' id='word_1_513' title='bbox 1936 1048 2131 1083; x_wconf 83' lang='grc' dir='ltr'>τελευταῖον</span> <span class='ocrx_word' id='word_1_514' title='bbox 2150 1048 2256 1098; x_wconf 63' lang='grc' dir='ltr'>ἑφθη-</span> 
     </span>
     <span class='ocr_line' id='line_1_76' title="bbox 1214 1103 2310 1158; baseline -0.004 -14"><span class='ocrx_word' id='word_1_515' title='bbox 1214 1105 1373 1158; x_wconf 77' lang='grc' dir='ltr'>μιμερὲς,</span> <span class='ocrx_word' id='word_1_516' title='bbox 1394 1105 1587 1143; x_wconf 75' lang='grc' dir='ltr'>ὃκαλεῑται</span> <span class='ocrx_word' id='word_1_517' title='bbox 1612 1104 1860 1157; x_wconf 82' lang='grc' dir='ltr'>παροιμιακὸν,</span> <span class='ocrx_word' id='word_1_518' title='bbox 1888 1106 1934 1146; x_wconf 83' lang='grc' dir='ltr'>ὡς</span> <span class='ocrx_word' id='word_1_519' title='bbox 1960 1103 2106 1155; x_wconf 88' lang='grc' dir='ltr'>εἴρηται.</span> <span class='ocrx_word' id='word_1_520' title='bbox 2131 1104 2187 1140; x_wconf 77' lang='grc' dir='ltr'>ἐπὶ</span> <span class='ocrx_word' id='word_1_521' title='bbox 2206 1106 2256 1156; x_wconf 84' lang='grc' dir='ltr'>τῷ</span> <span class='ocrx_word' id='word_1_522' title='bbox 2280 1126 2310 1149; x_wconf 81' lang='lat'>15</span> 
     </span>
     <span class='ocr_line' id='line_1_77' title="bbox 1213 1160 2257 1215; baseline -0.002 -13"><span class='ocrx_word' id='word_1_523' title='bbox 1213 1165 1302 1202; x_wconf 85' lang='grc' dir='ltr'>τέλει</span> <span class='ocrx_word' id='word_1_524' title='bbox 1320 1163 1378 1202; x_wconf 87' lang='grc' dir='ltr'>δύο</span> <span class='ocrx_word' id='word_1_525' title='bbox 1396 1165 1533 1210; x_wconf 76' lang='grc' dir='ltr'>διπλαῖ,</span> <span class='ocrx_word' id='word_1_526' title='bbox 1554 1167 1576 1209; x_wconf 82' lang='grc' dir='ltr'>ἡ</span> <span class='ocrx_word' id='word_1_527' title='bbox 1596 1162 1656 1214; x_wconf 81' lang='grc' dir='ltr'>μὲν</span> <span class='ocrx_word' id='word_1_528' title='bbox 1681 1166 1716 1200; x_wconf 79' lang='grc' dir='ltr'>ἐν</span> <span class='ocrx_word' id='word_1_529' title='bbox 1745 1164 1837 1215; x_wconf 72' lang='grc' dir='ltr'>ἀρχῇ</span> <span class='ocrx_word' id='word_1_530' title='bbox 1851 1192 1860 1208; x_wconf 92' lang='grc'>,</span> <span class='ocrx_word' id='word_1_531' title='bbox 1881 1164 1902 1207; x_wconf 86' lang='grc' dir='ltr'>ἡ</span> <span class='ocrx_word' id='word_1_532' title='bbox 1927 1161 1962 1199; x_wconf 80' lang='grc' dir='ltr'>δὲ</span> <span class='ocrx_word' id='word_1_533' title='bbox 1990 1160 2081 1200; x_wconf 84' lang='grc' dir='ltr'>κατὰ</span> <span class='ocrx_word' id='word_1_534' title='bbox 2102 1161 2142 1199; x_wconf 78' lang='grc' dir='ltr'>τὸ</span> <span class='ocrx_word' id='word_1_535' title='bbox 2162 1162 2257 1205; x_wconf 84' lang='grc' dir='ltr'>τέλος</span> 
     </span>
     <span class='ocr_line' id='line_1_78' title="bbox 1213 1221 1752 1273; baseline -0.007 -11"><span class='ocrx_word' id='word_1_536' title='bbox 1213 1227 1271 1262; x_wconf 87' lang='grc' dir='ltr'>τοῦ</span> <span class='ocrx_word' id='word_1_537' title='bbox 1292 1222 1425 1269; x_wconf 78' lang='grc' dir='ltr'>κώλου,</span> <span class='ocrx_word' id='word_1_538' title='bbox 1447 1222 1512 1266; x_wconf 84' lang='grc' dir='ltr'>ἔξω</span> <span class='ocrx_word' id='word_1_539' title='bbox 1529 1221 1752 1273; x_wconf 63' lang='grc' dir='ltr'>νενευκυῒαι]</span> 
     </span>
    </p>

    <p class='ocr_par' dir='ltr' id='par_1_21' title="bbox 1268 1275 1614 1332">
     <span class='ocr_line' id='line_1_79' title="bbox 1268 1275 1614 1332; baseline 0 -13"><span class='ocrx_word' id='word_1_540' title='bbox 1268 1296 1348 1321; x_wconf 85' lang='grc'>1010.</span> <span class='ocrx_word' id='word_1_541' title='bbox 1380 1275 1429 1324; x_wconf 73' lang='grc' dir='ltr'>οἷς</span> <span class='ocrx_word' id='word_1_542' title='bbox 1448 1280 1552 1332; x_wconf 85' lang='grc' dir='ltr'>λέγω.</span> <span class='ocrx_word' id='word_1_543' title='bbox 1576 1284 1614 1313; x_wconf 84' lang='lat' dir='ltr'>R-</span> 
     </span>
    </p>

    <p class='ocr_par' dir='ltr' id='par_1_22' title="bbox 1213 1338 2313 1564">
     <span class='ocr_line' id='line_1_80' title="bbox 1269 1338 1701 1391; baseline 0 -13"><span class='ocrx_word' id='word_1_544' title='bbox 1269 1354 1346 1378; x_wconf 81' lang='grc'>1013.</span> <span class='ocrx_word' id='word_1_545' title='bbox 1378 1340 1550 1391; x_wconf 80' lang='grc' dir='ltr'>(γλῶτταν</span> <span class='ocrx_word' id='word_1_546' title='bbox 1570 1338 1672 1390; x_wconf 80' lang='grc' dir='ltr'>βαιὰν</span> <span class='ocrx_word' id='word_1_547' title='bbox 1693 1352 1701 1378; x_wconf 70' lang='grc' dir='ltr'>ζ</span> 
     </span>
     <span class='ocr_line' id='line_1_81' title="bbox 1213 1394 2313 1450; baseline -0.005 -13"><span class='ocrx_word' id='word_1_548' title='bbox 1213 1400 1251 1438; x_wconf 83' lang='grc' dir='ltr'>τὸ</span> <span class='ocrx_word' id='word_1_549' title='bbox 1271 1399 1306 1437; x_wconf 77' lang='grc' dir='ltr'>δὲ</span> <span class='ocrx_word' id='word_1_550' title='bbox 1325 1416 1372 1437; x_wconf 88' lang='grc' dir='ltr'>πυ</span> <span class='ocrx_word' id='word_1_551' title='bbox 1376 1415 1440 1450; x_wconf 91' lang='grc' dir='ltr'>γην</span> <span class='ocrx_word' id='word_1_552' title='bbox 1463 1414 1503 1449; x_wconf 90' lang='grc' dir='ltr'>με</span> <span class='ocrx_word' id='word_1_553' title='bbox 1490 1397 1668 1449; x_wconf 63' lang='grc' dir='ltr'>γάλην,”“</span> <span class='ocrx_word' id='word_1_554' title='bbox 1649 1415 1671 1444; x_wconf 94' lang='grc' dir='ltr'>η</span> <span class='ocrx_word' id='word_1_555' title='bbox 1689 1397 1749 1448; x_wconf 77' lang='grc' dir='ltr'>γε’)</span> <span class='ocrx_word' id='word_1_556' title='bbox 1751 1413 1836 1440; x_wconf 89' lang='grc' dir='ltr'>ωτος</span> <span class='ocrx_word' id='word_1_557' title='bbox 1852 1396 1967 1449; x_wconf 66' lang='grc' dir='ltr'>χάριν,</span> <span class='ocrx_word' id='word_1_558' title='bbox 1986 1395 2006 1441; x_wconf 86' lang='grc' dir='ltr'>ἢ</span> <span class='ocrx_word' id='word_1_559' title='bbox 2026 1394 2081 1432; x_wconf 80' lang='grc' dir='ltr'>διὰ</span> <span class='ocrx_word' id='word_1_560' title='bbox 2098 1411 2160 1441; x_wconf 80' lang='grc' dir='ltr'>την</span> <span class='ocrx_word' id='word_1_561' title='bbox 2178 1410 2259 1447; x_wconf 86' lang='grc' dir='ltr'>τρυ-</span> <span class='ocrx_word' id='word_1_562' title='bbox 2279 1415 2313 1439; x_wconf 78' lang='lat'>20</span> 
     </span>
     <span class='ocr_line' id='line_1_82' title="bbox 1214 1453 2258 1511; baseline -0.006 -16"><span class='ocrx_word' id='word_1_563' title='bbox 1214 1474 1278 1511; x_wconf 71' lang='grc' dir='ltr'>φην</span> <span class='ocrx_word' id='word_1_564' title='bbox 1307 1457 1340 1495; x_wconf 59' lang='grc' dir='ltr'>ἔξ</span> <span class='ocrx_word' id='word_1_565' title='bbox 1327 1474 1393 1502; x_wconf 88' lang='grc' dir='ltr'>εις</span> <span class='ocrx_word' id='word_1_566' title='bbox 1414 1473 1527 1507; x_wconf 88' lang='grc' dir='ltr'>πυγην</span> <span class='ocrx_word' id='word_1_567' title='bbox 1555 1456 1724 1507; x_wconf 85' lang='grc' dir='ltr'>μεγάλην.</span> <span class='ocrx_word' id='word_1_568' title='bbox 1746 1455 1879 1504; x_wconf 84' lang='grc' dir='ltr'>πόσθην</span> <span class='ocrx_word' id='word_1_569' title='bbox 1910 1453 1999 1492; x_wconf 81' lang='grc' dir='ltr'>δὲτὸ</span> <span class='ocrx_word' id='word_1_570' title='bbox 2024 1454 2163 1491; x_wconf 87' lang='grc' dir='ltr'>αιδοῖον.</span> <span class='ocrx_word' id='word_1_571' title='bbox 2185 1454 2258 1503; x_wconf 84' lang='grc' dir='ltr'>[αἷ-</span> 
     </span>
     <span class='ocr_line' id='line_1_83' title="bbox 1213 1510 2261 1564; baseline -0.006 -11"><span class='ocrx_word' id='word_1_572' title='bbox 1213 1517 1364 1554; x_wconf 87' lang='grc' dir='ltr'>νίττεται</span> <span class='ocrx_word' id='word_1_573' title='bbox 1383 1515 1418 1552; x_wconf 82' lang='grc' dir='ltr'>δὲ</span> <span class='ocrx_word' id='word_1_574' title='bbox 1437 1517 1483 1559; x_wconf 79' lang='grc' dir='ltr'>εἷς</span> <span class='ocrx_word' id='word_1_575' title='bbox 1499 1531 1575 1558; x_wconf 82' lang='grc' dir='ltr'>τους</span> <span class='ocrx_word' id='word_1_576' title='bbox 1598 1514 1806 1560; x_wconf 75' lang='grc' dir='ltr'>Ἀθηναίους.</span> <span class='ocrx_word' id='word_1_577' title='bbox 1810 1514 1824 1564; x_wconf 85' lang='grc'>]</span> <span class='ocrx_word' id='word_1_578' title='bbox 1842 1517 1941 1551; x_wconf 85' lang='grc' dir='ltr'>τοῦτο</span> <span class='ocrx_word' id='word_1_579' title='bbox 1975 1511 2010 1549; x_wconf 83' lang='grc' dir='ltr'>δὲ</span> <span class='ocrx_word' id='word_1_580' title='bbox 2038 1510 2261 1564; x_wconf 75' lang='grc' dir='ltr'>σωρροσύνης</span> 
     </span>
    </p>
   </div>
   <div class='ocr_carea' id='block_1_14' title="bbox 1726 1335 2253 1390">
    <p class='ocr_par' dir='ltr' id='par_1_23' title="bbox 1726 1335 2253 1390">
     <span class='ocr_line' id='line_1_84' title="bbox 1726 1335 2253 1390; baseline -0.004 -14"><span class='ocrx_word' id='word_1_581' title='bbox 1726 1336 1878 1390; x_wconf 78' lang='grc' dir='ltr'>Μικρὰν,</span> <span class='ocrx_word' id='word_1_582' title='bbox 1899 1336 1988 1374; x_wconf 80' lang='grc' dir='ltr'>ὥστε</span> <span class='ocrx_word' id='word_1_583' title='bbox 2005 1335 2052 1387; x_wconf 83' lang='grc' dir='ltr'>μὴ</span> <span class='ocrx_word' id='word_1_584' title='bbox 2074 1337 2253 1388; x_wconf 77' lang='grc' dir='ltr'>φλυαρεῖν.</span> 
     </span>
    </p>
   </div>
   <div class='ocr_carea' id='block_1_15' title="bbox 1214 1572 2312 1743">
    <p class='ocr_par' dir='ltr' id='par_1_24' title="bbox 1214 1572 2312 1743">
     <span class='ocr_line' id='line_1_85' title="bbox 1214 1572 1910 1624; baseline -0.007 -11"><span class='ocrx_word' id='word_1_585' title='bbox 1214 1575 1416 1624; x_wconf 64' lang='grc' dir='ltr'>σύμῧολον)</span> <span class='ocrx_word' id='word_1_586' title='bbox 1426 1597 1459 1602; x_wconf 91' lang='grc'>-</span> <span class='ocrx_word' id='word_1_587' title='bbox 1494 1574 1651 1619; x_wconf 80' lang='grc' dir='ltr'>πόσθην.</span> <span class='ocrx_word' id='word_1_588' title='bbox 1672 1572 1821 1618; x_wconf 73' lang='grc' dir='ltr'>ῙΓωλην.</span> <span class='ocrx_word' id='word_1_589' title='bbox 1848 1580 1910 1609; x_wconf 73' lang='lat' dir='ltr'>Bt.</span> 
     </span>
     <span class='ocr_line' id='line_1_86' title="bbox 1268 1626 2258 1684; baseline -0.004 -14"><span class='ocrx_word' id='word_1_590' title='bbox 1268 1647 1346 1671; x_wconf 83' lang='lat'><strong>1016.</strong></span> <span class='ocrx_word' id='word_1_591' title='bbox 1378 1631 1516 1684; x_wconf 66' lang='grc' dir='ltr'>[χροιὰν</span> <span class='ocrx_word' id='word_1_592' title='bbox 1533 1630 1651 1683; x_wconf 61' lang='grc' dir='ltr'>ὠχράν</span> <span class='ocrx_word' id='word_1_593' title='bbox 1675 1644 1683 1668; x_wconf 90' lang='lat'>:</span> <span class='ocrx_word' id='word_1_594' title='bbox 1702 1629 1769 1669; x_wconf 71' lang='grc' dir='ltr'>Διὰ</span> <span class='ocrx_word' id='word_1_595' title='bbox 1786 1629 1848 1676; x_wconf 72' lang='grc' dir='ltr'>τὴν</span> <span class='ocrx_word' id='word_1_596' title='bbox 1868 1627 2044 1680; x_wconf 62' lang='grc' dir='ltr'>ἀταξίαν]</span> <span class='ocrx_word' id='word_1_597' title='bbox 2058 1626 2230 1679; x_wconf 72' lang='grc' dir='ltr'>-ὠχρὰν</span> <span class='ocrx_word' id='word_1_598' title='bbox 2249 1640 2258 1666; x_wconf 87' lang='lat'>:</span> 
     </span>
     <span class='ocr_line' id='line_1_87' title="bbox 1214 1691 2312 1743; baseline -0.009 -14"><span class='ocrx_word' id='word_1_599' title='bbox 1214 1691 1389 1743; x_wconf 85' lang='grc' dir='ltr'>Κίτρινον.</span> <span class='ocrx_word' id='word_1_600' title='bbox 1415 1698 1476 1729; x_wconf 82' lang='lat' dir='ltr'>Br.</span> <span class='ocrx_word' id='word_1_601' title='bbox 2278 1712 2312 1737; x_wconf 81' lang='lat'>25</span> 
     </span>
    </p>
   </div>
   <div class='ocr_carea' id='block_1_16' title="bbox 1211 1742 2315 3428">
    <p class='ocr_par' dir='ltr' id='par_1_25' title="bbox 1213 1742 2262 1858">
     <span class='ocr_line' id='line_1_88' title="bbox 1269 1742 2262 1798; baseline -0.006 -12"><span class='ocrx_word' id='word_1_602' title='bbox 1269 1762 1347 1787; x_wconf 88' lang='lat'><em>1017.</em></span> <span class='ocrx_word' id='word_1_603' title='bbox 1380 1746 1494 1797; x_wconf 85' lang='grc' dir='ltr'>ὤμους</span> <span class='ocrx_word' id='word_1_604' title='bbox 1516 1745 1658 1798; x_wconf 68' lang='grc' dir='ltr'>μικροὺς</span> <span class='ocrx_word' id='word_1_605' title='bbox 1679 1760 1687 1785; x_wconf 88' lang='grc'>;</span> <span class='ocrx_word' id='word_1_606' title='bbox 1715 1745 1910 1798; x_wconf 57' lang='grc' dir='ltr'>[Γράφεται</span> <span class='ocrx_word' id='word_1_607' title='bbox 1936 1744 1995 1782; x_wconf 78' lang='grc' dir='ltr'>καὶ</span> <span class='ocrx_word' id='word_1_608' title='bbox 2019 1742 2182 1790; x_wconf 74' lang='grc' dir='ltr'>λεπτοὺς,</span> <span class='ocrx_word' id='word_1_609' title='bbox 2202 1743 2262 1781; x_wconf 84' lang='grc' dir='ltr'>καὶ</span> 
     </span>
     <span class='ocr_line' id='line_1_89' title="bbox 1213 1800 2021 1858; baseline -0.006 -14"><span class='ocrx_word' id='word_1_610' title='bbox 1213 1805 1385 1858; x_wconf 61' lang='grc' dir='ltr'>λευκούς]</span> <span class='ocrx_word' id='word_1_611' title='bbox 1401 1800 1464 1843; x_wconf 65' lang='grc' dir='ltr'>οἶοι</span> <span class='ocrx_word' id='word_1_612' title='bbox 1483 1807 1551 1842; x_wconf 84' lang='grc' dir='ltr'>τῶν</span> <span class='ocrx_word' id='word_1_613' title='bbox 1569 1804 1800 1854; x_wconf 80' lang='grc' dir='ltr'>ἀγυμνάστων</span> <span class='ocrx_word' id='word_1_614' title='bbox 1821 1804 1878 1841; x_wconf 79' lang='grc' dir='ltr'>καὶ</span> <span class='ocrx_word' id='word_1_615' title='bbox 1894 1805 2021 1855; x_wconf 81' lang='grc' dir='ltr'>ἀργῶν.</span> 
     </span>
    </p>

    <p class='ocr_par' dir='ltr' id='par_1_26' title="bbox 1270 1862 1760 1914">
     <span class='ocr_line' id='line_1_90' title="bbox 1270 1862 1760 1914; baseline -0.004 -12"><span class='ocrx_word' id='word_1_616' title='bbox 1270 1878 1348 1902; x_wconf 86' lang='grc'>1018.</span> <span class='ocrx_word' id='word_1_617' title='bbox 1379 1865 1522 1909; x_wconf 71' lang='grc' dir='ltr'>κωλῆνξ</span> <span class='ocrx_word' id='word_1_618' title='bbox 1546 1862 1679 1914; x_wconf 85' lang='grc' dir='ltr'>Μηρόν.</span> <span class='ocrx_word' id='word_1_619' title='bbox 1703 1870 1760 1900; x_wconf 72' lang='grc' dir='ltr'>ΒΓ.</span> 
     </span>
    </p>

    <p class='ocr_par' dir='ltr' id='par_1_27' title="bbox 1270 1916 2261 1974">
     <span class='ocr_line' id='line_1_91' title="bbox 1270 1916 2261 1974; baseline -0.008 -13"><span class='ocrx_word' id='word_1_620' title='bbox 1270 1937 1346 1961; x_wconf 83' lang='grc'>1019.</span> <span class='ocrx_word' id='word_1_621' title='bbox 1376 1921 1539 1974; x_wconf 71' lang='grc' dir='ltr'>ψήφισμα</span> <span class='ocrx_word' id='word_1_622' title='bbox 1562 1920 1692 1973; x_wconf 85' lang='grc' dir='ltr'>μακρόν</span> <span class='ocrx_word' id='word_1_623' title='bbox 1716 1934 1724 1958; x_wconf 90' lang='lat'>:</span> <span class='ocrx_word' id='word_1_624' title='bbox 1747 1919 1798 1958; x_wconf 82' lang='grc' dir='ltr'>Τὸ</span> <span class='ocrx_word' id='word_1_625' title='bbox 1827 1921 1865 1957; x_wconf 81' lang='grc' dir='ltr'>ἐκ</span> <span class='ocrx_word' id='word_1_626' title='bbox 1883 1916 2092 1966; x_wconf 83' lang='grc' dir='ltr'>πολυλογίας</span> <span class='ocrx_word' id='word_1_627' title='bbox 2120 1916 2261 1966; x_wconf 85' lang='grc' dir='ltr'>συγκεί-</span> 
     </span>
    </p>

    <p class='ocr_par' dir='ltr' id='par_1_28' title="bbox 1213 1974 2315 2092">
     <span class='ocr_line' id='line_1_92' title="bbox 1215 1974 2315 2033; baseline -0.007 -14.817"><span class='ocrx_word' id='word_1_628' title='bbox 1215 1997 1327 2019; x_wconf 77' lang='grc' dir='ltr'>μενον.</span> <span class='ocrx_word' id='word_1_629' title='bbox 1351 1980 1446 2033; x_wconf 69' lang='grc' dir='ltr'>[ἀντὶ</span> <span class='ocrx_word' id='word_1_630' title='bbox 1473 1984 1532 2018; x_wconf 84' lang='grc' dir='ltr'>τοῦ</span> <span class='ocrx_word' id='word_1_631' title='bbox 1565 1979 1707 2031; x_wconf 84' lang='grc' dir='ltr'>μεγάλῳ</span> <span class='ocrx_word' id='word_1_632' title='bbox 1732 1978 1930 2031; x_wconf 57' lang='grc' dir='ltr'>ψηφίσματι</span> <span class='ocrx_word' id='word_1_633' title='bbox 1948 1974 2123 2029; x_wconf 64' lang='grc' dir='ltr'>γράψεις.])</span> <span class='ocrx_word' id='word_1_634' title='bbox 2141 1998 2192 2004; x_wconf 92' lang='grc'>--</span> <span class='ocrx_word' id='word_1_635' title='bbox 2212 1976 2263 2012; x_wconf 85' lang='grc' dir='ltr'>δι-</span> <span class='ocrx_word' id='word_1_636' title='bbox 2281 2002 2315 2027; x_wconf 84' lang='lat'>30</span> 
     </span>
     <span class='ocr_line' id='line_1_93' title="bbox 1213 2039 1495 2092; baseline -0.011 -14"><span class='ocrx_word' id='word_1_637' title='bbox 1213 2039 1411 2092; x_wconf 70' lang='grc' dir='ltr'>κορραρίαν.</span> <span class='ocrx_word' id='word_1_638' title='bbox 1429 2046 1495 2079; x_wconf 84' lang='lat' dir='ltr'>Br.</span> 
     </span>
    </p>

    <p class='ocr_par' dir='ltr' id='par_1_29' title="bbox 1214 2091 2312 2439">
     <span class='ocr_line' id='line_1_94' title="bbox 1272 2091 2260 2147; baseline -0.008 -12"><span class='ocrx_word' id='word_1_639' title='bbox 1272 2112 1350 2136; x_wconf 76' lang='lat'><strong>1022.</strong></span> <span class='ocrx_word' id='word_1_640' title='bbox 1372 2100 1433 2142; x_wconf 87' lang='grc' dir='ltr'>τ·7,ς</span> <span class='ocrx_word' id='word_1_641' title='bbox 1456 2095 1694 2147; x_wconf 64' lang='grc' dir='ltr'>Ἀντιμάγουζ</span> <span class='ocrx_word' id='word_1_642' title='bbox 1714 2097 1826 2137; x_wconf 87' lang='grc' dir='ltr'>Ουτος</span> <span class='ocrx_word' id='word_1_643' title='bbox 1858 2095 1904 2136; x_wconf 82' lang='grc' dir='ltr'>εἷς</span> <span class='ocrx_word' id='word_1_644' title='bbox 1928 2091 2106 2139; x_wconf 69' lang='grc' dir='ltr'>θηλύτητα</span> <span class='ocrx_word' id='word_1_645' title='bbox 2127 2107 2260 2142; x_wconf 72' lang='grc' dir='ltr'>κωμω-</span> 
     </span>
     <span class='ocr_line' id='line_1_95' title="bbox 1216 2149 2261 2206; baseline -0.009 -12"><span class='ocrx_word' id='word_1_646' title='bbox 1216 2158 1324 2194; x_wconf 87' lang='grc' dir='ltr'>δεῖται</span> <span class='ocrx_word' id='word_1_647' title='bbox 1349 2171 1408 2193; x_wconf 83' lang='grc' dir='ltr'>και</span> <span class='ocrx_word' id='word_1_648' title='bbox 1429 2153 1629 2206; x_wconf 71' lang='grc' dir='ltr'>εὐμορφίαν.</span> <span class='ocrx_word' id='word_1_649' title='bbox 1660 2153 1731 2190; x_wconf 82' lang='grc' dir='ltr'>ἔστι</span> <span class='ocrx_word' id='word_1_650' title='bbox 1753 2152 1787 2189; x_wconf 86' lang='grc' dir='ltr'>δε</span> <span class='ocrx_word' id='word_1_651' title='bbox 1814 2167 1873 2189; x_wconf 84' lang='grc' dir='ltr'>και</span> <span class='ocrx_word' id='word_1_652' title='bbox 1897 2150 2008 2203; x_wconf 73' lang='grc' dir='ltr'>ἕτερος</span> <span class='ocrx_word' id='word_1_653' title='bbox 2029 2150 2085 2186; x_wconf 78' lang='grc' dir='ltr'>ἐπι</span> <span class='ocrx_word' id='word_1_654' title='bbox 2111 2149 2261 2202; x_wconf 84' lang='grc' dir='ltr'>πονηρία</span> 
     </span>
     <span class='ocr_line' id='line_1_96' title="bbox 1214 2206 2259 2271; baseline -0.009 -20"><span class='ocrx_word' id='word_1_655' title='bbox 1214 2212 1501 2265; x_wconf 85' lang='grc' dir='ltr'>κωμῳδούμενος.</span> <span class='ocrx_word' id='word_1_656' title='bbox 1520 2212 1538 2263; x_wconf 73' lang='grc'>[[</span> <span class='ocrx_word' id='word_1_657' title='bbox 1556 2211 1668 2271; x_wconf 88' lang='grc' dir='ltr'>τρίτος</span> <span class='ocrx_word' id='word_1_658' title='bbox 1691 2213 1708 2248; x_wconf 87' lang='lat'><strong>6</strong></span> <span class='ocrx_word' id='word_1_659' title='bbox 1726 2209 1898 2251; x_wconf 83' lang='grc' dir='ltr'>Ψακάδος</span> <span class='ocrx_word' id='word_1_660' title='bbox 1915 2207 2111 2258; x_wconf 64' lang='grc' dir='ltr'>ὶεγόμενος·</span> <span class='ocrx_word' id='word_1_661' title='bbox 2132 2206 2259 2259; x_wconf 86' lang='grc' dir='ltr'>τέταρ-</span> 
     </span>
     <span class='ocr_line' id='line_1_97' title="bbox 1215 2264 2312 2323; baseline -0.007 -15"><span class='ocrx_word' id='word_1_662' title='bbox 1215 2286 1269 2313; x_wconf 87' lang='grc' dir='ltr'>τος</span> <span class='ocrx_word' id='word_1_663' title='bbox 1294 2273 1312 2308; x_wconf 84' lang='grc' dir='ltr'><em>ὃ</em></span> <span class='ocrx_word' id='word_1_664' title='bbox 1341 2270 1568 2323; x_wconf 83' lang='grc' dir='ltr'>τραπεζίτης,</span> <span class='ocrx_word' id='word_1_665' title='bbox 1590 2273 1629 2306; x_wconf 90' lang='grc' dir='ltr'>ου</span> <span class='ocrx_word' id='word_1_666' title='bbox 1665 2283 1840 2318; x_wconf 86' lang='grc' dir='ltr'>μεμνηται</span> <span class='ocrx_word' id='word_1_667' title='bbox 1872 2264 2023 2308; x_wconf 83' lang='grc' dir='ltr'>Εὔπολις</span> <span class='ocrx_word' id='word_1_668' title='bbox 2051 2281 2086 2301; x_wconf 94' lang='grc' dir='ltr'>εν</span> <span class='ocrx_word' id='word_1_669' title='bbox 2110 2264 2255 2315; x_wconf 69' lang='grc' dir='ltr'>Δήμοις·</span> <span class='ocrx_word' id='word_1_670' title='bbox 2279 2291 2312 2315; x_wconf 85' lang='lat'>35</span> 
     </span>
     <span class='ocr_line' id='line_1_98' title="bbox 1215 2322 2259 2379; baseline -0.007 -13"><span class='ocrx_word' id='word_1_671' title='bbox 1215 2328 1372 2379; x_wconf 82' lang='grc' dir='ltr'>πέμπτος</span> <span class='ocrx_word' id='word_1_672' title='bbox 1392 2326 1664 2379; x_wconf 74' lang='grc' dir='ltr'>ιστοριογράφος.</span> <span class='ocrx_word' id='word_1_673' title='bbox 1690 2325 1784 2377; x_wconf 71' lang='grc' dir='ltr'>τάχα</span> <span class='ocrx_word' id='word_1_674' title='bbox 1817 2324 1852 2362; x_wconf 79' lang='grc' dir='ltr'>δὲ</span> <span class='ocrx_word' id='word_1_675' title='bbox 1872 2328 1889 2362; x_wconf 89' lang='lat'><strong>6</strong></span> <span class='ocrx_word' id='word_1_676' title='bbox 1911 2322 2012 2366; x_wconf 89' lang='grc' dir='ltr'>αυτός</span> <span class='ocrx_word' id='word_1_677' title='bbox 2041 2325 2113 2360; x_wconf 80' lang='grc' dir='ltr'>ε’στι</span> <span class='ocrx_word' id='word_1_678' title='bbox 2133 2339 2183 2360; x_wconf 89' lang='grc' dir='ltr'>τω</span> <span class='ocrx_word' id='word_1_679' title='bbox 2203 2324 2259 2360; x_wconf 83' lang='grc' dir='ltr'>εὐ-</span> 
     </span>
     <span class='ocr_line' id='line_1_99' title="bbox 1216 2377 1966 2440; baseline -0.008 -15"><span class='ocrx_word' id='word_1_680' title='bbox 1216 2387 1369 2440; x_wconf 61' lang='grc' dir='ltr'>μόρφῳ]</span> <span class='ocrx_word' id='word_1_681' title='bbox 1391 2410 1442 2415; x_wconf 97' lang='grc'>-</span> <span class='ocrx_word' id='word_1_682' title='bbox 1458 2390 1555 2429; x_wconf 86' lang='grc' dir='ltr'>ουτος</span> <span class='ocrx_word' id='word_1_683' title='bbox 1573 2385 1652 2423; x_wconf 89' lang='grc' dir='ltr'>λίαν</span> <span class='ocrx_word' id='word_1_684' title='bbox 1679 2384 1801 2437; x_wconf 85' lang='grc' dir='ltr'>πόρνος</span> <span class='ocrx_word' id='word_1_685' title='bbox 1830 2377 1883 2429; x_wconf 68' lang='grc' dir='ltr'>ἦν.</span> <span class='ocrx_word' id='word_1_686' title='bbox 1905 2390 1966 2420; x_wconf 64' lang='grc' dir='ltr'>ΒΓ.</span> 
     </span>
    </p>

    <p class='ocr_par' dir='ltr' id='par_1_30' title="bbox 1272 2443 1720 2495">
     <span class='ocr_line' id='line_1_100' title="bbox 1272 2443 1720 2495; baseline -0.007 -12"><span class='ocrx_word' id='word_1_687' title='bbox 1272 2459 1352 2483; x_wconf 80' lang='lat'><strong>1023.</strong></span> <span class='ocrx_word' id='word_1_688' title='bbox 1382 2449 1443 2491; x_wconf 79' lang='grc' dir='ltr'>τῆς</span> <span class='ocrx_word' id='word_1_689' title='bbox 1472 2443 1658 2495; x_wconf 86' lang='grc' dir='ltr'>μαλακίας.</span> <span class='ocrx_word' id='word_1_690' title='bbox 1680 2456 1720 2484; x_wconf 90' lang='grc' dir='ltr'>Υ,</span> 
     </span>
    </p>

    <p class='ocr_par' dir='ltr' id='par_1_31' title="bbox 1212 2497 2313 3079">
     <span class='ocr_line' id='line_1_101' title="bbox 1270 2497 2260 2556; baseline -0.007 -14"><span class='ocrx_word' id='word_1_691' title='bbox 1270 2517 1348 2543; x_wconf 72' lang='grc'>1024.</span> <span class='ocrx_word' id='word_1_692' title='bbox 1379 2497 1426 2556; x_wconf 66' lang='grc' dir='ltr'>[ὦ</span> <span class='ocrx_word' id='word_1_693' title='bbox 1444 2502 1680 2554; x_wconf 87' lang='grc' dir='ltr'>καλλίπυργον</span> <span class='ocrx_word' id='word_1_694' title='bbox 1703 2514 1712 2540; x_wconf 87' lang='lat'>:</span> <span class='ocrx_word' id='word_1_695' title='bbox 1731 2499 1859 2552; x_wconf 86' lang='grc' dir='ltr'>Ἑτέρα</span> <span class='ocrx_word' id='word_1_696' title='bbox 1883 2498 2027 2542; x_wconf 85' lang='grc' dir='ltr'>εἴσθεσις</span> <span class='ocrx_word' id='word_1_697' title='bbox 2047 2498 2171 2549; x_wconf 80' lang='grc' dir='ltr'>μέλους</span> <span class='ocrx_word' id='word_1_698' title='bbox 2193 2513 2260 2550; x_wconf 78' lang='grc' dir='ltr'>χο-</span> 
     </span>
     <span class='ocr_line' id='line_1_102' title="bbox 1217 2557 2313 2616; baseline -0.007 -15"><span class='ocrx_word' id='word_1_699' title='bbox 1217 2568 1276 2616; x_wconf 86' lang='grc' dir='ltr'>ροῦ</span> <span class='ocrx_word' id='word_1_700' title='bbox 1314 2562 1492 2615; x_wconf 78' lang='grc' dir='ltr'>μεσωδικὴ</span> <span class='ocrx_word' id='word_1_701' title='bbox 1525 2561 1766 2614; x_wconf 62' lang='grc' dir='ltr'>ἀντίστροφος,</span> <span class='ocrx_word' id='word_1_702' title='bbox 1801 2559 1905 2610; x_wconf 71' lang='grc' dir='ltr'>ὁμοία</span> <span class='ocrx_word' id='word_1_703' title='bbox 1942 2575 1985 2609; x_wconf 83' lang='grc' dir='ltr'>τῃ</span> <span class='ocrx_word' id='word_1_704' title='bbox 2028 2557 2258 2611; x_wconf 83' lang='grc' dir='ltr'>προρρηθείσῃ</span> <span class='ocrx_word' id='word_1_705' title='bbox 2278 2585 2313 2609; x_wconf 75' lang='lat'>40</span> 
     </span>
     <span class='ocr_line' id='line_1_103' title="bbox 1216 2616 2259 2675; baseline -0.008 -15"><span class='ocrx_word' id='word_1_706' title='bbox 1216 2638 1366 2675; x_wconf 62' lang='grc' dir='ltr'>στροφη,</span> <span class='ocrx_word' id='word_1_707' title='bbox 1385 2624 1424 2659; x_wconf 82' lang='grc' dir='ltr'>ἐκ</span> <span class='ocrx_word' id='word_1_708' title='bbox 1445 2620 1567 2659; x_wconf 84' lang='grc' dir='ltr'>κώλων</span> <span class='ocrx_word' id='word_1_709' title='bbox 1583 2636 1714 2673; x_wconf 78' lang='grc' dir='ltr'>χοριαυ</span> <span class='ocrx_word' id='word_1_710' title='bbox 1719 2619 1858 2656; x_wconf 71' lang='lat' dir='ltr'>Gtxt&#39;w&#39;</span> <span class='ocrx_word' id='word_1_711' title='bbox 1844 2633 2010 2667; x_wconf 83' lang='grc' dir='ltr'>επιμεμιγ</span> <span class='ocrx_word' id='word_1_712' title='bbox 2014 2616 2137 2666; x_wconf 82' lang='grc' dir='ltr'>μένων,</span> <span class='ocrx_word' id='word_1_713' title='bbox 2157 2619 2203 2659; x_wconf 85' lang='grc' dir='ltr'>ὡς</span> <span class='ocrx_word' id='word_1_714' title='bbox 2215 2616 2259 2654; x_wconf 82' lang='grc' dir='ltr'>τὰ</span> 
     </span>
     <span class='ocr_line' id='line_1_104' title="bbox 1214 2673 2258 2732; baseline -0.008 -14"><span class='ocrx_word' id='word_1_715' title='bbox 1214 2684 1275 2726; x_wconf 65' lang='grc' dir='ltr'>τῆς</span> <span class='ocrx_word' id='word_1_716' title='bbox 1307 2683 1456 2732; x_wconf 56' lang='lat' dir='ltr'>erpo-‚ffic-</span> <span class='ocrx_word' id='word_1_717' title='bbox 1484 2679 1560 2717; x_wconf 79' lang='grc' dir='ltr'>καθ’</span> <span class='ocrx_word' id='word_1_718' title='bbox 1596 2679 1741 2716; x_wconf 81' lang='grc' dir='ltr'>ἕκαστον</span> <span class='ocrx_word' id='word_1_719' title='bbox 1774 2676 1922 2728; x_wconf 75' lang='grc' dir='ltr'>ἐγόντων</span> <span class='ocrx_word' id='word_1_720' title='bbox 1955 2674 2049 2712; x_wconf 85' lang='grc' dir='ltr'>δέκα·</span> <span class='ocrx_word' id='word_1_721' title='bbox 2078 2673 2168 2720; x_wconf 61' lang='grc' dir='ltr'>πλὴν</span> <span class='ocrx_word' id='word_1_722' title='bbox 2198 2678 2258 2711; x_wconf 83' lang='grc' dir='ltr'>τοῦ</span> 
     </span>
     <span class='ocr_line' id='line_1_105' title="bbox 1215 2731 2251 2789; baseline -0.009 -13"><span class='ocrx_word' id='word_1_723' title='bbox 1215 2738 1377 2789; x_wconf 80' lang='grc' dir='ltr'>πέμπτου</span> <span class='ocrx_word' id='word_1_724' title='bbox 1402 2737 1435 2781; x_wconf 81' lang='grc' dir='ltr'>ἐξ</span> <span class='ocrx_word' id='word_1_725' title='bbox 1456 2736 1629 2789; x_wconf 82' lang='grc' dir='ltr'>ἐπιτρίτου</span> <span class='ocrx_word' id='word_1_726' title='bbox 1652 2737 1710 2774; x_wconf 85' lang='grc' dir='ltr'>καὶ</span> <span class='ocrx_word' id='word_1_727' title='bbox 1736 2734 1897 2784; x_wconf 69' lang='grc' dir='ltr'>διιάμέου</span> <span class='ocrx_word' id='word_1_728' title='bbox 1921 2731 2159 2783; x_wconf 82' lang='grc' dir='ltr'>συγκειμένου,</span> <span class='ocrx_word' id='word_1_729' title='bbox 2191 2732 2251 2769; x_wconf 77' lang='grc' dir='ltr'>καὶ</span> 
     </span>
     <span class='ocr_line' id='line_1_106' title="bbox 1213 2790 2310 2846; baseline -0.009 -12"><span class='ocrx_word' id='word_1_730' title='bbox 1213 2801 1272 2834; x_wconf 87' lang='grc' dir='ltr'>τοῦ</span> <span class='ocrx_word' id='word_1_731' title='bbox 1294 2795 1477 2846; x_wconf 68' lang='grc' dir='ltr'>ἑὸδόμου’</span> <span class='ocrx_word' id='word_1_732' title='bbox 1463 2811 1502 2832; x_wconf 82' lang='grc' dir='ltr'>εκ</span> <span class='ocrx_word' id='word_1_733' title='bbox 1526 2794 1742 2846; x_wconf 37' lang='grc' dir='ltr'>χοριάυἽὸου</span> <span class='ocrx_word' id='word_1_734' title='bbox 1766 2791 1894 2842; x_wconf 65' lang='grc' dir='ltr'>ἷάμὸου</span> <span class='ocrx_word' id='word_1_735' title='bbox 1916 2790 1975 2828; x_wconf 88' lang='grc' dir='ltr'>καὶ</span> <span class='ocrx_word' id='word_1_736' title='bbox 2006 2790 2253 2826; x_wconf 83' lang='grc' dir='ltr'>ἀντισπάστου.</span> <span class='ocrx_word' id='word_1_737' title='bbox 2274 2821 2310 2845; x_wconf 81' lang='lat'>45</span> 
     </span>
     <span class='ocr_line' id='line_1_107' title="bbox 1214 2849 2257 2905; baseline -0.01 -12"><span class='ocrx_word' id='word_1_738' title='bbox 1214 2857 1248 2893; x_wconf 76' lang='grc' dir='ltr'>ἓν</span> <span class='ocrx_word' id='word_1_739' title='bbox 1270 2855 1400 2893; x_wconf 79' lang='grc' dir='ltr'>ἐκθέσει</span> <span class='ocrx_word' id='word_1_740' title='bbox 1418 2854 1453 2892; x_wconf 82' lang='grc' dir='ltr'>δὲ</span> <span class='ocrx_word' id='word_1_741' title='bbox 1472 2854 1584 2905; x_wconf 85' lang='grc' dir='ltr'>στίχοι</span> <span class='ocrx_word' id='word_1_742' title='bbox 1605 2853 1663 2890; x_wconf 86' lang='grc' dir='ltr'>δύο</span> <span class='ocrx_word' id='word_1_743' title='bbox 1682 2851 1839 2902; x_wconf 65' lang='grc' dir='ltr'>ἷαμὸικοὶ</span> <span class='ocrx_word' id='word_1_744' title='bbox 1859 2849 2085 2901; x_wconf 84' lang='grc' dir='ltr'>τετράμετροι</span> <span class='ocrx_word' id='word_1_745' title='bbox 2101 2850 2257 2893; x_wconf 88' lang='grc' dir='ltr'>καταλη-</span> 
     </span>
     <span class='ocr_line' id='line_1_108' title="bbox 1213 2905 2256 2963; baseline -0.009 -12"><span class='ocrx_word' id='word_1_746' title='bbox 1213 2913 1345 2963; x_wconf 83' lang='grc' dir='ltr'>κτικοὶ,</span> <span class='ocrx_word' id='word_1_747' title='bbox 1373 2912 1484 2963; x_wconf 79' lang='grc' dir='ltr'>ὅμοιοι</span> <span class='ocrx_word' id='word_1_748' title='bbox 1505 2913 1573 2954; x_wconf 78' lang='grc' dir='ltr'>τοῖς</span> <span class='ocrx_word' id='word_1_749' title='bbox 1592 2911 1678 2957; x_wconf 72' lang='grc' dir='ltr'>ἑξῆς.</span> <span class='ocrx_word' id='word_1_750' title='bbox 1700 2911 1756 2948; x_wconf 78' lang='grc' dir='ltr'>ἐπὶ</span> <span class='ocrx_word' id='word_1_751' title='bbox 1775 2912 1824 2961; x_wconf 78' lang='grc' dir='ltr'>τῷ</span> <span class='ocrx_word' id='word_1_752' title='bbox 1846 2908 1938 2945; x_wconf 81' lang='grc' dir='ltr'>τέλει</span> <span class='ocrx_word' id='word_1_753' title='bbox 1966 2906 2025 2943; x_wconf 86' lang='grc' dir='ltr'>δύο</span> <span class='ocrx_word' id='word_1_754' title='bbox 2050 2907 2170 2944; x_wconf 89' lang='grc' dir='ltr'>διπλαῖ</span> <span class='ocrx_word' id='word_1_755' title='bbox 2193 2905 2256 2950; x_wconf 83' lang='grc' dir='ltr'>ἔξω</span> 
     </span>
     <span class='ocr_line' id='line_1_109' title="bbox 1213 2964 2256 3021; baseline -0.009 -12"><span class='ocrx_word' id='word_1_756' title='bbox 1213 2977 1422 3016; x_wconf 80' lang='grc' dir='ltr'>νενευκυῖαι,</span> <span class='ocrx_word' id='word_1_757' title='bbox 1440 2974 1461 3016; x_wconf 81' lang='grc' dir='ltr'>ἡ</span> <span class='ocrx_word' id='word_1_758' title='bbox 1481 2969 1542 3019; x_wconf 82' lang='grc' dir='ltr'>μὲν</span> <span class='ocrx_word' id='word_1_759' title='bbox 1559 2986 1593 3006; x_wconf 91' lang='grc' dir='ltr'>εν</span> <span class='ocrx_word' id='word_1_760' title='bbox 1611 2971 1702 3021; x_wconf 71' lang='grc' dir='ltr'>ἀρχῇ</span> <span class='ocrx_word' id='word_1_761' title='bbox 1716 2998 1725 3015; x_wconf 92' lang='grc'>,</span> <span class='ocrx_word' id='word_1_762' title='bbox 1743 2972 1765 3014; x_wconf 86' lang='grc' dir='ltr'>ἡ</span> <span class='ocrx_word' id='word_1_763' title='bbox 1783 2968 1818 3005; x_wconf 76' lang='grc' dir='ltr'>δὲ</span> <span class='ocrx_word' id='word_1_764' title='bbox 1835 2965 1926 3004; x_wconf 72' lang='grc' dir='ltr'>κατὰ</span> <span class='ocrx_word' id='word_1_765' title='bbox 1946 2965 1984 3002; x_wconf 81' lang='grc' dir='ltr'>τὸ</span> <span class='ocrx_word' id='word_1_766' title='bbox 2004 2964 2110 3007; x_wconf 79' lang='grc' dir='ltr'>τέλος.</span> <span class='ocrx_word' id='word_1_767' title='bbox 2126 2964 2144 3016; x_wconf 60' lang='lat'>⁸]</span> <span class='ocrx_word' id='word_1_768' title='bbox 2166 2966 2256 3018; x_wconf 70' lang='grc' dir='ltr'>ὑψη-</span> 
     </span>
     <span class='ocr_line' id='line_1_110' title="bbox 1212 3029 1664 3079; baseline -0.009 -11"><span class='ocrx_word' id='word_1_769' title='bbox 1212 3030 1373 3076; x_wconf 86' lang='grc' dir='ltr'>λοτάτην,</span> <span class='ocrx_word' id='word_1_770' title='bbox 1391 3029 1561 3079; x_wconf 89' lang='grc' dir='ltr'>μεγάλην.</span> <span class='ocrx_word' id='word_1_771' title='bbox 1582 3036 1619 3065; x_wconf 93' lang='lat' dir='ltr'>R.</span> <span class='ocrx_word' id='word_1_772' title='bbox 1623 3036 1664 3064; x_wconf 91' lang='lat' dir='ltr'>V.</span> 
     </span>
    </p>

    <p class='ocr_par' dir='ltr' id='par_1_32' title="bbox 1211 3081 2252 3197">
     <span class='ocr_line' id='line_1_111' title="bbox 1268 3081 2252 3140; baseline -0.007 -15"><span class='ocrx_word' id='word_1_773' title='bbox 1268 3101 1346 3126; x_wconf 86' lang='lat'><strong>1030.</strong></span> <span class='ocrx_word' id='word_1_774' title='bbox 1378 3087 1462 3140; x_wconf 79' lang='grc' dir='ltr'>πρὸς</span> <span class='ocrx_word' id='word_1_775' title='bbox 1492 3090 1602 3123; x_wconf 89' lang='grc' dir='ltr'>ταῦτα</span> <span class='ocrx_word' id='word_1_776' title='bbox 1617 3089 1687 3131; x_wconf 64' lang='grc' dir='ltr'>οὖν,</span> <span class='ocrx_word' id='word_1_777' title='bbox 1717 3101 1744 3122; x_wconf 85' lang='grc' dir='ltr'>ι)</span> <span class='ocrx_word' id='word_1_778' title='bbox 1764 3086 1956 3135; x_wconf 86' lang='grc' dir='ltr'>πανοῦργον</span> <span class='ocrx_word' id='word_1_779' title='bbox 1979 3081 2070 3132; x_wconf 57' lang='grc' dir='ltr'>ἔχων</span> <span class='ocrx_word' id='word_1_780' title='bbox 2107 3084 2252 3131; x_wconf 85' lang='grc' dir='ltr'>μοῦσαν.</span> 
     </span>
     <span class='ocr_line' id='line_1_112' title="bbox 1211 3143 2138 3197; baseline -0.009 -13"><span class='ocrx_word' id='word_1_781' title='bbox 1211 3145 1303 3197; x_wconf 84' lang='grc' dir='ltr'>λέγει</span> <span class='ocrx_word' id='word_1_782' title='bbox 1319 3161 1403 3197; x_wconf 88' lang='grc' dir='ltr'>προς</span> <span class='ocrx_word' id='word_1_783' title='bbox 1417 3145 1474 3182; x_wconf 87' lang='grc' dir='ltr'>τὸν</span> <span class='ocrx_word' id='word_1_784' title='bbox 1490 3144 1617 3181; x_wconf 79' lang='grc' dir='ltr'>ἄδικον.</span> <span class='ocrx_word' id='word_1_785' title='bbox 1636 3152 1675 3181; x_wconf 87' lang='lat' dir='ltr'>V.</span> <span class='ocrx_word' id='word_1_786' title='bbox 1704 3143 1779 3180; x_wconf 83' lang='grc' dir='ltr'>ἀντὶ</span> <span class='ocrx_word' id='word_1_787' title='bbox 1799 3145 1857 3179; x_wconf 86' lang='grc' dir='ltr'>τοῦ</span> <span class='ocrx_word' id='word_1_788' title='bbox 1878 3144 2082 3191; x_wconf 80' lang='grc' dir='ltr'>πανοῦργον.</span> <span class='ocrx_word' id='word_1_789' title='bbox 2100 3148 2138 3177; x_wconf 88' lang='lat' dir='ltr'>R.</span> 
     </span>
    </p>

    <p class='ocr_par' dir='ltr' id='par_1_33' title="bbox 1212 3197 2253 3358">
     <span class='ocr_line' id='line_1_113' title="bbox 1267 3197 2253 3254; baseline -0.007 -12"><span class='ocrx_word' id='word_1_790' title='bbox 1267 3217 1347 3242; x_wconf 84' lang='lat'><strong>1033.</strong></span> <span class='ocrx_word' id='word_1_791' title='bbox 1379 3203 1464 3254; x_wconf 75' lang='grc' dir='ltr'>ἀνήρ</span> <span class='ocrx_word' id='word_1_792' title='bbox 1489 3216 1496 3240; x_wconf 89' lang='lat'>:</span> <span class='ocrx_word' id='word_1_793' title='bbox 1527 3202 1572 3240; x_wconf 76' lang='lat' dir='ltr'>‘O</span> <span class='ocrx_word' id='word_1_794' title='bbox 1603 3201 1731 3243; x_wconf 88' lang='grc' dir='ltr'>δίκαιος</span> <span class='ocrx_word' id='word_1_795' title='bbox 1756 3199 1925 3246; x_wconf 85' lang='grc' dir='ltr'>δηλονότι.</span> <span class='ocrx_word' id='word_1_796' title='bbox 1962 3201 1995 3236; x_wconf 79' lang='grc' dir='ltr'>ἓν</span> <span class='ocrx_word' id='word_1_797' title='bbox 2028 3201 2159 3252; x_wconf 77' lang='grc' dir='ltr'>ἀνδρῶν</span> <span class='ocrx_word' id='word_1_798' title='bbox 2185 3197 2253 3250; x_wconf 81' lang='grc' dir='ltr'>γὰρ</span> 
     </span>
     <span class='ocr_line' id='line_1_114' title="bbox 1212 3253 2250 3314; baseline -0.007 -14"><span class='ocrx_word' id='word_1_799' title='bbox 1212 3262 1370 3314; x_wconf 71' lang='grc' dir='ltr'>σχήματι</span> <span class='ocrx_word' id='word_1_800' title='bbox 1404 3260 1630 3312; x_wconf 72' lang='grc' dir='ltr'>εἰσήχθησαν.</span> <span class='ocrx_word' id='word_1_801' title='bbox 1661 3267 1698 3296; x_wconf 89' lang='lat' dir='ltr'>R.</span> <span class='ocrx_word' id='word_1_802' title='bbox 1718 3267 1756 3296; x_wconf 90' lang='lat' dir='ltr'>V.</span> <span class='ocrx_word' id='word_1_803' title='bbox 1785 3253 1900 3305; x_wconf 66' lang='grc' dir='ltr'>οἶτος,</span> <span class='ocrx_word' id='word_1_804' title='bbox 1926 3257 2030 3306; x_wconf 71' lang='grc' dir='ltr'>ἤγουν</span> <span class='ocrx_word' id='word_1_805' title='bbox 2065 3259 2082 3294; x_wconf 88' lang='lat'><strong>6</strong></span> <span class='ocrx_word' id='word_1_806' title='bbox 2114 3256 2250 3299; x_wconf 86' lang='grc' dir='ltr'>δίκαιος.</span> 
     </span>
     <span class='ocr_line' id='line_1_115' title="bbox 1219 3328 1301 3358; baseline -0.012 0"><span class='ocrx_word' id='word_1_807' title='bbox 1219 3328 1301 3358; x_wconf 69' lang='grc' dir='ltr'>Ποῖ.</span> 
     </span>
    </p>

    <p class='ocr_par' dir='ltr' id='par_1_34' title="bbox 1268 3369 2248 3428">
     <span class='ocr_line' id='line_1_116' title="bbox 1268 3369 2248 3428; baseline -0.011 -12"><span class='ocrx_word' id='word_1_808' title='bbox 1268 3391 1349 3416; x_wconf 77' lang='grc'>1034.</span> <span class='ocrx_word' id='word_1_809' title='bbox 1372 3378 1442 3415; x_wconf 77' lang='grc' dir='ltr'>δεῖν</span> <span class='ocrx_word' id='word_1_810' title='bbox 1464 3391 1471 3416; x_wconf 87' lang='lat'><strong>:</strong></span> <span class='ocrx_word' id='word_1_811' title='bbox 1493 3375 1622 3428; x_wconf 82' lang='grc' dir='ltr'>Χρείαν</span> <span class='ocrx_word' id='word_1_812' title='bbox 1637 3369 1732 3414; x_wconf 66' lang='grc' dir='ltr'>εἶναι.</span> <span class='ocrx_word' id='word_1_813' title='bbox 1747 3383 1828 3413; x_wconf 72' lang='lat' dir='ltr'>Vict.</span> <span class='ocrx_word' id='word_1_814' title='bbox 1848 3373 1923 3411; x_wconf 78' lang='grc' dir='ltr'>ἀντὶ</span> <span class='ocrx_word' id='word_1_815' title='bbox 1936 3376 1995 3410; x_wconf 73' lang='grc' dir='ltr'>τοῦ</span> <span class='ocrx_word' id='word_1_816' title='bbox 2017 3371 2190 3422; x_wconf 83' lang='grc' dir='ltr'>μεγάλων.</span> <span class='ocrx_word' id='word_1_817' title='bbox 2211 3377 2248 3406; x_wconf 79' lang='lat' dir='ltr'>R.</span> 
     </span>
    </p>
   </div>
   <div class='ocr_carea' id='block_1_17' title="bbox 2273 3116 2307 3141">
    <p class='ocr_par' dir='ltr' id='par_1_35' title="bbox 2273 3116 2307 3141">
     <span class='ocr_line' id='line_1_117' title="bbox 2273 3116 2307 3141; baseline 0 0"><span class='ocrx_word' id='word_1_818' title='bbox 2273 3116 2307 3141; x_wconf 86' lang='lat'>50</span> 
     </span>
    </p>
   </div>
  </div>
 </body>
</html>
