2517 3792
1044 203 1309 245 RANARUM.
2151 222 2225 256 523

135 289 298 339 Polyido
319 304 450 328 versus
470 289 572 340 apud
592 290 708 327 schol.
730 290 884 326 Homeri
901 290 939 327 ll.
957 292 987 327 Κ
1000 319 1009 334 ,
1027 291 1074 327 56
1099 292 1151 328 sic

138 349 321 398 scriptus,
355 348 468 398 μάτην
495 346 561 399 γὰρ
593 347 678 399 οἴκῳ
710 347 768 384 σὸν
801 347 872 385 τόδ’
900 347 1022 394 {xenii-r,
1046 348 1151 391 τέλος.

139 408 236 445 Vide
250 407 538 444 Valckenarium
562 407 602 442 iu
624 406 745 442 Diatr.
769 420 803 455 p.
822 419 907 444 202.
933 405 1041 443 Unde
1068 419 1153 442 cor—

140 467 220 503 rexi
252 466 478 515 scripturam
512 464 687 501 codicum
717 466 728 514 (
744 465 856 501 etiam
890 466 981 514 ch.
997 464 1009 514 )
1039 464 1152 514 μάτην

138 522 291 560 εἰκοστὸν
311 523 395 560 τόδ’.
414 527 535 560 ΒιΜ).

191 583 280 628 372,
303 595 361 618 22.
377 581 613 633 Ἀρίσταρχος.
628 581 735 618 Conf.
751 581 868 617 schol.
885 594 921 617 v.
945 580 1033 623 354.
1050 604 1089 610 -
1104 580 1151 614 23

136 637 217 677 ὅλου
236 643 295 678 τοῦ
312 644 355 678 R.
373 639 438 676 ὅλα
458 644 516 677 τοῦ
537 640 623 677 Ald.
648 639 789 676 ἔλαττον
811 643 856 677 V.
875 668 915 673 -
933 640 980 675 25
1006 636 1085 689 περὶ
1106 638 1151 675 Θ.

137 702 185 735 M.
209 697 305 750 παρὰ
334 703 380 736 V.
410 699 496 736 Ald.
521 704 609 737 Post
633 697 735 751 χορόν
754 698 859 735 addit
886 701 930 734 V.
955 695 1153 747 ἔτιὸχορὸς

135 754 175 793 τὸ
192 755 278 793 ἄλλο
292 756 380 806 μετὰ
397 760 456 794 τοῦ
474 760 579 809 χοροῦ
600 760 668 794 τῶν
687 756 763 793 καθ’
780 756 875 807 ᾅδου·
890 763 946 801 et,
963 757 993 792 οἱ
1007 757 1067 791 τοῦ
1087 768 1154 804 χο·-

137 827 194 864 pou
214 813 344 864 μύσται
360 815 530 860 ἀλλήλους
555 811 863 866 παρακελεύονται.
889 816 977 850 Haec
998 825 1071 848 om.
1091 815 1152 853 G..

135 872 201 920 qui
220 886 296 909 om.
316 874 427 910 etiam
450 873 594 909 scholia
617 874 682 918 37
669 894 704 917 4,
723 873 767 917 3,
776 873 810 908 6.
824 895 866 903 -
891 884 938 920 29
957 869 996 907 τὸ
1013 883 1087 906 om.
1106 873 1151 905 V.

191 932 236 976 37
218 938 264 968 8
282 959 291 976 ,
318 933 396 969 23ε
385 930 531 983 υὲὼσεις
546 946 608 975 την
636 929 803 980 σώτειραν
835 935 904 970 τοῖς
927 932 972 965 V.
986 953 1027 960 -
1045 927 1092 964 33
1113 925 1152 963 ἔ-

134 989 388 1027 στιν-θύουσιν
411 1003 485 1026 0111.
509 993 553 1026 G.
572 987 645 1025 ἔστι
663 986 729 1039 γὰρ
748 990 794 1024 V.
811 987 894 1025 Ald.
912 985 975 1032 τὴν
994 987 1028 1023 ἐν
1047 984 1150 1031 Ἀθή-

134 1060 207 1088 ναις
229 1045 369 1093 Ἀθηνᾶν
389 1047 480 1083 dicit
497 1050 548 1082 M.

190 1104 278 1151 384,
311 1110 360 1153 49
381 1102 445 1145 ἕως
471 1107 532 1140 τοῦ
556 1103 611 1154 (τὸ
639 1100 871 1155 ν.)-φρένας
897 1116 973 1139 0111.
997 1103 1041 1139 G.
1066 1099 1151 1137 ἄλλο

134 1158 197 1202 ἕως
228 1164 270 1200 V.
306 1163 497 1212 Significat
529 1162 588 1199 his
617 1161 744 1199 verbis
774 1161 950 1198 librarius
976 1159 1151 1197 scholion

132 1218 326 1268 quoddam
342 1233 424 1257 esse
443 1220 737 1257 describendum
760 1233 880 1269 usque
898 1219 944 1256 ad
964 1217 1082 1255 verba
1100 1216 1150 1259 τίς

132 1275 196 1320 σὰς
220 1277 406 1329 παρήειρεν
428 1278 573 1331 φρένας,
605 1279 672 1328 qui
696 1278 916 1316 Archilochi
939 1290 1072 1314 versus
1093 1285 1150 1313 est

131 1335 234 1385 apud
252 1337 510 1386 Hephaestion.
527 1351 563 1387 p.
587 1351 674 1386 129.
701 1341 820 1374 Dxxn.

187 1395 276 1443 395,
295 1395 315 1431 3
331 1409 424 1446 φαιν.
437 1395 614 1447 ἐπίκαιρον
631 1394 795 1433 Διόνυσον
813 1399 858 1432 R.
872 1398 964 1444 Reg.
981 1409 988 1430 :
1004 1394 1148 1445 (Ωραῖον

131 1451 204 1489 θεὸν
221 1453 313 1503 λέγει
329 1453 387 1490 τὸν
405 1456 462 1500 Δ.,
477 1453 596 1499 ἐπειδὴ
615 1453 705 1491 κατὰ
723 1453 780 1490 τὀν
796 1452 913 1504 καιρὸν
933 1461 970 1490 et
990 1468 1011 1502 (1
1019 1467 1070 1489 uae
1086 1466 1149 1489 se-

131 1519 302 1559 quuntur
317 1511 340 1548 l.
361 1511 399 1558 4,
416 1512 450 1548 5.
467 1536 508 1543 -
524 1513 547 1548 6
562 1512 762 1562 legendum
779 1526 826 1549 ex
841 1516 934 1561 Reg.
953 1513 1007 1548 ὅτε
1022 1509 1148 1548 ὥδευον

129 1567 427 1606 ἀπὸ-Ἐλευσῖνα
437 1599 447 1616 ,
463 1584 525 1621 πρ.

184 1629 260 1677 398
281 1641 356 1666 om.
384 1629 499 1665 etiam
517 1629 564 1667 Θ.
589 1632 660 1672 Μ.,
683 1629 876 1678 iidemque
897 1629 996 1666 infra
1023 1629 1047 1665 l.
1074 1642 1142 1665 21-

131 1686 194 1735 25,
211 1687 279 1724 ubi
295 1688 410 1725 πάντα
423 1688 451 1725 δ’
463 1689 590 1732 εὐπετῆ
599 1690 684 1730 θεοῖς
696 1702 744 1725 ex
756 1688 951 1738 Euripidis
967 1688 1146 1726 Phoeniss.

129 1759 164 1783 v.
185 1759 255 1792 701
277 1747 424 1783 confert
446 1747 680 1784 Dindorfius.

183 1811 272 1851 401,
295 1806 344 1841 28
366 1804 485 1848 ἄστεος
500 1809 562 1852 V.‚
589 1815 626 1841 et
646 1818 738 1842 mox
760 1808 860 1842 R.—
885 1806 932 1841 36
949 1805 1004 1843 ἐπὶ
1017 1807 1083 1856 γὰρ
1104 1809 1145 1842 V.

131 1862 246 1899 altero
263 1864 349 1900 loco
368 1878 376 1900 ε
397 1876 485 1900 nam
505 1863 564 1900 bis
583 1864 656 1901 hoc
676 1864 848 1900 scholion
869 1864 972 1915 (inde
990 1864 1037 1901 ab
1057 1863 1146 1900 ἔοικε

130 1921 182 1970 π.)
202 1921 339 1969 habet,
354 1922 416 1959 hic
432 1930 469 1959 et
484 1922 583 1959 infra
596 1931 683 1972 post
697 1922 871 1959 scholion
884 1936 919 1959 v.
939 1923 1028 1971 439.
1051 1922 1144 1960 Καλ-

129 1979 221 2018 λίνου
239 1983 294 2026 V.‚
315 1994 393 2017 non
408 1983 452 2017 G.
472 1979 629 2018 Καλλίου
647 1979 888 2033 Ἀριστοτέλης
905 1995 1010 2033 φησιν
1028 1983 1072 2017 V.
1091 1981 1146 2016 al-

132 2044 209 2076 tero
227 2039 326 2077 loco.
348 2037 598 2092 Ἀριστοτέλης.
618 2056 633 2071 «
651 2043 695 2077 In
709 2039 936 2077 didascaliis.
952 2058 966 2072 »
983 2042 1142 2076 CASAUB.

126 2097 174 2134 ad
188 2099 361 2135 Athenaei
376 2101 412 2146 6,
432 2112 469 2149 p.
485 2099 575 2144 235,
593 2101 636 2135 Ε.
651 2123 692 2129 -
713 2097 800 2144 37“
779 2114 831 2135 οτι
852 2098 946 2135 δυσιν
961 2101 1007 2135 V.
1024 2098 1144 2134 altero

125 2155 221 2193 loco.
240 2181 282 2187 —
299 2157 347 2193 38
365 2156 447 2199 ἴσως
479 2156 651 2193 additum
672 2170 719 2193 ex
742 2160 788 2193 V.
811 2157 894 2199 ἴσως
913 2155 972 2193 καὶ
991 2155 1069 2208 περὶ
1086 2156 1144 2193 τὸν

124 2216 169 2251 Λ.
188 2215 244 2265 ἀγ.
258 2208 301 2260 ἦν
319 2229 370 2257 τις
389 2219 430 2251 V.
447 2215 566 2251 altero
586 2216 670 2251 loco
689 2229 696 2250 :
714 2214 814 2251 unde
830 2215 1028 2264 vulgatum
1048 2216 1144 2267 παρὰ

124 2274 293 2310 correxit
316 2273 492 2311 Dindorf.
521 2267 563 2318 ἦν
596 2288 646 2315 τις
672 2282 760 2322 post
784 2275 903 2322 ἀγῶνα
925 2273 1036 2324 ponit
1056 2277 1144 2310 G.—

126 2333 176 2380 39
190 2333 308 2382 ἀγῶνα
321 2332 410 2369 add.
427 2336 473 2369 G.
490 2340 528 2368 et
544 2332 664 2368 altero
685 2332 770 2368 loco
790 2332 834 2368 V.
857 2329 1001 2376 εὐστολὴ
1031 2334 1074 2368 V.
1105 2333 1142 2368 οὐ

124 2389 235 2440 σχολὴ
255 2394 302 2428 G.
327 2400 365 2428 et
385 2392 504 2428 altero
528 2391 614 2427 loco
640 2392 684 2426 V.
712 2390 861 2426 Deinde
891 2390 1088 2439 sequentia
1112 2390 1142 2426 6’

123 2448 262 2501 ὕστερον
279 2450 326 2487 ad
342 2450 453 2486 finem
467 2463 543 2487 om.
557 2453 604 2486 V.
628 2449 713 2485 loco
733 2462 876 2498 p1101e,
894 2447 960 2484 ubi
975 2451 1019 2485 G.
1035 2448 1142 2484 addit

123 2506 159 2544 δὲ
168 2506 502 2561 ὕστερον-περιεῖλε
515 2506 696 2553 Κινησιας.
707 2507 764 2544 lb.
777 2506 904 2559 χρόνῳ.
916 2506 959 2543 δι’
968 2510 1006 2543 οὓ
1019 2506 1140 2543 πολλοὶ

122 2580 264 2618 υστερον
276 2566 433 2619 καθάπερ
446 2565 507 2609 τὰς
519 2565 686 2619 χορηγίας
699 2566 850 2618 περιεῖλε
870 2564 1040 2610 Κινησιας
1054 2564 1139 2601 Ald.

121 2626 320 2674 sequentia
343 2626 536 2664 omittens.
571 2640 629 2677 χρ.
648 2625 683 2663 δὲ
709 2623 849 2677 ὕστερον
870 2624 908 2660 οὐ
933 2622 1055 2660 πολλοὶ
1079 2622 1139 2659 καὶ

121 2681 280 2726 καθάπαξ
294 2682 356 2726 τὰς
371 2686 539 2736 χορηγίας
553 2685 704 2736 περιεῖλε
717 2682 875 2727 κινησίας
891 2684 937 2718 G.
959 2682 1044 2718 loco
1059 2682 1136 2731 pri-

122 2753 188 2777 ore
205 2755 215 2779 ε
231 2754 318 2778 nam
334 2743 453 2779 altero
471 2743 660 2779 consentit
674 2755 760 2779 cum
782 2744 915 2784 V..-!,1
940 2741 1004 2791 ἐφῆ
1026 2741 1137 2785 σκηνῆ

122 2797 198 2849 μὲν.
218 2801 443 2850 Requiritur
461 2800 635 2850 μέμνηται
655 2802 713 2838 vel
734 2800 854 2837 simile
881 2799 989 2848 quid.
1016 2802 1135 2837 Dum.

177 2865 251 2906 407
267 2857 429 2903 συνήθεια
446 2853 488 2906 ἦν
511 2859 550 2896 τὸ
573 2860 628 2898 ἐπ.
652 2858 755 2897 ὁπότε
774 2859 973 2908 ὁμολογοῖεν
996 2856 1019 2903 ἢ
1035 2873 1137 2895 συνο-

122 2916 344 2966 μολογοῗεν-
358 2919 410 2953 Μ.
428 2917 640 2954 Referenda
658 2918 738 2954 haec
757 2917 804 2953 ad
820 2930 856 2953 v.
873 2917 962 2962 508,
977 2916 1134 2954 κάλλιστ’

120 2976 263 3013 ἐπαινῶ.
285 2978 406 3012 Dmn.
424 2977 514 3024 Reg.
529 2975 575 3012 ad
592 2976 693 3013 hunc
708 2989 861 3012 versum
878 2991 885 3011 :
911 2973 1042 3026 βαρέως
1058 2979 1136 3012 τοῦ-

119 3049 158 3072 το
186 3033 304 3086 φησίν·
322 3031 437 3070 οὐκέτι
464 3034 603 3082 τολμῶν
627 3034 843 3084 κωμῳδῆσαι
874 3035 920 3076 εἷς
943 3033 1136 3086 τούμφανὲς

119 3091 274 3143 Ἀρχῖνον
292 3090 351 3128 καὶ
366 3089 553 3143 Ἀγύρριον,
569 3090 600 3128 οἳ
613 3091 882 3143 κωμῳδηθέντες
902 3090 978 3133 τοὺς
993 3091 1134 3141 μισθοὺς

118 3149 249 3188 τούτων
265 3148 484 3195 ἠλάττωσαν.

175 3208 263 3254 415,
286 3209 306 3245 3
326 3205 611 3258 παρεμὸαλόντος
633 3208 718 3246 Ald.
739 3217 776 3245 et
797 3211 843 3245 G.
861 3207 1132 3258 παρεμὸαλλόν-

118 3282 174 3310 τος
191 3267 275 3317 [sic]
292 3270 338 3303 V.

173 3326 247 3369 416
269 3338 346 3363 0111.
367 3324 480 3362 etiam
501 3325 546 3363 Θ.
565 3327 618 3360 Μ.
632 3339 731 3373 —7-
737 3339 761 3375 9
786 3324 824 3362 τὸ
845 3323 1026 3376 δὲ-φησιν
1057 3329 1132 3363 Re-

1215 293 1468 332 ἀποσκώπτων.
1486 297 1544 333 Ad
1559 304 1576 339 4
1591 299 1632 334 15
1648 307 1750 335 certe
1770 299 1968 336 reserenda
1979 314 2060 337 esse
2078 302 2226 338 monuit

1215 353 1395 390 Pritzsch.
1420 355 1441 390 Ι.
1461 369 1492 390 ‹;-.
1512 368 1547 404 1).
1570 356 1632 393 8⁹.
1648 381 1688 388 —
1719 371 1762 394 10
1782 357 1896 407 νόμος.
1922 359 2025 395 Ficta
2046 358 2094 395 ab
2116 360 2225 395 scho-

1214 409 1321 446 liasta
1348 413 1419 450 lex.
1451 415 1600 451 Monuit
1624 416 1896 452 Schoeuiannus
1919 420 1974 453 De
2004 417 2167 454 comitiis
2188 431 2224 468 p.

1219 471 1302 508 106.
1317 497 1358 503 —
1377 486 1415 508 11
1440 473 1553 521 5(1.εξ
1575 475 1652 510 ἀλλ.
1674 475 1707 510 ἐν
1738 474 1893 519 Ἀθηναις
1915 475 2133 521 κατοικήσειν
2148 475 2226 513 ἐθέ-

1212 529 1354 573 λΟνταζ,
1382 529 1643 574 Οῑαὸῑῡαζθνῗας
1664 533 1725 568 Οὐκ
1755 533 1867 582 ΟΙί(οἺ
1902 535 2049 571 ἐνταυοα
2077 534 2225 586 χῧόνῦν,

1213 589 1286 622 εἶτα
1310 589 1356 628 εἷς
1388 588 1532 630 πολίτας
1561 589 1814 641 ε’·-γκράωεσθαι,
1839 593 1914 628 13ὁ
1933 591 2027 644 Ἄρχ.
2019 621 2044 638 .,
2077 599 2118 635 14
2150 608 2227 635 τους

1214 639 1431 688 συμπολίτας
1451 643 1545 690 Reg.

1268 699 1354 743 418,
1373 711 1420 734 2ο
1436 701 1511 734 εἰπε
1529 698 1702 750 ὀρατορας
1722 701 1894 737 additum
1919 715 1967 738 ex
1988 704 2033 740 Θ.
2059 701 2228 754 φράτορας

1213 755 1318 792 εἰπεῖν
1339 760 1384 794 V.
1408 755 1641 794 διαὲάλλωσιν
1660 759 1706 796 Θ.
1721 783 1762 789 -—
1781 773 1823 795 21
1855 761 1876 804 ἦ
1903 759 1940 796 δὲ
1959 760 2130 811 παροιμία
2147 774 2224 800 om.

1212 814 1259 852 Θ.
1253 843 1276 860 .,
1297 815 1361 864 qui
1377 815 1439 852 οὒκ
1460 814 1590 866 ἔφερεν.
1606 841 1646 847 -
1664 830 1709 852 22
1730 830 1785 866 sq.
1813 816 2017 862 ὀδόντας-η
2045 818 2177 854 Suidas
2198 833 2226 855 5.

1213 874 1440 925 Φραστῆρας.
1465 872 1606 915 ὀδόντας
1630 889 1671 911 συ
1674 881 1805 924 (γενεῖς
1837 890 1841 917 ι
1866 881 2041 926 συγγενεῖς
2070 889 2144 912 om.
2161 878 2228 923 Θ,

1212 930 1278 966 sed
1298 930 1416 968 habet
1435 939 1476 968 ut
1497 931 1555 981 gl.
1552 931 1561 972 l
1580 935 1685 969 εἶπεν.
1700 935 1721 978 ἡ
1738 933 1848 974 libri.
1853 960 1894 965 —
1916 936 1961 970 23
1981 934 2114 971 παίδων
2130 936 2175 973 R.
2194 944 2231 972 et

1211 989 1360 1026 Suidas.
1382 988 1530 1025 παιδίων
1555 991 1682 1026 ceteii.
1702 991 1834 1027 παίδων
1868 994 1935 1030 τῶν
1970 991 2124 1045 φυόντων
2154 992 2231 1035 τους

1211 1045 1350 1089 ὀδόντας
1367 1049 1428 1092 τ’ἧς
1445 1048 1629 1089 ἑπταετίας
1656 1050 1923 1096 καταλαὸούσης
1942 1055 2036 1101 Reg.
2056 1081 2094 1085 .-
2109 1053 2156 1088 25
2172 1067 2228 1103 χρ.

1210 1111 1292 1148 παῖς
1322 1105 1477 1151 Ἀθήναις
1497 1106 1585 1143 Ald.
1617 1108 1678 1143 οὐκ
1701 1107 1843 1158 ἴσχυσεν
1870 1112 1923 1145 M.
1943 1134 1982 1138 —
2001 1110 2049 1146 26
2072 1104 2169 1152 οὗτος
2195 1110 2230 1148 δὲ

1211 1164 1300 1201 libri
1321 1173 1460 1215 piaeter
1485 1167 1529 1201 R.
1534 1165 1631 1214 ‚qui
1653 1159 1749 1203 οῧτο
1737 1164 1914 1216 ς-χθονός
1942 1168 2088 1204 scholio
2109 1181 2155 1217 1)1
2158 1182 2223 1206 ion

1210 1223 1418 1272 anteponit.
1435 1235 1538 1268 -27
1570 1236 1624 1271 5(1.
1657 1222 1692 1259 δὲ
1713 1223 1785 1260 ἐστὶ
1807 1222 1829 1269 ἢ
1849 1222 1946 1268 ξένης
1975 1228 2020 1261 R.
2044 1223 2080 1261 δέ
2100 1226 2226 1272 ἐστιπὴ

1210 1278 1306 1326 ξένης
1330 1281 1360 1329 (6
1381 1279 1471 1324 ξένος
1492 1282 1551 1331 G.)
1572 1284 1613 1317 V.
1635 1280 1671 1317 δὲ
1690 1281 1711 1326 ἢ
1725 1280 1820 1328 ξένης
1839 1283 1884 1320 Θ.
1908 1281 1944 1318 δέ
1964 1283 2038 1319 ἐστι
2054 1297 2113 1319 και
2135 1283 2221 1321 Ald.

1265 1345 1355 1385 420,
1374 1341 1417 1376 31
1445 1339 1607 1376 alterum
1633 1355 1695 1385 την
1721 1353 1796 1378 om.
1820 1343 1865 1377 V.
1886 1341 1934 1378 Θ.
1966 1343 2016 1377 Μ.
2035 1344 2151 1378 Recte
2170 1345 2230 1378 τοῦ

1210 1397 1267 1433 vel
1285 1399 1353 1434 τῶν
1371 1398 1602 1435 Fritzschius
1617 1398 1640 1438 l,
1663 1412 1693 1435 c.
1716 1412 1754 1448 p.
1777 1400 1932 1448 91.—32
1952 1400 2080 1451 νεκρῶν
2103 1401 2231 1450 potius

1208 1455 1298 1505 legit
1311 1456 1550 1505 Apollonius.
1570 1457 1724 1493 Monuit
1741 1461 1941 1494 Kusterus.
1958 1482 1998 1488 —
2019 1458 2065 1494 33
2085 1458 2165 1495 ἀλλ’
2178 1457 2231 1495 ὅτι

1206 1512 1343 1563 -λέγει
1358 1514 1446 1550 libri
1465 1523 1602 1564 praeter
1618 1517 1714 1551 R.—-
1733 1515 1780 1550 35
1799 1514 2054 1565 κατετρίὸημεν
2077 1516 2122 1553 Θ.
2140 1517 2231 1554 Μ.-

1211 1574 1257 1609 36
1282 1586 1366 1622 5(1(1.
1383 1586 1459 1611 0111.
1483 1573 1595 1609 etiam
1616 1573 1661 1611 Θ.
1676 1597 1717 1604 -
1734 1578 1779 1617 44
1793 1571 1849 1609 ἴνα
1866 1576 1912 1612 G.
1935 1573 2008 1610 ἐπεὶ
2025 1574 2055 1610 οἱ
2075 1588 2128 1616 νες
2147 1574 2230 1625 [sic]

1207 1628 1259 1666 ὅτι
1279 1632 1310 1666 οἱ
1329 1628 1486 1679 λέγοντες
1502 1627 1558 1667 ἵνα
1578 1633 1618 1667 V.

1262 1694 1353 1737 421,
1375 1694 1421 1734 47
1454 1682 1530 1725 εἶπε
1558 1687 1643 1739 παρ’
1665 1687 1848 1733 ὑπόνοιαν,
1877 1685 2007 1730 δεικνὺς
2030 1686 2082 1725 ὅτι
2111 1695 2228 1726 πᾶσαν

1207 1747 1377 1798 πονηρίαν
1405 1746 1603 1798 εἰργάζοντο
1626 1750 1717 1797 Reg.
1736 1771 1775 1777 —
1794 1746 1841 1789 48
1868 1755 1956 1796 post
1980 1747 2091 1784 αὐτῶν
2123 1748 2227 1785 addit

1205 1809 1252 1843 V.
1265 1807 1326 1850 τῆς
1340 1806 1407 1841 τῶν
1421 1804 1611 1849 Ἀθηναίων
1630 1804 1820 1848 πολιτείας.
1843 1804 2033 1856 χαριέντως
2048 1804 2081 1848 ἓξ
2098 1806 2226 1856 (scrib.

1206 1862 1281 1900 ἀντὶ
1301 1866 1380 1914 τοῦ)
1398 1862 1574 1905 πολιτείας
1589 1863 1695 1899 εἰπεῖν
1711 1856 1784 1900 εἶπε
1799 1862 1991 1915 μοχθηρίας
2005 1861 2061 1900 διὰ
2075 1862 2119 1900 τὰ
2136 1864 2228 1902 κακὰ

1205 1923 1338 1969 αὐτῶν,
1363 1935 1447 1972 quae
1465 1935 1541 1958 om.
1566 1925 1610 1958 G.

1258 1981 1334 2018 422
1351 2009 1361 2027 ,
1383 1981 1431 2017 52
1455 1979 1513 2017 τὸν
1539 1979 1698 2017 Καλλίαν
1716 1994 1724 2002 ·
1755 1976 1983 2021 Κλεισθένους
2001 1977 2068 2031 γὰρ
2090 1972 2132 2025 ἦν
2159 1979 2227 2022 υἱός

1206 2041 1263 2076 Μ.
1286 2061 1338 2067 —
1362 2053 1376 2075 1
1395 2037 1461 2089 γὰρ
1482 2051 1557 2075 om.
1577 2042 1622 2074 V.
1644 2041 1753 2087 Reg„
1773 2038 1839 2087 qui
1859 2037 1962 2087 apud
1984 2046 2138 2087 poetam
2161 2039 2226 2076 ha-

1204 2098 1270 2134 bet
1298 2097 1355 2134 τὸν
1377 2096 1604 2139 Κλεισθένους
1630 2111 1716 2133 cum
1743 2097 1791 2144 gl.
1820 2095 1891 2133 υἱόν
1913 2111 1921 2132 :
1942 2095 2014 2134 Τὸν
2036 2096 2225 2143 Κλεισθένη

1203 2171 1349 2202 τουτον,
1369 2149 1397 2192 δ’)
1412 2154 1482 2196 υἱὸς
1497 2171 1537 2200 ην
1558 2154 1674 2205 ὅμοιος
1694 2170 1773 2197 τους
1789 2153 1957 2206 τρόπους,
1975 2154 2113 2237 διασύζρε
2120 2157 2227 2192 ικοῖν-

1203 2216 1347 2252 ταυθα(
1330 2229 1376 2256 ως
1390 2215 1482 2266 φαυλ
1485 2213 1599 2261 όοιον,
1614 2229 1672 2250 και
1692 2212 1731 2249 τὸ
1750 2228 1878 2262 γενειον
1891 2214 1982 2249 λεῖον
1998 2212 2056 2249 καὶ
2072 2212 2225 2264 ξυρωντα

1205 2274 1268 2324 (ex
1286 2286 1383 2309 corr.
1399 2253 1582 2323 Ιξυροῦντα)
1607 2270 1666 2314 τὰς
1685 2271 1806 2323 τρίχας
1829 2271 1887 2308 καί
1909 2269 1964 2307 ἐπὶ
1989 2270 2046 2307 τὸν
2081 2271 2223 2309 Σεὸῖνον

1202 2329 1464 2382 πορνευόμενον.
1484 2329 1536 2366 διὸ
1555 2328 1614 2366 καὶ
1633 2330 1899 2367 δεινοπαθοῦντα
1916 2332 2036 2366 τοῦτον
2056 2328 2149 2379 λέγει
2166 2331 2224 2367 ἐπὶ

1201 2392 1244 2441 τῇ
1262 2390 1403 2440 τελευτῇ
1428 2387 1585 2426 Σεὸίνου.

1257 2449 1346 2493 423,
1364 2448 1385 2483 6
1405 2445 1627 2499 προετίθεσαν
1646 2449 1782 2495 R.-9
1800 2445 1874 2495 ἅμα
1893 2445 1951 2482 καὶ
1969 2446 2014 2484 Θ.
2028 2448 2120 2495 Reg.
2137 2446 2220 2485 :'Ev

1200 2511 1274 2548 ταῖς
1291 2510 1416 2557 ταφαῖς
1436 2504 1513 2549 ἤτοι
1532 2505 1566 2540 ἐν
1585 2506 1634 2556 τῷ
1656 2503 1811 2553 μνήματι
1827 2506 1887 2540 τοῧ
1905 2502 2051 2541 ..εὸίνου
2062 2533 2072 2550 ,
2093 2503 2219 2541 τίλλειν

1197 2564 1255 2602 τὸν
1276 2563 1434 2615 πρωκτὸν
1456 2565 1598 2609 ἑαυτοῦ,
1615 2562 1697 2614 παρ’
1715 2562 1878 2600 ὑπόνοιαν
1897 2561 1974 2598 ἀντὶ
1987 2564 2048 2598 τοῦ
2065 2563 2125 2605 τὰς
2144 2562 2221 2615 τρί-

1198 2639 1264 2675 χας
1283 2626 1344 2668 ’.ἧς
1366 2623 1529 2674 κεφαλῆς.

1253 2682 1344 2728 427,
1371 2696 1383 2717 1
1398 2695 1410 2716 1
1435 2682 1738 2729 ὀνοματοποιεῖται
1759 2682 1802 2716 V.
1822 2680 1868 2716 Θ.
1891 2681 1944 2715 Μ.
1963 2699 2011 2705 --
2032 2691 2077 2714 12
2097 2682 2216 2715 τοῦτον

1196 2745 1314 2780 M.—-—
1334 2742 1376 2776 13
1398 2738 1434 2776 δὲ
1454 2753 1528 2776 om.
1549 2742 1595 2778 R.
1618 2737 1778 2790 ἐμφαίνει
1800 2731 1917 2783 οἶτος,
1937 2742 1980 2779 14
2004 2736 2215 2786 περαινόμε-

1195 2814 1250 2841 νος
1269 2803 1316 2835 V.
1333 2802 1378 2835 Θ.
1397 2796 1502 2848 μόνον
1522 2801 1567 2835 R.
1591 2797 1697 2846 μόνου
1725 2796 1854 2833 ceteri.
1879 2795 1972 2845 αὐτῷ
1992 2807 2066 2830 om.
2093 2795 2139 2831 Θ.
2157 2799 2210 2831 Μ.

1195 2861 1213 2896 ὃ
1228 2871 1305 2895 om.
1330 2857 1444 2893 iidem
1469 2864 1506 2892 et
1525 2860 1557 2890 V
1612 2877 1640 2883 —
1655 2857 1699 2891 15
1717 2849 1814 2896 οὗτος
1831 2852 1889 2890 καὶ
1904 2855 1949 2888 R.
1974 2855 2019 2888 V.
2041 2854 2057 2888 ὁ
2076 2864 2150 2887 om.
2168 2855 2214 2889 V.

1195 2917 1243 2955 Θ.
1265 2919 1382 2953 Μ.--
1410 2916 1453 2950 16
1479 2911 1644 2962 μαλάσειν
1664 2916 1713 2952 P..
1728 2912 1812 2949 Ald.
1828 2933 1880 2942 —
1904 2910 1948 2945 18
1967 2907 2098 2954 πόστης
2114 2912 2209 2959 Reg.

1194 2998 1243 3003 ——
1265 2988 1310 3020 19
1333 2974 1461 3020 ποιητῇ
1488 2984 1564 3007 0111.
1594 2974 1647 3006 Μ.
1666 2993 1714 2998 -
1737 2982 1785 3005 2ο
1803 2966 1953 3008 Ἀττικὸς
1977 2967 2024 3004 Θ.
2041 2965 2214 3018 Ἀνάφλυ-

1193 3047 1271 3075 στος
1291 3031 1532 3069 Fritzschius.
1550 3032 1720 3077 Sequens
1741 3027 1913 3064 scholion
1933 3039 2006 3061 om.
2030 3027 2143 3062 etiam
2157 3030 2210 3064 M.

1248 3097 1336 3139 429,
1359 3102 1406 3125 22
1430 3087 1485 3124 τὸν
1506 3085 1611 3123 ἵππον
1631 3087 1697 3131 εἰς,
1715 3087 1761 3122 23
1779 3082 2211 3134 πολλαχῆ--λαμὸάνεται

1191 3151 1237 3188 Θ.
1266 3146 1471 3199 ἱππόπορνε.
1501 3146 1691 3194 Diogenes
1714 3143 1853 3181 Athen.
1894 3143 1963 3189 13,
1994 3155 2032 3191 1).
2061 3142 2149 3188 565,
2170 3147 2208 3181 C.

1191 3208 1288 3244 Vide
1302 3205 1524 3255 Alciphion.
1550 3218 1580 3248 1,
1598 3203 1645 3239 38
1664 3210 1701 3238 et
1733 3202 1898 3251 Belgler.
1923 3202 1958 3247 3,
1976 3200 2037 3247 33,
2057 3214 2094 3250 p.
2121 3203 2207 3245 346.

1190 3269 1389 3303 DoBRffins.
1415 3269 1529 3306 -24
1555 3264 1572 3298 6
1602 3259 1757 3301 Καλλίας
1789 3263 1968 3310 πανταχοῦ
1997 3260 2042 3300 ὡς
2073 3259 2204 3297 Suidas

1190 3338 1218 3361 5.
1241 3321 1461 3372 Ἱππόπορνε.
1474 3319 1635 3370 κωμῳδεῖ
1650 3317 1770 3355 τούσδε
1789 3316 1974 3359 ὁΚαλλίας
1990 3317 2035 3354 Θ.
2058 3330 2116 3352 και
2131 3329 2204 3356 om.

112 3388 202 3435 gius
222 3383 338 3421 habet
363 3383 410 3420 ad
438 3396 472 3420 v,
490 3392 578 3429 410,
599 3385 656 3419 νῦν
676 3382 719 3429 δὴ
738 3383 907 3420 κατεῖδον.
930 3382 965 3420 δὲ
993 3397 1082 3429 om,
1106 3385 1128 3420 8
1190 3386 1234 3416 V
1243 3380 1335 3430 ‚qui
1356 3380 1488 3423 παθων,
1515 3357 1558 3414 G.
1584 3375 1714 3429 φαγὼν.
1718 3398 1768 3405 -
1791 3372 1877 3413 26
1861 3389 1880 3418 η
1903 3390 1963 3412 του
1992 3372 2205 3419 κτγ-,νοὸάτου
