2533 3808
286 176 359 208 574

335 258 428 301 601,
446 262 492 298 4ο
513 255 634 291 Ταῦτα
661 265 736 287 om.
766 255 812 287 R.
845 249 954 287 ταῦτά
983 265 1084 301 φασιν
1115 251 1197 287 Ald.
1228 249 1281 287 διὰ

283 315 373 358 Τηλ.
396 315 439 350 Θ.
463 329 477 343 «
502 314 599 356 Haec,
617 303 667 346 ³ss
686 307 783 349 πόλις
798 306 957 359 Ἄργους,
975 307 1088 344 κλύεθ’
1108 302 1163 345 οἶα
1180 307 1285 357 λέγει,

282 371 522 419 reperiuntur
539 367 667 404 itidem
688 367 724 402 in
750 366 877 415 Equit.
909 379 944 401 v.
968 366 1042 401 810
1056 394 1065 411 ,
1085 366 1151 402 ubi
1175 367 1287 402 scho-

281 430 403 464 liastes
427 427 601 463 observat
621 433 781 461 sumtam
799 437 876 461 esse
895 432 1039 473 partem
1058 425 1222 474 priorem
1239 439 1286 461 ex

280 485 474 532 Euripidis
494 482 685 532 Telepho,
711 494 757 518 ex
778 482 910 518 Medea
931 482 1178 531 posteriorem
1201 497 1209 518 :
1230 482 1283 518 id-

279 555 351 590 que
374 554 528 589 verum3
561 548 709 576 exstant
737 540 835 576 enim
869 540 907 576 in
932 540 1001 576 hac
1040 539 1214 590 tragoedia
1245 553 1281 576 v.

283 600 366 647 168,
396 598 507 635 κλύεθ’
528 593 583 634 οἶα
616 596 729 647 λέγει,
765 599 957 647 pauloque
989 607 1074 633 ante
1106 598 1285 648 praecedit

277 658 410 702 etiam,
429 652 457 693 ὦ
474 655 582 698 πόλις.
607 657 753 693 Idcirco
774 657 876 705 quod
898 656 957 692 hic
979 656 1109 692 scribit
1127 670 1282 693 cnarra-

276 722 334 750 tor
354 724 503 760 noster,
523 728 673 751 versum
695 715 800 750 illum
820 715 857 750 in
880 714 1082 751 Phoenissis
1111 714 1240 750 haberi
1263 728 1282 750 a

273 773 452 820 Polynice
479 773 792 823 pronunciatum,
823 772 988 821 effugere
1020 786 1095 809 non
1129 781 1282 821 potest,

273 833 364 880 quin
382 833 461 881 ejus
483 833 632 882 culpam
652 833 689 868 in
709 832 897 869 memoriae
914 832 1046 868 malam
1067 832 1178 868 fidem
1200 833 1283 881 reji-

272 891 345 926 ciat
364 904 371 926 :
398 892 570 939 quamvis
591 891 712 927 simile
731 891 926 940 quidpiam
947 891 1085 926 offerre
1110 904 1184 926 uon
1210 903 1280 927 ne—

271 961 352 996 gem
384 962 420 986 V.
447 951 536 994 608,
568 951 641 992 614
660 977 669 993 ‚
697 950 826 985 616.»
862 952 1007 985 HEMST.
1033 970 1075 975 --
1098 955 1138 991 41
1163 962 1215 997 sq.
1244 950 1282 985 ἐκ

272 1005 681 1056 (1)οινισσῶν-λέγοντος
698 1014 734 1042 et
753 1008 799 1049 43
820 1019 873 1056 sq.
897 1005 1280 1061 διαὸάλλει-πένητας

269 1076 344 1099 om.
366 1065 412 1100 Θ.

322 1122 396 1157 602
411 1150 420 1167 ,
445 1122 491 1165 48
513 1120 756 1167 συνδιαιτητὴν
777 1125 820 1158 V.
843 1122 891 1159 Θ.
917 1130 953 1158 et
982 1122 1117 1159 Suidas
1134 1136 1160 1157 s.
1181 1121 1279 1158 Ξύσ-

269 1192 360 1221 σιτος
389 1187 425 1215 et
449 1177 627 1221 Σύσσιτος.
660 1178 839 1224 διαιτητὴν
873 1182 919 1216 R.
951 1180 1036 1216 Ald.
1070 1181 1208 1232 ζωγρῶν
1236 1184 1277 1217 V.

269 1249 339 1285 pro
359 1236 544 1288 ζωγράφος.
563 1261 603 1266 -
623 1243 671 1285 49
691 1236 737 1274 ὤν
757 1251 829 1274 om.
847 1240 890 1274 G.
908 1261 947 1266 —
962 1237 1005 1273 51
1028 1251 1082 1288 sq.
1103 1240 1207 1291 ζωγρ.
1230 1238 1277 1275 ὢν

268 1302 304 1329 et
321 1293 376 1330 τὸν
398 1294 455 1330 σόν
481 1308 556 1330 0111.
583 1298 704 1331 Dorv.

321 1352 390 1394 604
413 1352 581 1388 scholion
601 1355 647 1388 V.
671 1352 861 1402 reperitur
881 1352 918 1388 in
935 1352 1089 1390 scholiis
1109 1353 1155 1389 ad
1174 1352 1276 1389 Nub.

271 1410 353 1444 13⁹.
370 1433 410 1438 -
431 1423 449 1454 7
471 1410 703 1457 [Ιαγασιτικὸν
724 1410 855 1446 codex.

319 1468 407 1511 605,
435 1467 477 1502 15
499 1468 571 1503 Ποῦ
593 1481 666 1504 om.
690 1469 734 1505 Θ.

317 1525 405 1569 606,
431 1524 473 1559 18
489 1537 542 1573 sq.
566 1523 794 1574 ὂν-λέγουσι
813 1538 886 1561 om.
903 1526 1014 1562 etiam
1032 1527 1077 1564 Θ.
1091 1549 1132 1557 --
1151 1539 1195 1574 ¹9
1211 1540 1276 1562 κυ-

264 1582 359 1632 φῶνα
380 1581 488 1630 ὄνομα
510 1580 624 1633 κύριον
643 1586 688 1620 R.
710 1583 849 1619 omisso
873 1598 969 1634 φασι.
993 1608 1033 1613 -
1057 1597 1105 1619 2ο
1123 1585 1277 1619 οἱ-κα-

263 1638 424 1688 λούμενον
444 1654 517 1676 0111.
533 1642 645 1677 etiam
673 1643 771 1678 Θ.-
795 1655 842 1677 22
869 1644 1010 1693 κυφῶνα
1041 1651 1141 1678 recte
1162 1645 1273 1691 Reg,

264 1698 312 1732 23
329 1697 515 1748 γράφουσιν
530 1699 641 1735 idem.
660 1700 690 1735 οἳ
707 1698 1007 1748 δὲ-καλούμενον
1022 1700 1137 1736 habet
1157 1704 1274 1739 Dorv.

263 1779 301 1785 -
321 1756 366 1792 25
389 1756 439 1792 Τὸ
458 1755 492 1793 ’δὲ
506 1757 543 1792 οὐ
564 1756 720 1806 μέλλειν,
742 1757 819 1793 ἀλλ’
837 1759 872 1794 οὔ
892 1757 959 1809 χρή
980 1762 1026 1793 V.

316 1815 404 1859 607,
422 1816 468 1850 28
488 1814 577 1851 Ἀντὶ
595 1819 654 1851 τοῦ
672 1814 782 1851 ἀνύειν
797 1830 804 1838 ·
820 1817 936 1852 πλεον.
955 1820 1001 1852 V.
1022 1814 1086 1866 γὰρ
1107 1821 1150 1853 R.
1173 1816 1206 1854 δὲ
1228 1823 1273 1856 V.

262 1872 309 1909 Θ.
327 1897 366 1901 —-
382 1886 430 1920 29
450 1886 503 1921 sq.
525 1872 583 1909 καὶ
605 1872 694 1909 ἀνύω
708 1877 850 1910 Hcmst.
869 1872 960 1910 ἀνύω
976 1874 1034 1910 καὶ
1052 1878 1144 1924 ch.
1164 1879 1271 1913 Junt.

264 1950 310 1956 —-
335 1929 380 1964 32
406 1928 581 1978 συντόμως
601 1931 716 1966 Paris.

315 1986 400 2031 608,
424 1988 467 2029 34
489 1985 524 2022 δέ
545 2000 619 2024 om.
636 1988 680 2025 Θ.

314 2047 401 2090 610,
426 2046 471 2080 38
487 2060 524 2081 σε
539 2046 707 2082 additum
727 2060 771 2082 ex
790 2051 894 2083 V.-.
914 2049 961 2096 39
982 2047 1049 2084 ἔθει
1066 2051 1110 2084 R.

313 2107 406 2149 612,
430 2105 475 2147 43
497 2104 535 2141 τὸ
555 2105 726 2142 additum
753 2120 797 2142 ex
819 2110 864 2143 R.
880 2135 919 2139 -
936 2113 981 2151 44
1007 2107 1117 2144 λείπει
1146 2112 1185 2144 V.
1207 2108 1268 2145 λε’-

260 2176 329 2211 γειν
345 2166 390 2198 R.
405 2163 449 2200 Θ.
466 2162 551 2198 Ald.
568 2163 643 2198 ἀλλ’
664 2172 700 2199 et
723 2164 769 2206 45
788 2163 826 2201 τὸ
842 2167 964 2214 σχῆμα
982 2179 1056 2201 om.
1076 2167 1121 2203 Θ.

314 2221 403 2265 616,
427 2222 472 2256 53
495 2220 569 2257 ἀντὶ
584 2224 642 2257 τοῦ
666 2221 809 2273 ἀνθηρὸς
830 2226 874 2258 R.
892 2222 1035 2274 λιπαρὸς
1056 2223 1196 2274 ἀνθηρὸς
1217 2226 1264 2262 Θ.

260 2277 327 2315 ἀπὸ
349 2283 407 2315 τοῦ
428 2279 542 2316 ἐλαίου
570 2279 714 2332 λιπαρὸν
738 2280 880 2332 ἀνθηρὸν
902 2285 945 2318 V.
960 2307 1001 2312 —
1026 2283 1071 2325 54
1094 2285 1110 2319 ὁ
1137 2283 1270 2332 ληλιμ-

261 2335 358 2386 μένος
376 2341 421 2374 R.
444 2363 494 2368 --
514 2343 533 2381 4
553 2339 814 2387 ἐπιπωματικοῦ
842 2343 1040 2376 Kusterus.
1060 2341 1269 2389 ἐπιπτωμα-

259 2398 355 2430 τικοῦ
375 2399 477 2430 Junt.
498 2399 563 2431 Est
583 2404 707 2432 autem
727 2395 839 2434 ἔλαιον
861 2397 1121 2446 ἐπιπωματικὸν
1137 2427 1145 2443 ,
1179 2400 1269 2448 quia

259 2452 334 2487 vim
357 2452 470 2487 habet
490 2454 592 2488 velut
609 2455 804 2502 operiendi
825 2463 937 2503 atque
963 2456 1185 2492 occludendi
1212 2465 1267 2493 te-

259 2521 351 2545 nues
370 2511 542 2558 corporis
563 2519 718 2556 meatus,
734 2524 780 2547 ne
798 2513 856 2548 vel
881 2513 1055 2549 sudorem
1079 2514 1267 2551 internos-

260 2579 334 2614 que
358 2567 466 2601 simul
489 2567 644 2615 spiritus
664 2567 767 2615 justo
786 2569 894 2604 citius
916 2570 1190 2615 transmittant,
1208 2573 1266 2607 vel

260 2635 383 2660 aerem
403 2636 444 2658 ac
463 2623 577 2672 frigus
598 2624 831 2660 extrinsecus
860 2625 1032 2661 hauriant
1057 2640 1064 2661 z
1086 2640 1197 2674 quam
1218 2628 1268 2664 ob

261 2694 337 2717 rem
363 2681 484 2717 oleum
506 2694 527 2717 a
547 2681 771 2717 Dioscoride
800 2681 940 2718 dicitur
967 2697 975 2717 1
1001 2711 1009 2727 ,
1038 2684 1107 2725 30,
1137 2684 1266 2720 δυσπε-

261 2737 420 2789 ρίψυκτον
440 2737 622 2790 φυλάσσειν
643 2737 680 2774 τὸ
698 2741 814 2786 σῶμα.
838 2742 892 2775 De
913 2749 1072 2788 utraque
1088 2741 1157 2776 olei
1180 2741 1267 2778 dote

260 2797 375 2832 multa
396 2796 563 2845 disputat
582 2796 732 2832 Lucian.
753 2797 790 2832 in
815 2798 1031 2833 Auacharsi.
1050 2801 1194 2836 Hmsr.
1212 2799 1267 2836 ἵνα

260 2853 377 2899 ἐπειδὴ
403 2856 433 2890 οἱ
454 2858 512 2891 τοῦ
530 2854 689 2903 σώματος
707 2853 807 2905 πόροι
826 2855 945 2901 ἄδηλοι
965 2859 1007 2906 τῇ
1031 2856 1138 2907 θέρμγθΙ
1155 2857 1267 2902 ἠνεώ-

259 2914 392 2961 γ’θησαν
411 2942 419 2957 ,
447 2911 512 2948 ὑπὸ
534 2915 593 2948 τοῦ
619 2913 733 2948 ἐλαίου
765 2913 1015 2964 (ἐμφραγέντες
1036 2914 1140 2951 addit
1162 2915 1267 2965 Reg.)

259 2970 458 3005 κλεισθῶσιν
483 2970 552 3017 (κλ.
576 2971 857 3019 ἓπιπτι»)ματικοῧ
877 2970 971 3013 ὄντος
999 2973 1107 3021 Reg.)
1139 2971 1196 3009 καὶ
1218 2973 1266 3023 μὴ

261 3024 421 3069 δέξωνται
442 3027 524 3077 ἀέρα
544 3026 663 3069 ἔξωθεν
684 3031 801 3064 Dorv.
826 3032 918 3078 ch.

315 3085 403 3131 619,
426 3098 436 3118 1
449 3085 469 3119 8
489 3084 685 3135 ἐπιτρίφθαι
702 3087 831 3132 Paris„
851 3088 916 3136 qui
943 3101 987 3135 19
1003 3101 1056 3137 sq.
1075 3088 1267 3139 ἐπείπερ-

261 3142 495 3192 καταπαρδεῖν
514 3154 587 3177 om.
606 3146 652 3178 R.
675 3153 760 3180 ante
777 3147 797 3189 ἡ
817 3144 893 3188 ἀξία
911 3145 1023 3182 habet
1043 3144 1158 3198 ὥσπερ
1174 3146 1266 3196 ἔλεγε

263 3198 557 3249 εκαταπαρδεὶν.
576 3221 623 3226 —-
640 3213 687 3236 22
705 3201 776 3238 Τὸν
796 3216 870 3239 om.
890 3204 1007 3242 Paris.

315 3256 384 3290 621
400 3282 409 3299 ,
451 3256 499 3291 26
537 3256 696 3293 διευθετεῖ
737 3262 827 3309 ch.
859 3260 1051 3297 Edebatur
1089 3261 1136 3296 δι.
1160 3264 1261 3298 θετεῖ.

261 3328 275 3344 α
295 3316 387 3358 Quae
407 3313 452 3349 de
469 3313 573 3350 varia
593 3314 698 3351 verbi
719 3315 810 3365 ἄγειν
835 3316 1108 3366 significatione
1137 3325 1263 3354 notata

1030 165 1327 204 ADNOTATIO
1357 166 1411 203 ΙΝ
1441 167 1615 207 SCHOL.

1349 255 1467 298 vides,
1485 270 1532 293 ex
1551 259 1825 297 recentioribus
1846 261 2099 310 grammaticis
2112 290 2121 307 ‚
2146 261 2353 310 praesertim

1346 314 1614 364 Moschopulo,
1644 327 1821 366 congesta
1846 321 1934 356 satis
1966 321 2087 356 alieno
2114 319 2198 355 loco
2227 318 2353 355 incul—

1346 380 1492 409 cantur.
1514 374 1626 423 Apud
1647 376 1844 422 Synesium
1865 381 1934 426 Ep.
1951 384 1970 421 4
1983 407 1992 424 ,
2011 391 2047 427 p.
2074 379 2139 413 161
2158 405 2168 422 ,
2185 380 2238 421 D,
2260 376 2353 426 ἄγειν

1345 437 1400 465 est
1414 430 1610 477 celebrare,
1624 432 1832 476 observare,
1849 442 1891 470 ut
1908 435 1945 470 in
1966 435 2058 484 ἄγειν
2073 434 2207 484 ἑορτήν.
2223 434 2354 471 Paullo

1345 496 1430 536 post
1450 490 1627 537 Synesius
1646 504 1653 525 :
1673 490 1812 539 ἄγουσιν
1831 491 2012 541 ἀπραξίαν.
2032 510 2046 525 »
2073 496 2219 530 HEMST.
2243 492 2350 528 Conf.

1345 545 1464 582 schol.
1498 561 1533 583 v.
1562 547 1647 584 285.
1665 571 1717 578 --
1739 549 1785 584 33
1817 548 1948 594 δηλαδή
1969 563 2042 586 0111.
2071 551 2116 588 Θ.
2136 572 2187 576 -
2206 551 2252 586 36
2278 550 2296 585 ὁ
2320 548 2355 586 δὲ

1344 603 1437 645 ἐκτὸς
1456 606 1489 641 ἐν
1510 608 1599 654 Reg.
1629 622 1643 637 «
1666 609 1756 642 Puto
1778 606 1980 655 significari
2011 608 2192 656 templum
2216 611 2351 644 AEscu-

1343 661 1433 711 lapii
1451 663 1489 698 in
1501 666 1655 700 Piraeeo.
1672 664 1784 700 Cario
1799 664 1897 700 enim
1914 677 1949 700 v.
1967 664 2041 699 656
2059 673 2187 700 narrat
2203 666 2353 701 Plutum

1344 732 1362 754 a
1382 733 1421 756 se
1442 729 1478 757 et
1505 721 1619 768 hero,
1647 723 1756 758 simul
1787 722 1834 758 ad
1867 723 2051 771 templum
2072 731 2327 771 pervenerunt
2343 751 2352 768 ‚

1344 777 1457 815 fuisse
1477 780 1522 816 ad
1545 793 1647 816 mare
1670 780 1826 816 ductum
1857 788 1899 816 ut
1928 780 2118 817 lavaretur
2138 794 2145 816 :
2168 793 2190 816 a
2212 781 2353 830 templo

1343 836 1490 873 urbano
1506 839 1656 887 longior
1671 839 1800 874 fuisset
1818 838 1889 876 via.
1905 855 1919 870 »
1956 841 2181 874 Bomsomn.
2202 839 2240 874 in
2250 839 2355 875 Wol-

1343 894 1378 930 fii
1394 897 1584 932 Analectis
1606 897 1639 942 3,
1660 910 1696 946 p.
1720 898 1779 932 82.
1800 895 1840 933 τὸ
1857 894 2013 945 μὲν-τὸ
2035 894 2070 932 δὲ
2082 898 2125 932 V.
2141 893 2162 940 ἢ
2178 896 2212 931 ἐν
2228 895 2354 946 Ἀχαρ-

1341 955 1433 988 νεῦσι
1453 958 1513 1000 G.‚
1537 954 1685 990 omissis
1703 953 1746 994 ὥς
1766 969 1862 1006 φασι.

1396 1012 1483 1056 623,
1507 1018 1553 1054 42
1577 1011 1694 1047 verba
1715 1013 1781 1048 τῶν
1804 1010 2001 1061 ἀναγκαίων
2030 1012 2070 1047 111
2100 1014 2146 1047 V.
2174 1010 2354 1059 praecedit

1340 1069 1407 1104 τῶν
1422 1068 1598 1120 προέργων
1618 1100 1626 1116 ,
1649 1079 1871 1119 corruptum
1892 1083 1912 1106 e
1932 1071 2105 1106 lemmate
2133 1070 2201 1104 τῶν
2221 1067 2354 1121 προῦρ-

1339 1141 1413 1175 γου.
1431 1130 1498 1164 τῶν
1514 1128 1710 1177 ἀναγκαίων
1725 1142 1799 1164 om.
1817 1132 1876 1172 R„
1893 1129 1959 1176 qui
1974 1136 2060 1164 ante
2074 1129 2142 1164 τῶν
2158 1125 2352 1163 σπουδαίων

1340 1183 1456 1220 habet
1476 1185 1635 1236 ἀορίστου
1657 1184 1772 1237 ἑτέρου
1792 1185 1944 1235 μετοχή,
1965 1199 2049 1235 quae
2074 1185 2121 1222 ad
2141 1181 2247 1222 ἐλθών
2265 1192 2353 1221 511111

1339 1242 1544 1279 referenda.
1564 1244 1684 1281 Dim).

1393 1301 1485 1343 625,
1509 1301 1554 1336 53
1576 1300 1635 1337 καὶ
1656 1300 1729 1343 ἔθος
1749 1299 1840 1336 ἐστὶν
1860 1302 1905 1342 ὡς
1926 1300 2001 1337 ἀντὶ
2021 1302 2069 1338 Θ.

1393 1359 1482 1405 626,
1500 1365 1519 1402 4
1537 1359 1629 1410 παρὰ
1646 1358 1708 1404 τὴν
1726 1359 1790 1404 Θ.,
1811 1359 1876 1407 qui
1894 1372 1968 1394 om.
1990 1359 2083 1394 6-25

1392 1418 1480 1462 627,
1505 1417 1548 1452 15
1570 1432 1655 1466 σημ.
1675 1443 1724 1449 -.
1743 1418 1790 1453 23
1808 1425 1894 1453 511111
1918 1418 1955 1452 111
1974 1417 2094 1465 Regio
2109 1444 2119 1461 ‚
2141 1416 2288 1453 omissis
2305 1428 2351 1453 2ο

1338 1487 1392 1522 sq.
1415 1472 1617 1511 ἀλλὰ-καὶ
1637 1474 1722 1523 ἅμα.
1749 1497 1800 1502 -
1830 1488 1873 1520 17
1894 1473 2137 1525 ἀναὸλέψαιεν.
2161 1473 2353 1511 Observat

1338 1535 1537 1578 Kusterus,
1557 1536 1714 1569 voluisse
1732 1534 1963 1579 sclzoliasten‚
1980 1535 2044 1569 vel
2057 1532 2221 1568 debuisse
2233 1534 2352 1568 dicere

1337 1588 1530 1641 ἀναὸλέψαι
1550 1589 1729 1635 ποιήσαιεν
1747 1605 1754 1612 ·
1773 1590 1877 1639 quod
1899 1599 1951 1636 ut,
1973 1591 2002 1627 si
2024 1590 2243 1640 castigatam
2261 1590 2353 1626 scri—

1336 1646 1451 1683 bendi
1470 1648 1589 1696 legem
1610 1657 1759 1698 spectes
1773 1676 1782 1693 ,
1803 1649 1959 1685 minime
1984 1649 2113 1697 negari
2133 1655 2283 1698 potest,
2297 1648 2351 1685 sic

1336 1714 1508 1742 nostrum
1531 1714 1786 1742 enarratorem
1810 1715 1938 1743 tuetur
1957 1719 2047 1743 usus
2073 1706 2349 1753 recentiorum,

1335 1776 1430 1811 quos
1451 1777 1526 1799 non
1553 1764 1674 1813 piguit
1690 1764 1818 1800 verbis
1835 1764 2023 1813 ejusmodi
2044 1764 2188 1800 neutris
2202 1792 2211 1810 ,
2226 1764 2348 1812 qualia

1335 1829 1421 1856 sunt
1442 1821 1639 1857 ἀναὸαίνειν
1652 1851 1661 1868 ,
1680 1821 1842 1858 ἀναέιοῧν
1859 1849 1867 1865 ,
1888 1823 2015 1873 ἀναζῇν
2029 1851 2038 1869 ,
2059 1819 2236 1864 ἀναδύειν,
2257 1822 2345 1857 ἀνα-

1334 1878 1474 1915 κύπτειν
1487 1909 1496 1926 ,
1515 1879 1689 1916 ἀνανεύειν
1702 1909 1711 1925 ,
1730 1879 1930 1916 ἀναθάλλειν
1949 1888 2019 1916 etc.
2040 1879 2175 1928 agendi
2191 1880 2268 1915 vim
2290 1879 2350 1915 in-

1334 1936 1461 1973 duere.
1489 1940 1620 1986 Neque
1651 1937 1858 1974 abhorrent
1888 1951 2044 1988 prorsus
2074 1937 2121 1974 ab
2147 1938 2214 1974 illo
2242 1951 2348 1974 more

1333 2003 1501 2039 vetere53
1519 1995 1583 2032 sed
1600 1995 1874 2032 consideratius
1890 1996 1944 2032 illi
1956 2010 1998 2032 ac
2017 1995 2157 2044 majore
2176 2009 2266 2032 cura
2283 1996 2349 2032 lin-

1333 2065 1415 2101 guae
1432 2054 1564 2102 patriae
1581 2054 1747 2090 rationes
1763 2053 1974 2102 exigebant.
1990 2057 2129 2090 Praeter
2140 2055 2232 2090 alios
2246 2054 2348 2090 hunc

1333 2124 1442 2146 usum
1464 2112 1667 2147 illustravit
1691 2115 1748 2148 Jo.
1770 2112 1899 2148 Davis.
1921 2112 1967 2148 ad
1989 2113 2064 2149 Cic.
2086 2116 2200 2149 Tusc.
2233 2117 2275 2148 D.
2299 2116 2318 2150 3
2336 2141 2345 2159 ,

1335 2172 1353 2205 3
1365 2184 1395 2205 1.
1408 2171 1476 2206 Vir
1491 2178 1614 2206 tamen
1630 2170 1870 2206 doctissimus
1886 2171 2036 2206 mallem
2057 2170 2245 2206 omisisset
2268 2171 2347 2207 Eu-

1332 2230 1466 2279 ripidis
1484 2231 1702 2280 exemplum
1722 2244 1769 2266 ex
1797 2230 1913 2266 Rhes.
1936 2244 1972 2266 v.
1997 2231 2070 2273 446
2095 2231 2198 2278 (443,
2219 2229 2285 2266 ubi
2305 2244 2342 2266 v.

1332 2287 1470 2337 intt.)...
1500 2293 1677 2325 Attamen
1707 2288 1743 2324 in
1771 2288 1976 2324 scholiasta
2007 2296 2156 2338 poterat
2189 2289 2344 2337 aliquis,

1331 2345 1498 2382 offensus
1516 2346 1716 2382 insolentia
1733 2345 1938 2381 locutionis
1966 2357 2152 2394 nusquam
2175 2344 2281 2391 alibi,
2303 2346 2344 2382 li-

1331 2411 1388 2438 cet
1408 2402 1603 2454 ἀναὸλέψαι
1622 2403 1759 2454 saepius
1782 2411 1975 2447 occurrat,
2004 2403 2051 2439 ab
2076 2416 2121 2439 eo
2153 2403 2207 2439 sic
2227 2416 2343 2439 usur-

1330 2469 1444 2510 patae,
1475 2461 1674 2510 legendum
1709 2461 1916 2512 suspicari,
1943 2459 2064 2512 μέχρις
2095 2459 2135 2497 ἂν
2165 2461 2286 2498 ἐκεῖνοι
2310 2462 2344 2504 ἐς

1331 2517 1540 2563 Ἀσκληπιοῦ
1568 2517 1721 2559 ἐλθόντες
1750 2517 1974 2570 ἀναὸλέψειεν
2006 2520 2023 2555 ὃ
2053 2518 2209 2558 Πλοῦτος
2227 2532 2234 2539 ·
2266 2531 2342 2566 quo

1331 2584 1441 2624 pacto
1461 2576 1689 2612 nominativi
1711 2590 1780 2625 pro
1802 2576 1985 2612 absolutis
2005 2574 2216 2624 accipiendi
2235 2583 2342 2621 sunt,

1330 2634 1436 2679 quasi
1457 2634 1642 2682 scriptum
1664 2633 1783 2678 foret,
1811 2632 1948 2669 ἐκείνων
1981 2633 2014 2673 ἐς
2042 2632 2250 2676 Ἀσκληπιοῦ
2282 2633 2340 2669 ἐλ-

1329 2687 1468 2724 θόντων.
1490 2692 1731 2733 ΗΕ1115Τ..-24
1753 2703 1808 2738 sq.
1825 2688 1869 2726 ‘O
1884 2687 2341 2740 θεράπων-ἀναὸλέψαντα

1330 2754 1415 2793 post
1443 2745 1545 2795 τιμὰς
1573 2746 1714 2796 νέμουσι
1732 2748 1840 2796 ponit
1866 2750 1923 2792 R..
1957 2748 2136 2783 omittunt
2159 2749 2201 2784 V.
2223 2748 2269 2785 Θ.
2289 2768 2341 2776 —

1332 2803 1377 2837 25
1419 2803 1645 2852 ἀπαγγέλλων
1682 2805 1767 2841 Ald.
1802 2806 1939 2849 Θησεῖα
1976 2803 2076 2856 ἑορτὴ
2111 2804 2265 2854 ἀγομένη
2304 2806 2338 2841 ἐν

1330 2859 1482 2905 Ἀθήναις
1498 2890 1507 2907 ,
1524 2862 1557 2897 ἐν
1572 2856 1595 2912 ᾗ
1613 2861 1707 2912 ἄρτοι
1729 2861 1817 2903 τινὲς
1833 2861 2005 2908 δίδονται,
2028 2861 2066 2903 ἃς
2091 2863 2235 2899 καλοῦσι
2275 2878 2339 2912 μυ-

1329 2917 1458 2964 στίλας,
1477 2918 1677 2968 ἑστιώμενοι
1694 2919 1789 2970 παρά
1804 2934 1883 2956 τισι.
1904 2919 2033 2969 γίνεται
2054 2918 2089 2956 δὲ
2108 2921 2142 2956 ἐν
2168 2921 2211 2971 τῇ
2238 2922 2338 2972 ἑορτῇ

1327 2978 1386 3011 τοῦ
1405 2975 1552 3021 Θησέως
1580 2976 1638 3014 καὶ
1659 2977 1762 3014 ἐσθίει
1785 2984 1926 3029 προῖκα.
1962 2977 2259 3028 μεμυστιλημένοι
2280 2973 2337 3016 οὖν

1328 3033 1523 3082 ἐστιαμένοι
1537 3064 1545 3080 ,
1575 3034 1596 3079 ἢ
1629 3034 1804 3084 μυστίλοις
1836 3035 1993 3087 ἀρύοντες
2022 3035 2084 3082 τὴν
2116 3036 2246 3088 ἀθάραν
2279 3036 2337 3074 καὶ

1328 3089 1493 3132 ἐσθίοντες
1519 3091 1540 3137 ἢ
1570 3092 1691 3142 ἄρτους
1721 3092 1885 3144 φαγόντες
1901 3094 1945 3135 ὡς
1970 3092 2119 3143 μύστρα.
2150 3093 2279 3144 ἐγίνετο
2301 3093 2337 3130 δὲ

1328 3146 1377 3183 τὰ’
1390 3148 1527 3193 Θησεῖα
1541 3150 1688 3198 ὀγδόαις,
1704 3150 1761 3186 καὶ
1779 3157 1875 3187 πᾶσα
1893 3150 1998 3200 ὀγδόη
2015 3152 2190 3202 ἀνιεροῧτο
2207 3152 2332 3197 Θησεῖ.

1328 3203 1468 3246 Ἄλλως.
1488 3206 1575 3255 μετὰ
1590 3211 1634 3245 V.
1656 3209 1769 3257 Apud
1792 3209 1944 3246 Suidam
1954 3238 1966 3254 ,
1985 3208 2191 3254 Ono-simam
2210 3225 2219 3246 :
2235 3209 2335 3262 ἑορτή

1328 3276 1375 3302 τις
1395 3262 1583 3312 τελουμένη
1600 3265 1681 3316 παρ’
1702 3265 1903 3311 Ἀθηναίοις.
1926 3266 2014 3315 μετὰ
2029 3265 2095 3318 γὰρ
2113 3265 2216 3305 τὸ-.
2232 3284 2248 3300 «
2266 3269 2335 3305 Hi-

1327 3320 1452 3355 storiae
1474 3322 1593 3359 rarius
1614 3322 1735 3360 obviae
1750 3324 2056 3375 Theophrastum
2072 3332 2203 3361 testem
2218 3325 2334 3362 citant
