<?xml version="1.0" encoding="UTF-8"?>
<!DOCTYPE html PUBLIC "-//W3C//DTD XHTML 1.0 Transitional//EN"
    "http://www.w3.org/TR/xhtml1/DTD/xhtml1-transitional.dtd">
<html xmlns="http://www.w3.org/1999/xhtml" xml:lang="en" lang="en">
 <head>
  <title>
</title>
<meta http-equiv="Content-Type" content="text/html;charset=utf-8" />
  <meta name='ocr-system' content='tesseract 3.04.00' />
  <meta name='ocr-capabilities' content='ocr_page ocr_carea ocr_par ocr_line ocrx_word'/>
</head>
<body>
  <div class='ocr_page' id='page_1' title='image "./scholiagraecaina00dbuoft_0085.png"; bbox 0 0 2485 3808; ppageno 0'>
   <div class='ocr_carea' id='block_1_1' title="bbox 947 246 1606 297">
    <p class='ocr_par' dir='ltr' id='par_1_1' title="bbox 947 246 1606 297">
     <span class='ocr_line' id='line_1_1' title="bbox 947 246 1606 297; baseline 0.006 -12"><span class='ocrx_word' id='word_1_1' title='bbox 947 246 1201 286; x_wconf 87' lang='lat' dir='ltr'>SCHOLIA</span> <span class='ocrx_word' id='word_1_2' title='bbox 1239 248 1301 286; x_wconf 91' lang='lat' dir='ltr'>IN</span> <span class='ocrx_word' id='word_1_3' title='bbox 1336 249 1606 297; x_wconf 88' lang='lat' dir='ltr'>EQUITES.</span> 
     </span>
    </p>
   </div>
   <div class='ocr_carea' id='block_1_2' title="bbox 156 319 1253 970">
    <p class='ocr_par' dir='ltr' id='par_1_2' title="bbox 173 319 1253 619">
     <span class='ocr_line' id='line_1_2' title="bbox 209 319 1252 388; baseline 0.002 -18"><span class='ocrx_word' id='word_1_4' title='bbox 209 319 286 379; x_wconf 74' lang='grc' dir='ltr'>ἐξῆν</span> <span class='ocrx_word' id='word_1_5' title='bbox 304 331 348 370; x_wconf 84' lang='grc' dir='ltr'>τὰ</span> <span class='ocrx_word' id='word_1_6' title='bbox 364 332 512 382; x_wconf 84' lang='grc' dir='ltr'>θυόμενα</span> <span class='ocrx_word' id='word_1_7' title='bbox 533 331 713 384; x_wconf 86' lang='grc' dir='ltr'>Δημήτερι</span> <span class='ocrx_word' id='word_1_8' title='bbox 734 332 794 370; x_wconf 84' lang='grc' dir='ltr'>καὶ</span> <span class='ocrx_word' id='word_1_9' title='bbox 818 333 1022 387; x_wconf 77' lang='grc' dir='ltr'>Περσεφόνῃ</span> <span class='ocrx_word' id='word_1_10' title='bbox 1047 334 1112 379; x_wconf 84' lang='grc' dir='ltr'>ἔξω</span> <span class='ocrx_word' id='word_1_11' title='bbox 1130 336 1252 388; x_wconf 84' lang='grc' dir='ltr'>ἀφιεῖν.</span> 
     </span>
     <span class='ocr_line' id='line_1_3' title="bbox 207 391 880 445; baseline 0.002 -17"><span class='ocrx_word' id='word_1_12' title='bbox 207 393 253 435; x_wconf 84' lang='grc' dir='ltr'>ὡς</span> <span class='ocrx_word' id='word_1_13' title='bbox 268 395 348 442; x_wconf 87' lang='grc' dir='ltr'>γοῦν</span> <span class='ocrx_word' id='word_1_14' title='bbox 366 391 454 428; x_wconf 82' lang='grc' dir='ltr'>αὐτὰ</span> <span class='ocrx_word' id='word_1_15' title='bbox 470 391 668 444; x_wconf 79' lang='grc' dir='ltr'>ἐκφέροντος</span> <span class='ocrx_word' id='word_1_16' title='bbox 684 407 772 438; x_wconf 90' lang='grc' dir='ltr'>κατη</span> <span class='ocrx_word' id='word_1_17' title='bbox 776 407 853 445; x_wconf 89' lang='grc' dir='ltr'>γορε</span> <span class='ocrx_word' id='word_1_18' title='bbox 855 395 880 430; x_wconf 86' lang='grc' dir='ltr'>ῒ.</span> 
     </span>
     <span class='ocr_line' id='line_1_4' title="bbox 260 449 1252 503; baseline 0.002 -16"><span class='ocrx_word' id='word_1_19' title='bbox 260 463 322 488; x_wconf 77' lang='grc'>283.</span> <span class='ocrx_word' id='word_1_20' title='bbox 353 449 412 487; x_wconf 83' lang='grc' dir='ltr'>καὶ</span> <span class='ocrx_word' id='word_1_21' title='bbox 432 449 607 501; x_wconf 71' lang='grc' dir='ltr'>τέμαχοςζ</span> <span class='ocrx_word' id='word_1_22' title='bbox 630 450 752 501; x_wconf 72' lang='grc' dir='ltr'>ἸγΟῦς.</span> <span class='ocrx_word' id='word_1_23' title='bbox 771 452 862 493; x_wconf 74' lang='grc' dir='ltr'>ἰδίως</span> <span class='ocrx_word' id='word_1_24' title='bbox 884 450 917 488; x_wconf 78' lang='grc' dir='ltr'>δε</span> <span class='ocrx_word' id='word_1_25' title='bbox 933 451 1125 502; x_wconf 72' lang='grc' dir='ltr'>τεμαχίτας</span> <span class='ocrx_word' id='word_1_26' title='bbox 1144 454 1252 503; x_wconf 65' lang='grc' dir='ltr'>ἰχθῦς,</span> 
     </span>
     <span class='ocr_line' id='line_1_5' title="bbox 207 507 1253 559; baseline 0.001 -13"><span class='ocrx_word' id='word_1_27' title='bbox 207 508 285 552; x_wconf 72' lang='grc' dir='ltr'>τοὺς</span> <span class='ocrx_word' id='word_1_28' title='bbox 299 507 471 559; x_wconf 82' lang='grc' dir='ltr'>μεγάλους</span> <span class='ocrx_word' id='word_1_29' title='bbox 485 508 544 546; x_wconf 89' lang='grc' dir='ltr'>καὶ</span> <span class='ocrx_word' id='word_1_30' title='bbox 555 508 954 559; x_wconf 29' lang='grc' dir='ltr'>κατακοπτομένουςρ</span> <span class='ocrx_word' id='word_1_31' title='bbox 965 510 1117 557; x_wconf 71' lang='grc' dir='ltr'>·ἦξιιι’·;)θη</span> <span class='ocrx_word' id='word_1_32' title='bbox 1132 510 1199 549; x_wconf 77' lang='grc' dir='ltr'>Διὰ</span> <span class='ocrx_word' id='word_1_33' title='bbox 1214 509 1253 547; x_wconf 86' lang='grc' dir='ltr'>τὸ</span> 
     </span>
     <span class='ocr_line' id='line_1_6' title="bbox 173 567 430 619; baseline -0.008 -14"><span class='ocrx_word' id='word_1_34' title='bbox 173 576 189 601; x_wconf 81' lang='lat'><strong>5</strong></span> <span class='ocrx_word' id='word_1_35' title='bbox 211 567 303 619; x_wconf 86' lang='grc' dir='ltr'>ἄγος.</span> <span class='ocrx_word' id='word_1_36' title='bbox 324 568 430 618; x_wconf 65' lang='lat' dir='ltr'><em>vict]</em></span> 
     </span>
    </p>

    <p class='ocr_par' dir='ltr' id='par_1_3' title="bbox 207 627 1252 855">
     <span class='ocr_line' id='line_1_7' title="bbox 260 627 600 665; baseline 0.003 -2"><span class='ocrx_word' id='word_1_37' title='bbox 260 639 322 665; x_wconf 80' lang='lat'>284.</span> <span class='ocrx_word' id='word_1_38' title='bbox 354 627 600 664; x_wconf 82' lang='grc' dir='ltr'>ἀποθανεῖσθον</span> 
     </span>
     <span class='ocr_line' id='line_1_8' title="bbox 209 679 1252 736; baseline -0.001 -14"><span class='ocrx_word' id='word_1_39' title='bbox 209 683 331 722; x_wconf 87' lang='grc' dir='ltr'>κώλων</span> <span class='ocrx_word' id='word_1_40' title='bbox 353 685 406 723; x_wconf 85' lang='grc' dir='ltr'>ιο’.</span> <span class='ocrx_word' id='word_1_41' title='bbox 431 679 478 722; x_wconf 73' lang='grc' dir='ltr'>ῶν</span> <span class='ocrx_word' id='word_1_42' title='bbox 498 684 541 722; x_wconf 70' lang='grc' dir='ltr'>τὰ</span> <span class='ocrx_word' id='word_1_43' title='bbox 561 685 622 735; x_wconf 80' lang='grc' dir='ltr'>μὲν</span> <span class='ocrx_word' id='word_1_44' title='bbox 642 685 679 722; x_wconf 71' lang='grc' dir='ltr'>ιε’</span> <span class='ocrx_word' id='word_1_45' title='bbox 702 685 871 735; x_wconf 60' lang='grc' dir='ltr'>ἀμοιῧαῒα</span> <span class='ocrx_word' id='word_1_46' title='bbox 892 688 959 722; x_wconf 84' lang='grc' dir='ltr'>τῶν</span> <span class='ocrx_word' id='word_1_47' title='bbox 984 687 1178 736; x_wconf 80' lang='grc' dir='ltr'>ὑποκριτῶν</span> <span class='ocrx_word' id='word_1_48' title='bbox 1202 683 1252 720; x_wconf 87' lang='grc' dir='ltr'>δί-</span> 
     </span>
     <span class='ocr_line' id='line_1_9' title="bbox 208 741 1249 796; baseline -0.001 -16"><span class='ocrx_word' id='word_1_49' title='bbox 208 758 331 794; x_wconf 87' lang='grc' dir='ltr'>μετρα.</span> <span class='ocrx_word' id='word_1_50' title='bbox 356 743 400 781; x_wconf 79' lang='grc' dir='ltr'>τὰ</span> <span class='ocrx_word' id='word_1_51' title='bbox 431 743 465 781; x_wconf 77' lang='grc' dir='ltr'>δὲ</span> <span class='ocrx_word' id='word_1_52' title='bbox 488 743 640 796; x_wconf 88' lang='grc' dir='ltr'>τέσσαρα</span> <span class='ocrx_word' id='word_1_53' title='bbox 667 743 814 788; x_wconf 77' lang='grc' dir='ltr'>ἐναλλὰξ</span> <span class='ocrx_word' id='word_1_54' title='bbox 837 743 1076 789; x_wconf 82' lang='grc' dir='ltr'>ἀκατάληκτα.</span> <span class='ocrx_word' id='word_1_55' title='bbox 1102 742 1161 780; x_wconf 80' lang='grc' dir='ltr'>καὶ</span> <span class='ocrx_word' id='word_1_56' title='bbox 1190 741 1249 791; x_wconf 77' lang='grc' dir='ltr'>μή·</span> 
     </span>
     <span class='ocr_line' id='line_1_10' title="bbox 207 801 1070 855; baseline 0.001 -16"><span class='ocrx_word' id='word_1_57' title='bbox 207 817 290 839; x_wconf 85' lang='grc' dir='ltr'>ποτε</span> <span class='ocrx_word' id='word_1_58' title='bbox 319 802 384 839; x_wconf 82' lang='grc' dir='ltr'>εἰσὶ</span> <span class='ocrx_word' id='word_1_59' title='bbox 413 802 551 854; x_wconf 78' lang='grc' dir='ltr'>δίστιχα</span> <span class='ocrx_word' id='word_1_60' title='bbox 576 801 792 855; x_wconf 75' lang='grc' dir='ltr'>τετράμετρα</span> <span class='ocrx_word' id='word_1_61' title='bbox 815 801 1070 847; x_wconf 87' lang='grc' dir='ltr'>καταληκτικά.</span> 
     </span>
    </p>

    <p class='ocr_par' dir='ltr' id='par_1_4' title="bbox 156 858 1253 970">
     <span class='ocr_line' id='line_1_11' title="bbox 156 858 1252 912; baseline 0 -15"><span class='ocrx_word' id='word_1_62' title='bbox 156 874 189 898; x_wconf 93' lang='lat'>10</span> <span class='ocrx_word' id='word_1_63' title='bbox 211 861 306 911; x_wconf 88' lang='grc' dir='ltr'>μάλα</span> <span class='ocrx_word' id='word_1_64' title='bbox 338 874 346 899; x_wconf 89' lang='lat'>:</span> <span class='ocrx_word' id='word_1_65' title='bbox 382 860 509 907; x_wconf 75' lang='grc' dir='ltr'>Εὐθὺς,</span> <span class='ocrx_word' id='word_1_66' title='bbox 543 864 777 912; x_wconf 71' lang='grc' dir='ltr'>παραχρῆμα.</span> <span class='ocrx_word' id='word_1_67' title='bbox 800 859 937 906; x_wconf 79' lang='grc' dir='ltr'>Ἀττικὴ</span> <span class='ocrx_word' id='word_1_68' title='bbox 969 858 1005 897; x_wconf 81' lang='grc' dir='ltr'>δὲ</span> <span class='ocrx_word' id='word_1_69' title='bbox 1030 863 1052 906; x_wconf 88' lang='grc' dir='ltr'>ἡ</span> <span class='ocrx_word' id='word_1_70' title='bbox 1084 858 1252 902; x_wconf 78' lang='grc' dir='ltr'>σύνταξις.</span> 
     </span>
     <span class='ocr_line' id='line_1_12' title="bbox 209 917 1253 970; baseline -0.003 -14"><span class='ocrx_word' id='word_1_71' title='bbox 209 918 423 970; x_wconf 84' lang='grc' dir='ltr'>κεκράξομαι</span> <span class='ocrx_word' id='word_1_72' title='bbox 454 918 510 965; x_wconf 81' lang='grc' dir='ltr'>δὲ,</span> <span class='ocrx_word' id='word_1_73' title='bbox 542 921 592 970; x_wconf 81' lang='grc' dir='ltr'>τῷ</span> <span class='ocrx_word' id='word_1_74' title='bbox 616 921 806 970; x_wconf 79' lang='grc' dir='ltr'>κεκραγμῷ</span> <span class='ocrx_word' id='word_1_75' title='bbox 835 933 895 956; x_wconf 88' lang='grc' dir='ltr'>σου</span> <span class='ocrx_word' id='word_1_76' title='bbox 922 917 1146 970; x_wconf 87' lang='grc' dir='ltr'>περιέσομαι,</span> <span class='ocrx_word' id='word_1_77' title='bbox 1177 917 1253 954; x_wconf 78' lang='grc' dir='ltr'>ἀντὶ</span> 
     </span>
    </p>
   </div>
   <div class='ocr_carea' id='block_1_3' title="bbox 633 625 1253 838">
    <p class='ocr_par' dir='ltr' id='par_1_5' title="bbox 633 625 1253 838">
     <span class='ocr_line' id='line_1_13' title="bbox 633 625 1252 679; baseline -0.003 -14"><span class='ocrx_word' id='word_1_78' title='bbox 633 640 641 665; x_wconf 70' lang='lat'>2</span> <span class='ocrx_word' id='word_1_79' title='bbox 670 628 785 672; x_wconf 62' lang='grc' dir='ltr'>ΔιττλῗΙ</span> <span class='ocrx_word' id='word_1_80' title='bbox 818 626 878 664; x_wconf 80' lang='grc' dir='ltr'>καὶ</span> <span class='ocrx_word' id='word_1_81' title='bbox 905 627 1047 670; x_wconf 82' lang='grc' dir='ltr'>εἴσθεσις</span> <span class='ocrx_word' id='word_1_82' title='bbox 1074 625 1252 679; x_wconf 76' lang='grc' dir='ltr'>περιοδικὴ</span> 
     </span>
     <span class='ocr_line' id='line_1_14' title="bbox 1128 800 1253 838; baseline -0.016 0"><span class='ocrx_word' id='word_1_83' title='bbox 1128 800 1253 838; x_wconf 79' lang='grc' dir='ltr'>αὐτίκα</span> 
     </span>
    </p>
   </div>
   <div class='ocr_carea' id='block_1_4' title="bbox 157 976 1260 3436">
    <p class='ocr_par' dir='ltr' id='par_1_6' title="bbox 207 976 424 1023">
     <span class='ocr_line' id='line_1_15' title="bbox 207 976 424 1023; baseline -0.005 -9"><span class='ocrx_word' id='word_1_84' title='bbox 207 980 268 1014; x_wconf 90' lang='grc' dir='ltr'>τοῦ</span> <span class='ocrx_word' id='word_1_85' title='bbox 282 976 424 1023; x_wconf 83' lang='grc' dir='ltr'>νικήσω.</span> 
     </span>
    </p>

    <p class='ocr_par' dir='ltr' id='par_1_7' title="bbox 261 1032 1251 1086">
     <span class='ocr_line' id='line_1_16' title="bbox 261 1032 1251 1086; baseline -0.001 -13"><span class='ocrx_word' id='word_1_86' title='bbox 261 1049 324 1074; x_wconf 81' lang='grc'>289.</span> <span class='ocrx_word' id='word_1_87' title='bbox 354 1034 584 1080; x_wconf 85' lang='grc' dir='ltr'>κυνοκοπήσω</span> <span class='ocrx_word' id='word_1_88' title='bbox 604 1050 664 1072; x_wconf 90' lang='grc' dir='ltr'>σου</span> <span class='ocrx_word' id='word_1_89' title='bbox 683 1047 691 1072; x_wconf 87' lang='lat'>:</span> <span class='ocrx_word' id='word_1_90' title='bbox 712 1033 892 1080; x_wconf 78' lang='grc' dir='ltr'>Τυπτήσω</span> <span class='ocrx_word' id='word_1_91' title='bbox 905 1048 962 1080; x_wconf 87' lang='grc' dir='ltr'>σε,</span> <span class='ocrx_word' id='word_1_92' title='bbox 977 1033 1135 1086; x_wconf 85' lang='grc' dir='ltr'>καθάπερ</span> <span class='ocrx_word' id='word_1_93' title='bbox 1152 1032 1251 1072; x_wconf 82' lang='grc' dir='ltr'>κύνα.</span> 
     </span>
    </p>

    <p class='ocr_par' dir='ltr' id='par_1_8' title="bbox 208 1090 1252 1144">
     <span class='ocr_line' id='line_1_17' title="bbox 208 1090 1252 1144; baseline -0.001 -13"><span class='ocrx_word' id='word_1_94' title='bbox 208 1096 309 1131; x_wconf 87' lang='grc' dir='ltr'>τοῦτο</span> <span class='ocrx_word' id='word_1_95' title='bbox 325 1093 360 1130; x_wconf 79' lang='grc' dir='ltr'>δὲ</span> <span class='ocrx_word' id='word_1_96' title='bbox 377 1095 424 1136; x_wconf 83' lang='grc' dir='ltr'>ὡς</span> <span class='ocrx_word' id='word_1_97' title='bbox 444 1092 605 1144; x_wconf 90' lang='grc' dir='ltr'>μάγειρος</span> <span class='ocrx_word' id='word_1_98' title='bbox 621 1091 724 1142; x_wconf 82' lang='grc' dir='ltr'>λέγει.</span> <span class='ocrx_word' id='word_1_99' title='bbox 745 1092 818 1130; x_wconf 85' lang='grc' dir='ltr'>ἔστι</span> <span class='ocrx_word' id='word_1_100' title='bbox 831 1091 899 1144; x_wconf 80' lang='grc' dir='ltr'>γὰρ</span> <span class='ocrx_word' id='word_1_101' title='bbox 919 1090 1009 1129; x_wconf 89' lang='grc' dir='ltr'>κύων</span> <span class='ocrx_word' id='word_1_102' title='bbox 1029 1091 1125 1144; x_wconf 75' lang='grc' dir='ltr'>ἰχθὺς</span> <span class='ocrx_word' id='word_1_103' title='bbox 1143 1091 1252 1135; x_wconf 89' lang='grc' dir='ltr'>ποιός.</span> 
     </span>
    </p>

    <p class='ocr_par' dir='ltr' id='par_1_9' title="bbox 157 1149 1255 1320">
     <span class='ocr_line' id='line_1_18' title="bbox 157 1149 1255 1204; baseline -0.001 -16"><span class='ocrx_word' id='word_1_104' title='bbox 157 1164 189 1188; x_wconf 76' lang='lat'>15</span> <span class='ocrx_word' id='word_1_105' title='bbox 210 1150 285 1202; x_wconf 88' lang='grc' dir='ltr'>ἅμα</span> <span class='ocrx_word' id='word_1_106' title='bbox 317 1150 353 1189; x_wconf 86' lang='grc' dir='ltr'>δὲ</span> <span class='ocrx_word' id='word_1_107' title='bbox 378 1150 437 1189; x_wconf 78' lang='grc' dir='ltr'>καὶ</span> <span class='ocrx_word' id='word_1_108' title='bbox 460 1150 582 1204; x_wconf 84' lang='grc' dir='ltr'>κυνείῳ</span> <span class='ocrx_word' id='word_1_109' title='bbox 609 1166 647 1189; x_wconf 85' lang='grc' dir='ltr'>σε</span> <span class='ocrx_word' id='word_1_110' title='bbox 671 1150 815 1203; x_wconf 81' lang='grc' dir='ltr'>δέρματι</span> <span class='ocrx_word' id='word_1_111' title='bbox 834 1149 964 1189; x_wconf 88' lang='grc' dir='ltr'>παίσω.</span> <span class='ocrx_word' id='word_1_112' title='bbox 989 1150 1062 1188; x_wconf 84' lang='grc' dir='ltr'>ἔστι</span> <span class='ocrx_word' id='word_1_113' title='bbox 1084 1149 1150 1204; x_wconf 80' lang='grc' dir='ltr'>γὰρ</span> <span class='ocrx_word' id='word_1_114' title='bbox 1170 1165 1255 1202; x_wconf 90' lang='grc' dir='ltr'>τρα-</span> 
     </span>
     <span class='ocr_line' id='line_1_19' title="bbox 207 1208 1254 1263; baseline 0 -17"><span class='ocrx_word' id='word_1_115' title='bbox 207 1209 367 1261; x_wconf 86' lang='grc' dir='ltr'>χύτατον.</span> <span class='ocrx_word' id='word_1_116' title='bbox 389 1232 441 1238; x_wconf 91' lang='grc'>--</span> <span class='ocrx_word' id='word_1_117' title='bbox 461 1211 507 1253; x_wconf 83' lang='grc' dir='ltr'>ὡς</span> <span class='ocrx_word' id='word_1_118' title='bbox 532 1209 619 1248; x_wconf 91' lang='grc' dir='ltr'>κύνα</span> <span class='ocrx_word' id='word_1_119' title='bbox 648 1226 686 1248; x_wconf 90' lang='grc' dir='ltr'>σε</span> <span class='ocrx_word' id='word_1_120' title='bbox 716 1208 828 1263; x_wconf 77' lang='grc' dir='ltr'>τύψω.</span> <span class='ocrx_word' id='word_1_121' title='bbox 856 1208 1031 1261; x_wconf 81' lang='grc' dir='ltr'>οὐδέτερον</span> <span class='ocrx_word' id='word_1_122' title='bbox 1061 1209 1097 1247; x_wconf 80' lang='grc' dir='ltr'>δὲ</span> <span class='ocrx_word' id='word_1_123' title='bbox 1119 1208 1159 1247; x_wconf 80' lang='grc' dir='ltr'>τὸ</span> <span class='ocrx_word' id='word_1_124' title='bbox 1185 1211 1254 1247; x_wconf 82' lang='grc' dir='ltr'>νῶ-</span> 
     </span>
     <span class='ocr_line' id='line_1_20' title="bbox 207 1279 473 1320; baseline 0.015 -15"><span class='ocrx_word' id='word_1_125' title='bbox 207 1283 279 1307; x_wconf 89' lang='grc' dir='ltr'>τον.</span> <span class='ocrx_word' id='word_1_126' title='bbox 299 1279 340 1309; x_wconf 87' lang='lat' dir='ltr'>V.</span> <span class='ocrx_word' id='word_1_127' title='bbox 470 1318 473 1320; x_wconf 21' lang='grc' dir='ltr'>ι</span> 
     </span>
    </p>

    <p class='ocr_par' dir='ltr' id='par_1_10' title="bbox 210 1322 1256 1437">
     <span class='ocr_line' id='line_1_21' title="bbox 261 1322 1255 1379; baseline 0 -15"><span class='ocrx_word' id='word_1_128' title='bbox 261 1340 326 1365; x_wconf 86' lang='grc'>290.</span> <span class='ocrx_word' id='word_1_129' title='bbox 355 1328 505 1379; x_wconf 85' lang='grc' dir='ltr'>περιελῶ</span> <span class='ocrx_word' id='word_1_130' title='bbox 522 1327 552 1365; x_wconf 87' lang='grc' dir='ltr'>σ’</span> <span class='ocrx_word' id='word_1_131' title='bbox 574 1326 773 1373; x_wconf 83' lang='grc' dir='ltr'>ἀλαζονείας</span> <span class='ocrx_word' id='word_1_132' title='bbox 796 1341 804 1366; x_wconf 77' lang='lat'>2</span> <span class='ocrx_word' id='word_1_133' title='bbox 828 1322 926 1374; x_wconf 70' lang='grc' dir='ltr'>Οῗον,</span> <span class='ocrx_word' id='word_1_134' title='bbox 948 1326 1111 1364; x_wconf 86' lang='grc' dir='ltr'>ἀποδύσω</span> <span class='ocrx_word' id='word_1_135' title='bbox 1137 1342 1174 1365; x_wconf 92' lang='grc' dir='ltr'>σε</span> <span class='ocrx_word' id='word_1_136' title='bbox 1195 1328 1255 1364; x_wconf 87' lang='grc' dir='ltr'>καὶ</span> 
     </span>
     <span class='ocr_line' id='line_1_22' title="bbox 210 1383 1256 1437; baseline -0.001 -14"><span class='ocrx_word' id='word_1_137' title='bbox 210 1385 336 1423; x_wconf 86' lang='grc' dir='ltr'>παύσω</span> <span class='ocrx_word' id='word_1_138' title='bbox 348 1387 416 1423; x_wconf 87' lang='grc' dir='ltr'>τῶν</span> <span class='ocrx_word' id='word_1_139' title='bbox 431 1385 734 1435; x_wconf 85' lang='grc' dir='ltr'>ἀλαζονευμάτων.</span> <span class='ocrx_word' id='word_1_140' title='bbox 752 1388 773 1431; x_wconf 88' lang='grc' dir='ltr'>ἡ</span> <span class='ocrx_word' id='word_1_141' title='bbox 794 1383 973 1437; x_wconf 70' lang='grc' dir='ltr'>μεταφορὰ</span> <span class='ocrx_word' id='word_1_142' title='bbox 991 1385 1059 1422; x_wconf 82' lang='grc' dir='ltr'>ἀπὸ</span> <span class='ocrx_word' id='word_1_143' title='bbox 1075 1388 1142 1423; x_wconf 90' lang='grc' dir='ltr'>τῶν</span> <span class='ocrx_word' id='word_1_144' title='bbox 1163 1386 1256 1437; x_wconf 88' lang='grc' dir='ltr'>ἐρεσ-</span> 
     </span>
    </p>

    <p class='ocr_par' dir='ltr' id='par_1_11' title="bbox 158 1442 1253 1550">
     <span class='ocr_line' id='line_1_23' title="bbox 158 1442 1253 1495; baseline -0.003 -12"><span class='ocrx_word' id='word_1_145' title='bbox 158 1458 194 1483; x_wconf 87' lang='lat'>20</span> <span class='ocrx_word' id='word_1_146' title='bbox 213 1443 352 1482; x_wconf 89' lang='grc' dir='ltr'>σόντων.</span> <span class='ocrx_word' id='word_1_147' title='bbox 381 1443 507 1482; x_wconf 84' lang='grc' dir='ltr'>παύσω</span> <span class='ocrx_word' id='word_1_148' title='bbox 527 1442 586 1481; x_wconf 75' lang='grc' dir='ltr'>καὶ</span> <span class='ocrx_word' id='word_1_149' title='bbox 617 1442 794 1495; x_wconf 66' lang='grc' dir='ltr'>περικόψω</span> <span class='ocrx_word' id='word_1_150' title='bbox 813 1444 874 1488; x_wconf 77' lang='grc' dir='ltr'>τῆς</span> <span class='ocrx_word' id='word_1_151' title='bbox 900 1442 1112 1487; x_wconf 84' lang='grc' dir='ltr'>ἀλαζονείας.</span> <span class='ocrx_word' id='word_1_152' title='bbox 1135 1458 1253 1495; x_wconf 90' lang='grc' dir='ltr'>περιε-</span> 
     </span>
     <span class='ocr_line' id='line_1_24' title="bbox 208 1502 486 1550; baseline 0 -10"><span class='ocrx_word' id='word_1_153' title='bbox 208 1502 326 1550; x_wconf 87' lang='grc' dir='ltr'>λάσω,</span> <span class='ocrx_word' id='word_1_154' title='bbox 342 1502 486 1549; x_wconf 81' lang='grc' dir='ltr'>νικήσω.</span> 
     </span>
    </p>

    <p class='ocr_par' dir='ltr' id='par_1_12' title="bbox 208 1557 1258 1729">
     <span class='ocr_line' id='line_1_25' title="bbox 262 1557 1255 1611; baseline -0.002 -12"><span class='ocrx_word' id='word_1_155' title='bbox 262 1575 325 1600; x_wconf 80' lang='grc'>291.</span> <span class='ocrx_word' id='word_1_156' title='bbox 356 1563 598 1611; x_wconf 77' lang='grc' dir='ltr'>ὑποτεμοῦμαι</span> <span class='ocrx_word' id='word_1_157' title='bbox 613 1557 674 1602; x_wconf 78' lang='grc' dir='ltr'>τὰς</span> <span class='ocrx_word' id='word_1_158' title='bbox 690 1557 786 1602; x_wconf 82' lang='grc' dir='ltr'>ὁδούς</span> <span class='ocrx_word' id='word_1_159' title='bbox 806 1574 867 1597; x_wconf 90' lang='grc' dir='ltr'>σου</span> <span class='ocrx_word' id='word_1_160' title='bbox 889 1573 898 1598; x_wconf 79' lang='lat' dir='ltr'>t</span> <span class='ocrx_word' id='word_1_161' title='bbox 914 1560 991 1598; x_wconf 80' lang='grc' dir='ltr'>Οὖκ</span> <span class='ocrx_word' id='word_1_162' title='bbox 1008 1560 1054 1596; x_wconf 89' lang='grc' dir='ltr'>ἐῶ</span> <span class='ocrx_word' id='word_1_163' title='bbox 1073 1575 1110 1596; x_wconf 92' lang='grc' dir='ltr'>σε</span> <span class='ocrx_word' id='word_1_164' title='bbox 1129 1559 1255 1610; x_wconf 89' lang='grc' dir='ltr'>λέγειν,</span> 
     </span>
     <span class='ocr_line' id='line_1_26' title="bbox 209 1616 1258 1672; baseline -0.002 -15"><span class='ocrx_word' id='word_1_165' title='bbox 209 1619 453 1672; x_wconf 79' lang='grc' dir='ltr'>προλήψομαι,</span> <span class='ocrx_word' id='word_1_166' title='bbox 470 1616 613 1662; x_wconf 79' lang='grc' dir='ltr'>νικήσω.</span> <span class='ocrx_word' id='word_1_167' title='bbox 634 1620 734 1655; x_wconf 90' lang='grc' dir='ltr'>τοῦτο</span> <span class='ocrx_word' id='word_1_168' title='bbox 751 1619 794 1660; x_wconf 84' lang='grc' dir='ltr'>ὡς</span> <span class='ocrx_word' id='word_1_169' title='bbox 813 1616 897 1669; x_wconf 81' lang='grc' dir='ltr'>πρὸς</span> <span class='ocrx_word' id='word_1_170' title='bbox 919 1617 1147 1670; x_wconf 78' lang='grc' dir='ltr'>βυρσοδέψην.</span> <span class='ocrx_word' id='word_1_171' title='bbox 1169 1620 1258 1655; x_wconf 78' lang='grc' dir='ltr'>ὑπο-</span> 
     </span>
     <span class='ocr_line' id='line_1_27' title="bbox 208 1673 1256 1729; baseline -0.003 -12"><span class='ocrx_word' id='word_1_172' title='bbox 208 1678 371 1729; x_wconf 86' lang='grc' dir='ltr'>τέμνεται</span> <span class='ocrx_word' id='word_1_173' title='bbox 390 1677 456 1729; x_wconf 86' lang='grc' dir='ltr'>γὰρ</span> <span class='ocrx_word' id='word_1_174' title='bbox 483 1675 527 1714; x_wconf 77' lang='grc' dir='ltr'>τὰ</span> <span class='ocrx_word' id='word_1_175' title='bbox 548 1676 702 1727; x_wconf 86' lang='grc' dir='ltr'>δέρματα</span> <span class='ocrx_word' id='word_1_176' title='bbox 716 1704 725 1722; x_wconf 87' lang='grc'>,</span> <span class='ocrx_word' id='word_1_177' title='bbox 752 1673 809 1712; x_wconf 74' lang='grc' dir='ltr'>ἵνα</span> <span class='ocrx_word' id='word_1_178' title='bbox 830 1674 949 1726; x_wconf 78' lang='grc' dir='ltr'>παχέα</span> <span class='ocrx_word' id='word_1_179' title='bbox 970 1675 1146 1727; x_wconf 85' lang='grc' dir='ltr'>φαίνηται.</span> <span class='ocrx_word' id='word_1_180' title='bbox 1179 1677 1256 1714; x_wconf 87' lang='grc' dir='ltr'>δια-</span> 
     </span>
    </p>

    <p class='ocr_par' dir='ltr' id='par_1_13' title="bbox 157 1732 1258 1964">
     <span class='ocr_line' id='line_1_28' title="bbox 157 1732 1256 1790; baseline -0.003 -15"><span class='ocrx_word' id='word_1_181' title='bbox 157 1753 191 1778; x_wconf 87' lang='lat'>25</span> <span class='ocrx_word' id='word_1_182' title='bbox 212 1737 306 1790; x_wconf 80' lang='grc' dir='ltr'>φέρει</span> <span class='ocrx_word' id='word_1_183' title='bbox 326 1735 393 1789; x_wconf 85' lang='grc' dir='ltr'>γὰρ</span> <span class='ocrx_word' id='word_1_184' title='bbox 420 1735 460 1773; x_wconf 79' lang='grc' dir='ltr'>τὸ</span> <span class='ocrx_word' id='word_1_185' title='bbox 481 1734 616 1785; x_wconf 84' lang='grc' dir='ltr'>τέμνειν</span> <span class='ocrx_word' id='word_1_186' title='bbox 643 1737 702 1771; x_wconf 88' lang='grc' dir='ltr'>τοῦ</span> <span class='ocrx_word' id='word_1_187' title='bbox 732 1732 949 1784; x_wconf 81' lang='grc' dir='ltr'>ὑποτέμνειν.</span> <span class='ocrx_word' id='word_1_188' title='bbox 976 1733 1059 1771; x_wconf 75' lang='grc' dir='ltr'>ὅταν</span> <span class='ocrx_word' id='word_1_189' title='bbox 1079 1734 1145 1787; x_wconf 85' lang='grc' dir='ltr'>γὰρ</span> <span class='ocrx_word' id='word_1_190' title='bbox 1172 1737 1256 1772; x_wconf 81' lang='grc' dir='ltr'>ὑπο-</span> 
     </span>
     <span class='ocr_line' id='line_1_29' title="bbox 209 1790 1256 1847; baseline -0.001 -14"><span class='ocrx_word' id='word_1_191' title='bbox 209 1795 317 1847; x_wconf 90' lang='grc' dir='ltr'>τέμνῃ</span> <span class='ocrx_word' id='word_1_192' title='bbox 333 1825 343 1842; x_wconf 91' lang='grc'>,</span> <span class='ocrx_word' id='word_1_193' title='bbox 382 1791 578 1845; x_wconf 86' lang='grc' dir='ltr'>παχύτερον</span> <span class='ocrx_word' id='word_1_194' title='bbox 613 1791 792 1844; x_wconf 85' lang='grc' dir='ltr'>φαίνεται,</span> <span class='ocrx_word' id='word_1_195' title='bbox 825 1790 1066 1845; x_wconf 87' lang='grc' dir='ltr'>ἀσθενέστερον</span> <span class='ocrx_word' id='word_1_196' title='bbox 1095 1792 1132 1830; x_wconf 89' lang='grc' dir='ltr'>δέ</span> <span class='ocrx_word' id='word_1_197' title='bbox 1171 1795 1256 1832; x_wconf 87' lang='grc' dir='ltr'>ἐστι.</span> 
     </span>
     <span class='ocr_line' id='line_1_30' title="bbox 211 1848 1258 1905; baseline -0.002 -13"><span class='ocrx_word' id='word_1_198' title='bbox 211 1855 348 1905; x_wconf 84' lang='grc' dir='ltr'>τέμνειν</span> <span class='ocrx_word' id='word_1_199' title='bbox 368 1851 425 1899; x_wconf 85' lang='grc' dir='ltr'>δὲ,</span> <span class='ocrx_word' id='word_1_200' title='bbox 439 1851 478 1889; x_wconf 83' lang='grc' dir='ltr'>τὸ</span> <span class='ocrx_word' id='word_1_201' title='bbox 495 1849 597 1903; x_wconf 82' lang='grc' dir='ltr'>ὀρθὴν</span> <span class='ocrx_word' id='word_1_202' title='bbox 616 1853 789 1888; x_wconf 86' lang='grc' dir='ltr'>ποιεῖσθαι</span> <span class='ocrx_word' id='word_1_203' title='bbox 805 1848 867 1896; x_wconf 81' lang='grc' dir='ltr'>τὴν</span> <span class='ocrx_word' id='word_1_204' title='bbox 887 1850 1011 1900; x_wconf 86' lang='grc' dir='ltr'>τομήν.</span> <span class='ocrx_word' id='word_1_205' title='bbox 1033 1850 1152 1904; x_wconf 83' lang='grc' dir='ltr'>τὸγὰρ</span> <span class='ocrx_word' id='word_1_206' title='bbox 1173 1851 1258 1890; x_wconf 81' lang='grc' dir='ltr'>ἀνώ-</span> 
     </span>
     <span class='ocr_line' id='line_1_31' title="bbox 211 1908 1078 1964; baseline -0.003 -14"><span class='ocrx_word' id='word_1_207' title='bbox 211 1915 321 1964; x_wconf 91' lang='grc' dir='ltr'>μαλον</span> <span class='ocrx_word' id='word_1_208' title='bbox 340 1914 402 1958; x_wconf 73' lang='grc' dir='ltr'>τῆς</span> <span class='ocrx_word' id='word_1_209' title='bbox 420 1912 530 1960; x_wconf 79' lang='grc' dir='ltr'>τομῆς</span> <span class='ocrx_word' id='word_1_210' title='bbox 542 1908 744 1960; x_wconf 75' lang='grc' dir='ltr'>παχύτητος</span> <span class='ocrx_word' id='word_1_211' title='bbox 765 1908 863 1952; x_wconf 81' lang='grc' dir='ltr'>δόξαν</span> <span class='ocrx_word' id='word_1_212' title='bbox 884 1908 1078 1960; x_wconf 83' lang='grc' dir='ltr'>ἐργάζεται.</span> 
     </span>
    </p>

    <p class='ocr_par' dir='ltr' id='par_1_14' title="bbox 262 1966 1256 2021">
     <span class='ocr_line' id='line_1_32' title="bbox 262 1966 1256 2021; baseline -0.002 -12"><span class='ocrx_word' id='word_1_213' title='bbox 262 1984 326 2009; x_wconf 85' lang='grc'>292.</span> <span class='ocrx_word' id='word_1_214' title='bbox 355 1967 644 2021; x_wconf 79' lang='grc' dir='ltr'>ἀσκαρδάμυκτος</span> <span class='ocrx_word' id='word_1_215' title='bbox 674 1980 683 2006; x_wconf 89' lang='lat'><strong>:</strong></span> <span class='ocrx_word' id='word_1_216' title='bbox 710 1966 771 2013; x_wconf 88' lang='grc' dir='ltr'>Μὴ</span> <span class='ocrx_word' id='word_1_217' title='bbox 802 1966 914 2017; x_wconf 85' lang='grc' dir='ltr'>μύσας</span> <span class='ocrx_word' id='word_1_218' title='bbox 942 1966 1019 2011; x_wconf 77' lang='grc' dir='ltr'>τοὺς</span> <span class='ocrx_word' id='word_1_219' title='bbox 1047 1969 1256 2021; x_wconf 84' lang='grc' dir='ltr'>ὀφθαλμούς.</span> 
     </span>
    </p>

    <p class='ocr_par' dir='ltr' id='par_1_15' title="bbox 158 2024 1259 2314">
     <span class='ocr_line' id='line_1_33' title="bbox 158 2024 1258 2102; baseline -0.003 -35"><span class='ocrx_word' id='word_1_220' title='bbox 158 2048 193 2074; x_wconf 82' lang='lat'>:30</span> <span class='ocrx_word' id='word_1_221' title='bbox 212 2029 508 2102; x_wconf 86' lang='grc' dir='ltr'>σκαρδαμυκτεῒν</span> <span class='ocrx_word' id='word_1_222' title='bbox 506 2025 586 2078; x_wconf 88' lang='grc' dir='ltr'>γὰρ,</span> <span class='ocrx_word' id='word_1_223' title='bbox 609 2025 648 2063; x_wconf 84' lang='grc' dir='ltr'>τὸ</span> <span class='ocrx_word' id='word_1_224' title='bbox 668 2024 821 2077; x_wconf 87' lang='grc' dir='ltr'>σκαίρειν</span> <span class='ocrx_word' id='word_1_225' title='bbox 839 2024 898 2062; x_wconf 78' lang='grc' dir='ltr'>καὶ</span> <span class='ocrx_word' id='word_1_226' title='bbox 919 2025 1016 2075; x_wconf 87' lang='grc' dir='ltr'>μύειν</span> <span class='ocrx_word' id='word_1_227' title='bbox 1032 2025 1110 2070; x_wconf 76' lang='grc' dir='ltr'>τοὺς</span> <span class='ocrx_word' id='word_1_228' title='bbox 1129 2028 1258 2080; x_wconf 83' lang='grc' dir='ltr'>ὀφθαλ-</span> 
     </span>
     <span class='ocr_line' id='line_1_34' title="bbox 211 2083 1257 2137; baseline -0.002 -12"><span class='ocrx_word' id='word_1_229' title='bbox 211 2103 312 2137; x_wconf 89' lang='grc' dir='ltr'>μους,</span> <span class='ocrx_word' id='word_1_230' title='bbox 330 2086 368 2124; x_wconf 90' lang='grc' dir='ltr'>τ“ο</span> <span class='ocrx_word' id='word_1_231' title='bbox 390 2087 528 2128; x_wconf 83' lang='grc' dir='ltr'>πυκνῶς</span> <span class='ocrx_word' id='word_1_232' title='bbox 552 2083 785 2137; x_wconf 87' lang='grc' dir='ltr'>βλεφαρίζειν,</span> <span class='ocrx_word' id='word_1_233' title='bbox 806 2083 824 2120; x_wconf 87' lang='grc' dir='ltr'>ὃ</span> <span class='ocrx_word' id='word_1_234' title='bbox 847 2083 905 2121; x_wconf 83' lang='grc' dir='ltr'>καὶ</span> <span class='ocrx_word' id='word_1_235' title='bbox 933 2085 1097 2122; x_wconf 84' lang='grc' dir='ltr'>ἷλλωπεῖν</span> <span class='ocrx_word' id='word_1_236' title='bbox 1119 2085 1257 2136; x_wconf 87' lang='grc' dir='ltr'>λέγεται</span> 
     </span>
     <span class='ocr_line' id='line_1_35' title="bbox 213 2142 1256 2197; baseline -0.001 -14"><span class='ocrx_word' id='word_1_237' title='bbox 213 2145 250 2197; x_wconf 83' lang='grc' dir='ltr'>[ἢ</span> <span class='ocrx_word' id='word_1_238' title='bbox 271 2144 497 2194; x_wconf 84' lang='grc' dir='ltr'>ἷλλωπίζειν].</span> <span class='ocrx_word' id='word_1_239' title='bbox 519 2143 822 2196; x_wconf 80' lang='grc' dir='ltr'>ἀσκαρδαμυκτεῖν</span> <span class='ocrx_word' id='word_1_240' title='bbox 849 2142 902 2190; x_wconf 81' lang='grc' dir='ltr'>δὲ,</span> <span class='ocrx_word' id='word_1_241' title='bbox 929 2143 1172 2195; x_wconf 83' lang='grc' dir='ltr'>προστεθέντος</span> <span class='ocrx_word' id='word_1_242' title='bbox 1196 2149 1256 2182; x_wconf 89' lang='grc' dir='ltr'>τοῦ</span> 
     </span>
     <span class='ocr_line' id='line_1_36' title="bbox 211 2200 1259 2253; baseline -0.002 -12"><span class='ocrx_word' id='word_1_243' title='bbox 211 2219 256 2251; x_wconf 84' lang='grc' dir='ltr'>α,</span> <span class='ocrx_word' id='word_1_244' title='bbox 277 2203 317 2241; x_wconf 78' lang='grc' dir='ltr'>τὸ</span> <span class='ocrx_word' id='word_1_245' title='bbox 333 2202 448 2245; x_wconf 79' lang='grc' dir='ltr'>ἀτενὲς</span> <span class='ocrx_word' id='word_1_246' title='bbox 470 2201 610 2253; x_wconf 82' lang='grc' dir='ltr'>βλέπειν</span> <span class='ocrx_word' id='word_1_247' title='bbox 635 2200 692 2238; x_wconf 82' lang='grc' dir='ltr'>τὸν</span> <span class='ocrx_word' id='word_1_248' title='bbox 719 2200 828 2247; x_wconf 82' lang='grc' dir='ltr'>τ’λιον.</span> <span class='ocrx_word' id='word_1_249' title='bbox 850 2201 953 2252; x_wconf 85' lang='grc' dir='ltr'>φησὶν</span> <span class='ocrx_word' id='word_1_250' title='bbox 977 2205 1034 2239; x_wconf 76' lang='grc' dir='ltr'>οὖν</span> <span class='ocrx_word' id='word_1_251' title='bbox 1063 2218 1115 2239; x_wconf 93' lang='grc' dir='ltr'>οτι</span> <span class='ocrx_word' id='word_1_252' title='bbox 1144 2202 1259 2246; x_wconf 80' lang='grc' dir='ltr'>ἀτενὲς</span> 
     </span>
     <span class='ocr_line' id='line_1_37' title="bbox 212 2258 1258 2314; baseline -0.002 -14"><span class='ocrx_word' id='word_1_253' title='bbox 212 2265 259 2306; x_wconf 87' lang='grc' dir='ltr'>εἷς</span> <span class='ocrx_word' id='word_1_254' title='bbox 279 2260 341 2312; x_wconf 83' lang='grc' dir='ltr'>ἐμὲ</span> <span class='ocrx_word' id='word_1_255' title='bbox 364 2260 502 2314; x_wconf 82' lang='grc' dir='ltr'>βλέψον,</span> <span class='ocrx_word' id='word_1_256' title='bbox 523 2276 569 2303; x_wconf 80' lang='grc' dir='ltr'>ως</span> <span class='ocrx_word' id='word_1_257' title='bbox 591 2260 626 2297; x_wconf 83' lang='grc' dir='ltr'>ἐν</span> <span class='ocrx_word' id='word_1_258' title='bbox 645 2259 756 2310; x_wconf 83' lang='grc' dir='ltr'>τούτῳ</span> <span class='ocrx_word' id='word_1_259' title='bbox 781 2258 1088 2310; x_wconf 79' lang='grc' dir='ltr'>καταπληξόμενος</span> <span class='ocrx_word' id='word_1_260' title='bbox 1112 2260 1170 2298; x_wconf 81' lang='grc' dir='ltr'>τὸν</span> <span class='ocrx_word' id='word_1_261' title='bbox 1191 2262 1258 2298; x_wconf 85' lang='grc' dir='ltr'>ἀλ-</span> 
     </span>
    </p>

    <p class='ocr_par' dir='ltr' id='par_1_16' title="bbox 159 2318 454 2373">
     <span class='ocr_line' id='line_1_38' title="bbox 159 2318 454 2373; baseline -0.004 -16"><span class='ocrx_word' id='word_1_262' title='bbox 159 2343 193 2368; x_wconf 79' lang='lat'>35</span> <span class='ocrx_word' id='word_1_263' title='bbox 213 2318 454 2373; x_wconf 82' lang='grc' dir='ltr'>λαντοπώλη.ν</span> 
     </span>
    </p>

    <p class='ocr_par' dir='ltr' id='par_1_17' title="bbox 211 2372 1259 2602">
     <span class='ocr_line' id='line_1_39' title="bbox 267 2372 1257 2429; baseline -0.001 -13"><span class='ocrx_word' id='word_1_264' title='bbox 267 2390 332 2416; x_wconf 82' lang='lat'>294.</span> <span class='ocrx_word' id='word_1_265' title='bbox 363 2374 563 2428; x_wconf 70' lang='grc' dir='ltr'>διαφορήσω</span> <span class='ocrx_word' id='word_1_266' title='bbox 583 2377 615 2412; x_wconf 93' lang='grc' dir='ltr'>σ’</span> <span class='ocrx_word' id='word_1_267' title='bbox 647 2373 710 2412; x_wconf 85' lang='grc' dir='ltr'>εἴτι</span> <span class='ocrx_word' id='word_1_268' title='bbox 733 2372 891 2427; x_wconf 71' lang='grc' dir='ltr'>γρύξειςτ</span> <span class='ocrx_word' id='word_1_269' title='bbox 919 2372 1070 2419; x_wconf 79' lang='grc' dir='ltr'>Ἐπαιξε</span> <span class='ocrx_word' id='word_1_270' title='bbox 1097 2375 1194 2429; x_wconf 81' lang='grc' dir='ltr'>παρὰ</span> <span class='ocrx_word' id='word_1_271' title='bbox 1218 2377 1257 2415; x_wconf 85' lang='grc' dir='ltr'>τὸ</span> 
     </span>
     <span class='ocr_line' id='line_1_40' title="bbox 214 2432 1257 2489; baseline 0.001 -16"><span class='ocrx_word' id='word_1_272' title='bbox 214 2435 400 2489; x_wconf 84' lang='grc' dir='ltr'>διαφορεῖν.</span> <span class='ocrx_word' id='word_1_273' title='bbox 421 2434 571 2476; x_wconf 88' lang='grc' dir='ltr'>καλως</span> <span class='ocrx_word' id='word_1_274' title='bbox 553 2432 588 2470; x_wconf 80' lang='grc' dir='ltr'>οὲ</span> <span class='ocrx_word' id='word_1_275' title='bbox 604 2435 649 2476; x_wconf 81' lang='grc' dir='ltr'>ὡς</span> <span class='ocrx_word' id='word_1_276' title='bbox 663 2432 720 2470; x_wconf 87' lang='grc' dir='ltr'>ἐπὶ</span> <span class='ocrx_word' id='word_1_277' title='bbox 741 2432 907 2485; x_wconf 82' lang='grc' dir='ltr'>μαγείρου</span> <span class='ocrx_word' id='word_1_278' title='bbox 925 2433 984 2471; x_wconf 81' lang='grc' dir='ltr'>καὶ</span> <span class='ocrx_word' id='word_1_279' title='bbox 1005 2435 1257 2474; x_wconf 76' lang='grc' dir='ltr'>ἀλλαντοποιοῦ</span> 
     </span>
     <span class='ocr_line' id='line_1_41' title="bbox 212 2489 1259 2548; baseline -0.001 -16"><span class='ocrx_word' id='word_1_280' title='bbox 212 2493 393 2546; x_wconf 81' lang='grc' dir='ltr'>κέχρηται.</span> <span class='ocrx_word' id='word_1_281' title='bbox 448 2489 593 2548; x_wconf 80' lang='grc' dir='ltr'>Ἄλλως.</span> <span class='ocrx_word' id='word_1_282' title='bbox 604 2491 799 2538; x_wconf 88' lang='grc' dir='ltr'>διασπάσω,</span> <span class='ocrx_word' id='word_1_283' title='bbox 812 2491 967 2539; x_wconf 88' lang='grc' dir='ltr'>διολέσω,</span> <span class='ocrx_word' id='word_1_284' title='bbox 981 2492 1135 2544; x_wconf 60' lang='lat' dir='ltr'>[qis-02}</span> <span class='ocrx_word' id='word_1_285' title='bbox 1201 2494 1259 2531; x_wconf 85' lang='grc' dir='ltr'>ἅλ-</span> 
     </span>
     <span class='ocr_line' id='line_1_42' title="bbox 211 2549 1258 2602; baseline 0.001 -12"><span class='ocrx_word' id='word_1_286' title='bbox 211 2554 332 2596; x_wconf 85' lang='grc' dir='ltr'>λωςτε</span> <span class='ocrx_word' id='word_1_287' title='bbox 331 2552 402 2589; x_wconf 82' lang='grc' dir='ltr'>οὐκ</span> <span class='ocrx_word' id='word_1_288' title='bbox 409 2549 599 2602; x_wconf 70' lang='grc' dir='ltr'>ἀχρήστως</span> <span class='ocrx_word' id='word_1_289' title='bbox 614 2553 690 2601; x_wconf 76' lang='grc' dir='ltr'>τῇ</span> <span class='ocrx_word' id='word_1_290' title='bbox 693 2549 823 2594; x_wconf 85' lang='grc' dir='ltr'>..εξιέπὶ</span> <span class='ocrx_word' id='word_1_291' title='bbox 835 2549 1001 2602; x_wconf 89' lang='grc' dir='ltr'>μαγείρου</span> <span class='ocrx_word' id='word_1_292' title='bbox 1015 2551 1075 2588; x_wconf 81' lang='grc' dir='ltr'>καὶ</span> <span class='ocrx_word' id='word_1_293' title='bbox 1092 2553 1258 2591; x_wconf 87' lang='grc' dir='ltr'>ἀλλαντο-</span> 
     </span>
    </p>

    <p class='ocr_par' dir='ltr' id='par_1_18' title="bbox 160 2606 1258 2778">
     <span class='ocr_line' id='line_1_43' title="bbox 160 2606 1258 2661; baseline 0 -13"><span class='ocrx_word' id='word_1_294' title='bbox 160 2631 196 2656; x_wconf 78' lang='lat'>40</span> <span class='ocrx_word' id='word_1_295' title='bbox 212 2606 343 2650; x_wconf 84' lang='grc' dir='ltr'>πώλου.</span> <span class='ocrx_word' id='word_1_296' title='bbox 361 2612 454 2659; x_wconf 90' lang='grc' dir='ltr'>ουτοι</span> <span class='ocrx_word' id='word_1_297' title='bbox 466 2607 533 2661; x_wconf 80' lang='grc' dir='ltr'>γὰρ</span> <span class='ocrx_word' id='word_1_298' title='bbox 547 2606 591 2645; x_wconf 79' lang='grc' dir='ltr'>τὰ</span> <span class='ocrx_word' id='word_1_299' title='bbox 611 2607 743 2659; x_wconf 85' lang='grc' dir='ltr'>ἔγκατα</span> <span class='ocrx_word' id='word_1_300' title='bbox 763 2607 983 2651; x_wconf 77' lang='grc' dir='ltr'>πλύνοντες’</span> <span class='ocrx_word' id='word_1_301' title='bbox 969 2608 1002 2652; x_wconf 85' lang='grc' dir='ltr'>εξ</span> <span class='ocrx_word' id='word_1_302' title='bbox 1023 2609 1178 2661; x_wconf 79' lang='grc' dir='ltr'>ἀνάγκης</span> <span class='ocrx_word' id='word_1_303' title='bbox 1195 2628 1258 2657; x_wconf 62' lang='grc' dir='ltr'>τ-νς</span> 
     </span>
     <span class='ocr_line' id='line_1_44' title="bbox 213 2665 1257 2720; baseline 0.001 -14"><span class='ocrx_word' id='word_1_304' title='bbox 213 2669 275 2706; x_wconf 85' lang='grc' dir='ltr'>ἀπ’</span> <span class='ocrx_word' id='word_1_305' title='bbox 297 2669 409 2705; x_wconf 77' lang='grc' dir='ltr'>αὐτῶν</span> <span class='ocrx_word' id='word_1_306' title='bbox 428 2668 644 2719; x_wconf 78' lang='grc' dir='ltr'>πληροῦνται</span> <span class='ocrx_word' id='word_1_307' title='bbox 669 2665 813 2719; x_wconf 89' lang='grc' dir='ltr'>κόπρου.</span> <span class='ocrx_word' id='word_1_308' title='bbox 833 2667 1099 2720; x_wconf 81' lang='grc' dir='ltr'>παρατηρητέον</span> <span class='ocrx_word' id='word_1_309' title='bbox 1119 2668 1176 2719; x_wconf 80' lang='grc' dir='ltr'>δὲ,</span> <span class='ocrx_word' id='word_1_310' title='bbox 1206 2669 1257 2707; x_wconf 72' lang='grc' dir='ltr'>ὅτι</span> 
     </span>
     <span class='ocr_line' id='line_1_45' title="bbox 213 2724 1221 2778; baseline 0.001 -13"><span class='ocrx_word' id='word_1_311' title='bbox 213 2728 248 2766; x_wconf 79' lang='grc' dir='ltr'>ἐν</span> <span class='ocrx_word' id='word_1_312' title='bbox 267 2732 374 2764; x_wconf 79' lang='grc' dir='ltr'>πᾶσιν</span> <span class='ocrx_word' id='word_1_313' title='bbox 392 2724 599 2775; x_wconf 66' lang='grc' dir='ltr'>ἀμείὸεσθαι</span> <span class='ocrx_word' id='word_1_314' title='bbox 614 2725 685 2767; x_wconf 77' lang='grc' dir='ltr'>τοῖς</span> <span class='ocrx_word' id='word_1_315' title='bbox 703 2724 789 2768; x_wconf 85' lang='grc' dir='ltr'>ἴσοις</span> <span class='ocrx_word' id='word_1_316' title='bbox 803 2731 966 2778; x_wconf 77' lang='grc' dir='ltr'>πειρᾶται</span> <span class='ocrx_word' id='word_1_317' title='bbox 984 2726 1041 2764; x_wconf 83' lang='grc' dir='ltr'>τὸν</span> <span class='ocrx_word' id='word_1_318' title='bbox 1060 2727 1221 2767; x_wconf 85' lang='grc' dir='ltr'>Κλέωνα.</span> 
     </span>
    </p>

    <p class='ocr_par' dir='ltr' id='par_1_19' title="bbox 214 2782 1257 2895">
     <span class='ocr_line' id='line_1_46' title="bbox 264 2782 1257 2837; baseline 0.003 -16"><span class='ocrx_word' id='word_1_319' title='bbox 264 2797 330 2823; x_wconf 83' lang='grc'>295.</span> <span class='ocrx_word' id='word_1_320' title='bbox 358 2782 610 2836; x_wconf 66' lang='grc' dir='ltr'>κοπροφορήσω</span> <span class='ocrx_word' id='word_1_321' title='bbox 634 2797 642 2822; x_wconf 75' lang='lat' dir='ltr'>t</span> <span class='ocrx_word' id='word_1_322' title='bbox 661 2782 804 2835; x_wconf 80' lang='grc' dir='ltr'>Κόπρου</span> <span class='ocrx_word' id='word_1_323' title='bbox 823 2798 861 2820; x_wconf 88' lang='grc' dir='ltr'>σε</span> <span class='ocrx_word' id='word_1_324' title='bbox 877 2783 1067 2837; x_wconf 85' lang='grc' dir='ltr'>πληρώσω.</span> <span class='ocrx_word' id='word_1_325' title='bbox 1086 2785 1205 2830; x_wconf 83' lang='grc' dir='ltr'>ἔπαιξε</span> <span class='ocrx_word' id='word_1_326' title='bbox 1222 2785 1257 2824; x_wconf 78' lang='grc' dir='ltr'>δὲ</span> 
     </span>
     <span class='ocr_line' id='line_1_47' title="bbox 214 2840 1257 2895; baseline 0.004 -17"><span class='ocrx_word' id='word_1_327' title='bbox 214 2840 312 2893; x_wconf 84' lang='grc' dir='ltr'>παρὰ</span> <span class='ocrx_word' id='word_1_328' title='bbox 335 2841 374 2878; x_wconf 84' lang='grc' dir='ltr'>τὸ</span> <span class='ocrx_word' id='word_1_329' title='bbox 398 2841 598 2894; x_wconf 73' lang='grc' dir='ltr'>διαφορήσω</span> <span class='ocrx_word' id='word_1_330' title='bbox 626 2856 677 2880; x_wconf 90' lang='grc' dir='ltr'>σε.</span> <span class='ocrx_word' id='word_1_331' title='bbox 707 2843 739 2878; x_wconf 79' lang='grc' dir='ltr'>οἱ</span> <span class='ocrx_word' id='word_1_332' title='bbox 773 2841 934 2894; x_wconf 87' lang='grc' dir='ltr'>μάγειροι</span> <span class='ocrx_word' id='word_1_333' title='bbox 962 2842 1029 2895; x_wconf 79' lang='grc' dir='ltr'>γὰρ</span> <span class='ocrx_word' id='word_1_334' title='bbox 1053 2842 1097 2881; x_wconf 79' lang='grc' dir='ltr'>τὰ</span> <span class='ocrx_word' id='word_1_335' title='bbox 1126 2844 1257 2894; x_wconf 85' lang='grc' dir='ltr'>ἔγκατα</span> 
     </span>
    </p>

    <p class='ocr_par' dir='ltr' id='par_1_20' title="bbox 164 2897 1257 3067">
     <span class='ocr_line' id='line_1_48' title="bbox 164 2897 1257 2971; baseline 0.006 -36"><span class='ocrx_word' id='word_1_336' title='bbox 164 2921 199 2946; x_wconf 76' lang='lat'>45</span> <span class='ocrx_word' id='word_1_337' title='bbox 216 2897 426 2942; x_wconf 84' lang='grc' dir='ltr'>πλύνοντες’</span> <span class='ocrx_word' id='word_1_338' title='bbox 407 2899 608 2971; x_wconf 83' lang='grc' dir='ltr'>αναγκαίως</span> <span class='ocrx_word' id='word_1_339' title='bbox 613 2901 828 2952; x_wconf 90' lang='grc' dir='ltr'>πληροῦνται</span> <span class='ocrx_word' id='word_1_340' title='bbox 838 2900 980 2953; x_wconf 90' lang='grc' dir='ltr'>κόπρου.</span> <span class='ocrx_word' id='word_1_341' title='bbox 1037 2900 1182 2946; x_wconf 86' lang='grc' dir='ltr'>Ἄλλως.</span> <span class='ocrx_word' id='word_1_342' title='bbox 1194 2903 1257 2949; x_wconf 64' lang='grc' dir='ltr'>τὴν</span> 
     </span>
     <span class='ocr_line' id='line_1_49' title="bbox 217 2955 1257 3013; baseline 0.004 -19"><span class='ocrx_word' id='word_1_343' title='bbox 217 2955 344 3008; x_wconf 89' lang='grc' dir='ltr'>κόπρον</span> <span class='ocrx_word' id='word_1_344' title='bbox 367 2956 548 3009; x_wconf 82' lang='grc' dir='ltr'>ἐκφορήσω</span> <span class='ocrx_word' id='word_1_345' title='bbox 570 2956 710 2995; x_wconf 88' lang='grc' dir='ltr'>τύπτων</span> <span class='ocrx_word' id='word_1_346' title='bbox 743 2974 794 2996; x_wconf 89' lang='grc' dir='ltr'>σε.</span> <span class='ocrx_word' id='word_1_347' title='bbox 823 2957 846 3004; x_wconf 83' lang='grc' dir='ltr'>ἢ</span> <span class='ocrx_word' id='word_1_348' title='bbox 871 2962 916 3002; x_wconf 89' lang='grc' dir='ltr'>ὡς</span> <span class='ocrx_word' id='word_1_349' title='bbox 950 2960 1179 3013; x_wconf 52' lang='grc' dir='ltr'>βυρσοδέψην,</span> <span class='ocrx_word' id='word_1_350' title='bbox 1205 2961 1257 2999; x_wconf 77' lang='grc' dir='ltr'>ὅτι</span> 
     </span>
     <span class='ocr_line' id='line_1_50' title="bbox 218 3011 798 3067; baseline 0.007 -18"><span class='ocrx_word' id='word_1_351' title='bbox 218 3011 339 3064; x_wconf 85' lang='grc' dir='ltr'>κόπρῳ</span> <span class='ocrx_word' id='word_1_352' title='bbox 359 3028 419 3056; x_wconf 91' lang='grc' dir='ltr'>τας</span> <span class='ocrx_word' id='word_1_353' title='bbox 437 3012 565 3065; x_wconf 84' lang='grc' dir='ltr'>βύρσας</span> <span class='ocrx_word' id='word_1_354' title='bbox 582 3014 798 3067; x_wconf 82' lang='grc' dir='ltr'>ἐθεράπευεν.</span> 
     </span>
    </p>

    <p class='ocr_par' dir='ltr' id='par_1_21' title="bbox 220 3071 1258 3185">
     <span class='ocr_line' id='line_1_51' title="bbox 271 3071 1258 3126; baseline 0.007 -19"><span class='ocrx_word' id='word_1_355' title='bbox 271 3083 334 3108; x_wconf 79' lang='grc'>296.</span> <span class='ocrx_word' id='word_1_356' title='bbox 362 3072 519 3120; x_wconf 82' lang='grc' dir='ltr'>ὁμολογῶ</span> <span class='ocrx_word' id='word_1_357' title='bbox 533 3071 690 3110; x_wconf 86' lang='grc' dir='ltr'>κλέπτειν</span> <span class='ocrx_word' id='word_1_358' title='bbox 713 3087 721 3112; x_wconf 91' lang='lat'><strong>:</strong></span> <span class='ocrx_word' id='word_1_359' title='bbox 739 3076 852 3112; x_wconf 89' lang='grc' dir='ltr'>Τοῦτο</span> <span class='ocrx_word' id='word_1_360' title='bbox 876 3075 910 3111; x_wconf 87' lang='grc' dir='ltr'>ἐν</span> <span class='ocrx_word' id='word_1_361' title='bbox 931 3075 1072 3113; x_wconf 86' lang='grc' dir='ltr'>υπονοία</span> <span class='ocrx_word' id='word_1_362' title='bbox 1089 3075 1194 3126; x_wconf 85' lang='grc' dir='ltr'>λέγει.</span> <span class='ocrx_word' id='word_1_363' title='bbox 1213 3079 1258 3121; x_wconf 85' lang='grc' dir='ltr'>ὡς</span> 
     </span>
     <span class='ocr_line' id='line_1_52' title="bbox 220 3126 1260 3185; baseline 0.006 -19"><span class='ocrx_word' id='word_1_364' title='bbox 220 3127 262 3166; x_wconf 94' lang='grc' dir='ltr'>αν</span> <span class='ocrx_word' id='word_1_365' title='bbox 276 3129 305 3165; x_wconf 85' lang='grc' dir='ltr'>εἷ</span> <span class='ocrx_word' id='word_1_366' title='bbox 321 3126 437 3177; x_wconf 85' lang='grc' dir='ltr'>ἔλεγε,</span> <span class='ocrx_word' id='word_1_367' title='bbox 452 3128 594 3180; x_wconf 90' lang='grc' dir='ltr'>σώφρων</span> <span class='ocrx_word' id='word_1_368' title='bbox 611 3146 682 3180; x_wconf 90' lang='grc' dir='ltr'>ειμι</span> <span class='ocrx_word' id='word_1_369' title='bbox 698 3147 757 3169; x_wconf 89' lang='grc' dir='ltr'>και</span> <span class='ocrx_word' id='word_1_370' title='bbox 772 3132 1054 3183; x_wconf 75' lang='grc' dir='ltr'>πεπαιδευμένος.</span> <span class='ocrx_word' id='word_1_371' title='bbox 1072 3135 1122 3171; x_wconf 82' lang='grc' dir='ltr'><em>ὃ</em></span> <span class='ocrx_word' id='word_1_372' title='bbox 1104 3133 1139 3171; x_wconf 80' lang='grc' dir='ltr'>οὲ</span> <span class='ocrx_word' id='word_1_373' title='bbox 1157 3136 1260 3185; x_wconf 72' lang='grc' dir='ltr'>αὐχεῖ</span> 
     </span>
    </p>

    <p class='ocr_par' dir='ltr' id='par_1_22' title="bbox 169 3184 1258 3295">
     <span class='ocr_line' id='line_1_53' title="bbox 169 3184 1258 3244; baseline 0.006 -20"><span class='ocrx_word' id='word_1_374' title='bbox 169 3213 204 3240; x_wconf 80' lang='lat'>50</span> <span class='ocrx_word' id='word_1_375' title='bbox 221 3185 279 3224; x_wconf 88' lang='grc' dir='ltr'>ἐπι</span> <span class='ocrx_word' id='word_1_376' title='bbox 300 3188 349 3223; x_wconf 87' lang='grc' dir='ltr'>τῶ</span> <span class='ocrx_word' id='word_1_377' title='bbox 366 3184 536 3223; x_wconf 86' lang='grc' dir='ltr'>κλέπτειν·</span> <span class='ocrx_word' id='word_1_378' title='bbox 563 3187 586 3223; x_wconf 85' lang='grc' dir='ltr'>ἃ</span> <span class='ocrx_word' id='word_1_379' title='bbox 607 3187 765 3237; x_wconf 83' lang='grc' dir='ltr'>κλέπτω,</span> <span class='ocrx_word' id='word_1_380' title='bbox 784 3190 902 3241; x_wconf 84' lang='grc' dir='ltr'>ὀμνύω</span> <span class='ocrx_word' id='word_1_381' title='bbox 928 3190 977 3241; x_wconf 86' lang='grc' dir='ltr'>μὴ</span> <span class='ocrx_word' id='word_1_382' title='bbox 1000 3191 1219 3244; x_wconf 88' lang='grc' dir='ltr'>κεκλοφέναι.</span> <span class='ocrx_word' id='word_1_383' title='bbox 1241 3210 1258 3230; x_wconf 91' lang='lat'>0</span> 
     </span>
     <span class='ocr_line' id='line_1_54' title="bbox 220 3242 702 3295; baseline 0 -12"><span class='ocrx_word' id='word_1_384' title='bbox 220 3246 311 3283; x_wconf 81' lang='grc' dir='ltr'>ἐστιν</span> <span class='ocrx_word' id='word_1_385' title='bbox 328 3242 531 3295; x_wconf 63' lang='grc' dir='ltr'>ὖπερὸολὴ’</span> <span class='ocrx_word' id='word_1_386' title='bbox 518 3244 702 3295; x_wconf 87' lang='grc' dir='ltr'>επιορκίας.</span> 
     </span>
    </p>

    <p class='ocr_par' dir='ltr' id='par_1_23' title="bbox 273 3299 1260 3360">
     <span class='ocr_line' id='line_1_55' title="bbox 273 3299 1260 3360; baseline 0.006 -20"><span class='ocrx_word' id='word_1_387' title='bbox 273 3315 335 3340; x_wconf 90' lang='grc'>297.</span> <span class='ocrx_word' id='word_1_388' title='bbox 365 3299 406 3346; x_wconf 84' lang='grc' dir='ltr'>νὴ</span> <span class='ocrx_word' id='word_1_389' title='bbox 422 3300 479 3338; x_wconf 87' lang='grc' dir='ltr'>τὸν</span> <span class='ocrx_word' id='word_1_390' title='bbox 499 3300 635 3354; x_wconf 87' lang='grc' dir='ltr'>Ἑρμην</span> <span class='ocrx_word' id='word_1_391' title='bbox 659 3318 717 3340; x_wconf 89' lang='grc' dir='ltr'>τον</span> <span class='ocrx_word' id='word_1_392' title='bbox 745 3306 907 3358; x_wconf 69' lang='grc' dir='ltr'>ἀγοραῖον</span> <span class='ocrx_word' id='word_1_393' title='bbox 934 3320 942 3346; x_wconf 93' lang='lat'>:</span> <span class='ocrx_word' id='word_1_394' title='bbox 974 3307 1260 3360; x_wconf 88' lang='grc' dir='ltr'>Περισπωμένως</span> 
     </span>
    </p>

    <p class='ocr_par' dir='ltr' id='par_1_24' title="bbox 221 3358 1258 3436">
     <span class='ocr_line' id='line_1_56' title="bbox 221 3358 1258 3436; baseline 0.006 -37"><span class='ocrx_word' id='word_1_395' title='bbox 221 3360 279 3399; x_wconf 84' lang='grc' dir='ltr'>ἐπι</span> <span class='ocrx_word' id='word_1_396' title='bbox 293 3375 353 3397; x_wconf 86' lang='grc' dir='ltr'>του</span> <span class='ocrx_word' id='word_1_397' title='bbox 373 3362 462 3398; x_wconf 90' lang='grc' dir='ltr'>θεοῦ.</span> <span class='ocrx_word' id='word_1_398' title='bbox 486 3359 520 3396; x_wconf 82' lang='grc' dir='ltr'>ἐν</span> <span class='ocrx_word' id='word_1_399' title='bbox 552 3358 640 3410; x_wconf 83' lang='grc' dir='ltr'>μέσῃ</span> <span class='ocrx_word' id='word_1_400' title='bbox 668 3360 734 3413; x_wconf 86' lang='grc' dir='ltr'>γὰρ</span> <span class='ocrx_word' id='word_1_401' title='bbox 761 3366 804 3414; x_wconf 82' lang='grc' dir='ltr'>τῇ</span> <span class='ocrx_word' id='word_1_402' title='bbox 826 3365 936 3436; x_wconf 78' lang='grc' dir='ltr'>ἀγορᾷ</span> <span class='ocrx_word' id='word_1_403' title='bbox 959 3364 1095 3417; x_wconf 81' lang='grc' dir='ltr'>ἵδρυται</span> <span class='ocrx_word' id='word_1_404' title='bbox 1124 3366 1258 3419; x_wconf 84' lang='grc' dir='ltr'>Ἕρμου</span> 
     </span>
    </p>
   </div>
   <div class='ocr_carea' id='block_1_5' title="bbox 230 3420 240 3433">
    <p class='ocr_par' dir='ltr' id='par_1_25' title="bbox 230 3420 240 3433">
     <span class='ocr_line' id='line_1_57' title="bbox 230 3420 240 3433; baseline 0 0"><span class='ocrx_word' id='word_1_405' title='bbox 230 3420 240 3433; x_wconf 71' lang='grc' dir='ltr'><strong><em>Ί</em></strong></span> 
     </span>
    </p>
   </div>
   <div class='ocr_carea' id='block_1_6' title="bbox 222 3417 1259 3477">
    <p class='ocr_par' dir='ltr' id='par_1_26' title="bbox 222 3417 1259 3477">
     <span class='ocr_line' id='line_1_58' title="bbox 222 3417 1259 3477; baseline 0.009 -23"><span class='ocrx_word' id='word_1_406' title='bbox 222 3417 386 3475; x_wconf 70' lang='grc' dir='ltr'>αγοραίου</span> <span class='ocrx_word' id='word_1_407' title='bbox 407 3417 563 3468; x_wconf 82' lang='grc' dir='ltr'>ἄγαλμα.</span> <span class='ocrx_word' id='word_1_408' title='bbox 586 3419 848 3458; x_wconf 84' lang='grc' dir='ltr'>πλεονεκτεῖν</span> <span class='ocrx_word' id='word_1_409' title='bbox 831 3421 866 3459; x_wconf 81' lang='grc' dir='ltr'>οὲ</span> <span class='ocrx_word' id='word_1_410' title='bbox 891 3422 994 3461; x_wconf 81' lang='grc' dir='ltr'>αὐτὸν</span> <span class='ocrx_word' id='word_1_411' title='bbox 1019 3430 1180 3477; x_wconf 75' lang='grc' dir='ltr'>πειρᾶται</span> <span class='ocrx_word' id='word_1_412' title='bbox 1210 3424 1259 3474; x_wconf 80' lang='grc' dir='ltr'>μὴ</span> 
     </span>
    </p>
   </div>
   <div class='ocr_carea' id='block_1_7' title="bbox 2308 263 2356 296">
    <p class='ocr_par' dir='ltr' id='par_1_27' title="bbox 2308 263 2356 296">
     <span class='ocr_line' id='line_1_59' title="bbox 2308 263 2356 296; baseline 0.021 -1"><span class='ocrx_word' id='word_1_413' title='bbox 2308 263 2356 296; x_wconf 77' lang='grc'>43</span> 
     </span>
    </p>
   </div>
   <div class='ocr_carea' id='block_1_8' title="bbox 1310 335 2420 3349">
    <p class='ocr_par' dir='ltr' id='par_1_28' title="bbox 1311 335 2363 508">
     <span class='ocr_line' id='line_1_60' title="bbox 1317 335 2362 394; baseline 0.007 -21"><span class='ocrx_word' id='word_1_414' title='bbox 1317 335 1421 386; x_wconf 85' lang='grc' dir='ltr'>μόνον</span> <span class='ocrx_word' id='word_1_415' title='bbox 1447 336 1622 388; x_wconf 89' lang='grc' dir='ltr'>κλέπτων,</span> <span class='ocrx_word' id='word_1_416' title='bbox 1645 336 1736 375; x_wconf 76' lang='grc' dir='ltr'>ἀλλὰ</span> <span class='ocrx_word' id='word_1_417' title='bbox 1767 338 1827 376; x_wconf 74' lang='grc' dir='ltr'>καὶ</span> <span class='ocrx_word' id='word_1_418' title='bbox 1847 339 2035 391; x_wconf 82' lang='grc' dir='ltr'>διαρρήδην</span> <span class='ocrx_word' id='word_1_419' title='bbox 2064 342 2247 394; x_wconf 88' lang='grc' dir='ltr'>ἐπιορκῶν.</span> <span class='ocrx_word' id='word_1_420' title='bbox 2279 337 2362 392; x_wconf 70' lang='grc' dir='ltr'>οἷον,</span> 
     </span>
     <span class='ocr_line' id='line_1_61' title="bbox 1314 394 2363 452; baseline 0.006 -20"><span class='ocrx_word' id='word_1_421' title='bbox 1314 394 1385 444; x_wconf 78' lang='grc' dir='ltr'>ἐμά</span> <span class='ocrx_word' id='word_1_422' title='bbox 1406 397 1478 432; x_wconf 89' lang='grc' dir='ltr'>ἐστι</span> <span class='ocrx_word' id='word_1_423' title='bbox 1499 400 1610 434; x_wconf 86' lang='grc' dir='ltr'>ταῦτα</span> <span class='ocrx_word' id='word_1_424' title='bbox 1639 395 1681 434; x_wconf 84' lang='grc' dir='ltr'>τὰ</span> <span class='ocrx_word' id='word_1_425' title='bbox 1702 396 1972 448; x_wconf 77' lang='grc' dir='ltr'>ἐπιχειρήματα.</span> <span class='ocrx_word' id='word_1_426' title='bbox 1994 398 2180 452; x_wconf 82' lang='grc' dir='ltr'>ἀμφότεροι</span> <span class='ocrx_word' id='word_1_427' title='bbox 2201 399 2236 437; x_wconf 80' lang='grc' dir='ltr'>δὲ</span> <span class='ocrx_word' id='word_1_428' title='bbox 2254 400 2363 451; x_wconf 86' lang='grc' dir='ltr'>ἁμιλ-</span> 
     </span>
     <span class='ocr_line' id='line_1_62' title="bbox 1311 454 1904 508; baseline 0.005 -18"><span class='ocrx_word' id='word_1_429' title='bbox 1311 455 1440 491; x_wconf 80' lang='grc' dir='ltr'>λῶνται</span> <span class='ocrx_word' id='word_1_430' title='bbox 1460 454 1510 497; x_wconf 90' lang='grc' dir='ltr'>τίς</span> <span class='ocrx_word' id='word_1_431' title='bbox 1527 456 1618 491; x_wconf 83' lang='grc' dir='ltr'>ἐστιν</span> <span class='ocrx_word' id='word_1_432' title='bbox 1633 456 1745 492; x_wconf 78' lang='grc' dir='ltr'>αὐτῶν</span> <span class='ocrx_word' id='word_1_433' title='bbox 1766 455 1904 508; x_wconf 75' lang='grc' dir='ltr'>χείρων.</span> 
     </span>
    </p>

    <p class='ocr_par' dir='ltr' id='par_1_29' title="bbox 1310 509 2391 796">
     <span class='ocr_line' id='line_1_63' title="bbox 1363 509 2357 568; baseline 0.005 -19"><span class='ocrx_word' id='word_1_434' title='bbox 1363 526 1427 550; x_wconf 78' lang='grc'>298.</span> <span class='ocrx_word' id='word_1_435' title='bbox 1458 514 1638 565; x_wconf 75' lang='grc' dir='ltr'>κάπιορκῶ</span> <span class='ocrx_word' id='word_1_436' title='bbox 1661 529 1699 563; x_wconf 89' lang='grc' dir='ltr'>γε</span> <span class='ocrx_word' id='word_1_437' title='bbox 1727 513 1923 564; x_wconf 83' lang='grc' dir='ltr'>βλεπόντων</span> <span class='ocrx_word' id='word_1_438' title='bbox 1956 528 1964 553; x_wconf 89' lang='lat'><strong>:</strong></span> <span class='ocrx_word' id='word_1_439' title='bbox 1994 509 2091 561; x_wconf 70' lang='grc' dir='ltr'>Οἶον,</span> <span class='ocrx_word' id='word_1_440' title='bbox 2119 514 2277 568; x_wconf 84' lang='grc' dir='ltr'>ὁρώντων</span> <span class='ocrx_word' id='word_1_441' title='bbox 2304 516 2357 555; x_wconf 79' lang='grc' dir='ltr'>ὅτι</span> 
     </span>
     <span class='ocr_line' id='line_1_64' title="bbox 1311 568 2391 627; baseline 0.007 -21"><span class='ocrx_word' id='word_1_442' title='bbox 1311 568 1503 607; x_wconf 87' lang='grc' dir='ltr'>κλέπτων</span> <span class='ocrx_word' id='word_1_443' title='bbox 1488 570 1603 619; x_wconf 89' lang='grc' dir='ltr'>ομνύω</span> <span class='ocrx_word' id='word_1_444' title='bbox 1623 571 1674 608; x_wconf 80' lang='grc' dir='ltr'>ὅτι</span> <span class='ocrx_word' id='word_1_445' title='bbox 1695 586 1757 609; x_wconf 91' lang='grc' dir='ltr'>ουκ</span> <span class='ocrx_word' id='word_1_446' title='bbox 1779 572 1857 609; x_wconf 82' lang='grc' dir='ltr'>ἔκλε</span> <span class='ocrx_word' id='word_1_447' title='bbox 1844 575 1920 624; x_wconf 66' lang='grc' dir='ltr'>εψα.</span> <span class='ocrx_word' id='word_1_448' title='bbox 1940 577 2040 611; x_wconf 89' lang='grc' dir='ltr'>τοῦτο</span> <span class='ocrx_word' id='word_1_449' title='bbox 2061 573 2096 611; x_wconf 83' lang='grc' dir='ltr'>δὲ</span> <span class='ocrx_word' id='word_1_450' title='bbox 2116 590 2243 627; x_wconf 85' lang='grc' dir='ltr'>προστ;</span> <span class='ocrx_word' id='word_1_451' title='bbox 2235 575 2356 614; x_wconf 80' lang='grc' dir='ltr'>-Οεικεν</span> <span class='ocrx_word' id='word_1_452' title='bbox 2376 595 2391 620; x_wconf 83' lang='grc'>5</span> 
     </span>
     <span class='ocr_line' id='line_1_65' title="bbox 1311 627 2354 683; baseline 0.009 -20"><span class='ocrx_word' id='word_1_453' title='bbox 1311 629 1329 663; x_wconf 82' lang='grc' dir='ltr'>ὁ</span> <span class='ocrx_word' id='word_1_454' title='bbox 1350 627 1643 679; x_wconf 80' lang='grc' dir='ltr'>Ἀγοράκριτος,</span> <span class='ocrx_word' id='word_1_455' title='bbox 1631 627 1683 665; x_wconf 87' lang='grc' dir='ltr'>ότι</span> <span class='ocrx_word' id='word_1_456' title='bbox 1699 630 1928 667; x_wconf 72' lang='grc' dir='ltr'>πλεονεκτεῖ</span> <span class='ocrx_word' id='word_1_457' title='bbox 1915 647 1968 668; x_wconf 89' lang='grc' dir='ltr'>εκε</span> <span class='ocrx_word' id='word_1_458' title='bbox 1975 648 2042 669; x_wconf 89' lang='grc' dir='ltr'>ινον</span> <span class='ocrx_word' id='word_1_459' title='bbox 2059 648 2119 669; x_wconf 92' lang='grc' dir='ltr'>και</span> <span class='ocrx_word' id='word_1_460' title='bbox 2138 635 2248 683; x_wconf 77' lang='grc' dir='ltr'>μα)λ</span> <span class='ocrx_word' id='word_1_461' title='bbox 2236 650 2271 671; x_wconf 83' lang='grc' dir='ltr'>ον</span> <span class='ocrx_word' id='word_1_462' title='bbox 2290 649 2354 672; x_wconf 58' lang='grc' dir='ltr'>πορ</span> 
     </span>
     <span class='ocr_line' id='line_1_66' title="bbox 1310 685 2356 745; baseline 0.009 -24"><span class='ocrx_word' id='word_1_463' title='bbox 1310 685 1408 736; x_wconf 84' lang='grc' dir='ltr'>νηρὸς</span> <span class='ocrx_word' id='word_1_464' title='bbox 1423 689 1509 723; x_wconf 90' lang='grc' dir='ltr'>εἰναι</span> <span class='ocrx_word' id='word_1_465' title='bbox 1530 687 1642 734; x_wconf 82' lang='grc' dir='ltr'>δοκεῖ,</span> <span class='ocrx_word' id='word_1_466' title='bbox 1655 688 1683 724; x_wconf 86' lang='grc' dir='ltr'>εἰ</span> <span class='ocrx_word' id='word_1_467' title='bbox 1700 689 1736 724; x_wconf 84' lang='grc' dir='ltr'>οὐ</span> <span class='ocrx_word' id='word_1_468' title='bbox 1756 687 1896 726; x_wconf 88' lang='grc' dir='ltr'>κλεπτει</span> <span class='ocrx_word' id='word_1_469' title='bbox 1925 689 2038 739; x_wconf 82' lang='grc' dir='ltr'>μόνον,</span> <span class='ocrx_word' id='word_1_470' title='bbox 2058 691 2147 728; x_wconf 81' lang='grc' dir='ltr'>ἀλλὰ</span> <span class='ocrx_word' id='word_1_471' title='bbox 2168 692 2226 729; x_wconf 83' lang='grc' dir='ltr'>καὶ</span> <span class='ocrx_word' id='word_1_472' title='bbox 2252 708 2356 745; x_wconf 83' lang='grc' dir='ltr'>φανε-</span> 
     </span>
     <span class='ocr_line' id='line_1_67' title="bbox 1312 745 1557 796; baseline 0.009 -17"><span class='ocrx_word' id='word_1_473' title='bbox 1312 745 1377 796; x_wconf 88' lang='grc' dir='ltr'>ρῶς</span> <span class='ocrx_word' id='word_1_474' title='bbox 1393 745 1557 796; x_wconf 87' lang='grc' dir='ltr'>ἐπιορκεῖ.</span> 
     </span>
    </p>

    <p class='ocr_par' dir='ltr' id='par_1_30' title="bbox 1310 802 2413 1032">
     <span class='ocr_line' id='line_1_68' title="bbox 1364 802 2357 858; baseline 0.008 -19"><span class='ocrx_word' id='word_1_475' title='bbox 1364 814 1428 840; x_wconf 88' lang='grc'>299.</span> <span class='ocrx_word' id='word_1_476' title='bbox 1459 802 1587 854; x_wconf 80' lang='grc' dir='ltr'>σοφίζει</span> <span class='ocrx_word' id='word_1_477' title='bbox 1608 816 1616 840; x_wconf 89' lang='lat'>:</span> <span class='ocrx_word' id='word_1_478' title='bbox 1641 803 1824 855; x_wconf 79' lang='grc' dir='ltr'>Τεχνάζει.</span> <span class='ocrx_word' id='word_1_479' title='bbox 1851 804 1970 858; x_wconf 82' lang='grc' dir='ltr'>σοφίας</span> <span class='ocrx_word' id='word_1_480' title='bbox 1988 805 2055 858; x_wconf 80' lang='grc' dir='ltr'>γὰρ</span> <span class='ocrx_word' id='word_1_481' title='bbox 2076 806 2192 857; x_wconf 83' lang='grc' dir='ltr'>ἔλεγον</span> <span class='ocrx_word' id='word_1_482' title='bbox 2220 808 2281 852; x_wconf 79' lang='grc' dir='ltr'>τὰς</span> <span class='ocrx_word' id='word_1_483' title='bbox 2297 809 2357 847; x_wconf 90' lang='grc' dir='ltr'>τέ-</span> 
     </span>
     <span class='ocr_line' id='line_1_69' title="bbox 1310 860 2413 915; baseline 0.01 -19"><span class='ocrx_word' id='word_1_484' title='bbox 1310 874 1406 910; x_wconf 83' lang='grc' dir='ltr'>χνας.</span> <span class='ocrx_word' id='word_1_485' title='bbox 1432 860 1477 897; x_wconf 79' lang='grc' dir='ltr'>τὰ</span> <span class='ocrx_word' id='word_1_486' title='bbox 1503 860 1669 913; x_wconf 83' lang='grc' dir='ltr'>ἀλλότρια</span> <span class='ocrx_word' id='word_1_487' title='bbox 1688 861 1817 912; x_wconf 87' lang='grc' dir='ltr'>λέγεις,</span> <span class='ocrx_word' id='word_1_488' title='bbox 1840 863 1957 915; x_wconf 82' lang='grc' dir='ltr'>φησίν.</span> <span class='ocrx_word' id='word_1_489' title='bbox 1976 864 2045 914; x_wconf 87' lang='grc' dir='ltr'>ἐμά</span> <span class='ocrx_word' id='word_1_490' title='bbox 2075 867 2148 902; x_wconf 84' lang='grc' dir='ltr'>ἐστι</span> <span class='ocrx_word' id='word_1_491' title='bbox 2176 870 2286 904; x_wconf 88' lang='grc' dir='ltr'>ταῦτα</span> <span class='ocrx_word' id='word_1_492' title='bbox 2313 867 2357 905; x_wconf 73' lang='grc' dir='ltr'>τὰ</span> <span class='ocrx_word' id='word_1_493' title='bbox 2380 883 2413 908; x_wconf 89' lang='lat'>10</span> 
     </span>
     <span class='ocr_line' id='line_1_70' title="bbox 1312 919 2355 972; baseline 0.009 -18"><span class='ocrx_word' id='word_1_494' title='bbox 1312 919 1582 970; x_wconf 76' lang='grc' dir='ltr'>ἐπιχειρήματα.</span> <span class='ocrx_word' id='word_1_495' title='bbox 1607 921 1652 963; x_wconf 84' lang='grc' dir='ltr'>ὡς</span> <span class='ocrx_word' id='word_1_496' title='bbox 1681 922 1710 958; x_wconf 83' lang='grc' dir='ltr'>εἰ</span> <span class='ocrx_word' id='word_1_497' title='bbox 1739 920 1856 972; x_wconf 82' lang='grc' dir='ltr'>ἔλεγε,</span> <span class='ocrx_word' id='word_1_498' title='bbox 1885 921 1929 959; x_wconf 86' lang='grc' dir='ltr'>τὰ</span> <span class='ocrx_word' id='word_1_499' title='bbox 1947 922 2016 972; x_wconf 80' lang='grc' dir='ltr'>ἐμὰ</span> <span class='ocrx_word' id='word_1_500' title='bbox 2043 922 2155 961; x_wconf 88' lang='grc' dir='ltr'>τοίνυν</span> <span class='ocrx_word' id='word_1_501' title='bbox 2185 924 2355 967; x_wconf 83' lang='grc' dir='ltr'>κλέπτεις.</span> 
     </span>
     <span class='ocr_line' id='line_1_71' title="bbox 1314 977 1962 1032; baseline 0.005 -18"><span class='ocrx_word' id='word_1_502' title='bbox 1314 977 1429 1029; x_wconf 77' lang='grc' dir='ltr'>[φανῶ</span> <span class='ocrx_word' id='word_1_503' title='bbox 1450 977 1506 1024; x_wconf 80' lang='grc' dir='ltr'>δὲ,</span> <span class='ocrx_word' id='word_1_504' title='bbox 1526 977 1679 1030; x_wconf 77' lang='grc' dir='ltr'>φανίσω,</span> <span class='ocrx_word' id='word_1_505' title='bbox 1697 980 1962 1032; x_wconf 60' lang='grc' dir='ltr'>κατηγορήσω]</span> 
     </span>
    </p>

    <p class='ocr_par' dir='ltr' id='par_1_31' title="bbox 1313 1036 2366 1326">
     <span class='ocr_line' id='line_1_72' title="bbox 1366 1036 2364 1085; baseline 0.006 -12"><span class='ocrx_word' id='word_1_506' title='bbox 1366 1049 1428 1074; x_wconf 83' lang='lat'>301.</span> <span class='ocrx_word' id='word_1_507' title='bbox 1454 1036 1702 1080; x_wconf 86' lang='grc' dir='ltr'>ἀδεκατεύτους</span> <span class='ocrx_word' id='word_1_508' title='bbox 1724 1041 1791 1075; x_wconf 88' lang='grc' dir='ltr'>τῶν</span> <span class='ocrx_word' id='word_1_509' title='bbox 1812 1041 1897 1076; x_wconf 86' lang='grc' dir='ltr'>θεῶν</span> <span class='ocrx_word' id='word_1_510' title='bbox 1919 1053 1928 1077; x_wconf 89' lang='lat'>:</span> <span class='ocrx_word' id='word_1_511' title='bbox 1950 1038 2010 1085; x_wconf 78' lang='grc' dir='ltr'>Μὴ</span> <span class='ocrx_word' id='word_1_512' title='bbox 2029 1040 2203 1078; x_wconf 82' lang='grc' dir='ltr'>δεδωκότα</span> <span class='ocrx_word' id='word_1_513' title='bbox 2225 1041 2283 1078; x_wconf 82' lang='grc' dir='ltr'>ἀπ’</span> <span class='ocrx_word' id='word_1_514' title='bbox 2302 1043 2364 1080; x_wconf 83' lang='grc' dir='ltr'>αὗ-</span> 
     </span>
     <span class='ocr_line' id='line_1_73' title="bbox 1313 1093 2359 1152; baseline 0.007 -21"><span class='ocrx_word' id='word_1_515' title='bbox 1313 1097 1380 1132; x_wconf 85' lang='grc' dir='ltr'>τῶν</span> <span class='ocrx_word' id='word_1_516' title='bbox 1401 1094 1464 1141; x_wconf 78' lang='grc' dir='ltr'>τὴν</span> <span class='ocrx_word' id='word_1_517' title='bbox 1485 1095 1632 1141; x_wconf 86' lang='grc' dir='ltr'>δεκάτην</span> <span class='ocrx_word' id='word_1_518' title='bbox 1655 1097 1778 1149; x_wconf 76' lang='grc' dir='ltr'>μοῖραν</span> <span class='ocrx_word' id='word_1_519' title='bbox 1801 1103 1870 1141; x_wconf 89' lang='grc' dir='ltr'>τοῖς</span> <span class='ocrx_word' id='word_1_520' title='bbox 1890 1099 1988 1141; x_wconf 80' lang='grc' dir='ltr'>θεοῖς.</span> <span class='ocrx_word' id='word_1_521' title='bbox 2008 1098 2081 1142; x_wconf 81' lang='grc' dir='ltr'>ἔθος</span> <span class='ocrx_word' id='word_1_522' title='bbox 2100 1098 2166 1152; x_wconf 86' lang='grc' dir='ltr'>γὰρ</span> <span class='ocrx_word' id='word_1_523' title='bbox 2187 1093 2278 1152; x_wconf 69' lang='grc' dir='ltr'>εἶχον</span> <span class='ocrx_word' id='word_1_524' title='bbox 2298 1100 2359 1144; x_wconf 80' lang='grc' dir='ltr'>τὰς</span> 
     </span>
     <span class='ocr_line' id='line_1_74' title="bbox 1314 1152 2366 1210; baseline 0.007 -21"><span class='ocrx_word' id='word_1_525' title='bbox 1314 1152 1460 1196; x_wconf 86' lang='grc' dir='ltr'>δεκάτας</span> <span class='ocrx_word' id='word_1_526' title='bbox 1477 1156 1545 1191; x_wconf 90' lang='grc' dir='ltr'>τῶν</span> <span class='ocrx_word' id='word_1_527' title='bbox 1569 1153 1742 1204; x_wconf 84' lang='grc' dir='ltr'>θυομένων</span> <span class='ocrx_word' id='word_1_528' title='bbox 1758 1157 1828 1198; x_wconf 81' lang='grc' dir='ltr'>τοῖς</span> <span class='ocrx_word' id='word_1_529' title='bbox 1847 1155 2056 1206; x_wconf 85' lang='grc' dir='ltr'>πρυτάνεσιν</span> <span class='ocrx_word' id='word_1_530' title='bbox 2079 1159 2109 1194; x_wconf 82' lang='grc' dir='ltr'>οἱ</span> <span class='ocrx_word' id='word_1_531' title='bbox 2130 1157 2289 1210; x_wconf 88' lang='grc' dir='ltr'>μάγειροι</span> <span class='ocrx_word' id='word_1_532' title='bbox 2315 1160 2366 1196; x_wconf 91' lang='grc' dir='ltr'>δι-</span> 
     </span>
     <span class='ocr_line' id='line_1_75' title="bbox 1314 1211 2365 1267; baseline 0.006 -18"><span class='ocrx_word' id='word_1_533' title='bbox 1314 1211 1421 1250; x_wconf 88' lang='grc' dir='ltr'>δόναι.</span> <span class='ocrx_word' id='word_1_534' title='bbox 1443 1212 1517 1250; x_wconf 88' lang='grc' dir='ltr'>δέον</span> <span class='ocrx_word' id='word_1_535' title='bbox 1545 1212 1579 1250; x_wconf 77' lang='grc' dir='ltr'>δὲ</span> <span class='ocrx_word' id='word_1_536' title='bbox 1601 1215 1723 1260; x_wconf 80' lang='grc' dir='ltr'>εἰπεῖν,</span> <span class='ocrx_word' id='word_1_537' title='bbox 1745 1213 1973 1252; x_wconf 82' lang='grc' dir='ltr'>ἀδεκάτευτον</span> <span class='ocrx_word' id='word_1_538' title='bbox 1993 1214 2117 1267; x_wconf 73' lang='grc' dir='ltr'>ἔχοντα</span> <span class='ocrx_word' id='word_1_539' title='bbox 2137 1216 2268 1264; x_wconf 84' lang='grc' dir='ltr'>οὐσίαν,</span> <span class='ocrx_word' id='word_1_540' title='bbox 2291 1220 2309 1255; x_wconf 78' lang='grc' dir='ltr'><strong><em>ὃ</em></strong></span> <span class='ocrx_word' id='word_1_541' title='bbox 2329 1217 2365 1255; x_wconf 84' lang='grc' dir='ltr'>δὲ</span> 
     </span>
     <span class='ocr_line' id='line_1_76' title="bbox 1314 1270 2255 1326; baseline 0.004 -18"><span class='ocrx_word' id='word_1_542' title='bbox 1314 1271 1390 1309; x_wconf 81' lang='grc' dir='ltr'>ἀντὶ</span> <span class='ocrx_word' id='word_1_543' title='bbox 1410 1270 1527 1314; x_wconf 77' lang='grc' dir='ltr'>οὐσίας</span> <span class='ocrx_word' id='word_1_544' title='bbox 1539 1302 1548 1317; x_wconf 83' lang='lat'>‚</span> <span class='ocrx_word' id='word_1_545' title='bbox 1562 1271 1693 1315; x_wconf 85' lang='grc' dir='ltr'>κοιλίας</span> <span class='ocrx_word' id='word_1_546' title='bbox 1714 1272 1903 1324; x_wconf 82' lang='grc' dir='ltr'>ἐπήνεγκεν</span> <span class='ocrx_word' id='word_1_547' title='bbox 1923 1276 1969 1317; x_wconf 81' lang='grc' dir='ltr'>ὡς</span> <span class='ocrx_word' id='word_1_548' title='bbox 1989 1274 2255 1326; x_wconf 85' lang='grc' dir='ltr'>ἀλλαντοπώλῃ.</span> 
     </span>
    </p>

    <p class='ocr_par' dir='ltr' id='par_1_32' title="bbox 1316 1328 2368 2202">
     <span class='ocr_line' id='line_1_77' title="bbox 1367 1328 2363 1383; baseline 0.004 -15"><span class='ocrx_word' id='word_1_549' title='bbox 1367 1343 1430 1368; x_wconf 84' lang='grc'>303.</span> <span class='ocrx_word' id='word_1_550' title='bbox 1466 1331 1570 1376; x_wconf 76' lang='grc' dir='ltr'>διπλῆ</span> <span class='ocrx_word' id='word_1_551' title='bbox 1594 1330 1750 1381; x_wconf 86' lang='grc' dir='ltr'>περίοδος</span> <span class='ocrx_word' id='word_1_552' title='bbox 1777 1331 1836 1369; x_wconf 83' lang='grc' dir='ltr'>καὶ</span> <span class='ocrx_word' id='word_1_553' title='bbox 1860 1330 2005 1375; x_wconf 81' lang='grc' dir='ltr'>εἷσθεσις</span> <span class='ocrx_word' id='word_1_554' title='bbox 2029 1331 2151 1370; x_wconf 85' lang='grc' dir='ltr'>κώλων</span> <span class='ocrx_word' id='word_1_555' title='bbox 2178 1334 2228 1383; x_wconf 84' lang='grc' dir='ltr'>θ’,</span> <span class='ocrx_word' id='word_1_556' title='bbox 2255 1328 2296 1380; x_wconf 71' lang='grc' dir='ltr'>ἧς</span> <span class='ocrx_word' id='word_1_557' title='bbox 2322 1334 2363 1372; x_wconf 77' lang='grc' dir='ltr'>τὸ</span> 
     </span>
     <span class='ocr_line' id='line_1_78' title="bbox 1316 1389 2364 1444; baseline 0.005 -20"><span class='ocrx_word' id='word_1_558' title='bbox 1316 1390 1454 1440; x_wconf 85' lang='grc' dir='ltr'>πρῶτον</span> <span class='ocrx_word' id='word_1_559' title='bbox 1479 1389 1668 1426; x_wconf 78' lang='grc' dir='ltr'>παιωνικὸν</span> <span class='ocrx_word' id='word_1_560' title='bbox 1690 1389 1864 1442; x_wconf 78' lang='grc' dir='ltr'>δίρυθμον,</span> <span class='ocrx_word' id='word_1_561' title='bbox 1889 1390 1928 1428; x_wconf 86' lang='grc' dir='ltr'>τὸ</span> <span class='ocrx_word' id='word_1_562' title='bbox 1955 1390 2110 1443; x_wconf 84' lang='grc' dir='ltr'>δεύτερον</span> <span class='ocrx_word' id='word_1_563' title='bbox 2137 1393 2175 1429; x_wconf 85' lang='grc' dir='ltr'>ἐκ</span> <span class='ocrx_word' id='word_1_564' title='bbox 2199 1395 2364 1444; x_wconf 72' lang='grc' dir='ltr'>κρητικοῦ</span> 
     </span>
     <span class='ocr_line' id='line_1_79' title="bbox 1316 1446 2363 1502; baseline 0.004 -19"><span class='ocrx_word' id='word_1_565' title='bbox 1316 1446 1376 1484; x_wconf 77' lang='grc' dir='ltr'>καὶ</span> <span class='ocrx_word' id='word_1_566' title='bbox 1397 1446 1562 1498; x_wconf 75' lang='grc' dir='ltr'>δοχμίου,</span> <span class='ocrx_word' id='word_1_567' title='bbox 1579 1447 1623 1484; x_wconf 85' lang='grc' dir='ltr'>τὰ</span> <span class='ocrx_word' id='word_1_568' title='bbox 1643 1447 1678 1485; x_wconf 77' lang='grc' dir='ltr'>δὲ</span> <span class='ocrx_word' id='word_1_569' title='bbox 1704 1447 1811 1486; x_wconf 82' lang='grc' dir='ltr'>λοιπὰ</span> <span class='ocrx_word' id='word_1_570' title='bbox 1831 1448 1920 1486; x_wconf 84' lang='grc' dir='ltr'>ἑπτὰ</span> <span class='ocrx_word' id='word_1_571' title='bbox 1943 1449 2117 1487; x_wconf 80' lang='grc' dir='ltr'>παιωνικὰ</span> <span class='ocrx_word' id='word_1_572' title='bbox 2140 1449 2300 1502; x_wconf 85' lang='grc' dir='ltr'>δίρυθμα.</span> <span class='ocrx_word' id='word_1_573' title='bbox 2321 1458 2363 1488; x_wconf 87' lang='lat' dir='ltr'>V.</span> 
     </span>
     <span class='ocr_line' id='line_1_80' title="bbox 1317 1498 2365 1578; baseline 0.003 -34"><span class='ocrx_word' id='word_1_574' title='bbox 1317 1506 1364 1544; x_wconf 90' lang='grc' dir='ltr'>Θ.</span> <span class='ocrx_word' id='word_1_575' title='bbox 1395 1498 1436 1551; x_wconf 77' lang='grc' dir='ltr'>[ῶ</span> <span class='ocrx_word' id='word_1_576' title='bbox 1455 1505 1562 1578; x_wconf 79' lang='grc' dir='ltr'>μιαρὲ</span> <span class='ocrx_word' id='word_1_577' title='bbox 1579 1505 1639 1543; x_wconf 88' lang='grc' dir='ltr'>καὶ</span> <span class='ocrx_word' id='word_1_578' title='bbox 1662 1507 1803 1559; x_wconf 79' lang='grc' dir='ltr'>βδελυρὲ</span> <span class='ocrx_word' id='word_1_579' title='bbox 1822 1521 1830 1546; x_wconf 77' lang='lat' dir='ltr'><em>z</em></span> <span class='ocrx_word' id='word_1_580' title='bbox 1853 1508 2009 1560; x_wconf 81' lang='grc' dir='ltr'>Κορωνὶς</span> <span class='ocrx_word' id='word_1_581' title='bbox 2023 1508 2081 1546; x_wconf 84' lang='grc' dir='ltr'>καὶ</span> <span class='ocrx_word' id='word_1_582' title='bbox 2101 1508 2245 1552; x_wconf 86' lang='grc' dir='ltr'>εἴσθεσις</span> <span class='ocrx_word' id='word_1_583' title='bbox 2260 1513 2365 1560; x_wconf 75' lang='grc' dir='ltr'>χοροῦ</span> 
     </span>
     <span class='ocr_line' id='line_1_81' title="bbox 1317 1563 2365 1615; baseline 0.003 -14"><span class='ocrx_word' id='word_1_584' title='bbox 1317 1563 1471 1615; x_wconf 82' lang='grc' dir='ltr'>ἐπῳδικὴ</span> <span class='ocrx_word' id='word_1_585' title='bbox 1485 1594 1494 1610; x_wconf 86' lang='grc'>,</span> <span class='ocrx_word' id='word_1_586' title='bbox 1515 1563 1572 1601; x_wconf 84' lang='grc' dir='ltr'>διὰ</span> <span class='ocrx_word' id='word_1_587' title='bbox 1591 1580 1630 1602; x_wconf 93' lang='grc' dir='ltr'>το</span> <span class='ocrx_word' id='word_1_588' title='bbox 1653 1564 1805 1602; x_wconf 79' lang='grc' dir='ltr'>τίθεσθαι</span> <span class='ocrx_word' id='word_1_589' title='bbox 1828 1565 1916 1615; x_wconf 84' lang='grc' dir='ltr'>μετὰ</span> <span class='ocrx_word' id='word_1_590' title='bbox 1941 1566 2003 1612; x_wconf 73' lang='grc' dir='ltr'>τὴν</span> <span class='ocrx_word' id='word_1_591' title='bbox 2025 1567 2163 1614; x_wconf 65' lang='grc' dir='ltr'>διπλῆ-ν,</span> <span class='ocrx_word' id='word_1_592' title='bbox 2188 1583 2226 1604; x_wconf 91' lang='grc' dir='ltr'>εκ</span> <span class='ocrx_word' id='word_1_593' title='bbox 2243 1566 2365 1604; x_wconf 87' lang='grc' dir='ltr'>κώλων</span> 
     </span>
     <span class='ocr_line' id='line_1_82' title="bbox 1316 1623 2366 1676; baseline 0.004 -18"><span class='ocrx_word' id='word_1_594' title='bbox 1316 1637 1517 1659; x_wconf 81' lang='grc' dir='ltr'>παιωνικων</span> <span class='ocrx_word' id='word_1_595' title='bbox 1559 1623 1841 1673; x_wconf 70' lang='grc' dir='ltr'>ἐπιμεμιγμένων</span> <span class='ocrx_word' id='word_1_596' title='bbox 1878 1627 2056 1676; x_wconf 87' lang='grc' dir='ltr'>κρητικοῒς</span> <span class='ocrx_word' id='word_1_597' title='bbox 2093 1624 2153 1662; x_wconf 84' lang='grc' dir='ltr'>καὶ</span> <span class='ocrx_word' id='word_1_598' title='bbox 2191 1624 2366 1676; x_wconf 74' lang='grc' dir='ltr'>βακχείοις</span> 
     </span>
     <span class='ocr_line' id='line_1_83' title="bbox 1317 1680 2365 1734; baseline 0.004 -17"><span class='ocrx_word' id='word_1_599' title='bbox 1317 1680 1426 1717; x_wconf 83' lang='grc' dir='ltr'>ἐννέα.</span> <span class='ocrx_word' id='word_1_600' title='bbox 1462 1684 1509 1717; x_wconf 79' lang='grc' dir='ltr'>ὡν</span> <span class='ocrx_word' id='word_1_601' title='bbox 1530 1680 1569 1718; x_wconf 82' lang='grc' dir='ltr'>τὸ</span> <span class='ocrx_word' id='word_1_602' title='bbox 1587 1696 1723 1733; x_wconf 89' lang='grc' dir='ltr'>πρωτον</span> <span class='ocrx_word' id='word_1_603' title='bbox 1745 1682 1902 1734; x_wconf 83' lang='grc' dir='ltr'>δίμετρον</span> <span class='ocrx_word' id='word_1_604' title='bbox 1926 1683 2182 1730; x_wconf 85' lang='grc' dir='ltr'>ἀκατάληκτον,</span> <span class='ocrx_word' id='word_1_605' title='bbox 2203 1683 2220 1721; x_wconf 87' lang='grc' dir='ltr'>ὃ</span> <span class='ocrx_word' id='word_1_606' title='bbox 2243 1685 2365 1721; x_wconf 87' lang='grc' dir='ltr'>καλεῖ-</span> 
     </span>
     <span class='ocr_line' id='line_1_84' title="bbox 1316 1738 2364 1794; baseline 0.005 -19"><span class='ocrx_word' id='word_1_607' title='bbox 1316 1754 1374 1776; x_wconf 91' lang='grc' dir='ltr'>ται</span> <span class='ocrx_word' id='word_1_608' title='bbox 1408 1738 1604 1791; x_wconf 82' lang='grc' dir='ltr'>δίρρυθμον.</span> <span class='ocrx_word' id='word_1_609' title='bbox 1629 1739 1668 1776; x_wconf 84' lang='grc' dir='ltr'>τὸ</span> <span class='ocrx_word' id='word_1_610' title='bbox 1691 1740 1848 1792; x_wconf 87' lang='grc' dir='ltr'>δευτερον</span> <span class='ocrx_word' id='word_1_611' title='bbox 1880 1741 2062 1794; x_wconf 88' lang='grc' dir='ltr'>τρίμετρον</span> <span class='ocrx_word' id='word_1_612' title='bbox 2090 1741 2364 1794; x_wconf 73' lang='grc' dir='ltr'>βραχυκατάλη-</span> 
     </span>
     <span class='ocr_line' id='line_1_85' title="bbox 1316 1797 2365 1853; baseline 0.004 -19"><span class='ocrx_word' id='word_1_613' title='bbox 1316 1812 1409 1844; x_wconf 84' lang='grc' dir='ltr'>κτον,</span> <span class='ocrx_word' id='word_1_614' title='bbox 1438 1801 1499 1835; x_wconf 89' lang='grc' dir='ltr'>τοῦ</span> <span class='ocrx_word' id='word_1_615' title='bbox 1529 1797 1667 1849; x_wconf 83' lang='grc' dir='ltr'>πρώτου</span> <span class='ocrx_word' id='word_1_616' title='bbox 1703 1799 1806 1842; x_wconf 83' lang='grc' dir='ltr'>ποδὸς</span> <span class='ocrx_word' id='word_1_617' title='bbox 1834 1804 2023 1852; x_wconf 85' lang='grc' dir='ltr'>κρητικοῦ,</span> <span class='ocrx_word' id='word_1_618' title='bbox 2052 1804 2111 1837; x_wconf 82' lang='grc' dir='ltr'>τοῦ</span> <span class='ocrx_word' id='word_1_619' title='bbox 2140 1799 2175 1837; x_wconf 82' lang='grc' dir='ltr'>δὲ</span> <span class='ocrx_word' id='word_1_620' title='bbox 2207 1799 2365 1853; x_wconf 81' lang='grc' dir='ltr'>δευτέρου</span> 
     </span>
     <span class='ocr_line' id='line_1_86' title="bbox 1320 1855 2367 1929; baseline 0.004 -37"><span class='ocrx_word' id='word_1_621' title='bbox 1320 1855 1503 1929; x_wconf 72' lang='grc' dir='ltr'>βακχείρυ.</span> <span class='ocrx_word' id='word_1_622' title='bbox 1519 1856 1564 1893; x_wconf 79' lang='grc' dir='ltr'>τὰ</span> <span class='ocrx_word' id='word_1_623' title='bbox 1584 1856 1659 1902; x_wconf 74' lang='grc' dir='ltr'>ἑξῆς</span> <span class='ocrx_word' id='word_1_624' title='bbox 1678 1856 1831 1910; x_wconf 90' lang='grc' dir='ltr'>τέσσαρα</span> <span class='ocrx_word' id='word_1_625' title='bbox 1856 1874 1959 1909; x_wconf 89' lang='grc' dir='ltr'>ομοια</span> <span class='ocrx_word' id='word_1_626' title='bbox 1979 1875 2028 1911; x_wconf 85' lang='grc' dir='ltr'>τῳ</span> <span class='ocrx_word' id='word_1_627' title='bbox 2048 1859 2175 1911; x_wconf 85' lang='grc' dir='ltr'>πρώτῳ</span> <span class='ocrx_word' id='word_1_628' title='bbox 2192 1861 2230 1896; x_wconf 84' lang='grc' dir='ltr'>ἐκ</span> <span class='ocrx_word' id='word_1_629' title='bbox 2246 1874 2367 1912; x_wconf 87' lang='grc' dir='ltr'>κρητι-</span> 
     </span>
     <span class='ocr_line' id='line_1_87' title="bbox 1317 1914 2367 1969; baseline 0.003 -17"><span class='ocrx_word' id='word_1_630' title='bbox 1317 1918 1399 1954; x_wconf 89' lang='grc' dir='ltr'>κῶν.</span> <span class='ocrx_word' id='word_1_631' title='bbox 1422 1914 1466 1952; x_wconf 82' lang='grc' dir='ltr'>τὰ</span> <span class='ocrx_word' id='word_1_632' title='bbox 1485 1914 1521 1952; x_wconf 82' lang='grc' dir='ltr'>δὲ</span> <span class='ocrx_word' id='word_1_633' title='bbox 1537 1915 1667 1953; x_wconf 88' lang='grc' dir='ltr'>τούτων</span> <span class='ocrx_word' id='word_1_634' title='bbox 1686 1915 1761 1962; x_wconf 77' lang='grc' dir='ltr'>ἑξῆς</span> <span class='ocrx_word' id='word_1_635' title='bbox 1771 1916 1849 1968; x_wconf 88' lang='grc' dir='ltr'>τρία</span> <span class='ocrx_word' id='word_1_636' title='bbox 1867 1916 1995 1967; x_wconf 70' lang='grc' dir='ltr'>οαοια,</span> <span class='ocrx_word' id='word_1_637' title='bbox 2008 1921 2068 1955; x_wconf 85' lang='grc' dir='ltr'>τοῦ</span> <span class='ocrx_word' id='word_1_638' title='bbox 2087 1916 2246 1969; x_wconf 90' lang='grc' dir='ltr'>δευτέρου</span> <span class='ocrx_word' id='word_1_639' title='bbox 2264 1917 2367 1961; x_wconf 81' lang='grc' dir='ltr'>ποδὸς</span> 
     </span>
     <span class='ocr_line' id='line_1_88' title="bbox 1317 1974 2368 2028; baseline 0.003 -18"><span class='ocrx_word' id='word_1_640' title='bbox 1317 1977 1496 2025; x_wconf 88' lang='grc' dir='ltr'>κρητικοῦ.</span> <span class='ocrx_word' id='word_1_641' title='bbox 1532 1975 1566 2011; x_wconf 88' lang='grc' dir='ltr'>ἐν</span> <span class='ocrx_word' id='word_1_642' title='bbox 1588 1974 1721 2011; x_wconf 85' lang='grc' dir='ltr'>ἐκθέσει</span> <span class='ocrx_word' id='word_1_643' title='bbox 1744 1974 1780 2012; x_wconf 78' lang='grc' dir='ltr'>δὲ</span> <span class='ocrx_word' id='word_1_644' title='bbox 1801 1975 1914 2027; x_wconf 73' lang='grc' dir='ltr'>στίχοι</span> <span class='ocrx_word' id='word_1_645' title='bbox 1936 1976 2117 2027; x_wconf 81' lang='grc' dir='ltr'>τροχαϊκοὶ</span> <span class='ocrx_word' id='word_1_646' title='bbox 2139 1974 2368 2028; x_wconf 89' lang='grc' dir='ltr'>τετράμετροι</span> 
     </span>
     <span class='ocr_line' id='line_1_89' title="bbox 1316 2032 2363 2086; baseline 0.003 -17"><span class='ocrx_word' id='word_1_647' title='bbox 1316 2032 1579 2078; x_wconf 89' lang='grc' dir='ltr'>καταληκτικοί.</span> <span class='ocrx_word' id='word_1_648' title='bbox 1599 2032 1656 2069; x_wconf 89' lang='grc' dir='ltr'>ἐπι</span> <span class='ocrx_word' id='word_1_649' title='bbox 1675 2035 1724 2070; x_wconf 91' lang='grc' dir='ltr'>τῶ</span> <span class='ocrx_word' id='word_1_650' title='bbox 1744 2032 1833 2071; x_wconf 90' lang='grc' dir='ltr'>τέλει</span> <span class='ocrx_word' id='word_1_651' title='bbox 1850 2033 2005 2086; x_wconf 84' lang='grc' dir='ltr'>κορωνίς.</span> <span class='ocrx_word' id='word_1_652' title='bbox 2019 2034 2094 2080; x_wconf 81' lang='grc' dir='ltr'>ἑξης</span> <span class='ocrx_word' id='word_1_653' title='bbox 2108 2033 2144 2072; x_wconf 83' lang='grc' dir='ltr'>δὲ</span> <span class='ocrx_word' id='word_1_654' title='bbox 2166 2036 2200 2072; x_wconf 82' lang='grc' dir='ltr'>ἐν</span> <span class='ocrx_word' id='word_1_655' title='bbox 2219 2034 2363 2072; x_wconf 85' lang='grc' dir='ltr'>εἷσθέσει</span> 
     </span>
     <span class='ocr_line' id='line_1_90' title="bbox 1318 2089 2364 2162; baseline 0.004 -35"><span class='ocrx_word' id='word_1_656' title='bbox 1318 2089 1480 2140; x_wconf 85' lang='grc' dir='ltr'>σύστημα</span> <span class='ocrx_word' id='word_1_657' title='bbox 1498 2091 1588 2129; x_wconf 79' lang='grc' dir='ltr'>κατὰ</span> <span class='ocrx_word' id='word_1_658' title='bbox 1605 2091 1798 2162; x_wconf 82' lang='grc' dir='ltr'>περικοπὴν</span> <span class='ocrx_word' id='word_1_659' title='bbox 1823 2092 2008 2143; x_wconf 67' lang='grc' dir='ltr'>ἀμοιὸαῖον</span> <span class='ocrx_word' id='word_1_660' title='bbox 2024 2094 2063 2130; x_wconf 88' lang='grc' dir='ltr'>ἐκ</span> <span class='ocrx_word' id='word_1_661' title='bbox 2082 2092 2210 2145; x_wconf 78' lang='grc' dir='ltr'>στίχων</span> <span class='ocrx_word' id='word_1_662' title='bbox 2221 2092 2364 2143; x_wconf 78' lang='grc' dir='ltr'>ὁμοίων.</span> 
     </span>
     <span class='ocr_line' id='line_1_91' title="bbox 1317 2148 1826 2221; baseline 0.004 -36.004"><span class='ocrx_word' id='word_1_663' title='bbox 1317 2148 1374 2185; x_wconf 86' lang='grc' dir='ltr'>ἐπὶ</span> <span class='ocrx_word' id='word_1_664' title='bbox 1390 2165 1440 2186; x_wconf 78' lang='grc' dir='ltr'>τι)</span> <span class='ocrx_word' id='word_1_665' title='bbox 1458 2149 1550 2186; x_wconf 89' lang='grc' dir='ltr'>τέλει</span> <span class='ocrx_word' id='word_1_666' title='bbox 1566 2149 1807 2221; x_wconf 78' lang='grc' dir='ltr'>παράγραφος.</span> <span class='ocrx_word' id='word_1_667' title='bbox 1812 2152 1826 2201; x_wconf 86' lang='grc'>]</span> 
     </span>
    </p>

    <p class='ocr_par' dir='ltr' id='par_1_33' title="bbox 1316 2206 2366 2373">
     <span class='ocr_line' id='line_1_92' title="bbox 1369 2206 2365 2282; baseline 0.004 -38.004"><span class='ocrx_word' id='word_1_668' title='bbox 1369 2219 1432 2245; x_wconf 84' lang='grc'>307.</span> <span class='ocrx_word' id='word_1_669' title='bbox 1463 2223 1523 2244; x_wconf 92' lang='grc' dir='ltr'>και</span> <span class='ocrx_word' id='word_1_670' title='bbox 1542 2206 1623 2253; x_wconf 87' lang='grc' dir='ltr'>τέλη</span> <span class='ocrx_word' id='word_1_671' title='bbox 1644 2208 1704 2245; x_wconf 87' lang='grc' dir='ltr'>καὶ</span> <span class='ocrx_word' id='word_1_672' title='bbox 1724 2208 1889 2261; x_wconf 72' lang='grc' dir='ltr'>γραφαιε</span> <span class='ocrx_word' id='word_1_673' title='bbox 1911 2208 1969 2248; x_wconf 81' lang='grc' dir='ltr'>Τὰ</span> <span class='ocrx_word' id='word_1_674' title='bbox 1993 2207 2139 2246; x_wconf 84' lang='grc' dir='ltr'>τελώνια</span> <span class='ocrx_word' id='word_1_675' title='bbox 2159 2209 2218 2247; x_wconf 86' lang='grc' dir='ltr'>καὶ</span> <span class='ocrx_word' id='word_1_676' title='bbox 2244 2209 2365 2282; x_wconf 73' lang='grc' dir='ltr'>ἀρχαί.</span> 
     </span>
     <span class='ocr_line' id='line_1_93' title="bbox 1317 2263 2366 2317; baseline 0.003 -15"><span class='ocrx_word' id='word_1_677' title='bbox 1317 2265 1468 2312; x_wconf 85' lang='grc' dir='ltr'>τελώνης</span> <span class='ocrx_word' id='word_1_678' title='bbox 1487 2263 1554 2317; x_wconf 81' lang='grc' dir='ltr'>γὰρ</span> <span class='ocrx_word' id='word_1_679' title='bbox 1574 2269 1627 2313; x_wconf 87' lang='grc' dir='ltr'>ἠν,</span> <span class='ocrx_word' id='word_1_680' title='bbox 1647 2281 1706 2303; x_wconf 89' lang='grc' dir='ltr'>και</span> <span class='ocrx_word' id='word_1_681' title='bbox 1724 2266 1866 2316; x_wconf 69' lang='grc' dir='ltr'>ἐμίσθου</span> <span class='ocrx_word' id='word_1_682' title='bbox 1887 2265 1931 2304; x_wconf 80' lang='grc' dir='ltr'>τὰ</span> <span class='ocrx_word' id='word_1_683' title='bbox 1952 2266 2032 2313; x_wconf 88' lang='grc' dir='ltr'>τέλη</span> <span class='ocrx_word' id='word_1_684' title='bbox 2044 2297 2053 2314; x_wconf 93' lang='grc'>,</span> <span class='ocrx_word' id='word_1_685' title='bbox 2069 2266 2226 2305; x_wconf 88' lang='grc' dir='ltr'>τουτέστι</span> <span class='ocrx_word' id='word_1_686' title='bbox 2242 2267 2286 2305; x_wconf 77' lang='grc' dir='ltr'>τὰ</span> <span class='ocrx_word' id='word_1_687' title='bbox 2304 2268 2366 2306; x_wconf 85' lang='grc' dir='ltr'>τά-</span> 
     </span>
     <span class='ocr_line' id='line_1_94' title="bbox 1316 2338 1448 2373; baseline -0.008 -13"><span class='ocrx_word' id='word_1_688' title='bbox 1316 2338 1448 2373; x_wconf 85' lang='grc' dir='ltr'>γματα.</span> 
     </span>
    </p>

    <p class='ocr_par' dir='ltr' id='par_1_34' title="bbox 1316 2374 2365 2550">
     <span class='ocr_line' id='line_1_95' title="bbox 1370 2374 2365 2436; baseline 0.003 -17"><span class='ocrx_word' id='word_1_689' title='bbox 1370 2395 1433 2419; x_wconf 81' lang='lat'>309.</span> <span class='ocrx_word' id='word_1_690' title='bbox 1462 2374 1490 2419; x_wconf 75' lang='grc' dir='ltr'>ῶ</span> <span class='ocrx_word' id='word_1_691' title='bbox 1525 2381 1794 2435; x_wconf 60' lang='grc' dir='ltr'>βορὲοροτάραξι</span> <span class='ocrx_word' id='word_1_692' title='bbox 1824 2383 2169 2436; x_wconf 71' lang='grc' dir='ltr'>εΤαραχο)δέστοιτε.</span> <span class='ocrx_word' id='word_1_693' title='bbox 2184 2383 2365 2436; x_wconf 84' lang='grc' dir='ltr'>ταράττων</span> 
     </span>
     <span class='ocr_line' id='line_1_96' title="bbox 1317 2439 2365 2494; baseline 0.004 -18"><span class='ocrx_word' id='word_1_694' title='bbox 1317 2442 1419 2489; x_wconf 72' lang='grc' dir='ltr'>ἡμῶν</span> <span class='ocrx_word' id='word_1_695' title='bbox 1445 2439 1508 2485; x_wconf 84' lang='grc' dir='ltr'>τὴν</span> <span class='ocrx_word' id='word_1_696' title='bbox 1527 2439 1627 2477; x_wconf 87' lang='grc' dir='ltr'>πόλιν</span> <span class='ocrx_word' id='word_1_697' title='bbox 1648 2442 1694 2483; x_wconf 81' lang='grc' dir='ltr'>ὡς</span> <span class='ocrx_word' id='word_1_698' title='bbox 1719 2440 1898 2494; x_wconf 69' lang='grc' dir='ltr'>βόρὲορον.</span> <span class='ocrx_word' id='word_1_699' title='bbox 1925 2441 2071 2494; x_wconf 66' lang='grc' dir='ltr'>θορύέου</span> <span class='ocrx_word' id='word_1_700' title='bbox 2094 2441 2284 2492; x_wconf 87' lang='grc' dir='ltr'>πληρώσας</span> <span class='ocrx_word' id='word_1_701' title='bbox 2301 2441 2365 2489; x_wconf 88' lang='grc' dir='ltr'>τὴν</span> 
     </span>
     <span class='ocr_line' id='line_1_97' title="bbox 1316 2497 1698 2550; baseline 0.003 -15"><span class='ocrx_word' id='word_1_702' title='bbox 1316 2497 1417 2535; x_wconf 88' lang='grc' dir='ltr'>πόλιν</span> <span class='ocrx_word' id='word_1_703' title='bbox 1437 2497 1496 2535; x_wconf 85' lang='grc' dir='ltr'>καὶ</span> <span class='ocrx_word' id='word_1_704' title='bbox 1517 2497 1698 2550; x_wconf 63' lang='grc' dir='ltr'>βορὸόρου.</span> 
     </span>
    </p>

    <p class='ocr_par' dir='ltr' id='par_1_35' title="bbox 1319 2555 2366 2666">
     <span class='ocr_line' id='line_1_98' title="bbox 1370 2555 2366 2610; baseline 0.002 -16"><span class='ocrx_word' id='word_1_705' title='bbox 1370 2570 1433 2594; x_wconf 79' lang='lat'>311.</span> <span class='ocrx_word' id='word_1_706' title='bbox 1465 2555 1755 2607; x_wconf 65' lang='grc' dir='ltr'>ἀνατετυρὸακώς</span> <span class='ocrx_word' id='word_1_707' title='bbox 1771 2569 1779 2594; x_wconf 88' lang='lat'>:</span> <span class='ocrx_word' id='word_1_708' title='bbox 1798 2556 2045 2609; x_wconf 82' lang='grc' dir='ltr'>Ἀναταράξας.</span> <span class='ocrx_word' id='word_1_709' title='bbox 2063 2557 2236 2610; x_wconf 73' lang='grc' dir='ltr'>τυρὸάσαι</span> <span class='ocrx_word' id='word_1_710' title='bbox 2273 2556 2289 2596; x_wconf 79' lang='grc' dir='ltr'>ὲ</span> <span class='ocrx_word' id='word_1_711' title='bbox 2308 2574 2366 2596; x_wconf 92' lang='grc' dir='ltr'>κυ-</span> 
     </span>
     <span class='ocr_line' id='line_1_99' title="bbox 1319 2613 1991 2666; baseline 0 -15"><span class='ocrx_word' id='word_1_712' title='bbox 1319 2614 1397 2666; x_wconf 90' lang='grc' dir='ltr'>ρίως</span> <span class='ocrx_word' id='word_1_713' title='bbox 1412 2613 1552 2664; x_wconf 87' lang='grc' dir='ltr'>λέγεται</span> <span class='ocrx_word' id='word_1_714' title='bbox 1568 2613 1607 2651; x_wconf 81' lang='grc' dir='ltr'>τὸ</span> <span class='ocrx_word' id='word_1_715' title='bbox 1620 2614 1678 2651; x_wconf 84' lang='grc' dir='ltr'>τὸν</span> <span class='ocrx_word' id='word_1_716' title='bbox 1698 2613 1810 2659; x_wconf 83' lang='grc' dir='ltr'>πηλὸν</span> <span class='ocrx_word' id='word_1_717' title='bbox 1831 2613 1991 2666; x_wconf 84' lang='grc' dir='ltr'>ταράξαι.</span> 
     </span>
    </p>

    <p class='ocr_par' dir='ltr' id='par_1_36' title="bbox 1372 2671 2299 2725">
     <span class='ocr_line' id='line_1_100' title="bbox 1372 2671 2299 2725; baseline 0.004 -16"><span class='ocrx_word' id='word_1_718' title='bbox 1372 2686 1436 2710; x_wconf 86' lang='lat'>312.</span> <span class='ocrx_word' id='word_1_719' title='bbox 1466 2671 1716 2724; x_wconf 86' lang='grc' dir='ltr'>ἐκκεκώφηκας</span> <span class='ocrx_word' id='word_1_720' title='bbox 1740 2687 1748 2711; x_wconf 94' lang='lat'>:</span> <span class='ocrx_word' id='word_1_721' title='bbox 1772 2674 1863 2718; x_wconf 77' lang='grc' dir='ltr'>Βοῆς</span> <span class='ocrx_word' id='word_1_722' title='bbox 1880 2672 2088 2725; x_wconf 81' lang='grc' dir='ltr'>ἐπλήρωσας</span> <span class='ocrx_word' id='word_1_723' title='bbox 2102 2672 2163 2717; x_wconf 86' lang='grc' dir='ltr'>τὰς</span> <span class='ocrx_word' id='word_1_724' title='bbox 2179 2674 2299 2717; x_wconf 86' lang='grc' dir='ltr'>ἀκοάς.</span> 
     </span>
    </p>

    <p class='ocr_par' dir='ltr' id='par_1_37' title="bbox 1314 2730 2420 3304">
     <span class='ocr_line' id='line_1_101' title="bbox 1373 2730 2365 2782; baseline 0.001 -13"><span class='ocrx_word' id='word_1_725' title='bbox 1373 2744 1437 2770; x_wconf 84' lang='lat'>313.</span> <span class='ocrx_word' id='word_1_726' title='bbox 1467 2730 1561 2768; x_wconf 80' lang='grc' dir='ltr'>κάπὸ</span> <span class='ocrx_word' id='word_1_727' title='bbox 1585 2733 1653 2768; x_wconf 87' lang='grc' dir='ltr'>τῶν</span> <span class='ocrx_word' id='word_1_728' title='bbox 1673 2732 1808 2782; x_wconf 87' lang='grc' dir='ltr'>πετρῶν</span> <span class='ocrx_word' id='word_1_729' title='bbox 1835 2730 1962 2768; x_wconf 84' lang='grc' dir='ltr'>ἄνωθεν</span> <span class='ocrx_word' id='word_1_730' title='bbox 1994 2744 2002 2770; x_wconf 89' lang='lat'><strong>:</strong></span> <span class='ocrx_word' id='word_1_731' title='bbox 2028 2731 2173 2777; x_wconf 77' lang='grc' dir='ltr'>Ἐπειδὴ</span> <span class='ocrx_word' id='word_1_732' title='bbox 2194 2733 2224 2769; x_wconf 85' lang='grc' dir='ltr'>οἱ</span> <span class='ocrx_word' id='word_1_733' title='bbox 2248 2735 2365 2770; x_wconf 86' lang='grc' dir='ltr'>θυννο-</span> 
     </span>
     <span class='ocr_line' id='line_1_102' title="bbox 1317 2787 2365 2841; baseline -0.001 -14"><span class='ocrx_word' id='word_1_734' title='bbox 1317 2789 1440 2828; x_wconf 87' lang='grc' dir='ltr'>σκόποι</span> <span class='ocrx_word' id='word_1_735' title='bbox 1456 2789 1513 2826; x_wconf 76' lang='grc' dir='ltr'>ἐπὶ</span> <span class='ocrx_word' id='word_1_736' title='bbox 1527 2787 1630 2841; x_wconf 71' lang='grc' dir='ltr'>ὕψους</span> <span class='ocrx_word' id='word_1_737' title='bbox 1644 2788 1822 2839; x_wconf 84' lang='grc' dir='ltr'>ἱστάμενοι</span> <span class='ocrx_word' id='word_1_738' title='bbox 1838 2788 1900 2834; x_wconf 85' lang='grc' dir='ltr'>τὴν</span> <span class='ocrx_word' id='word_1_739' title='bbox 1914 2789 2140 2834; x_wconf 70' lang='grc' dir='ltr'>κατασκοπὴν</span> <span class='ocrx_word' id='word_1_740' title='bbox 2156 2792 2224 2826; x_wconf 83' lang='grc' dir='ltr'>τῶν</span> <span class='ocrx_word' id='word_1_741' title='bbox 2238 2789 2365 2827; x_wconf 83' lang='grc' dir='ltr'>εἰσιόν-</span> 
     </span>
     <span class='ocr_line' id='line_1_103' title="bbox 1315 2846 2364 2900; baseline 0 -15"><span class='ocrx_word' id='word_1_742' title='bbox 1315 2864 1383 2885; x_wconf 89' lang='grc' dir='ltr'>των</span> <span class='ocrx_word' id='word_1_743' title='bbox 1403 2848 1530 2885; x_wconf 84' lang='grc' dir='ltr'>θύννων</span> <span class='ocrx_word' id='word_1_744' title='bbox 1548 2849 1595 2890; x_wconf 86' lang='grc' dir='ltr'>εἷς</span> <span class='ocrx_word' id='word_1_745' title='bbox 1613 2847 1656 2884; x_wconf 89' lang='grc' dir='ltr'>τὰ</span> <span class='ocrx_word' id='word_1_746' title='bbox 1678 2847 1798 2884; x_wconf 87' lang='grc' dir='ltr'>δίκτυα</span> <span class='ocrx_word' id='word_1_747' title='bbox 1819 2851 2015 2893; x_wconf 88' lang='grc' dir='ltr'>ποιοῦνται,</span> <span class='ocrx_word' id='word_1_748' title='bbox 2028 2847 2130 2899; x_wconf 80' lang='grc' dir='ltr'>φησὶν</span> <span class='ocrx_word' id='word_1_749' title='bbox 2145 2846 2197 2884; x_wconf 76' lang='grc' dir='ltr'>ὅτι</span> <span class='ocrx_word' id='word_1_750' title='bbox 2207 2847 2364 2900; x_wconf 88' lang='grc' dir='ltr'>καθάπερ</span> 
     </span>
     <span class='ocr_line' id='line_1_104' title="bbox 1314 2904 2416 2949; baseline 0 -5"><span class='ocrx_word' id='word_1_751' title='bbox 1314 2906 1390 2949; x_wconf 73' lang='grc' dir='ltr'>τοὺς</span> <span class='ocrx_word' id='word_1_752' title='bbox 1417 2905 1665 2947; x_wconf 84' lang='grc' dir='ltr'>θυννοσκόπους</span> <span class='ocrx_word' id='word_1_753' title='bbox 1694 2904 1854 2947; x_wconf 81' lang='grc' dir='ltr'>εἰσιόντες</span> <span class='ocrx_word' id='word_1_754' title='bbox 1882 2906 1929 2947; x_wconf 90' lang='grc' dir='ltr'>εἷς</span> <span class='ocrx_word' id='word_1_755' title='bbox 1948 2905 1987 2942; x_wconf 83' lang='grc' dir='ltr'>τὸ</span> <span class='ocrx_word' id='word_1_756' title='bbox 2007 2904 2144 2942; x_wconf 84' lang='grc' dir='ltr'>δίκτυον</span> <span class='ocrx_word' id='word_1_757' title='bbox 2170 2906 2208 2942; x_wconf 83' lang='grc' dir='ltr'>οὐ</span> <span class='ocrx_word' id='word_1_758' title='bbox 2231 2905 2357 2943; x_wconf 87' lang='grc' dir='ltr'>λανθά-</span> <span class='ocrx_word' id='word_1_759' title='bbox 2381 2917 2416 2944; x_wconf 84' lang='lat'>45</span> 
     </span>
     <span class='ocr_line' id='line_1_105' title="bbox 1315 2961 2365 3011; baseline 0 -10"><span class='ocrx_word' id='word_1_760' title='bbox 1315 2976 1429 3002; x_wconf 85' lang='grc' dir='ltr'>νουσιν</span> <span class='ocrx_word' id='word_1_761' title='bbox 1442 2965 1473 3001; x_wconf 83' lang='grc' dir='ltr'>οἱ</span> <span class='ocrx_word' id='word_1_762' title='bbox 1492 2962 1622 3009; x_wconf 86' lang='grc' dir='ltr'>θύννοι,</span> <span class='ocrx_word' id='word_1_763' title='bbox 1646 2961 1752 3006; x_wconf 84' lang='grc' dir='ltr'>ούτως</span> <span class='ocrx_word' id='word_1_764' title='bbox 1776 2978 1814 2999; x_wconf 90' lang='grc' dir='ltr'>ου</span> <span class='ocrx_word' id='word_1_765' title='bbox 1832 2962 2038 3000; x_wconf 88' lang='grc' dir='ltr'>λανθάνουσι</span> <span class='ocrx_word' id='word_1_766' title='bbox 2061 2962 2118 3000; x_wconf 83' lang='grc' dir='ltr'>τὸν</span> <span class='ocrx_word' id='word_1_767' title='bbox 2139 2962 2287 3001; x_wconf 86' lang='grc' dir='ltr'>Κλέωνα</span> <span class='ocrx_word' id='word_1_768' title='bbox 2303 2980 2365 3011; x_wconf 87' lang='grc' dir='ltr'>της</span> 
     </span>
     <span class='ocr_line' id='line_1_106' title="bbox 1315 3019 2365 3081; baseline 0.002 -23"><span class='ocrx_word' id='word_1_769' title='bbox 1315 3021 1473 3064; x_wconf 85' lang='grc' dir='ltr'>πόλεως</span> <span class='ocrx_word' id='word_1_770' title='bbox 1461 3020 1696 3063; x_wconf 66' lang='lat' dir='ltr'>37·15&#39;21v0vreq</span> <span class='ocrx_word' id='word_1_771' title='bbox 1706 3022 1736 3057; x_wconf 84' lang='grc' dir='ltr'>οἱ</span> <span class='ocrx_word' id='word_1_772' title='bbox 1746 3036 1823 3062; x_wconf 91' lang='grc' dir='ltr'>τους</span> <span class='ocrx_word' id='word_1_773' title='bbox 1835 3019 1956 3072; x_wconf 84' lang='grc' dir='ltr'>φόρους</span> <span class='ocrx_word' id='word_1_774' title='bbox 1971 3036 2010 3072; x_wconf 86' lang='grc' dir='ltr'>φε</span> <span class='ocrx_word' id='word_1_775' title='bbox 2002 3020 2137 3072; x_wconf 85' lang='grc' dir='ltr'>’.ροντες</span> <span class='ocrx_word' id='word_1_776' title='bbox 2148 3021 2365 3081; x_wconf 80' lang='grc' dir='ltr'>προαρπάζει</span> 
     </span>
     <span class='ocr_line' id='line_1_107' title="bbox 1316 3076 2364 3128; baseline 0.002 -14"><span class='ocrx_word' id='word_1_777' title='bbox 1316 3081 1352 3115; x_wconf 84' lang='grc' dir='ltr'>οὐ</span> <span class='ocrx_word' id='word_1_778' title='bbox 1356 3094 1387 3123; x_wconf 86' lang='grc' dir='ltr'>ν,</span> <span class='ocrx_word' id='word_1_779' title='bbox 1407 3077 1481 3115; x_wconf 89' lang='grc' dir='ltr'>δέον</span> <span class='ocrx_word' id='word_1_780' title='bbox 1499 3093 1561 3123; x_wconf 87' lang='grc' dir='ltr'>την</span> <span class='ocrx_word' id='word_1_781' title='bbox 1579 3076 1678 3114; x_wconf 87' lang='grc' dir='ltr'>πόλιν</span> <span class='ocrx_word' id='word_1_782' title='bbox 1702 3076 1745 3114; x_wconf 84' lang='grc' dir='ltr'>τὰ</span> <span class='ocrx_word' id='word_1_783' title='bbox 1765 3079 1889 3123; x_wconf 73' lang='grc' dir='ltr'>ἑαυτῆς</span> <span class='ocrx_word' id='word_1_784' title='bbox 1903 3077 2108 3128; x_wconf 68' lang='grc' dir='ltr'>λαμὸάνειν.</span> <span class='ocrx_word' id='word_1_785' title='bbox 2132 3078 2284 3122; x_wconf 81' lang='grc' dir='ltr'>ὀνειδίζει</span> <span class='ocrx_word' id='word_1_786' title='bbox 2305 3082 2364 3116; x_wconf 84' lang='grc' dir='ltr'>οὖν</span> 
     </span>
     <span class='ocr_line' id='line_1_108' title="bbox 1316 3135 2363 3189; baseline -0.001 -15"><span class='ocrx_word' id='word_1_787' title='bbox 1316 3152 1434 3188; x_wconf 88' lang='grc' dir='ltr'>αυτω,</span> <span class='ocrx_word' id='word_1_788' title='bbox 1459 3153 1512 3174; x_wconf 92' lang='grc' dir='ltr'>οτι</span> <span class='ocrx_word' id='word_1_789' title='bbox 1537 3135 1582 3174; x_wconf 80' lang='grc' dir='ltr'>τὰ</span> <span class='ocrx_word' id='word_1_790' title='bbox 1611 3135 1763 3186; x_wconf 78' lang='grc' dir='ltr'>δημόσια</span> <span class='ocrx_word' id='word_1_791' title='bbox 1782 3136 1979 3189; x_wconf 82' lang='grc' dir='ltr'>νοσφίζεται</span> <span class='ocrx_word' id='word_1_792' title='bbox 2001 3136 2190 3188; x_wconf 85' lang='grc' dir='ltr'>χρήματα,</span> <span class='ocrx_word' id='word_1_793' title='bbox 2223 3136 2297 3186; x_wconf 88' lang='grc' dir='ltr'>ἅμα</span> <span class='ocrx_word' id='word_1_794' title='bbox 2327 3136 2363 3174; x_wconf 81' lang='grc' dir='ltr'>δὲ</span> 
     </span>
     <span class='ocr_line' id='line_1_109' title="bbox 1316 3194 2420 3247; baseline -0.002 -15"><span class='ocrx_word' id='word_1_795' title='bbox 1316 3211 1376 3232; x_wconf 86' lang='grc' dir='ltr'>και</span> <span class='ocrx_word' id='word_1_796' title='bbox 1396 3197 1442 3237; x_wconf 85' lang='grc' dir='ltr'>εἷς</span> <span class='ocrx_word' id='word_1_797' title='bbox 1465 3195 1660 3246; x_wconf 49' lang='grc' dir='ltr'>ὀψοφαγίαν</span> <span class='ocrx_word' id='word_1_798' title='bbox 1681 3194 1874 3233; x_wconf 66' lang='grc' dir='ltr'>διαὸάλλει.</span> <span class='ocrx_word' id='word_1_799' title='bbox 1898 3194 1969 3232; x_wconf 79' lang='grc' dir='ltr'>ἀπο</span> <span class='ocrx_word' id='word_1_800' title='bbox 1993 3210 2189 3247; x_wconf 89' lang='grc' dir='ltr'>μεταφορας</span> <span class='ocrx_word' id='word_1_801' title='bbox 2208 3194 2243 3231; x_wconf 86' lang='grc' dir='ltr'>δὲ</span> <span class='ocrx_word' id='word_1_802' title='bbox 2263 3198 2362 3232; x_wconf 86' lang='grc' dir='ltr'>τοῦτο</span> <span class='ocrx_word' id='word_1_803' title='bbox 2381 3205 2420 3230; x_wconf 83' lang='grc'>50.</span> 
     </span>
     <span class='ocr_line' id='line_1_110' title="bbox 1317 3251 2210 3304; baseline -0.001 -14"><span class='ocrx_word' id='word_1_804' title='bbox 1317 3256 1392 3290; x_wconf 81' lang='grc' dir='ltr'>εἰπε</span> <span class='ocrx_word' id='word_1_805' title='bbox 1412 3268 1480 3289; x_wconf 90' lang='grc' dir='ltr'>των</span> <span class='ocrx_word' id='word_1_806' title='bbox 1498 3251 1622 3289; x_wconf 88' lang='grc' dir='ltr'>ἁλιέων</span> <span class='ocrx_word' id='word_1_807' title='bbox 1643 3255 1710 3290; x_wconf 85' lang='grc' dir='ltr'>τῶν</span> <span class='ocrx_word' id='word_1_808' title='bbox 1731 3254 1752 3289; x_wconf 85' lang='grc' dir='ltr'>ἀ</span> <span class='ocrx_word' id='word_1_809' title='bbox 1755 3251 1944 3304; x_wconf 90' lang='grc' dir='ltr'>γρευόντων</span> <span class='ocrx_word' id='word_1_810' title='bbox 1963 3269 2041 3296; x_wconf 91' lang='grc' dir='ltr'>τους</span> <span class='ocrx_word' id='word_1_811' title='bbox 2063 3252 2210 3294; x_wconf 81' lang='grc' dir='ltr'>θύννους.</span> 
     </span>
    </p>

    <p class='ocr_par' dir='ltr' id='par_1_38' title="bbox 1371 3309 1685 3349">
     <span class='ocr_line' id='line_1_111' title="bbox 1371 3309 1685 3349; baseline 0 -1"><span class='ocrx_word' id='word_1_812' title='bbox 1371 3324 1435 3349; x_wconf 85' lang='lat'>314.</span> <span class='ocrx_word' id='word_1_813' title='bbox 1465 3309 1654 3348; x_wconf 86' lang='grc' dir='ltr'>καττύεται</span> <span class='ocrx_word' id='word_1_814' title='bbox 1678 3325 1685 3349; x_wconf 89' lang='grc'>;</span> 
     </span>
    </p>
   </div>
   <div class='ocr_carea' id='block_1_9' title="bbox 2387 1171 2422 1197">
    <p class='ocr_par' dir='ltr' id='par_1_39' title="bbox 2387 1171 2422 1197">
     <span class='ocr_line' id='line_1_112' title="bbox 2387 1171 2422 1197; baseline 0.057 -2"><span class='ocrx_word' id='word_1_815' title='bbox 2387 1171 2422 1197; x_wconf 90' lang='lat'>15</span> 
     </span>
    </p>
   </div>
   <div class='ocr_carea' id='block_1_10' title="bbox 2384 1460 2419 1485">
    <p class='ocr_par' dir='ltr' id='par_1_40' title="bbox 2384 1460 2419 1485">
     <span class='ocr_line' id='line_1_113' title="bbox 2384 1460 2419 1485; baseline 0.029 -1"><span class='ocrx_word' id='word_1_816' title='bbox 2384 1460 2419 1485; x_wconf 92' lang='lat'>20</span> 
     </span>
    </p>
   </div>
   <div class='ocr_carea' id='block_1_11' title="bbox 2384 1755 2418 1780">
    <p class='ocr_par' dir='ltr' id='par_1_41' title="bbox 2384 1755 2418 1780">
     <span class='ocr_line' id='line_1_114' title="bbox 2384 1755 2418 1780; baseline 0.029 -1"><span class='ocrx_word' id='word_1_817' title='bbox 2384 1755 2418 1780; x_wconf 88' lang='lat'>25</span> 
     </span>
    </p>
   </div>
   <div class='ocr_carea' id='block_1_12' title="bbox 2385 2044 2420 2068">
    <p class='ocr_par' dir='ltr' id='par_1_42' title="bbox 2385 2044 2420 2068">
     <span class='ocr_line' id='line_1_115' title="bbox 2385 2044 2420 2068; baseline 0 0"><span class='ocrx_word' id='word_1_818' title='bbox 2385 2044 2420 2068; x_wconf 82' lang='lat'>30</span> 
     </span>
    </p>
   </div>
   <div class='ocr_carea' id='block_1_13' title="bbox 2377 2615 2419 2650">
    <p class='ocr_par' dir='ltr' id='par_1_43' title="bbox 2377 2615 2419 2650">
     <span class='ocr_line' id='line_1_116' title="bbox 2377 2615 2419 2650; baseline 0 0"><span class='ocrx_word' id='word_1_819' title='bbox 2377 2615 2419 2650; x_wconf 78' lang='lat'>&#39;40</span> 
     </span>
    </p>
   </div>
   <div class='ocr_carea' id='block_1_14' title="bbox 1318 3308 2362 3476">
    <p class='ocr_par' dir='ltr' id='par_1_44' title="bbox 1318 3308 2362 3476">
     <span class='ocr_line' id='line_1_117' title="bbox 1714 3308 2362 3363; baseline -0.003 -15.994"><span class='ocrx_word' id='word_1_820' title='bbox 1714 3310 1918 3349; x_wconf 86' lang='grc' dir='ltr'>Συντίθεται</span> <span class='ocrx_word' id='word_1_821' title='bbox 1937 3311 1995 3348; x_wconf 87' lang='grc' dir='ltr'>καὶ</span> <span class='ocrx_word' id='word_1_822' title='bbox 2025 3310 2260 3363; x_wconf 84' lang='grc' dir='ltr'>συρράπτεται</span> <span class='ocrx_word' id='word_1_823' title='bbox 2284 3308 2362 3346; x_wconf 90' lang='grc' dir='ltr'>κατ’</span> 
     </span>
     <span class='ocr_line' id='line_1_118' title="bbox 1319 3364 2361 3421; baseline -0.003 -15"><span class='ocrx_word' id='word_1_824' title='bbox 1319 3370 1416 3419; x_wconf 85' lang='grc' dir='ltr'>ἐμοῦ.</span> <span class='ocrx_word' id='word_1_825' title='bbox 1440 3367 1583 3411; x_wconf 84' lang='grc' dir='ltr'>ἀστείως</span> <span class='ocrx_word' id='word_1_826' title='bbox 1603 3367 1639 3406; x_wconf 81' lang='grc' dir='ltr'>δὲ</span> <span class='ocrx_word' id='word_1_827' title='bbox 1651 3371 1694 3420; x_wconf 76' lang='grc' dir='ltr'>τῇ</span> <span class='ocrx_word' id='word_1_828' title='bbox 1707 3368 1797 3413; x_wconf 83' lang='grc' dir='ltr'>λέξει</span> <span class='ocrx_word' id='word_1_829' title='bbox 1811 3368 1981 3421; x_wconf 76' lang='grc' dir='ltr'>κέχρηται</span> <span class='ocrx_word' id='word_1_830' title='bbox 1997 3370 2042 3411; x_wconf 84' lang='grc' dir='ltr'>ὡς</span> <span class='ocrx_word' id='word_1_831' title='bbox 2059 3366 2270 3419; x_wconf 77' lang='grc' dir='ltr'>βυρσοδέψης</span> <span class='ocrx_word' id='word_1_832' title='bbox 2289 3364 2361 3403; x_wconf 79' lang='grc' dir='ltr'>ἀπὸ</span> 
     </span>
     <span class='ocr_line' id='line_1_119' title="bbox 1318 3426 1657 3476; baseline -0.003 -12"><span class='ocrx_word' id='word_1_833' title='bbox 1318 3429 1386 3464; x_wconf 88' lang='grc' dir='ltr'>τῶν</span> <span class='ocrx_word' id='word_1_834' title='bbox 1407 3426 1657 3476; x_wconf 77' lang='grc' dir='ltr'>ὑποδημάτων.</span> 
     </span>
    </p>
   </div>
  </div>
 </body>
</html>
