2533 3808
266 204 338 238 370

265 282 482 332 ὑποδήματα.
511 291 550 320 Ρ.
580 270 845 324 συνεχειμάζετο
872 282 880 307 :
910 267 979 307 Σὺν
1005 268 1053 318 τῷ
1076 263 1216 316 ἱματίῳ.
1241 265 1287 302 Θ.

265 353 327 383 Dv.
350 349 392 378 P.

315 409 378 433 848.
409 389 588 435 ἀναθήσων
608 385 857 439 ιἈφιερώσων.
871 395 935 427 Dv.
948 382 1110 432 ἀνάθημα
1121 379 1287 426 ποιήσων.

265 466 306 495 P.
326 453 366 498 νὴ
387 466 395 490 :
418 448 499 489 ΊΝαί.
519 456 585 485 Βυ.

229 523 244 545 5
316 524 378 550 849.
408 505 572 559 χαρίεντα

267 567 439 619 Κομίζων.
464 567 504 603 Ρ.

315 640 380 665 850.
411 623 522 676 [[οἴμοι
546 619 769 670 κακοδαίμων
791 631 800 656 2
827 614 981 668 Κορωνὶς
1011 612 1110 665 ἑτέρα
1127 610 1240 661 ὁμοία·
1261 611 1292 647 οἳ

265 685 300 724 δὲ
320 683 431 735 στίχοι
449 679 606 732 ἰαμὸικοὶ
623 678 798 731 τρίμετροι
820 675 883 728 ρθ’,
904 668 950 711 ῶν
971 670 1163 713 τελευταῖος

603 517 612 542 :
635 501 813 541 Ἥδύτατα
832 499 909 538 κατ’
929 496 1114 550 εἰρωνείαν.
1146 494 1256 548 φέρων
1280 506 1288 532 :

457 775 500 815 νῲ
513 773 538 805 δ’
553 771 709 812 εἰσίωμεν,
722 769 772 800 ἵνα
788 766 938 809 προσεύξῃ
954 765 1005 796 τὸν
1019 763 1097 795 θεόν.

215 873 246 897 10
266 858 323 896 ἐπὶ
338 860 388 909 τῷ
403 856 494 894 τέλει
512 852 671 907 κορωνὶς,
689 850 748 889 καὶ
765 849 839 895 ἑξῆς
854 851 957 900 χοροῦ
975 839 1081 888 αῧθις.
1103 845 1207 895 ἐχρῆν
1227 840 1293 893 γὰρ

265 917 440 954 κάνταῦθα
471 912 578 950 θεῖναι
604 908 720 962 χορὸν,
741 908 911 944 εἰσιόντων
940 906 1006 942 τῶν
1028 903 1217 953 ὑποκριτῶν
1237 902 1294 937 ἐν-

265 974 338 1020 τὸς,
364 975 463 1024 ἄχρις
495 969 534 1006 ἄν
562 984 612 1011 τις
633 965 758 1017 ἐπέλθῃ
780 961 963 1015 ὑποκριτὴς
981 961 1103 1012 ἕτερος.
1123 959 1141 1012 Ἦ
1160 978 1213 987 -·
1230 972 1295 995 κα-

265 1030 440 1081 κοδαίμων
460 1041 469 1066 z
490 1025 683 1077 Δυστυχής.
703 1026 749 1067 ὡς
773 1037 781 1061 t
802 1023 853 1060 “O
863 1037 888 1058 τι
906 1020 996 1057 λίαν.
1019 1027 1083 1057 Βυ.

318 1102 381 1127 852.
411 1086 470 1125 καὶ
489 1087 539 1123 ἷοῦ
561 1086 612 1122 ἰοῦ
634 1097 642 1122 z
666 1081 737 1120 Καὶ
756 1083 832 1133 φεῦ.
855 1091 895 1121 Ρ.

216 1166 247 1190 15
319 1160 383 1186 853.
414 1144 503 1183 οὕτω
536 1139 723 1193 πολυφόρῳ
756 1151 765 1177 2
796 1134 920 1176 Πολλά
957 1150 1014 1184 μοι
1039 1132 1130 1179 κακὰ
1162 1132 1215 1182 ὑφ’
1237 1129 1295 1167 ἕνα

266 1205 384 1257 καιρὸν
409 1202 563 1256 φέροντι,
584 1199 607 1245 ἢ
624 1197 770 1248 ποικίλῳ
791 1194 858 1233 ἀπὸ
878 1197 938 1231 τοῦ
957 1190 1044 1230 πολὺ
1068 1190 1159 1241 ὕδωρ
1179 1189 1296 1226 ἐπιδε-

265 1261 414 1316 γομένου
436 1259 538 1298 οἴνου·
563 1257 666 1307 ἤγουν
688 1253 828 1306 ἀκράτῳ
847 1251 906 1290 καὶ
926 1252 1056 1301 ἰσχυρῷ
1075 1248 1159 1299 πρὸς
1175 1245 1214 1283 τὸ
1234 1260 1297 1282 κα-

266 1309 338 1359 κόν.
366 1319 499 1370 εἴρηται
519 1314 572 1362 δὲ,
593 1313 644 1351 ὅτι
661 1311 852 1364 πολύφορον
870 1308 930 1358 μὲν
952 1308 1067 1357 ἔλεγον
1090 1305 1147 1342 τὸν
1165 1301 1297 1349 πολλὴν

267 1384 388 1432 κρᾶσιν
408 1374 604 1427 δεχόμενον,
624 1369 822 1422 ὁλιγόφορον
849 1366 885 1404 δὲ
903 1365 959 1403 τὸν
979 1364 1110 1414 ὀλίγην.
1133 1361 1297 1413 (πολυφό-

270 1453 318 1490 ρῳ
335 1430 391 1474 οῦν
408 1438 456 1486 τῷ
474 1433 608 1470 πολλῶν
626 1431 775 1480 ἀτυχιῶν
790 1423 1010 1475 κομιστικῷ.)
1027 1421 1049 1467 ἢ
1063 1423 1300 1473 μεταφορικῶς

267 1498 306 1533 ἐκ
333 1497 401 1532 τῶν
434 1488 665 1541 πολυκάρπων
693 1483 882 1538 χωρίων,ἢ
916 1483 1115 1520 πολυανθῶν
1143 1479 1298 1531 δένδρων.

268 1553 428 1606 [Ἄλλως.
465 1545 723 1599 συγκέκραμαι,
752 1542 1000 1594 μεταφορικῶς·
1030 1542 1074 1581 ὡς
1109 1537 1208 1588 ἅπαξ
1210 1536 1299 1575 οἴνου

267 1612 326 1650 καὶ
343 1610 464 1651 ὕδατος
482 1610 541 1652 τῆς
561 1602 781 1655 συγκράσεως
790 1598 980 1652 γινομένης.
1001 1594 1272 1650 Ὲ-πολυφόρῳ
1291 1608 1299 1633 :

270 1664 547 1720 (Πολλαπλασίῳ
567 1664 659 1712 Dv.).
682 1659 805 1700 Πολλὰ
824 1657 917 1696 κακὰ
938 1655 1085 1709 φέροντι.
1104 1656 1151 1693 Θ.
1169 1662 1234 1692 Dv.
1256 1663 1299 1692 E.

216 1747 243 1761 r>-
269 1742 309 1771 P.
331 1726 571 1777 συγκέκραμαι
595 1737 604 1761 :
631 1716 855 1770 Μεμιγμένος
888 1714 972 1765 εἶμί.
994 1722 1058 1752 Dv.
1079 1712 1230 1762 ἥνωμαι.
1258 1721 1299 1751 Ρ.

269 1784 457 1837 πολύφορος
470 1785 532 1833 γῆ,
549 1784 570 1827 ἡ
591 1777 723 1824 πολλὴν
740 1774 846 1828 φορὰν
864 1772 924 1811 καὶ
940 1771 1072 1824 καρπὸν
1086 1769 1300 1822 παρέχουσα,

270 1843 328 1880 καὶ
362 1840 553 1892 πολύφορος
579 1833 685 1882 οἶνος,
715 1837 733 1872 6
751 1832 839 1871 πολὺ
866 1830 958 1882 ὕδωρ
990 1828 1172 1880 δεχόμενος
1200 1829 1233 1864 ἐν
1253 1829 1302 1879 τῷ

273 1900 455 1951 μίγνυσθαι
480 1896 602 1948 τούτῳ.
620 1896 659 1932 ἐκ
675 1891 795 1930 τούτου
816 1890 1056 1941 μεταφορικῶς
1080 1885 1139 1925 καὶ
1156 1888 1174 1922 6
1195 1884 1303 1922 πολύ-

270 1974 369 2010 φορος
398 1955 543 2006 δαίμων,
575 1954 649 1991 ὅθεν
679 1950 833 2001 ἐπήγαγε
867 1946 906 1984 τὸ
927 1944 1183 1998 συγκέκραμαι,
1239 1959 1303 1995 περ

217 2040 250 2063 30
272 2017 328 2054 ἐπὶ
347 2017 457 2068 ὑγρῶν
478 2013 625 2063 λέγεται.
646 2018 680 2049 Ρ.

322 2088 385 2113 854.
416 2070 632 2122 ἀποτρόπαιε
657 2081 666 2107 :
687 2066 828 2106 Διώκτα
845 2066 913 2102 τῶν
928 2064 1058 2101 κακῶν.
1076 2072 1118 2102 Ρ.

321 2146 384 2170 855.
416 2130 493 2168 ποτ’
514 2124 641 2181 ζῗΑρα.
659 2125 828 2164 πέπονθεν
850 2136 858 2162 :
879 2123 1050 2161 Ἔπαθεν.
1072 2128 1136 2158 Dv.

321 2204 384 2229 856.
402 2187 558 2240 ’σχέτλια
579 2201 592 2225 .·
614 2182 777 2224 Χαλεπά.
799 2191 859 2220 Dv.
895 2177 1037 2218 ἐλεεινοί.
1059 2178 1099 2213 Ρ.
1119 2175 1272 2214 πέπονθα
1292 2189 1301 2215 :

269 2249 427 2288 ’Έπαθα.
447 2247 518 2284 νυνὶ
539 2259 547 2283 :
570 2242 720 2296 Ἀρτίως.
741 2249 804 2278 Dv.

323 2320 388 2344 857.
420 2301 649 2344 ἀπολωλεκὼς
670 2312 678 2338 :
701 2297 868 2349 Φθείρας.
886 2298 945 2341 τῆς
965 2292 1074 2335 οἰκίας
1092 2305 1101 2330 z
1126 2292 1200 2337 Τῆς
1219 2292 1305 2341 ἐμῆς

272 2362 417 2410 δηλαδή.
437 2370 496 2399 Dv.

323 2435 387 2458 858.
417 2419 474 2456 τὸν
495 2416 655 2466 ἐσόμενον
676 2428 685 2453 ;
702 2413 774 2452 Τὸν
793 2410 1020 2461 γενησόμενον
1039 2410 1208 2445 Πλοῦτον.
1236 2415 1301 2445 Dv.

323 2492 386 2516 859.
416 2477 524 2527 ἤνπερ
546 2474 594 2524 μὴ
618 2473 765 2511 λίπωσιν
786 2472 821 2507 αἱ
840 2469 932 2506 δίκαι
954 2480 962 2505 1
990 2465 1100 2518 [Ἀντὶ
1124 2468 1182 2502 τοῦ
1192 2464 1221 2516 ,Ἦ
1246 2464 1304 2523 ἐάν

748 2525 901 2565 σκώπτει
923 2524 1028 2562 πάλιν
1052 2525 1096 2565 ὡς
1118 2522 1227 2572 βίαιον
1249 2525 1306 2558 οὖ-

215 1460 249 1484 20

218 2334 251 2357 35

272 2536 311 2573 τὸ
331 2535 460 2572 δίκαιον
477 2530 691 2583 παραμείνῃ.
1112 2575 1132 2582 ...

274 2610 337 2631 σαν
362 2592 423 2638 τὴν
449 2593 483 2628 ἐν
510 2587 718 2639 δικαστηρίῳ
744 2584 866 2637 κρίσιν.
894 2604 940 2610 --
958 2581 1062 2618 πάλιν
1089 2584 1184 2622 αὖθις
1211 2593 1220 2618 :
1242 2579 1307 2618 Ἐκ

221 2620 255 2644 40

569 2647 604 2683 αἱ
619 2644 709 2682 δίκαι
728 2657 736 2682 :
756 2644 802 2680 Αἱ
822 2640 950 2692 κρίσεις
968 2639 1026 2676 καὶ
1046 2638 1085 2675 τὸ
1105 2637 1248 2674 δίκαιον.
1265 2644 1304 2674 Θ.

273 2648 512 2703 παραλλήλου.

273 2712 337 2741 Βυ.
357 2710 396 2740 P.

327 2768 389 2793 860.
419 2751 541 2805 σχεδὸν
568 2763 577 2788 z
595 2744 779 2798 Ἀντικρύς.
797 2753 860 2782 Dv.
885 2743 1051 2795 φανερῶς.
1069 2739 1112 2777 Ῥἶ
1132 2739 1307 2792 ἄντικρυς,

275 2815 440 2866 φανερῶς.
458 2818 500 2849 Θ.

223 2914 256 2937 45
275 2929 477 2979 Δυστυχῶν.
499 2933 541 2964 Ρ.
568 2924 683 2964 κακῶς
710 2934 719 2959 :
739 2918 871 2969 Ἤγουν
900 2919 1090 2968 δυστυχῶς,
1112 2914 1274 2967 πράττων
1297 2926 1306 2952 :

277 2989 405 3026 Ποιῶν.
429 2993 489 3022 Dv.
1234 3023 1254 3032 ...

330 3058 393 3082 862.
424 3036 510 3079 εἶναι
532 3043 590 3077 τοῦ
616 3039 765 3089 πονηροῦ
786 3033 964 3084 κόμματος
984 3045 992 3070 z
1024 3029 1204 3081 (Κόμμα,)
1223 3031 1309 3072 εἶδος

281 3100 409 3154 φαύλου
426 3098 650 3148 νομίσματος.
669 3093 743 3132 ἀντὶ
761 3092 796 3130 δὲ
819 3096 877 3129 τοῦ
898 3092 1003 3128 εἰπεῖν
1027 3086 1157 3141 φαύλου
1179 3087 1309 3132 συστή-
1334 3103 1337 3136 3

227 3195 259 3217 50
281 3173 405 3210 ματος,
422 3158 571 3207 πονηροῦ
594 3153 771 3202 κόμματος
797 3144 902 3196 εἶπεν,
925 3145 1041 3192 ἐπειδὴ
1062 3145 1141 3198 περὶ
1160 3145 1309 3183 πλούτου
1336 3142 1337 3155 ’

279 3220 297 3254 6
315 3215 426 3265 λόγος.
457 3213 601 3264 (εἴρηται
621 3210 687 3248 ἀπὸ
714 3212 910 3260 μεταφορᾶς
927 3207 994 3243 τῶν
1022 3203 1195 3248 κιὸδήλων
1214 3217 1312 3252 νομι-
1336 3234 1337 3237 ,

281 3271 436 3324 σμάτων,
457 3270 513 3309 διὰ
537 3269 576 3306 τὸ
600 3268 712 3318 ὀλίγον
739 3265 800 3317 μὲν
826 3265 917 3316 ἔχειν
942 3261 1082 3315 χρυσὸν,
1107 3260 1248 3298 πλείονα
1276 3259 1311 3297 δὲ
1336 3279 1338 3298 ⁴,

327 2885 388 2910 861.
417 2867 648 2922 προσέρχεται
669 2877 678 2902 ;
705 2860 957 2913 Παραγίνεται.
982 2859 1095 2900 κακῶς
1117 2855 1305 2908 πράττων;
1333 2876 1334 2890 ι

1005 178 1263 219 SCHOLIA
1290 177 1350 215 IN
1384 175 1635 215 PLUTUM.

1345 261 1392 312 μὴ
1409 262 1465 299 ἐπὶ
1478 261 1701 312 νομισμάτων
1715 262 1753 313 τρ
1767 262 1887 313 κόμμα
1902 262 2062 315 εἴρηκεν.)
2081 285 2131 291 —-
2147 263 2222 301 ἀντὶ
2235 267 2295 302 τοῦ
2310 264 2378 303 λεί-

1343 323 1463 372 ψανον.
1487 320 1674 366 πεποίηται
1695 321 1730 358 δὲ
1754 321 1821 358 ἀπὸ
1841 327 2036 374 μεταφορᾶς
2062 323 2130 359 τῶν
2152 321 2375 372 κεκομμένων

1344 377 1567 427 νομισμάτων
1594 377 1628 421 ἐξ
1657 378 1771 428 ὀλίγου
1795 379 1884 422 τινος
1907 379 2050 431 χρυσίου
2079 379 2374 429 ἀποκεκομμένου.

1345 435 1429 487 φασὶ
1450 434 1485 472 δὲ
1505 435 1791 494 πονηρὸνωκόμμα
1811 436 1866 472 τὸν
1889 436 2245 490 παραχαραττόμενον
2267 438 2377 489 ἄργυ-

1347 507 1414 544 ρον.
1433 491 1610 541 κόμματος
1628 496 1684 529 οὖν
1703 493 1778 529 ἀντὶ
1798 497 1854 530 τοῦ
1871 494 2050 546 λειψάνου,
2068 495 2089 541 ἢ
2104 495 2294 545 λείμματος
2309 499 2375 533 τῶν
2395 512 2412 536 s

1347 549 1486 588 ἀδίκων.
1542 549 1581 586 τὸ
1598 565 1623 600 χ
1640 544 1696 587 οῦν
1718 549 1801 601 πρὸς
1820 550 1858 587 τὸ
1876 551 2010 601 κόμμα.
2030 560 2069 588 V.
2085 551 2264 602 κόμματος
2282 566 2290 591 :
2307 555 2378 591 Τοῦ

1345 607 1582 660 χαράγματος.
1605 607 1740 660 εἴρηται
1765 606 1800 644 δὲ
1825 610 1871 650 εἷς
1897 608 2093 661 μεταφορὰν
2113 612 2180 647 τῶν
2205 610 2378 656 κιὸδήλων

1346 665 1580 715 νομισμάτων.
1596 673 1634 704 Θ.
1655 673 1695 702 Ρ.

1400 736 1462 762 863.
1488 728 1684 773 καταρᾶται
1700 725 1749 774 τῷ
1767 721 1929 774 Πλούτῳ.
1949 722 1987 759 R]
2004 722 2044 769 νὴ
2063 723 2129 761 Δία
2145 737 2154 763 :
2174 725 2264 763 Κατ’
2284 727 2381 778 εἷρω-

1347 780 1453 824 νείας.
1510 782 1624 823 καλῶς
1647 782 1753 818 ποιῶν
1777 794 1785 818 :
1809 779 1960 823 Δικαίως
1985 779 2146 832 πάσχων.
2170 789 2210 819 Ρ.
2230 782 2380 832 ἀπόλλυ-
2404 799 2435 823 ιθ

1348 855 1405 876 ται
1424 852 1432 877 2
1451 838 1650 891 Φθείρεται.
1670 847 1735 877 Dv.

1401 911 1465 936 865.
1498 896 1755 947 ὑποσχόμενοςε
1773 895 1908 947 Λέγων.
1924 895 2045 938 εὐθέως
2064 909 2072 934 :
2087 896 2307 947 Παραυτίκα.
2320 903 2382 932 Dv.

1401 969 1464 994 866.
1495 954 1640 1006 ἐξαρχῆς
1657 967 1665 992 :
1685 953 1745 996 Ὡς
1764 953 1803 991 τὸ
1819 953 1997 1006 πρότερον.
2020 961 2081 990 Dv.
2101 956 2119 990 6
2135 953 2171 991 δὲ
2190 967 2198 992 :
2217 954 2327 993 Ἰδεῖν.
2343 963 2384 993 P.

1402 1027 1467 1052 867.
1498 1011 1587 1050 πολὺ
1607 1025 1615 1050 :
1635 1011 1749 1050 Κατά.
1769 1024 1831 1053 Dv.
1849 1011 1937 1049 πολὺ
1963 1012 2094 1061 μᾶλλον
2114 1025 2123 1050 :
2142 1013 2286 1049 Μᾶλλον
2303 1011 2388 1062 πρὸς

1349 1071 1387 1108 τὸ
1408 1070 1455 1121 μὴ
1475 1073 1619 1116 ποιῆσαι
1638 1069 1820 1113 πλουσίους
1841 1069 1984 1121 [[τινάςᾞ.
2006 1077 2132 1107 R.V.P.
2150 1069 2242 1107 ἐστὶν
2264 1069 2388 1113 ἐξολω-
2409 1085 2440 1110 15

1350 1128 1458 1172 λεκώς
1483 1127 1714 1167 εἈπώλεσεν.
1736 1136 1777 1165 P.
1804 1128 1911 1171 ἐνίους
1937 1142 1945 1166 2
1973 1127 2109 1178 ἰΗμῶν.
2136 1127 2351 1171 ἐξολωλεκώς
2376 1141 2386 1166 :

1352 1185 1605 1228 Ἀπολωλεκώς.
1627 1193 1688 1222 Βυ.
1710 1184 1859 1222 Ἀττικὸν
1878 1184 1913 1222 δὲ
1931 1185 1969 1222 τὸ
1984 1184 2210 1228 ἐξολωλεκώς.

1404 1257 1470 1282 868.
1502 1242 1645 1293 δέδρακε
1672 1242 1900 1288 ῑἘποίησεν.
1927 1250 1992 1281 Βυ.
2018 1242 2108 1281 Τίνα
2135 1242 2328 1280 ἀπώλεσεν.
2349 1249 2387 1279 Θ.

1405 1314 1467 1338 869.
1497 1301 1530 1337 ἓν
1546 1300 1633 1345 ἤθει.
1653 1307 1737 1336 R-V-
1757 1295 1954 1346 ιῗ,;”Ον·τως
1967 1300 2049 1352 ἄρα.
2066 1308 2106 1339 Θ.
2125 1309 2187 1339 Dv.
2207 1307 2248 1337 P.
2269 1294 2358 1345 ἦσθα
2379 1312 2390 1337 1

1354 1357 1544 1409 Ὓπῆρχες.
1609 1357 1834 1410 τοιχωρύχων
1862 1371 1870 1397 :
1899 1359 2084 1397 Κλεπτῶν.
2109 1368 2175 1397 Βυ.
2208 1356 2265 1395 διὰ
2289 1360 2390 1395 τοῦτο
2409 1379 2445 1403 20

1353 1419 1463 1453 ταῦτα
1478 1415 1613 1457 ἔπαθες.
1629 1415 1674 1453 Θ.
1694 1422 1734 1451 Ρ.

1406 1487 1470 1512 870.
1495 1472 1658 1522 οὔμενουν
1688 1471 1756 1509 ἔσθ’
1781 1470 1870 1524 ὑγιὲς
1893 1485 1901 1511 :
1929 1474 2104 1523 Οὐδαμῶς
2129 1472 2280 1525 ὑπάρχει
2305 1473 2391 1519 ἀλη-

1355 1531 1418 1574 θές.
1436 1540 1499 1569 Do.
1520 1532 1682 1580 οὐμενοῦν
1700 1529 1725 1567 ἔ.
1745 1533 1778 1569 ὑ.
1797 1533 1891 1579 ὑμῶν
1906 1531 2040 1574 οὐδενὸς
2058 1544 2066 1569 :
2085 1531 2176 1569 Ἀντὶ
2192 1535 2270 1578 τοῦ,
2287 1530 2394 1573 οὐδεὶς

1355 1591 1452 1640 ὑμῶν
1473 1588 1545 1639 ἔχει
1565 1603 1597 1625 τι
1614 1587 1752 1638 ἀγαθόν.
1770 1596 1829 1626 Br.
1849 1588 1938 1638 ὑγιὲς
1954 1603 1962 1627 :
1981 1588 2105 1641 Ὀρθὸν
2122 1588 2183 1626 καὶ
2199 1587 2332 1635 ἀληθές.
2351 1596 2392 1626 Ρ.

1407 1660 1470 1686 871.
1496 1648 1557 1684 οὐκ
1572 1646 1641 1684 ἔσθ’
1663 1645 1755 1689 ὅπως
1776 1660 1784 1684 :
1801 1647 1988 1697 Οὐδαμῶς.
2007 1655 2071 1684 Dv.

1409 1719 1471 1744 872.
1495 1707 1542 1748 ὡς
1568 1703 1732 1756 σοὸαρὸς,
1752 1697 1780 1742 ῶ
1800 1704 1966 1757 Δάματερ
1989 1718 1998 1743 :
2028 1703 2291 1754 Σεσοὸημένος,
2318 1703 2394 1741 ἐπί-

1356 1778 1508 1816 τριπτος.
1565 1762 1866 1813 καταμωκώμενοι
1892 1762 1928 1800 δὲ
1947 1765 2014 1800 τῶν
2035 1763 2196 1816 Δωριέων
2215 1762 2254 1799 τὸ
2273 1755 2301 1799 ῶ
2321 1760 2393 1798 Δά-

1359 1837 1469 1874 ματερ
1488 1821 1660 1871 λέγουσιν.
1717 1823 1734 1858 6
1751 1820 1786 1858 δὲ
1806 1824 1901 1871 νοῦς,
1921 1824 1994 1863 πῶς
2014 1820 2206 1873 ἐπηρμένος
2225 1820 2284 1857 καὶ
2304 1818 2395 1870 μέγα

1358 1881 1491 1930 φρονῶν
1512 1879 1588 1915 καθ7
1609 1880 1710 1927 ἡμῶν
1731 1879 1897 1924 εἰσῆλθεν.
1918 1901 1968 1906 —
1985 1880 2030 1921 ὡς
2050 1891 2058 1916 :
2077 1877 2179 1916 Λίαν.
2201 1885 2266 1915 Dv.
2290 1876 2396 1914 σοὸα-

1357 1935 1413 1994 ρος
1443 1948 1452 1973 1
1483 1934 1712 1986 Ἐπηρμένος.
1742 1942 1782 1972 Ρ.
1811 1935 1978 1987 Δάματερ
2007 1947 2016 1973 :
2046 1936 2110 1980 Γῆ.
2139 1933 2357 1979 εἰσελήλυθεν
2385 1946 2394 1971 :
2417 1961 2452 1985 30

1362 1994 1502 2031 Ἦλθεν.
1523 2000 1585 2029 Dv.

1410 2063 1472 2088 873.
1503 2049 1540 2101 [6
1566 2048 1781 2101 συκοφάντης
1812 2063 1820 2088 :
1843 2048 1948 2087 Οὕτω
1977 2050 2163 2086 καλοῦνται
2188 2050 2218 2086 οἱ
2248 2047 2398 2100 ἐπηρεά-

1359 2110 1469 2152 ζοντες
1486 2107 1553 2144 ἀπὸ
1570 2106 1730 2153 τοιαύτης
1746 2106 1867 2150 αἰτίας.
1886 2106 1925 2144 τὸ
1941 2105 2090 2144 παλαιὸν
2109 2105 2340 2158 ἀπειρημένον
2356 2100 2396 2151 ἧν

1360 2170 1449 2204 σῦκα
1477 2164 1606 2214 ἐξάγειν
1634 2165 1672 2202 ἐκ
1696 2167 1756 2210 τῆς
1782 2164 1956 2209 Ἀττικῆς,
1977 2168 2035 2201 τοῦ
2056 2167 2162 2213 φυτοῦ
2183 2165 2260 2200 κατ’
2289 2162 2398 2215 ἀρχὰς

1359 2222 1633 2273 θαυμαζομένου.
1655 2222 1732 2265 τοὺς
1756 2225 1886 2274 πικρῶς
1907 2216 1963 2259 οῦν
1994 2222 2236 2274 διερευνῶντας
2261 2219 2301 2258 τὸ
2329 2235 2399 2258 τοι·
2419 2246 2454 2270 35

1360 2287 1470 2329 οῦτον,
1492 2280 1598 2323 οὕτως
1623 2282 1856 2330 ὀνομασθῆναι
1882 2279 2038 2330 λέγουσιν
2065 2279 2135 2316 ἀπὸ
2158 2281 2220 2324 τῆς
2246 2277 2398 2330 ὀπώρας.

1359 2341 1555 2393 παρασχεῖν
1572 2333 1629 2377 οῦν
1653 2339 1712 2376 καὶ
1730 2339 1799 2382 τοῖς
1818 2341 1974 2376 ὁπωσοῦν
1997 2337 2109 2388 μάτην
2132 2338 2317 2387 ἐγκαλοῦσι
2337 2336 2399 2382 τὴν

1360 2398 1563 2448 ὀνομασίαν,
1583 2397 1656 2446 ἅμα
1672 2397 1730 2434 καὶ
1746 2401 1804 2434 τοῦ
1825 2396 1956 2449 φαίνειν
1969 2395 2008 2434 τὸ
2028 2397 2186 2446 ἐγκαλεῖν
2200 2393 2222 2440 ἢ
2238 2396 2285 2437 εἷς
2301 2394 2399 2440 δίκην

1361 2457 1510 2507 εἰσάγειν
1527 2457 1719 2500 δηλοῦντος.
1736 2453 1787 2491 ὅτι
1803 2453 1838 2490 δὲ
1854 2454 1921 2491 ἀπὸ
1935 2453 2064 2490 τούτων
2078 2452 2229 2503 γέγονεν,
2243 2453 2281 2489 ἐκ
2295 2452 2401 2488 τῶνδε

1361 2513 1482 2557 δῆλον·
1510 2509 1684 2552 συκαστὰς
1709 2508 1775 2561 γὰρ
1797 2508 1873 2551 τοὺς
1898 2508 2175 2560 φιλεγκλήμονας
2200 2506 2318 2555 ἔλεγον
2342 2506 2401 2543 καὶ
2422 2533 2457 2558 40

1362 2568 1541 2610 συκοέίους
1570 2567 1629 2604 καὶ
1658 2565 1831 2617 συκωροὺς
1857 2565 1916 2602 καὶ
1945 2565 2150 2614 συκολόγους
2174 2563 2234 2600 καὶ
2259 2562 2403 2611 φιλοσύ-

2413 1674 2447 1698 25

1331 2638 1333 2664 1
1361 2642 1439 2668 κους
1455 2625 1514 2662 καὶ
1531 2623 1694 2665 συκώδεις
1709 2623 1768 2659 καὶ
1786 2621 2039 2668 συκοσπαδίας,
2053 2621 2135 2664 ἴσως
2151 2619 2221 2657 ἀπὸ
2237 2623 2296 2657 τοῦ
2313 2619 2401 2657 πάν-

1361 2699 1422 2726 τας
1439 2682 1642 2733 ἐγκλήματα
1661 2679 1899 2732 ἐφέλκεσθαι]

1417 2741 1582 2791 βουλιμιᾶΙ
1604 2752 1611 2776 ῑ
1642 2738 1741 2776 Πάνυ
1764 2737 1950 2786 λιμώττει,
1972 2736 2055 2786 (καὶ)
2083 2741 2185 2787 πεινᾷ
2207 2735 2303 2772 λίαν·
2332 2735 2401 2772 ἀπὸ

1361 2802 1421 2836 τοῦ
1444 2800 1504 2848 βου
1525 2796 1774 2848 ἐπιρρήματος,
1792 2794 1875 2847 ὅπερ
1896 2793 2084 2837 ἐπιτάσεώς
2105 2795 2176 2831 ἐστι
2197 2793 2400 2840 δηλωτικὸν,
2426 2820 2454 2845 '15

1364 2855 1439 2893 ἀντὶ
1461 2859 1519 2892 τοῦ
1544 2854 1640 2891 λίαν·
1658 2851 1774 2904 ὥσπερ
1799 2852 1858 2890 καὶ
1878 2855 1912 2891 ἐν
1938 2855 1987 2902 τῷ
2015 2850 2198 2903 βούπεινα,
2219 2853 2241 2896 ἡ
2265 2850 2400 2901 μεγάλη

1362 2916 1480 2959 πεῖνα,
1510 2911 1569 2949 καὶ
1598 2910 1756 2961 βουγάϊος
1782 2911 1840 2947 καὶ
1870 2910 2106 2961 βούγλωσσος·
2135 2907 2225 2952 τινὲς
2253 2908 2288 2946 δὲ
2317 2902 2402 2952 εἶδος

1363 2970 1462 3008 νόσου
1479 2968 1594 3019 φασὶν,
1609 2970 1643 3005 ἐν
1659 2963 1682 3019 ἧ
1699 2969 1811 3005 πολλὰ
1828 2968 1995 3011 ἐσθίοντες
2013 2969 2050 3005 οὔ
2067 2968 2299 3020 πληροῦνται·
2315 2965 2402 3018 [τῶν

1362 3027 1429 3079 γὰρ
1449 3029 1669 3079 συκοφαντῶν
1696 3029 1845 3068 τοιοῦτος
1869 3028 1886 3063 ὃ
1910 3024 2069 3078 τρόπος]
2087 3047 2140 3053 --
2167 3023 2327 3074 μεγάλως
2349 3024 2405 3060 λι·-

1366 3085 1505 3137 μώττει.
1521 3086 1567 3123 Θ.
1587 3093 1647 3121 Dv.
1668 3091 1708 3120 P.
2423 3107 2456 3131 30

1426 3155 1487 3181 874.
1530 3141 1570 3179 σὺ
1605 3140 1666 3191 μὲν
1693 3142 1738 3183 εἷς
1765 3139 1891 3192 ἀγορὰν
1922 3154 1930 3179 :
1957 3143 2071 3179 Τοῦτο
2100 3138 2184 3192 πρὸς
2215 3137 2272 3175 τὸν
2301 3136 2403 3189 θερά-

1365 3215 1491 3238 ποντα·
1509 3199 1547 3236 τὸ
1566 3198 1601 3236 δὲ
1620 3218 1633 3232 κ
1654 3200 1715 3236 οὐκ
1732 3197 1772 3235 ἂν
1791 3198 1926 3247 φθάνοις
1944 3217 1958 3231 »
1978 3196 2054 3234 ἀντὶ
2075 3199 2136 3233 τοῦ
2153 3197 2215 3234 οὐκ
2234 3193 2275 3232 ἂν
2295 3193 2403 3246 πέρας

1368 3258 1487 3310 σχοίης
1503 3260 1570 3294 τῶν
1585 3258 1715 3294 κακῶν.
1733 3279 1785 3284 -
1799 3257 1844 3299 εἷς
1862 3254 1990 3307 ἀγορὰν
2007 3268 2017 3293 :
2039 3255 2099 3296 Εἷς
2115 3251 2330 3305 συνάθροισιν
2351 3251 2403 3288 δι-

279 3331 422 3384 ·χαλκόν.
436 3326 682 3378 ἐπεσημήνατο
696 3323 803 3370 δὲτὴν
817 3323 906 3367 λέξιν
921 3320 1073 3366 συνήθως
1086 3319 1124 3357 τὸ
1136 3335 1162 3371 χ
1170 3348 1179 3366 ,
1194 3317 1311 3364 ἐπειδὴ
1337 3307 1341 3362 ἱ
1368 3315 1570 3368 καστηρίου.
1591 3327 1629 3357 Ρ.
