2533 3808
182 235 229 267 66

232 324 294 348 680.
325 310 362 346 οὗ
393 307 504 357 μεῖζον
531 308 618 341 εἶναι
650 300 805 353 φαίνεται
833 312 841 337 t
867 298 949 336 Ὀτι
967 298 1088 351 σοφίας
1113 297 1212 342 δόξαν

181 367 399 417 ἀπηνέγκατο
424 367 442 401 6
463 360 717 412 Θεμιστοκλῆς,
739 356 931 408 σαφηνίσας
953 355 1140 402 Ἀθηναίοις
1155 355 1214 392 τὸν

179 424 315 462 δοθέντα
334 419 492 472 χρησμὸν

285 511 385 548 τεῖχος
408 506 582 544 Τριτογενεῖ
603 503 716 539 ξύ)ινον
740 502 818 533 διδοῖ
839 501 973 542 εὐρύοπα
995 500 1079 536 Ζεύς

146 617 161 641 5
178 589 291 627 ἄλλων
307 587 373 639 γὰρ
388 586 478 624 ἄλλα
491 585 660 636 λεγόντων
672 614 681 631 ,
699 582 977 634 Θεμιστοκλῆς”
959 597 1023 634 εφη
1039 579 1101 624 τὰς
1121 579 1216 632 τριή-

179 663 244 700 ρεις
259 647 369 697 λέγειν
383 644 513 689 ξύλινον
529 645 653 695 τεῖχος.
669 642 812 694 [καὶτὸν
829 644 978 693 Πειραιᾶ
996 640 1030 677 66
1045 638 1213 711 Tet7iootq,

176 708 220 748 ὡς
235 705 387 757 εἴρηται,
413 702 473 741 καὶ
489 701 533 740 τὰ
552 701 670 754 μακρὰ
692 701 792 752 τείγη
812 700 960 746 ποιήσας
980 697 1024 736 τὰ
1051 697 1214 744 διήκοντα

177 763 244 801 ἀπὸ
261 766 320 809 τῆς
334 762 466 805 πόλεως
484 760 587 814 μέχρι
609 764 669 798 τοῦ
694 762 887 811 Πειραιῶς,
912 758 969 795 ἐπι
992 756 1097 794 πλέον
1123 755 1214 800 ἔδοξε

175 819 288 874 σοφός.
292 821 306 871 ]

243 892 306 918 887.
354 876 574 927 πιθηκισμοῖς
606 889 614 914 :

176 935 317 980 Ἄλλως.
354 934 567 986 μιμήμασιν.
599 935 646 977 ὡς
667 933 726 970 καὶ
753 934 856 970 αὐτοῦ
875 934 988 969 ταῦτα
1018 929 1214 976 πεποιηκό-

126 903 157 928 10
647 874 811 917 Ἀπάταῑς
848 872 908 911 καὶ
940 870 1212 922 κΟλαΧΕύμασιν.

175 1010 243 1038 τος.

229 1050 476 1105 [περιελαύνεις
495 1064 503 1090 :
526 1049 702 1103 Γράφεται
717 1047 970 1101 παρελαύνεις.]

228 1124 291 1149 888.
323 1109 403 1147 ὅταν
432 1107 664 1160 χεσείῃ.οι
691 1106 913 1156 ἀνιστάμενοι
930 1107 968 1142 ἐκ
987 1106 1053 1142 τῶν
1075 1119 1214 1153 συμπο-

141 1199 156 1223 5
176 1169 258 1207 σίων
283 1168 370 1221 πρὸς
394 1167 432 1204 τὸ
466 1169 693 1213 ἀποπατῆσαι
724 1164 893 1207 πολλάκις
925 1179 994 1206 τοις
1024 1161 1214 1214 ἀλλοτρίοις

175 1227 375 1277 ὑποδήμασι
398 1228 552 1278 χρῶνται
571 1225 649 1271 ἤτοι
666 1221 907 1285 σπεύδοντες
887 1239 910 1269 η
933 1223 1159 1272 ἀγνοοῦντες(
1147 1220 1213 1258 υπὸ

174 1289 234 1333 τῆς
253 1285 367 1336 μέθης

226 1358 288 1383 891.
317 1345 527 1395 προσαμφιῶ
547 1340 649 1379 τοδί·
642 1372 650 1379 .
672 1339 765 1392 Πρὸς
781 1333 867 1382 οἶς”
848 1354 920 1390 εχει
941 1337 1082 1376 ἐνδύσω.
1103 1352 1213 1390 παρε-

173 1401 328 1454 πιγραφὴ
350 1400 396 1439 δέ·
421 1401 540 1438 δίδωσι
557 1399 622 1451 γὰρ
641 1400 735 1435 αὖτῖ)
753 1400 770 1434 6
792 1396 914 1435 Κλέων
933 1399 1078 1448 χιτωνα.

226 1473 288 1498 892.
321 1459 449 1510 βύρσης
465 1458 627 1496 κάκιστον
650 1471 658 1495 :
677 1455 898 1502 Ἀηδισθεὶς(
885 1471 902 1492 ο
924 1458 1042 1504 Δῆμος
1061 1469 1121 1491 και
1142 1468 1210 1503 μυ-

173 1517 379 1568 σαττόμενος
395 1516 456 1563 τὴν
474 1514 587 1566 ὀσμὴν
610 1518 669 1551 τοῦ
698 1512 843 1566 βυρσοδέ
845 1514 910 1565 {206
927 1511 1037 1549 ταῦτά
1062 1521 1161 1563 φησι.

223 1589 284 1614 894.
314 1575 371 1613 τὸν
386 1574 512 1613 καυλὸν
527 1568 631 1611 οἰσθ”
617 1575 770 1610 εκεῒνον;
787 1574 820 1609 'l
822 1570 962 1624 ὴνρίζαν
980 1573 1039 1607 τοῦ
1058 1568 1208 1621 σιλφίου.

172 1634 304 1687 σίλφιον
327 1633 362 1671 δὲ
380 1633 472 1686 [ρίζα
492 1631 583 1670 κατά
605 1646 699 1673 τινας
714 1629 888 1680 ἡδύοσμος
916 1633 950 1666 ἐν
971 1626 1088 1679 Λιέύῃ
1115 1642 1211 1677 γινο-

172 1693 256 1741 μένη
270 1722 279 1739 ,
296 1690 462 1765 ἀρτυτικὴ
479 1706 538 1728 και
559 1692 593 1726 θε
580 1687 801 1740 εραπευτική.
817 1686 987 1733 καλΛίστη
1006 1685 1073 1723 66‘
1057 1700 1078 1731 η
1096 1688 1212 1738 Κυρη-

118 1776 150 1800 25
170 1750 286 1796 ναϊκή.
313 1749 364 1788 ὅτι
395 1752 444 1801 τῷ
475 1750 550 1786 ὂπΓι)
578 1763 637 1785 και
656 1763 697 1798 τη
728 1746 802 1798 ρίζῃ
832 1751 891 1782 και
923 1746 973 1796 τῷ
998 1745 1119 1781 καυλΓ)
1150 1747 1209 1780 τοῦ

171 1809 334 1861 σιλφίου’
322 1824 364 1860 εχ
368 1810 488 1861 ρῶντο.
573 1804 715 1847 ἰΑλλυς
720 1805 733 1855 ]
753 1802 916 1875 φυτάριόν
931 1804 1003 1840 ἐστι
1020 1802 1209 1850 κάκοσμον.

170 1868 360 1920 Ἀρισταῖος
382 1865 417 1903 66
445 1868 463 1903 6
480 1863 693 1906 Ἀπόλλωνος
717 1862 777 1900 καὶ
801 1861 964 1914 Κυρήνης
987 1863 1121 1913 πρῶτος
1146 1861 1208 1905 τὴν

169 1925 334 1978 ἐργασίαν
350 1928 409 1963 τοῦ
426 1922 560 1975 σιλφίου
575 1921 743 1975 εξεῦρεν
720 1936 838 1972 ωσπερ
854 1936 914 1957 και
931 1924 989 1957 τοῦ
1009 1918 1155 1969 μέλιτος.

222 1998 285 2022 895.
314 1982 371 2021 τὸν
403 1981 495 2026 ἄξιον
523 1980 730 2032 γενόμενονε
753 1979 837 2017 Ὅτι
855 1977 915 2016 καὶ
931 1982 990 2014 νῦν
1010 1977 1134 2014 εὔωνον
1151 1977 1210 2015 καὶ

117 2072 151 2098 30
170 2041 286 2102 ὀλίγης
302 2056 404 2091 τιμης
416 2037 699 2091 πιπρασκόμενον
748 2038 754 2043 ’

223 2092 298 2137 οἰδα
325 2097 438 2148 μέντοι
468 2110 476 2135 2
493 2094 579 2135 ‘'On
601 2095 661 2133 καὶ
676 2098 725 2132 τῶ
748 2096 824 2133 ὀπῶ
840 2110 884 2132 κα

168 2158 287 2195 καυλΓ)
303 2159 362 2194 τοῦ
382 2154 550 2208 σιλφίου’
535 2171 550 2192 ε
553 2169 700 2206 χρωντο

220 2229 282 2254 898.
312 2216 343 2252 οι
361 2212 547 2252 δικασταί’
568 2214 614 2251 Οἱ
631 2210 807 2258 ἡλιασταί.
828 2210 866 2248 τὸ
884 2209 973 2261 μέγα
992 2209 1028 2247 66
1044 2209 1210 2255 δικαστή-

169 2289 237 2326 ριον
257 2275 291 2311 ἐν
307 2276 350 2325 τῇ
369 2273 506 2322 Αττικῇ
532 2271 694 2318 Ηλιαια,
712 2270 771 2308 καὶ
789 2272 818 2307 οἵ
842 2269 1005 2307 δικασταὶ
1027 2269 1206 2314 ἡλιασταί.

220 2344 282 2370 899.
310 2330 450 2383 κόπριος
467 2342 475 2367 :
496 2329 697 2382 Κηπουρὸς,
710 2327 807 2380 παρὰ
826 2327 887 2373 τὴν
904 2326 1044 2379 κόπρον.
1127 2323 1209 2364 Ἄλ-

167 2391 248 2433 λως,
264 2392 365 2436 νῆσος
381 2392 441 2435 τῆς
461 2388 628 2434 Ἀττικῆς.
643 2386 665 2433 ἢ
680 2386 738 2424 τὸν
755 2385 965 2439 κοπρολόγον
985 2384 1091 2435 λέγει.

219 2461 282 2486 901.
320 2447 546 2499 Πυρράνδρου
582 2459 591 2485 :
626 2445 710 2484 Ἀπὸ
741 2449 801 2482 τοῦ
831 2444 985 2497 Πυρρίου
1015 2442 1135 2487 ἔπαιξε
1169 2442 1209 2480 τὸ

168 2506 288 2556 ὄνομα.
303 2500 344 2552 ἦν
362 2505 397 2542 66
414 2500 510 2548 οἶτος
522 2507 540 2542 6
554 2503 778 2557 Πύρρανδρος
791 2502 939 2553 πονηρὸς
955 2501 1014 2539 καὶ
1031 2501 1209 2553 συκοφάν-

167 2580 239 2611 της.
273 2562 565 2615 βωμολοχεύμασι
592 2561 646 2607 66,
673 2559 958 2612 κακουργήμασι,
979 2559 1207 2608 κολακεύμα-

169 2621 274 2672 σιν,ἢ
305 2620 466 2664 ἀπάταις.
487 2619 683 2672 βωμολόχοι
709 2618 745 2656 δέ
771 2620 855 2655 εἰσιν
877 2619 907 2656 οἳ
931 2617 1011 2669 περὶ
1038 2616 1116 2659 τοὺς
1135 2619 1209 2667 βω-

169 2696 252 2730 μους
276 2681 446 2731 λοχῶντες
477 2677 553 2729 [και
587 2676 737 2729 κρυφίως
768 2674 1045 2725 υποκαθήμενοι,
1076 2673 1133 2711 ἐπὶ
1153 2675 1203 2725 τῷ

168 2738 333 2811 ἁρπάζειν
350 2736 394 2774 τὰ
413 2735 632 2786 ἐπιτιθέμενα
658 2734 806 2784 θύματα
824 2732 972 2772 τοῦτοδ’
991 2735 1075 2782 ἡμῖν
1104 2712 1208 2769 πλεό-

167 2797 263 2840 νάκις
290 2796 372 2839 ἴσως
397 2798 457 2832 τοῦ
480 2793 612 2836 δέοντος
629 2792 774 2845 εἴρηται.
804 2791 878 2829 θεὸν
907 2790 942 2829 66
965 2790 1028 2837 τὴν
1062 2790 1205 2836 Ἀθηνᾶν

169 2854 381 2905 ἀκουστέον]

221 2927 285 2951 905.
318 2915 439 2963 μισθοῦ
475 2910 636 2963 τρύὸλιον
672 2923 680 2948 :
717 2907 924 2961 Ὀξύὸαφον.
955 2906 1030 2944 ἀντὶ
1063 2909 1122 2944 τοῦ
1154 2908 1206 2943 εἷ-

168 2972 244 3008 πεῖν
283 2969 445 3040 ὀσπρίου,
476 2969 498 3015 ἢ
537 2968 643 3006 ἄλλου
684 2966 772 3010 τινὸς
809 2964 1046 3019 προσφαγίου,
1083 2967 1206 3015 μισθοῦ

168 3033 243 3066 εἰπε
260 3027 315 3065 διὰ
333 3028 390 3064 τὸν
406 3026 602 3065 δικαστικὸν
625 3024 756 3076 μισθόν.

221 3099 284 3124 906.
314 3084 491 3136 κυλίχνιον
515 3098 524 3123 1
546 3083 742 3133 Ἐκπωμα.
766 3082 784 3120 6
806 3085 863 3120 νῦν
880 3081 1019 3133 λέγουσι
1041 3080 1205 3124 πυξίδιον.

167 3144 286 3195 ἔχουσι
312 3144 346 3180 δε
367 3144 397 3179 οι
428 3142 538 3194 ἰατροὶ
561 3141 603 3178 τα
624 3156 688 3185 πυς
673 3141 783 3191 ίδια,
813 3142 847 3178 ἐν
875 3135 924 3183 οἷς
947 3139 1241 3191 προσὸάλλουσι

167 3202 210 3239 τὰ
230 3201 416 3251 πάσματα.

220 3275 286 3298 909.
316 3259 475 3310 κέρκον;

166 3320 206 3357 τὸ
232 3319 320 3371 ἔριον
346 3321 405 3355 τοῦ
434 3317 590 3365 λαγωοῦ,
611 3315 699 3352 ι’)στε
724 3314 798 3352 ἀντὶ
825 3314 978 3365 σπόγγου
1006 3313 1206 3365 χρήσασθαι

173 3378 226 3417 διὰ
244 3377 282 3414 τὸ
302 3375 437 3413 ἁπαλὸν
458 3379 566 3424 εἶναι,
587 3374 675 3411 ι’)στε
696 3372 756 3415 τὰς
775 3371 890 3422 λήμας
908 3373 1072 3424 περιψῆν.

125 1199 135 1223 1

120 1489 154 1512 20

890 2098 961 2146 ιτῇ
986 2095 1060 2146 ῥίζῃ
1086 2093 1210 2145 καὶτῷ

114 2367 148 2393 35

114 2658 149 2683 40

114 2948 148 2971 45

115 3237 150 3261 „0

502 3257 576 3303 Τὴν
598 3257 713 3309 ουράν.
743 3256 918 3293 ἁπαλὸν
901 3255 935 3293 οὲ
955 3255 1015 3293 καὶ
1035 3254 1202 3308 τρυφερὸν
1238 3254 1242 3305 f

910 214 1171 261 SCHOLIA
1210 213 1268 251 IN
1303 212 1571 260 EQUITES.

1323 300 1475 349 περιψῆν
1504 296 1631 335 ’Ἀντὶ
1655 299 1714 334 τοῦ
1743 297 1996 347 καταμάσσειν,
2026 298 2303 349 ἀποσπογγίζειν.

1271 354 1494 406 φιλονεικεῖ
1476 354 1511 391 ὀὲ
1532 354 1674 397 ἕκαστος
1692 354 1885 407 υπερὸα)
1855 371 1902 392 ειν
1921 371 1997 398 ταις
2016 356 2171 408 δωρεαῖς.

1323 425 1387 450 911.
1414 413 1498 461 ἐμοῦ
1707 414 1854 459 ζΔιπλῆ
1882 413 1941 450 καὶ
1962 413 2106 457 εισθεσις
2134 415 2180 457 εἷς
2199 415 2306 464 ἀμοι-

1272 469 1369 507 8αῒον
1404 448 1505 520 μέλος
1523 485 1590 506 των
1622 472 1815 521 ὑποκριτῶν
1844 470 1966 508 κώλων
1996 471 2182 524 τριάκοντα
2202 471 2303 522 διμέ-

1528 411 1590 462 μὲν
1626 416 1682 450 Οὖν

1270 543 1359 579 τρων
1386 526 1652 574 ἀκαταλήκτων,
1676 526 1767 572 πλὴν
1787 531 1846 565 τοῦ
1873 529 2130 579 παρατελεύτου
2152 528 2304 580 μονομέ-
2325 540 2340 564 5

1270 601 1371 638 τρου,
1408 584 1561 631 συνήθως
1599 585 1658 623 καὶ
1694 589 1755 623 τοῦ
1791 586 1990 624 τελευταίου
2039 589 2304 640 ἑφθημιμεροῦς.

1271 644 1329 682 ἐπὶ
1359 646 1408 694 τῷ
1430 642 1522 681 τέλει
1551 643 1610 681 δύο
1630 644 1769 690 διπλαῖ,
1789 646 1810 689 ἡ
1839 642 1902 693 μὲν
1922 645 1956 681 ἐν
1981 646 2072 696 ἀρχῇ
2093 649 2154 683 τοῦ
2173 646 2307 693 κώλου,

1271 704 1292 747 ἡ
1314 700 1349 738 66
1369 700 1460 738 κατὰ
1479 700 1517 738 τὸ
1536 700 1642 744 τέλος.

1324 773 1387 797 912.
1418 759 1642 812 τριηραρχεῖν
1691 771 1699 798 z
1748 758 1899 797 Ἀπειλεῗ
1942 760 2036 812 αὐτῷ
2078 760 2316 813 λειτουργίαν.)

1270 817 1466 870 λειτουργία
1497 816 1564 869 γὰρ
1601 816 1699 889 παρὰ
1729 816 1932 889 ᾈθηναίοις.
1966 818 2164 870 δαπανηρὸν
2200 818 2235 855 δὲ
2267 818 2307 856 τὸ
2329 831 2362 857 10

1270 881 1506 927 τριηραρχεῖν.
1539 875 1607 912 ἔδει
1629 874 1696 948 γὰρ
1720 874 1783 921 τὴν
1813 875 1938 928 τριήρη
1964 875 2080 913 πάντα
2107 875 2199 927 ἔχειν
2225 876 2310 929 πρὸς

1270 932 1423 984 πόλεμον
1444 935 1606 986 εὐτρεπη.
1633 933 1722 985 ἅπερ
1746 932 2004 986 παρεσκεύαζεν
2030 936 2047 971 ὃ
2067 933 2130 981 τὴν
2150 935 2310 986 λειτουρ-

1270 990 1348 1042 γίαν
1371 990 1500 1037 ταύτην
1523 991 1743 1086 προξληθείς.
1826 990 1970 1035 ’.Αλλως
1996 991 2116 1038 επειδὴ
2143 994 2174 1030 οἱ
2201 1007 2310 1045 στρα-

1269 1048 1370 1099 τηγοὶ
1406 1049 1437 1086 εἴ
1470 1065 1547 1086 τινα
1580 1053 1673 1101 εἰχον
1709 1049 1844 1101 ἐχθρὸν,
1880 1052 1928 1093 εἷς
1963 1049 2196 1103 τριηραρχίαν
2231 1048 2308 1088 ἐνέ-

1271 1107 1460 1154 ὅαλλον,
1439 1123 1531 1151 οπως
1562 1107 1604 1145 ἂν
1634 1109 1728 1145 αὐτῶ
1757 1111 1774 1146 6
1798 1108 1869 1159 βίος
1890 1108 2122 1147 ἀναλίσκοιτο.
2148 1110 2177 1147 εἷ
2203 1108 2240 1146 δέ
2256 1124 2307 1152 τις

1270 1164 1556 1218 ὅπερὸαλλόντως
1596 1168 1845 1218 ἀπεχθάνοιτο,
1893 1166 2047 1210 παλαιὰς
2085 1170 2166 1210 ναῦς
2213 1167 2308 1218 αὐτῷ

1269 1223 1436 1269 ἐδίδοσαν,
1463 1223 1557 1267 ὅπως
1592 1222 1632 1261 ἂν
1667 1223 1799 1262 οἴκοθεν
1835 1224 1955 1268 καινὰς
1983 1224 2058 1262 ἀντ’
2094 1226 2207 1262 αὐτῶν
2238 1239 2306 1261 κσ-

1268 1281 1489 1332 τασκευάσῃ,
1525 1281 1587 1319 καὶ
1616 1281 1732 1334 πάντῃ
1768 1282 1891 1335 ἄποροι
1930 1282 2090 1333 ἐγίνοντο.
2118 1284 2196 1334 [οὐκ
2229 1282 2308 1334 ἐφέ-

1269 1337 1335 1382 ξεις
1367 1338 1423 1385 δὲ,
1459 1338 1535 1376 ἀντὶ
1565 1342 1645 1386 τοῦ,
1673 1341 1711 1377 οὗ
1747 1340 1882 1390 παύσῃ.
1913 1340 2226 1392 διαμηχανήσομαι
2253 1340 2305 1387 δε,

1269 1396 1532 1449 διαπράξομαι.]
2327 1406 2362 1430 20

1321 1468 1385 1493 919.
1416 1454 1503 1508 ἀνὴρ
1535 1456 1710 1508 παφλάζει
1737 1469 1746 1494 2
1777 1454 1923 1502 Ἐπειδὴ
1952 1454 2044 1508 ἑώρα
2074 1455 2131 1493 τὸν
2160 1456 2307 1495 Κλέωνα

1268 1512 1463 1565 κεκραγότα
1493 1513 1553 1550 καὶ
1577 1514 1804 1567 παφλάζοντα
1833 1517 1883 1566 τῷ
1912 1512 2024 1566 λόγῳ,
2055 1517 2098 1566 τῇ
2127 1521 2308 1567 μεταφορᾷ

1269 1571 1448 1624 ἐχρήσατο
1479 1570 1548 1609 ἀπὸ
1577 1575 1636 1609 τοῦ
1667 1571 1835 1624 χαλκείου
1864 1574 1898 1609 ἐν
1934 1574 1984 1623 τῷ
2017 1571 2100 1624 πυρὶ
2134 1570 2306 1622 κειμένου.

1269 1628 1408 1666 ἐπειδὰν
1435 1628 1503 1681 γὰρ
1531 1628 1660 1680 ἴδωμεν
1691 1632 1792 1667 τοῦτο
1819 1628 1994 1681 ὑπερζέον,
2028 1632 2097 1667 τῶν
2125 1629 2308 1680 ὑποκειμέ-

1267 1702 1334 1724 νων
1376 1686 1483 1731 ξύλων
1523 1690 1736 1740 ὑφαιροῦμεν
1778 1687 1838 1725 καὶ
1873 1691 1932 1726 τοῦ
1974 1687 2120 1738 ὕδατος,
2152 1686 2209 1726 ἵνα
2256 1689 2304 1739 μὴ

1269 1745 1518 1797 ὑπερχυθέντος
1547 1749 1605 1783 τοῦ
1628 1745 1748 1788 ὕδατος
1779 1746 1818 1783 τὸ
1846 1749 1915 1798 πῦρ
1943 1745 2084 1798 σὸεσθῇ.
2114 1745 2306 1799 χαριέντως

1269 1802 1304 1840 66
1329 1806 1375 1846 ὡς
1394 1803 1565 1856 μαγείρῳ.
1647 1803 1791 1846 Ἄλλως.
1817 1805 1969 1841 ἐντεῦθεν
1996 1802 2086 1855 μετὰ
2109 1805 2149 1841 τὸ
2168 1804 2219 1842 κθ’
2237 1807 2307 1842 κῶ-

1267 1862 1326 1898 λον
1353 1860 1568 1914 διακέκριται
1587 1864 1657 1905 τοῖς
1679 1860 1891 1913 προσώποις.
1913 1861 1977 1899 εἶσὶ
1998 1860 2034 1899 66
2059 1860 2118 1899 ἴσα
2143 1861 2221 1900 ὅλα.
2245 1861 2306 1900 καὶ

1268 1919 1386 1969 ὅμοιον
1400 1926 1492 1958 ποιεῖ
1510 1919 1549 1958 τὸ
1566 1919 1643 1958 ὅλον
1663 1919 1871 1972 περιοδικόν.
1895 1920 1934 1957 τὸ
1955 1918 1990 1957 δὲ
2012 1921 2209 1958 τελευταῖον
2230 1921 2307 1958 ἑτέ-

1270 1993 1331 2029 ραν
1354 1977 1427 2030 ἔχει
1456 1978 1633 2032 διαίρεσιν,
1661 1977 1724 2024 τὴν
1749 1980 1797 2022 εἷς
1826 1977 2008 2031 τρίμετρον
2038 1978 2305 2025 καταληκτικόν.

1267 2034 1409 2079 Ἄλλως.
1435 2036 1580 2089 βράσσει
1608 2036 1667 2074 καὶ
1687 2036 1909 2089 τετάρακται.
1938 2035 2127 2082 πεποίηται
2153 2035 2250 2088 παρὰ
2269 2036 2308 2074 τὸ

1266 2094 1403 2147 πάφλα.
1425 2096 1464 2133 τὸ
1481 2094 1516 2132 δὲ
1534 2095 1631 2142 ἑξῆς,
1654 2094 1741 2147 ἀνὴρ
1761 2095 1936 2148 παφλάζει
1956 2094 2143 2147 ὑπερζέων.

1319 2167 1382 2191 921.
1411 2156 1478 2191 τῶν
1496 2152 1602 2197 ξύλων
1625 2168 1634 2192 :
1652 2154 1728 2204 [Ἐν
1743 2156 1813 2197 τοῖς
1832 2153 2003 2204 πλείοσι,]
2017 2156 2084 2190 τῶν
2103 2154 2221 2190 δετῶν.
2239 2151 2307 2190 ἔδει

1268 2211 1375 2248 εἰπεῖν
1399 2213 1468 2248 τῶν
1487 2214 1609 2263 κρεῶν.
1631 2210 1705 2249 ἔστι
1725 2211 1792 2264 γὰρ
1814 2211 1882 2249 ἀπὸ
1904 2217 2101 2264 μεταφορᾶς
2116 2212 2184 2248 τῶν
2202 2209 2307 2263 ἑψόν-

1266 2284 1347 2314 των,
1381 2267 1524 2318 οι’τινες,
1556 2269 1637 2307 ὅταν
1668 2269 1854 2323 παφλάζῃ,
1883 2272 1952 2308 τῶν
1984 2267 2220 2319 ὑποκειμένων
2246 2266 2306 2313 ξύ·
2325 2277 2362 2304 35

1266 2327 1372 2365 λων’
1354 2331 1580 2380 αφαιροῦνται
1597 2342 1656 2365 και
1675 2330 1743 2365 τῶν
1761 2330 1885 2380 κρεῶν.

1320 2385 1537 2438 ἀπαρυστέον
1577 2399 1587 2425 :
1628 2385 1859 2439 Ἀφαιρετέον.
1892 2387 1960 2423 τῶν
2001 2386 2155 2423 ἀπειλῶν
2192 2383 2227 2422 δὲ
2246 2377 2309 2435 εἷ-

1266 2459 1342 2490 πεν,
1377 2443 1453 2481 ἀντὶ
1481 2447 1539 2481 τοῦ
1567 2444 1674 2481 εἰπεῖν
1699 2448 1758 2482 τοῦ
1792 2443 1948 2494 ζέματος.
1975 2442 2094 2489 ἐπειδὴ
2117 2444 2186 2480 τῶν
2205 2443 2307 2494 ὑπερ·

1267 2500 1411 2546 ζεόντων
1453 2501 1688 2572 ἀπαρύονται,
1716 2501 1773 2539 ἵνα
1812 2501 1861 2552 μή
1900 2517 1934 2539 τι
1970 2500 2197 2553 ὑπερχέηται.
2231 2516 2304 2550 μα-

1265 2561 1423 2610 γειρικῶς
1440 2558 1475 2596 66
1496 2574 1556 2596 και
1576 2563 1701 2598 ταῦτα.

1319 2629 1384 2655 922.
1414 2616 1540 2662 ταυτηί
1558 2617 1688 2660 εἼσως
1709 2616 1882 2669 κρεάγραν
1900 2615 2057 2660 ἔδειξεν<
2039 2632 2085 2659 ως
2103 2614 2272 2668 μαγείρῳ.

1319 2687 1383 2713 924.
1414 2673 1629 2725 ἷπούμενοςξ
1657 2674 1873 2724 Θλιὸόμενος
1897 2680 1972 2717 ταῖς
1988 2672 2215 2719 συντελείαις,
2232 2674 2307 2717 ταῖς

1267 2731 1497 2778 ἀπαιτήσεσι,
1518 2731 1631 2770 πολλὰ
1664 2731 1832 2784 εἰσφέρειν
1867 2730 2157 2782 ἀναγκαζόμενος.
2191 2731 2307 2776 πιεζό-

1267 2805 1378 2841 μενος.

1318 2861 1382 2888 926.
1414 2849 1555 2886 σπεύσω
1587 2864 1625 2886 σε
1653 2861 1661 2886 z

1266 2906 1384 2953 ἐπειδὴ
1418 2908 1448 2944 οἱ
1481 2906 1688 2958 στρατηγοὶ,

2331 1119 2362 1143 15

2326 1698 2361 1722 25

2325 2565 2361 2590 40

1694 2847 1845 2886 Σπεύσιι)
1876 2848 1923 2890 εἷς
1947 2845 1984 2885 σὲ
2014 2847 2073 2885 καὶ
2101 2846 2302 2888 σπουδάσω.
2324 2866 2358 2892 45

1722 2905 1865 2958 ἐχθρούς
1899 2921 1993 2949 τινας
2023 2901 2306 2957 ἔχοντεςκπένη-

1238 2981 1344 3010 ,τας,
1377 2963 1563 3016 ἐνέγραφον
1594 2966 1642 3016 τῷ
1673 2964 1802 3015 πρώτῳ
1833 2962 2006 3014 τάγματι,
2027 2963 2120 3008 ὅπως
2151 2963 2200 3014 μὴ
2233 2968 2304 3018 ἀρ-

1265 3027 1404 3065 κοῦντες
1431 3021 1516 3074 πρὸς
1536 3021 1597 3064 τὰς
1629 3037 1670 3070 με
1657 3021 1784 3089 Νγάλας
1810 3021 1954 3072 ζημίας,
1975 3021 2099 3075 ἄποροι
2122 3021 2303 3072 γένωνται.

1238 3080 1438 3149 [εὔχομαι
1459 3078 1511 3126 δὲ,
1539 3081 1760 3132 καταρῶμαι.
1781 3079 1930 3129 τάγηνον
1960 3079 2015 3125 66,
2043 3095 2204 3150 τηγανρν.
2232 3095 2306 3117 τευ-

1267 3138 1316 3181 θὶς
1344 3136 1379 3176 66
1408 3131 1493 3179 ειδος
1529 3135 1644 3188 ἰχθύος
1675 3137 1841 3180 εὐτελοῦς.
1874 3137 1966 3182 σίζον
2000 3136 2056 3185 66,
2089 3138 2188 3175 ποιὸν
2216 3141 2303 3189 ἠχον
2323 3152 2359 3177 50

1267 3196 1468 3234 ἀποτελοῦν.
1472 3195 1485 3245 ]

1318 3265 1382 3291 932.
1413 3252 1597 3298 Μιλησίων
1622 3266 1630 3290 :
1655 3252 1716 3295 Ὡς
1734 3252 1860 3290 ἐκεῖθεν
1881 3253 2162 3305 δωροδοκοῦντος.
2184 3251 2304 3302 μέτοι-

1275 3326 1328 3348 κοι
1354 3309 1389 3347 66
1410 3309 1598 3356 Ἀθηναίων
1620 3312 1650 3348 οἱ
1673 3310 1853 3356 Μιλήσιοι.

1319 3381 1382 3406 933.
1412 3367 1453 3412 ἢν
1487 3367 1686 3419 κατεργάσῃ
1717 3367 1832 3407 ε’Ὲὰν
1863 3366 2037 3420 διαπράξῃ
2068 3367 2158 3419 ἅπερ
2189 3367 2305 3411 αὐτοῖς
