2533 3808
193 211 267 243 378

192 284 280 336 μετὰ
301 287 333 322 δε
356 282 412 320 τὸν
435 281 576 319 δέκατον
596 279 724 330 στίχον,
748 280 857 317 κῶλον
883 278 1044 328 ἷαμὸικὸν
1066 278 1215 328 μονόμε-

190 358 268 393 τρον
289 338 632 392 βραχυκατάληκτον.
659 336 730 374 ἔστι
751 336 784 374 δὲ
807 336 1153 388 βραχυκατάληκτον,
1173 339 1218 379 ὡς

189 399 337 450 εἴρηται,
362 397 399 434 τὸ
427 395 627 445 λειπόμενον
653 393 732 432 ὅλου
763 394 866 437 ποδὸς
891 394 974 446 πρὸς
1000 394 1215 446 ἀπαρτισμὸν

187 460 247 502 τῆς
272 454 430 504 συζυγίας
455 456 522 490 τῶν
547 453 673 499 ποδῶν,
704 451 725 497 ἢ
751 456 810 489 τοῦ
835 451 1043 503 μονομέτρου
1065 451 1168 502 τυχὸν
1193 450 1215 497 ἢ

154 529 170 553 5
188 517 245 551 τοῦ
266 512 434 563 διμέτρου.
456 510 512 548 ἐπὶ
528 513 576 562 τῷ
595 510 684 547 τέλει
705 510 865 562 κορωνὶς,
882 510 941 547 καὶ
957 509 1031 556 ἑξῆς
1053 509 1091 546 τὸ
1110 514 1248 586 χοροῦγ

188 566 289 613 αῦθις.
307 573 410 622 ἐχρῆν
425 569 490 621 γὰρ
504 571 680 606 κάνταῦθα
694 572 801 606 θεῖναι
817 567 918 620 χορὸν
936 568 1110 605 εἰσιόντων
1124 566 1216 611 ἐντὸς

185 631 252 666 τῶν
277 630 481 680 ὑποκριτῶν,
510 627 609 679 ἄχρις
638 627 677 664 ἄν
705 643 754 670 τις
778 626 888 678 ἕτερος
911 626 1045 664 ἐπέλθοι
1070 628 1215 678 ὑποκρι-

184 686 277 737 τῆς]

240 742 453 793 (ἀσπάζομαι
482 756 491 781 :

133 813 166 838 10
184 801 279 853 φησί.
300 801 432 851 μεθύων
451 801 485 838 δὲ
507 802 544 838 οὗ
561 800 651 850 λέγει
669 801 787 852 χαῖρε,
806 800 881 837 ἀλλ’
902 799 1115 849 ἀσπάζομαι.
1139 803 1160 846 ἡ
1179 799 1214 837 δὲ

183 858 240 897 διὰ
260 859 300 897 τὸ
319 859 446 896 ἄτοπον
464 859 615 910 [δοκοῦν]
631 861 690 904 τῆς
706 857 926 910 προσρήσεως
945 859 1074 911 ἐρωτᾷ,
1092 857 1125 896 τί
1144 873 1214 911 φη-

183 918 262 966 σιν.)

235 974 434 1024 ἀσπάζομαι
457 987 465 1012 :

520 742 585 786 Ὡς
609 741 664 779 διὰ
689 740 813 793 χρόνου
842 741 948 787 αὐτὴν
978 741 1215 792 ἀσπαζόμενος

492 972 798 1026 Προσφθέγγομαι.
823 981 888 1012 Dv.
915 976 1079 1027 χαιρετῶ.
1106 982 1147 1012 Ρ.
1168 976 1214 1017 ὥς

925 194 1179 233 SCHOLIA
1215 195 1275 232 IN
1310 194 1560 233 PLUTUM.

1277 277 1382 315 θέλων
1402 285 1568 349 σημᾶναι.
1650 278 1791 323 Ἄλλως.
1807 280 1879 318 επει
1893 284 1998 333 γραῦς
2018 283 2108 320 ἐστιν
2125 283 2210 329 αὓτη
2223 314 2232 330 ,
2250 284 2306 322 διὰ

1250 372 1251 377 ,
1276 339 1376 373 τοῦτο
1395 336 1453 372 καὶ
1472 339 1489 373 ὁ
1509 335 1684 379 νεανίσκος
1707 338 1956 391 πρεσὸυτέρους
1982 339 2116 381 θεους”
2093 356 2240 391 ωμοσεν,
2260 345 2306 385 ὡς

1248 430 1249 440 γ
1275 397 1336 430 τοῦ
1353 393 1454 445 ὅρκου
1469 394 1589 431 τούτου
1591 409 1673 467 -Ᾰῖεπρ
1660 395 1875 433 εσὲυτικοᾚ
1856 413 1961 440 οντος.
1982 398 2004 443 ἢ
2018 401 2046 435 ὠ
2065 415 2132 436 των
2149 415 2214 451 πρε
2200 400 2306 437 ισέυ-

1247 450 1380 521 Ιτέρων
1406 451 1566 490 ἐπόπται.
1588 451 1610 497 ἢ
1631 454 1667 489 οὗ
1688 452 1843 500 πάντως,
1865 455 1940 492 ἀλλ’
1960 457 1993 492 ἐν
2014 458 2136 509 παιδιᾷ
2153 460 2228 507 μετ’
2245 460 2305 496 ἐκ-

1247 485 1428 554 Ιπλήξέως
1445 509 1601 568 φαίνεται
1618 526 1676 547 και
1692 510 1845 560 μεγάλης
1860 513 1947 556 τινὸς
1962 514 2142 566 ἐμφάσεως
2154 519 2304 567 χρησθαι
2325 521 2341 545 5

1274 567 1411 619 τούτω.)
1433 590 1476 593 -
1501 584 1530 604 ω
1547 568 1818 606 Ποντοπόσειδον
1848 583 1856 608 :
1880 572 1955 608 Φεῦ
1979 574 2119 621 βασιλεῦ
2141 578 2200 611 τοῦ
2220 574 2306 612 πόν-

1274 641 1346 664 του.
1372 635 1435 665 Dv.
1466 626 1689 678 πρεσίῗυτικοὶ
1722 641 1730 665 :
1762 628 1970 679 Γεροντικοί.
1989 630 2034 666 Θ.
2060 639 2124 669 Dv.
2147 640 2213 670 LB.
2237 633 2304 670 θεοὶ

1274 683 1515 735 πρεσὲυτικοί·
1545 685 1668 722 οἰκεῖον
1698 688 1740 737 τῇ
1769 684 1852 737 γραῒ
1879 685 1990 736 λέγειν
2009 691 2109 725 τοῦτο
2129 688 2186 725 τὸν
2212 689 2303 728 νέον·

1274 741 1332 778 καὶ
1351 741 1418 794 γὰρ
1437 742 1591 794 γέροντες
1610 741 1765 793 γέρουσιν
1787 743 1990 795 ἁρμόζουσι·
2007 743 2078 781 ἔστι
2095 744 2130 782 δὲ
2147 749 2164 783 ὃ
2180 748 2305 785 Ποσει-

1273 799 1340 837 δὼν
1360 804 1427 838 τῶν
1443 801 1610 851 γερόντων
1626 801 1684 838 καὶ
1700 803 1736 838 οὖ
1756 804 1822 838 τῶν
1842 800 1938 848 νέων,
1958 800 2074 853 ὥσπερ
2094 805 2111 840 6
2131 803 2306 843 Ἀπόλλων
2329 809 2360 834 ¹0

1272 857 1331 895 καὶ
1351 861 1368 895 6
1389 859 1565 905 Διόνυσος,
1587 859 1646 896 καὶ
1669 862 1686 896 6
1707 859 1801 898 Πάν.
1823 859 1860 897 τὸ
1881 859 1916 897 δὲ
1934 860 2210 899 Ποντοπόσειδον
2230 864 2306 902 ἀντὶ

1271 920 1353 966 τοῦ,
1373 910 1400 954 <E
1425 916 1509 960 ἄναξ
1525 920 1585 962 τῆς
1604 917 1799 963 θαλάσσης,
1819 916 1860 964 ἢ,
1881 910 1909 954 ῶ
1933 917 2100 956 θαλάσσιε
2120 918 2303 960 Πόσειδον.

1272 982 1332 1012 LB.
1347 975 1570 1027 πρεσὸυτικοὶ
1583 969 1651 1012 θεοὶ
1667 977 1697 1012 οἳ
1714 977 1865 1027 ἀρχαῖοι,
1879 978 1909 1014 οἱ
1921 976 2076 1014 παλαιοί.
2090 977 2150 1014 καὶ
2164 977 2231 1031 γὰρ
2247 980 2306 1018 καὶ

183 1033 237 1071 διὰ
254 1033 377 1085 χρόνου
396 1031 475 1070 ἰδὼν
493 1031 613 1079 αὐτὴν,
630 1032 830 1082 ἀσπάζομαι
847 1033 931 1084 φησὶ
971 1049 1028 1070 και
1046 1048 1083 1070 ου
1099 1048 1201 1086 χαιρε
1271 1033 1519 1084 πρεσὸυτικοὺς
1536 1033 1630 1076 θεοὺς
1645 1033 1761 1083 ἔλεγον
1778 1033 1855 1077 τοὺς
1876 1033 2041 1086 ἀρχαίους
2057 1037 2102 1079 ὡς
2122 1035 2205 1088 πρὸς
2224 1037 2307 1076 Διό-

131 1107 162 1131 15
181 1095 202 1138 ἡ
220 1091 255 1128 δὲ
276 1090 331 1128 διὰ
355 1090 394 1128 τὸ
416 1089 540 1127 ἄτοπον
567 1091 687 1127 δοκοῦν
713 1093 774 1136 τῆς
797 1091 1018 1143 προσρήσεως
1043 1094 1154 1143 ἔρωτα
1180 1108 1212 1128 τι
1271 1106 1369 1128 νυσον
1385 1091 1407 1136 ἢ
1429 1091 1640 1130 Ἀπόλλωνα.
1666 1099 1702 1128 Ρ.
2330 1111 2361 1135 15

180 1149 280 1201 φησί·
303 1148 470 1186 «τάλαιν’
497 1146 563 1198 ἐγὼ
588 1151 647 1193 τῆς
667 1147 795 1200 ῦὸρεως
819 1145 859 1194 ἧς
884 1151 1079 1201 ῢοριζομαι.
1109 1167 1123 1182 »
1144 1157 1195 1186 LB
1327 1162 1403 1185 1051.
1433 1152 1500 1186 τῶν
1524 1149 1666 1202 ῥυτίδων
1691 1163 1699 1187 :
1721 1151 1802 1187 Τῶν
1830 1149 2087 1201 ῥυτιδωμάτων.
2109 1159 2177 1190 LB.
2208 1153 2307 1204 ῥυτί-

180 1207 237 1247 διὰ
263 1211 323 1245 τοῦ
351 1205 480 1258 ἀρχαία
509 1208 555 1249 ὡς
581 1210 688 1258 γραῦν
716 1205 848 1256 (αὐτὴν)
876 1206 1038 1244 σκώπτει.
1065 1215 1146 1245 R.V.
1272 1219 1337 1252 οες,
1355 1205 1394 1249 ἃς
1406 1209 1437 1244 οἳ
1453 1208 1558 1245 κοινοὶ
1573 1207 1730 1259 λέγουσιν
1748 1207 1804 1244 ἐπὶ
1821 1212 1880 1244 τοῦ
1898 1209 2085 1259 προσώπου
2103 1209 2303 1262 ζαρώματα.

183 1265 312 1319 ἀρχαία
322 1264 384 1310 τὴν
398 1267 504 1316 γραῦν
519 1263 686 1302 σκώπτει.
704 1263 820 1315 ὥσπερ
835 1264 903 1301 ἀπὸ
913 1279 970 1301 του
987 1280 1091 1306 αιτιος
1103 1280 1212 1301 αιτιου
1279 1273 1357 1304 Ποῖ.

180 1323 292 1369 αἰτία,
309 1322 368 1360 καὶ
395 1321 462 1359 ἀπὸ
481 1325 541 1359 τοῦ
568 1320 675 1364 εὔδιος
694 1320 802 1358 εὐδίου
823 1321 917 1358 εὐοία
953 1324 1042 1358 οὓτω
1062 1337 1120 1359 και
1145 1338 1213 1359 απο
1328 1341 1405 1365 1052.
1439 1330 1460 1363 ἀ
1541 1338 1549 1363 :
1584 1323 1644 1366 Ὡς
1671 1327 1730 1360 τοῦ
1759 1322 1937 1360 νεανίσκου
1966 1323 2214 1377 προσφέροντος
2243 1326 2304 1372 τὴν

125 1398 160 1423 20
179 1385 237 1419 τοῧ
254 1381 371 1422 πῡλῑός
389 1381 508 1417 πῠλῑῡῧ
526 1379 643 1417 nomi.
662 1379 778 1422 πολιὸς
795 1374 834 1425 ἦν
856 1378 960 1431 ἀνὴρ,
978 1382 995 1416 ὅ
1010 1395 1071 1425 ‘cm
1088 1381 1212 1417 πθλῑαν
1272 1386 1359 1422 δαδα
1380 1386 1466 1434 αὐτῆ
1480 1413 1488 1428 ,
1505 1386 1604 1419 τοῦτο
1622 1380 1673 1418 λε
1663 1396 1732 1431 γει·
1753 1380 1826 1417 ἐστι
1849 1380 1883 1417 δε
1911 1380 2088 1433 ἐπίρρημα
2113 1383 2306 1430 ἐκπλήξεως
2325 1397 2361 1422 20

179 1438 280 1490 ἔχων,
306 1438 382 1484 ἤτοι
410 1440 427 1475 ὃ
452 1436 603 1490 γηραιός.
633 1437 692 1474 καὶ
716 1436 820 1474 πολιὰ
846 1436 916 1488 θρὶξ
946 1437 1014 1474 ἀπὸ
1042 1437 1161 1475 τούτου
1190 1454 1211 1483 η
1272 1444 1331 1480 καὶ
1353 1440 1554 1482 χελεύσεως.
1573 1464 1618 1469 -
1637 1442 1677 1484 ἀ,
1697 1441 1745 1476 ἀ;
1768 1438 2024 1491 Επιφώνημα,
2049 1439 2228 1513 επίρρημα
2250 1444 2307 1479 ἐχ.

143 1505 149 1508 “
176 1496 295 1542 λευκή.
316 1504 339 1533 P
1271 1500 1439 1547 πλήξεως.
1460 1508 1522 1537 Dv.
1544 1497 1752 1550 ἐπίρρημα
1738 1497 1928 1549 εφεκτικόν.
1951 1497 2000 1547 μή
2025 1513 2083 1547 μοι
2102 1500 2304 1553 πρόσφερε;

232 1568 310 1593 1043.
343 1552 448 1591 πολιὰ
473 1566 482 1591 :
506 1552 620 1599 Λευκὴ
647 1552 709 1599 τὴν
734 1552 851 1605 τρίχα.
879 1554 925 1591 Ε).
953 1555 1195 1600 πεπολιωαενη
1272 1560 1454 1609 Μηδαμῶς
1471 1556 1616 1603 πλησίον
1634 1557 1718 1606 εμοῦ
1739 1570 1832 1608 φερε.
1851 1563 1918 1594 LB.
1938 1555 2143 1607 ἔμπροσθεν.
2162 1566 2226 1598 Dv.

177 1612 266 1665 ταχὺ
289 1627 297 1651 :
318 1612 476 1663 Ταχέως.
504 1620 562 1649 Βυ.
586 1610 626 1657 νὴ
653 1610 710 1648 τὸν
737 1610 879 1662 οὐρανόν
898 1624 906 1649 ;
924 1610 992 1649 Διὰ
1016 1627 1055 1649 το
1075 1627 1135 1650 και
1154 1629 1212 1650 τον
1325 1630 1403 1655 1053
1434 1612 1792 1666 λάοῃεΚαταλάὸῃ.
1818 1613 2136 1666 Ι.Β.ἅ1ιηται.ὒυ.

123 1685 156 1710 25
179 1670 320 1724 οὐρανὸν
338 1669 458 1708 λευκὸν
487 1670 666 1722 φαίνεσθαι
681 1669 858 1713 πολλάκις.
875 1672 921 1709 Θ.
1326 1688 1404 1713 1054
1435 1671 1717 1725 ωσπερπαλαιὰν
1732 1671 2188 1725 εἷρεσιιῖ1νην;[Εἰρεσιώνη
2207 1674 2307 1725 στέμ-
2325 1685 2359 1710 25

230 1747 307 1773 1044.
336 1734 482 1771 τάλαινα
501 1746 509 1771 :
527 1732 655 1771 Ἀθλία.
676 1737 738 1771 Dv.
1271 1750 1365 1785 ματα
1385 1733 1451 1785 πρὸ
1468 1735 1534 1770 τῶν
1554 1732 1671 1769 πυλῶν
1689 1730 1939 1783 περιειλημένα
1955 1733 2217 1776 πλακουντικοῖς
2236 1749 2305 1771 τισι

231 1806 311 1831 1045.
342 1791 430 1829 ἔοικε
450 1805 458 1830 :
481 1791 584 1829 Ἐπεὶ
601 1791 743 1829 τοιαῦτά
762 1806 814 1828 σοι
834 1791 936 1842 λέγει.
954 1794 1000 1831 Θ.
1021 1796 1210 1845 φαινεταιὸ
1269 1791 1447 1844 κολλύροις
1474 1790 1533 1828 καὶ
1562 1789 1678 1832 ἄλλοις
1703 1788 1976 1840 τοιουτοτρόποις
2005 1795 2075 1833 τοῖς
2104 1806 2141 1828 τε
2169 1791 2305 1843 ὡραίοις

177 1851 323 1893 νεανίας.
351 1849 539 1902 ἑωρακέναι
558 1863 566 1887 ;
584 1848 802 1888 Θεάσασθαι.
820 1857 885 1888 Dv.
908 1849 962 1887 διὰ
976 1866 1035 1888 του
1055 1867 1072 1888 ο
1087 1867 1208 1905 μικρου
1270 1855 1414 1902 καρποῖς
1435 1849 1494 1886 καὶ
1518 1847 1636 1890 ἐλαίας
1653 1846 1938 1898 ἀποκρεμάμενα.
1960 1848 2062 1896 λιμοῦ
2085 1847 2151 1901 γὰρ
2175 1850 2304 1895 ἐνσκή-

175 1909 214 1947 τὸ
231 1907 408 1961 ἑορακέναι
424 1906 479 1945 διὰ
495 1907 533 1945 τὸ
552 1907 685 1959 μέτρον.
704 1914 741 1944 R.
1269 1911 1395 1961 ψαντος
1419 1909 1550 1945 ἀνεῖλεν
1572 1909 1588 1944 6
1612 1905 1685 1948 θεὸς
1705 1904 1766 1947 τὰς
1791 1905 1989 1956 εἷρεσιώνας
2008 1905 2075 1957 πρὸ
2106 1909 2174 1943 τῶν
2195 1910 2303 1958 θυρῶν

237 1980 313 2005 1046.
349 1966 440 2003 ἐπεὶ.
452 1964 540 2016 μετὰ
567 1964 693 2011 ταύτης
724 1966 877 2008 παλαιᾶς
909 1964 1012 2012 οὔσης
1043 1983 1208 2021 προτερον

175 2027 365 2076 συνδιῆγεν.
384 2032 425 2061 V.

228 2097 305 2122 1047.
335 2081 500 2123 πολλοιςε
517 2080 698 2123 Μεθύσοις.
721 2088 764 2119 P.

227 2154 305 2179 1048.
335 2139 466 2190 μεθύων
491 2138 578 2191 γὰρ,
600 2155 644 2181 ως
664 2138 787 2190 ἔοικεν,
814 2138 968 2199 ὀξύτερον
991 2140 1110 2192 βλέπει
1132 2173 1140 2180 .
1132 2145 1208 2181 Ὀἱ

171 2198 236 2251 γὰρ
256 2197 435 2247 μεθύοντες
454 2199 518 2248 οὐχ
542 2200 658 2248 ὁρωσι.
686 2197 799 2241 παίζει
825 2201 894 2244 οὐν,
916 2198 967 2235 ὅτι
988 2198 1088 2243 ὀξέως
1107 2201 1207 2238 ἐθεά-

119 2278 153 2303 35
173 2273 257 2295 σατο
280 2256 340 2299 τὰς
365 2255 487 2299 πολιὰς
513 2257 618 2302 αὐτῆς
642 2257 660 2292 6
683 2255 772 2303 νέος,
799 2258 1037 2309 ἀμαυροῦσθαι
1064 2258 1208 2310 ὀφείλων

170 2315 233 2361 τὴν
250 2315 326 2367 ὄψιν
350 2316 388 2352 ἐκ
413 2316 472 2360 τῆς
499 2312 613 2363 μέθης.
633 2313 765 2364 μεθύων
787 2313 823 2351 δέ
840 2330 955 2367 φησιν,
976 2317 1052 2354 ἐπεὶ
1071 2317 1131 2354 καὶ
1151 2317 1207 2355 ἐπὶ

170 2376 287 2422 κῶμον
305 2372 425 2423 ἀπῄει,
439 2374 483 2414 ὡς
501 2371 579 2423 ἔφη.
600 2371 808 2421 [τούναντίον
826 2372 878 2418 δὲ,
897 2367 989 2420 εἷπε,
1007 2375 1075 2417 τοῖς
1092 2374 1208 2419 ἄλλοις

171 2430 351 2479 πέπονθεν,
369 2428 485 2475 ἐπειδὴ
500 2429 615 2481 νήφων
633 2431 694 2466 οὐκ
708 2429 812 2479 ἔγνω,
832 2429 921 2467 ἀλλὰ
937 2430 1082 2480 μεθύων,
1098 2437 1206 2484 γραῦν

172 2485 306 2539 officum]
322 2509 367 2515 ——
386 2487 522 2530 εἰκότως
539 2487 622 2539 φησὶ
639 2491 737 2525 τοῦτο
752 2487 841 2525 οὕτω
858 2490 1042 2540 προσιόντα
1059 2491 1115 2528 τὸν
1131 2492 1205 2528 νέον

122 1990 157 2015 30

118 2564 152 2589 40
175 2546 271 2584 ἰδών·
288 2548 318 2583 οἱ
337 2545 403 2597 γὰρ
422 2545 597 2595 μεθύοντες
617 2545 769 2594 μάλιστα
784 2548 848 2596 οὐχ
868 2549 983 2598 ὁρῶσι.
1005 2548 1118 2592 παίζει
1136 2543 1205 2594 οῦν,

171 2604 222 2641 ὅτι
239 2601 371 2654 ταχέως
391 2602 555 2639 ἐθεάσατο
571 2601 630 2645 τὰς
646 2603 910 2652 πεπολιωμένας
927 2606 1032 2650 αὐτῆς
1051 2605 1172 2657 τρίχας
1189 2609 1206 2643 6

170 2661 243 2704 νέος
273 2663 510 2711 ἀμαυροῦσθαι
540 2659 683 2711 ὀφείλων
711 2660 774 2706 τὴν
803 2661 879 2712 ὄψιν
908 2661 974 2698 ὑπὸ
1001 2665 1061 2708 τῆς
1090 2662 1204 2712 μέθης.

172 2717 304 2768 μεθύων
326 2717 399 2755 &U
381 2733 475 2799 εφηζ,
482 2717 554 2754 επεὶ
576 2733 635 2754 και
655 2717 712 2755 ἐπὶ
736 2720 852 2768 κῶμον
875 2719 1024 2770 βαδίζειν
1045 2720 1206 2772 ἀνωτέρω

171 2792 316 2829 ειρηκεν.
338 2782 399 2813 LB.
421 2774 606 2828 ὀξύτερονε
627 2775 931 2829 Διορατικώτερον.
957 2785 1021 2816 Dv.
1043 2778 1238 2830 καθαρώ-

118 2857 151 2882 45
171 2850 281 2886 τερον.
298 2842 341 2871 P.

225 2905 304 2930 1049.
335 2890 524 2934 ἀκόλαστος
543 2905 552 2930 :
579 2891 752 2943 Ἀσελγής.
772 2893 818 2932 Θ.
841 2891 1001 2945 αἰσχρὸς,
1021 2892 1204 2944 ἀναίσχυν-

173 2965 236 2993 τος.
266 2958 333 2988 LB.
360 2952 421 2987 οὐκ
448 2949 539 2987 ἔστιν
569 2949 620 2987 ὅτι
651 2950 865 2994 ἀπαίδευτος.
892 2960 957 2990 Dv.
988 2951 1203 2996 ἀπαίδευτος.

176 3020 212 3049 Ρ.
231 3007 403 3051 κολάσεως
420 3008 519 3052 ἄξιος.
539 3017 575 3046 R.

228 3078 306 3103 1050.
335 3065 403 3102 θεοὶ
422 3065 646 3136 πρεσὸυτικοὶ
665 3080 674 3105 t
693 3068 738 3105 Οἱ
758 3072 828 3110 τοῖς
843 3065 1053 3119 πρεσὸύταις
1070 3068 1206 3120 ἐφιστά-
1236 3105 1237 3115 γ

120 3145 154 3170 50
174 3137 267 3171 μενοι
288 3122 372 3160 θεοί·
389 3123 462 3159 ἐπεὶ
481 3139 539 3160 και
557 3127 573 3161 6
595 3126 770 3162 Ποσειδων
787 3127 854 3162 τῶν
875 3124 1114 3177 πρεσὸυτέρων
1132 3125 1205 3163 ἐστὶ

173 3182 269 3227 θεων,
290 3180 358 3230 (καὶ
377 3182 441 3231 οὐχ
451 3179 565 3230 ὅμοιός
581 3197 653 3219 εστι
672 3181 860 3235 Διονύσῳ*
841 3200 863 3229 η
882 3183 1083 3222 Ἀττ.όλλωνι
1098 3183 1137 3220 τὸ
1154 3183 1202 3233 δε)

173 3237 492 3276 Ποντοπόσειδον
474 3255 495 3284 η
522 3255 550 3276 ω
575 3239 692 3277 πόντιε
721 3241 935 3280 Πόσειδον
916 3258 938 3286 η
970 3244 1205 3294 μεταοορικῶς

173 3295 241 3333 ἀπὸ
265 3299 324 3333 τοῦ
348 3294 492 3343 πόντου,
518 3296 591 3334 ἀντὶ
618 3301 676 3335 τοῦ
697 3301 724 3335 ὠ
755 3299 894 3349 μέγιστε
925 3298 1105 3337 Πόσειδον.
1125 3298 1205 3349 (καὶ

175 3353 330 3407 Σώφρων
349 3353 415 3406 γάρ
435 3369 519 3407 φησι
537 3354 659 3398 πόντος
676 3357 823 3407 ἀγαθων,
843 3357 969 3403 πλῆθος
987 3356 1046 3394 καὶ
1067 3355 1205 3407 μέγεθος

1016 587 1511 1362 ι-1··.Ιά

942 1063 951 1080 ἱ

1133 1091 1214 1105 Ν]

1142 1130 1147 1144 n

908 1148 961 1167 ρ]

1200 1180 1208 1188 .

1197 1207 1290 1218 ΚΝ

1173 1223 1212 1244 TO

950 1264 1024 1278 mn!
1127 1264 1173 1278 :t

866 1322 879 1332 a
984 1320 991 1334 r
1109 1321 1205 1335 111

927 1351 935 1367 7

1038 1379 1046 1394 x
1176 1379 1184 1393 x

1197 1441 1207 1451 f

1146 1553 1155 1568 t

1112 1586 1210 1604 ι.

1039 1611 1185 1627 XXX

1073 1792 1082 1807 l

1014 1854 1035 1862 Ν
1187 1857 1209 1865 Ν

1102 1966 1112 1980 t

2323 1977 2357 2003 Ξῖ

1268 1965 1475 2018 κρεμ.άσαι.]
1496 1964 1632 2014 (θαλλὸς
1650 1964 1786 2009 ἐλαίας,
1805 1963 1826 2009 ἢ
1846 1963 1993 2016 δάφνης,
2006 1964 2039 2008 ἐξ
2056 1964 2154 2016 ἐρίων
2173 1980 2304 2016 συμπε-

1267 2024 1473 2075 πλεγμένος,
1491 2023 1580 2075 ἔχων
1600 2022 1701 2075 ἄρτον
1720 2021 2025 2073 ε’ξηρτημένονκαὶ
2043 2022 2208 2069 κοτύλην·
2231 2023 2300 2061 ἔστι

1269 2085 1304 2121 δὲ
1329 2082 1450 2135 μέτρον
1470 2081 1502 2132 [ὃ
1522 2086 1578 2118 νῦν
1605 2083 1777 2130 καλοῦμεν
1803 2079 2018 2131 ἡμίξεστον]·
2040 2081 2099 2118 καὶ
2119 2085 2208 2118 σῦκα
2229 2081 2302 2132 [καὶ

1266 2142 1381 2179 πάντα
1401 2141 1445 2178 τὰ
1472 2140 1615 2190 ἀγαθά].
1643 2139 1772 2184 ταύτην
1791 2137 1826 2175 δὲ
1843 2137 1906 2184 τὴν
1931 2138 2130 2190 εἰρεσιώνην
2151 2139 2219 2192 πρὸ
2236 2142 2303 2177 τῶν

1268 2199 1468 2249 οἰκημάτων
1498 2198 1645 2236 ἐτίθεντο
1668 2199 1698 2234 οἱ
1719 2197 1891 2242 Ἀθηναῖοι
1914 2196 1974 2234 καὶ
1994 2197 2069 2234 κατ’
2103 2197 2175 2241 ἔτος
2195 2197 2302 2244 αὐτὴν

1266 2258 1453 2304 ἤλλαττον·
1472 2255 1582 2293 εἰώθει
1599 2254 1635 2292 δὲ
1653 2255 1735 2298 παῖς
1763 2253 1961 2307 ἀμφιθαλῆς
1977 2255 2062 2308 ἀμφ’
2083 2257 2171 2308 αὐτῇ
2188 2260 2299 2294 ταῦτα
2320 2273 2355 2296 35

1265 2316 1390 2368 λέγειν,

1415 2416 1572 2457 εἰρεσιώνη
1585 2418 1665 2445 σῦκα
1679 2414 1757 2454 φέρει
1770 2414 1823 2444 καὶ
1839 2412 1947 2449 πίονας
1961 2412 2069 2453 ἄρτους

1408 2464 1461 2494 καὶ
1476 2463 1542 2502 με’λι
1557 2462 1586 2492 ἐν
1600 2461 1714 2500 κοτύλῃ
1729 2461 1780 2490 καὶ
1797 2460 1897 2490 ἔλαιον
1911 2460 2153 2499 ἀποψήσασθαι,

1399 2509 1453 2540 καὶ
1466 2509 1564 2539 κύλικ’
1581 2509 1722 2547 εὔζωρον,
1738 2509 1778 2542 ὡς
1792 2508 1828 2537 ἂν
1843 2506 1998 2546 μεθύουσα
2012 2505 2169 2545 καθεύδῃ.)

1264 2602 1409 2645 Ἄλλως.
1425 2600 1548 2642 κλάδος
1564 2595 1605 2646 ῆν
1621 2598 1737 2641 ἐλαίας
1751 2598 1852 2650 ἐρίοις
1867 2597 2121 2647 πεπλεγμένος·
2135 2597 2300 2650 ἐξήρτητο
2317 2610 2355 2635 4ο

1266 2661 1301 2698 δὲ
1319 2663 1423 2698 αὐτοῦ
1447 2658 1490 2696 τὰ
1512 2661 1624 2710 ὡραῖα
1650 2657 1779 2695 πάντα.
1798 2656 1946 2694 ἵστασαν
1968 2657 2003 2693 δὲ
2025 2657 2128 2693 αὐτὸν
2149 2656 2216 2708 πρὸ
2232 2659 2300 2694 τῶν

1265 2721 1373 2770 θυρῶν
1394 2716 1484 2754 κατὰ
1500 2714 1649 2753 παλαιὸν
1666 2714 1896 2766 χρηστήριον·
1917 2716 1947 2751 οἱ
1965 2713 2028 2787 μὲν
2043 2713 2111 2766 γάρ
2129 2729 2233 2766 φασιν
2249 2713 2301 2752 ὅτι

1236 2778 1388 2826 λιμοῦ,
1406 2777 1436 2812 οἱ
1457 2774 1492 2812 δε
1510 2790 1569 2811 και
1587 2773 1640 2811 ὅτι
1659 2775 1781 2822 λοιμοῦ
1801 2778 1917 2809 πᾶσαν
1938 2788 1999 2818 την
2019 2775 2083 2822 γῆν
2103 2771 2301 2824 κατασχόν-

1264 2850 1320 2878 τος
1345 2837 1361 2872 6
1378 2806 1433 2871 7εἶθ
1408 2849 1458 2875 εος
1487 2848 1560 2869 ειπε
1584 2832 1797 2883 προηροσίαν
1825 2833 1868 2881 τῆ
1896 2833 1986 2876 Δηοῖ
2010 2829 2153 2883 [ὑπὲρ
2136 2830 2299 2868 απάντων

1282 2897 1365 2930 1ἆσαι
1388 2891 1526 2943 θυσίαν]
1548 2890 1762 2936 ἩΑΟηναίους·
1784 2893 1822 2927 οὑ
1843 2889 1945 2927 ἑνεκα
1971 2890 2206 2942 χαριστήρια
2208 2905 2296 2927 παν·-
2318 2899 2352 2924 ⁴5

1263 2950 1442 3001 ταχόθεν
1429 2948 1512 2986 εκπέ
1514 2963 1661 2997 μπουσιν
1681 2947 1840 2993 Ἀθήναζε
1857 2949 1940 2998 [των
1954 2962 2096 2997 καρπων
2113 2946 2174 2990 τὰς
2190 2948 2301 2999 ἀπαρ-

1264 3008 1355 3060 χάς].
1373 3029 1417 3032 -
1433 3022 1516 3059 προς
1535 3005 1737 3058 ἀποτροπτν
1755 3009 1812 3042 τοῦ
1827 3007 1960 3055 λοιμοῦ.
1980 3007 2132 3043 τελεῖται
2152 3003 2188 3042 δὲ
2205 3009 2227 3051 ἡ
2248 3008 2302 3043 θυ-

1265 3066 1323 3103 σία
1344 3064 1431 3111 αύτη
1449 3063 1546 3116 παρὰ
1566 3066 1632 3101 των
1650 3063 1782 3101 παίδων
1798 3066 1864 3101 τῶν
1883 3062 2082 3110 Ἀθηναίων.
2097 3071 2136 3101 R.
2187 3057 2299 3113 [Ἀλ-

1264 3126 1342 3167 λως.
1373 3122 1582 3175 Πυανεψίοις
1603 3122 1661 3159 καὶ
1694 3121 1907 3174 Θαργηλίοις
1939 3121 2050 3174 Ηλίῳ
2085 3121 2144 3159 καὶ
2173 3120 2300 3173 ζὨραις

1265 3182 1399 3220 θύουσιν
1427 3182 1615 3227 Ἀθηναῖοι·
1638 3180 1776 3233 φέρουσι
1795 3181 1829 3218 δὲ
1851 3183 1882 3218 οἱ
1904 3181 2025 3222 παῖδες
2042 3178 2087 3217 τὰ
2108 3193 2296 3232 προκατει-
2317 3187 2354 3212 50

1264 3239 1414 3291 λεγμένα
1432 3240 1604 3292 ἀκρόδρυα
1616 3269 1626 3288 ,
1645 3239 1703 3276 καὶ
1717 3243 1826 3276 ταῦτα
1843 3238 1909 3292 πρὸ
1922 3241 1990 3276 τῶν
2007 3239 2115 3290 θυρῶν
2131 3239 2297 3289 κρεμῶσι.

1265 3298 1356 3336 κατά
1376 3315 1409 3336 τι
1432 3297 1467 3335 δὲ
1489 3297 1702 3350 χρηστήριον
1731 3297 1815 3349 πρὸς
1839 3295 2039 3349 ἀποτροπὴν
2062 3297 2165 3345 λιμοῦ
2188 3298 2299 3332 ταῦτα

1268 3356 1439 3408 ἐποίουν.]]
1473 3378 1518 3383 ——
1572 3355 1714 3398 Ἄλλως.
1757 3354 2014 3408 στεφανώματα
2047 3353 2106 3392 καὶ
2145 3352 2208 3396 ἕως
2240 3353 2300 3396 τῆς

1653 3487 1668 3507 δ
