2485 3808
911 193 1162 231 SCHOLIA
1201 195 1258 232 IN
1299 195 1500 233 NUBES.

141 299 216 335 τρον
254 281 509 326 ἅκατάληκτον,
546 279 584 316 τὸ
623 278 833 328 καλούμενον
874 279 1099 325 Γλυκώνειον,
1139 281 1178 317 ἐκ

141 342 336 396 διτροχαίου
356 342 414 379 καὶ
431 341 613 391 διιάμῧου,
635 343 681 383 ὡς
701 340 772 391 ἔχει
790 340 832 378 τὰ
850 341 1027 384 Γλύκωνος

260 429 376 469 κάπρος
392 428 472 468 ἡνίχ’
488 429 504 458 ὁ
521 427 664 468 μαινόλης

262 476 412 515 Κύπριδος
430 475 518 510 θάλος
534 475 643 505 ὤλεσε.

103 574 120 599 5
141 551 180 590 τὸ
205 550 468 589 δυοκαιδέκατον
490 549 758 587 ἀντισπαστικὸν
784 549 942 601 δίμετρον
964 550 1179 595 καταληκτι-

139 609 212 656 κὸν,
251 608 290 646 τὸ
323 608 535 658 καλούμενον
572 607 828 660 Φερεκράτειον
861 606 1107 659 ἑρθημιμερὲς,
1146 606 1179 650 ἐξ

140 666 313 720 ἐπιτρίτου
326 667 489 719 τετάρτου
507 666 566 704 καὶ
591 665 772 718 βακχείου,
787 668 832 708 ὡς
853 665 925 716 ἔχει
940 664 983 702 τὰ
999 664 1179 716 Φερεκρά-

138 740 217 768 τους

264 794 366 835 ἄνδρες
379 794 530 835 πρόσχετε
546 794 598 825 τὸν
614 797 685 824 νοῦν

262 841 438 882 ἐξευρήματι
456 845 552 881 καινῷ
561 864 569 878 ,

263 888 472 928 συμπτύκτοις
487 886 699 922 ἀναπαίστοις.

89 839 121 864 10

139 964 298 1002 καλεῖται
320 962 355 1001 δὲ
382 966 494 1000 ταῦτα
521 960 856 1013 πολυσχημάτιστα,
884 958 940 997 διὰ
967 959 1004 996 τὸ
1032 958 1179 1011 διάφορα

140 1021 301 1074 δέχεσθαι
319 1021 441 1074 μέτρα.
468 1020 524 1058 ἐπὶ
548 1022 597 1072 τῷ
613 1019 704 1056 τέλει
720 1018 948 1070 παράγραφος
974 1017 1049 1068 [καὶ
1073 1018 1179 1063 διπλῆ

139 1079 208 1118 ἔσω
228 1085 403 1117 νενευκυῖα
421 1083 553 1124 Ιιιηί.],
577 1079 730 1125 δηλοῦσα
752 1076 843 1127 ἔχειν
865 1076 1105 1115 ἀνταπόδοσιν.
1129 1099 1180 1104 —-

87 1160 121 1186 15
139 1138 243 1190 ὕμνος
262 1140 308 1180 εἰς
325 1137 401 1181 τοὺς
420 1136 512 1180 θεοὺς
529 1136 597 1174 ἀπὸ
613 1139 730 1188 χοροῦ.
756 1134 862 1186 Ποῖ]

191 1209 254 1235 564.
285 1194 447 1248 [[Ἀλλως.
463 1194 520 1232 τὸν
539 1193 606 1232 Δία
623 1194 883 1252 ἐπικαλοῦνυται,
900 1192 936 1230 ὃν
956 1195 986 1230 οἱ
1002 1192 1179 1245 φιλόσοφοι

138 1248 226 1292 εἶναι
253 1255 315 1292 οὐκ
338 1253 498 1306 ἔφασκον,
520 1251 610 1290 ἀλλὰ
629 1251 757 1294 ταύτας
786 1254 873 1288 εἶναι
897 1250 937 1288 τὸ
967 1257 1037 1288 πᾶν
1068 1251 1178 1288 διεδε-

139 1313 309 1351 ὅαιοῦντο.
331 1311 470 1355 εἰκότως
486 1305 542 1348 οῧν
556 1311 616 1348 καὶ
630 1310 686 1347 διὰ
702 1308 831 1347 τούτων
849 1308 1004 1347 σκώπτει
1027 1308 1104 1353 τοὺς
1121 1325 1179 1360 φι-

137 1370 314 1424 λοσόφους.
329 1369 366 1408 ὃν
384 1370 450 1423 γὰρ
464 1364 552 1408 εἶναι
565 1371 627 1407 οὐκ
643 1368 811 1413 ἐδόξαζον,
830 1369 865 1404 αἱ
881 1368 1103 1418 νομιζόμεναι
1122 1369 1178 1405 ὑπ’

64 1432 120 1484 ⁸29
141 1430 254 1467 αὐτῶν
274 1428 427 1481 Νεφέλαι
453 1431 573 1465 τοῦτον
599 1427 858 1463 ἐπικαλοῦνται.
877 1449 927 1454 -
952 1428 1049 1472 Ζῆνα
1079 1439 1088 1464 2
1110 1426 1179 1464 Τὸν

34 1497 42 1523 ἰ
100 1485 112 1509 v'.
138 1486 218 1526 Δία.
234 1486 337 1539 χορὸν
356 1484 489 1524 ;”Ἠτοι
507 1487 554 1527 εἰς
569 1488 664 1535 ἡμᾶς
685 1486 805 1522 ἐλθεῖν.
831 1483 939 1536 le]

0 1503 129 1600 mo*
191 1559 255 1583 565.
284 1543 464 1589 κικλήσκω
487 1557 495 1581 :
525 1543 608 1580 Ἀπὸ
633 1548 691 1581 τοῦ
715 1545 788 1581 κλῶ
811 1547 869 1582 τοῦ
891 1542 1117 1593 σημαίνοντος
1141 1541 1180 1579 τὸ

138 1604 236 1642 καλῶ
261 1602 378 1654 γέγονε
408 1601 529 1647 κ’λήσω
551 1603 569 1638 6
591 1602 740 1651 μέλλων,
769 1601 828 1639 καὶ
847 1603 1057 1652 πλεονασμῷ
1078 1603 1138 1637 τοῦ
1160 1615 1181 1636 κ

138 1661 199 1700 καὶ
220 1661 536 1712 ἀναδιπλασιασμῷ
555 1658 752 1708 κικλήσκω,
770 1662 815 1703 ὡς
841 1659 965 1712 τρώσω
987 1657 1179 1710 τιτρώσκω.

84 1740 119 1764 25
147 1727 226 1758 Vict.

192 1789 253 1816 566.
283 1774 341 1814 τόν
359 1791 396 1813 τε
417 1777 611 1826 μεγασθενῆ
630 1789 637 1813 :
655 1773 760 1818 Ἔθος
775 1781 845 1818 τοῖς
857 1778 1017 1820 ποιηταῖς
1033 1771 1095 1819 τὴν
1113 1774 1179 1826 ἀρ-

137 1834 206 1896 χζῂν
223 1837 291 1872 τῶν
312 1833 518 1884 ποιημάτων
539 1833 607 1871 ἀπὸ
626 1837 686 1871 τοῦ
714 1833 794 1876 Διὸς
811 1839 934 1871 ποιεῖν.
967 1834 1000 1870 ἐν
1029 1831 1180 1884 πρώτοις

139 1897 209 1941 οὖν,
234 1892 336 1946 φησὶ,
355 1891 414 1929 τὸν
445 1891 512 1929 Δία
545 1890 768 1941 ὑμνήσωμεν,
796 1891 885 1942 μετὰ
912 1891 947 1929 δὲ
974 1893 1093 1928 τοῦτον
1120 1888 1178 1926 τὸν

138 1952 362 1998 Ποσειδῶνα,
381 1949 442 1987 καὶ
456 1948 556 1992 αὐτὸς
565 1948 627 1996 τὴν
645 1949 843 2002 εΟμηρικὴν
854 1949 949 1994 τάξιν
965 1952 1026 1995 τ’ἧς
1042 1947 1181 1994 ἡλικίας

85 2036 121 2062 30
140 2011 264 2057 δηλῶν.

194 2066 346 2120 [ταμίαν
370 2080 379 2106 :
412 2064 544 2117 Ἤγουν
571 2064 722 2118 φύλακα.
742 2065 800 2103 τὸν
829 2067 1032 2104 Ποσειδῶνα
1060 2064 1178 2118 φησὶν,

138 2125 176 2169 ὃς
190 2125 268 2168 τούς
276 2140 313 2163 τε
327 2123 488 2173 σεισμοὺς
501 2123 562 2162 καὶ
573 2123 634 2167 τὰς
651 2126 684 2162 ἐν
699 2124 859 2175 θαλάσσῃ
874 2124 1059 2176 τρικυμίας
1075 2129 1179 2161 ποιεῖ·

139 2183 201 2227 τὰς
226 2182 300 2234 μὲν,
318 2185 364 2226 ὡς
382 2181 498 2234 κύριος
524 2181 570 2219 ὧν
590 2184 658 2219 τῶν
686 2181 839 2231 ἀνέμων·
864 2183 948 2220 σείει
967 2181 1003 2219 δὲ
1027 2181 1090 2227 τὴν
1116 2184 1180 2231 γῆν

141 2242 198 2280 διὰ
215 2245 283 2280 τῶν
301 2242 413 2278 αὐτῶν
431 2240 560 2278 τούτων
577 2239 724 2290 ἀνέμων,
738 2240 911 2278 εἰσιόντων
933 2242 979 2283 εἷς
998 2239 1075 2283 τοὺς
1091 2237 1182 2283 ἀδή-

85 2327 122 2352 35
139 2301 217 2343 λους
229 2298 353 2352 πόρους
375 2300 493 2343 αὖτῆς.
508 2305 550 2335 Br
562 2327 571 2336 .
589 2298 718 2347 ταμίαν
736 2312 744 2336 :
769 2297 934 2337 Φύλακα.
959 2297 1062 2350 Ποῖ]

194 2372 257 2397 567.
287 2360 350 2409 γῆς
364 2372 402 2394 τε
420 2356 480 2394 καὶ
506 2356 664 2409 ἁλμυρᾶς
682 2369 690 2395 :
712 2359 816 2394 Δοκεῖ
831 2356 897 2409 γὰρ
914 2359 931 2394 6
945 2358 1122 2394 Ποσειδῶν
1143 2359 1180 2394 οὐ

141 2415 204 2462 τὴν
224 2414 403 2452 θάλασσαν
423 2418 527 2451 κινεῖν
549 2412 664 2462 μόνον,
691 2413 781 2451 ἀλλὰ
807 2414 867 2452 καὶ
883 2414 946 2461 τὴν
968 2417 1046 2465 γ’ἧν.
1068 2417 1182 2459 καλῶς

143 2473 179 2511 δὲ
200 2471 289 2523 μετὰ
307 2471 365 2509 τὸν
391 2470 459 2508 Δία
487 2469 544 2507 τὸν
569 2473 773 2509 Ποσειδῶνα
798 2472 987 2519 πεποίηκεν
1011 2473 1183 2523 ὑμνούσας

141 2531 202 2574 τὰς
226 2529 400 2582 Νεφέλας·
425 2528 498 2580 ἔχει
518 2528 584 2581 γὰρ
604 2529 663 2567 καὶ
683 2525 780 2573 οὗτος
801 2530 981 2568 κοινωνίαν
1000 2530 1078 2568 τινὰ
1097 2532 1182 2584 πρὸς

88 2617 126 2643 40
144 2588 267 2635 αὐτὰς,
286 2591 348 2634 τῆς
364 2590 469 2639 ὑγρᾶς
485 2585 603 2629 οὐσίας
623 2587 810 2632 δεσπόζων.

195 2659 258 2686 568.
288 2645 407 2698 ἄγριον
435 2658 444 2683 :
469 2644 727 2697 Ἰσχυρότατον.
758 2646 953 2698 μοχλευτήν
981 2646 1180 2694 εΚινητήν.

149 2715 232 2746 Vict.

194 2775 256 2800 569.
287 2759 536 2812 μεγαλώνυμον
557 2773 566 2798 :
589 2761 851 2812 Μεγαλόδοξον·
872 2765 906 2800 ἐν
926 2762 1039 2815 τούτῳ
1058 2762 1124 2815 γὰρ
1148 2765 1183 2801 αἱ

142 2817 283 2870 νεφέλαι
301 2818 534 2856 συνίστανται.
563 2824 652 2871 Vict.

196 2889 260 2915 570.
289 2875 419 2927 Αἰθέρα
437 2888 446 2914 :
460 2874 517 2913 τὸν
531 2875 616 2928 ἀέρα
632 2877 745 2929 λέγει·
766 2881 783 2915 6
802 2877 868 2931 γὰρ
883 2878 985 2931 αἰθὴρ
1000 2878 1161 2931 ἀνέφελος
1172 2909 1183 2928 ,

145 2933 206 2971 καὶ
235 2933 452 2985 βιοθρέμμων
472 2935 490 2970 6
515 2932 594 2985 ἀὴρ,
614 2936 679 2987 οὐχ
693 2938 711 2973 ὃ
725 2937 838 2989 αἰθήρ·
852 2936 911 2974 καὶ
929 2937 973 2974 τὰ
994 2940 1064 2989 ζῷα
1082 2939 1115 2974 ἐν
1135 2940 1184 2989 τῷ

147 2990 223 3043 ἀέρι
239 2990 311 3042 ἔχει
328 2990 367 3028 τὸ
387 2993 553 3037 ζῆνΝ.Β.
565 2991 661 3043 [dvx-‘t
672 2997 731 3031 τοῦ
749 2993 853 3046 ἀέρα·
872 2997 889 3032 6
906 2994 972 3047 γὰρ
987 2995 1089 3047 αἰθὴρ
1111 2996 1186 3032 δια-

147 3048 235 3094 καὴς
253 3047 300 3086 ὢν
320 3048 480 3100 ἀνέφελός
506 3052 590 3089 ἐστι.
606 3050 666 3087 καὶ
687 3052 726 3088 ἐκ
741 3056 799 3090 τοῦ
820 3052 1067 3103 βιοθρέμμονος
1083 3054 1185 3098 δῆλον

147 3105 200 3143 ὅτι
216 3104 297 3158 ἀὴρ,
315 3106 393 3157 οὐχὶ
409 3106 520 3158 αἰθήρ.
546 3107 568 3153 ἢ
586 3108 704 3154 ἐπειδὴ
730 3108 775 3146 τὰ
800 3112 872 3162 ζῷα
889 3111 924 3147 ἐν
952 3112 1001 3161 τῷ
1022 3109 1097 3160 ἀέρι
1114 3109 1187 3161 ἔχει

95 3185 131 3215 50
147 3161 211 3210 τὴν
230 3162 332 3209 ζωήν.
355 3163 584 3215 βιοθρέμμονα
595 3165 649 3210 δὲ,
667 3165 784 3212 ἐπειδὴ
802 3167 937 3218 ἀρδεύει
955 3166 1017 3212 τὴν
1036 3167 1134 3219 γῆν.]

203 3219 434 3272 βιοθρέμμονα
457 3234 465 3259 :
484 3221 554 3259 Τὸν
577 3221 650 3272 βίου
671 3222 730 3259 καὶ
744 3225 832 3269 ζωῆς
855 3223 1075 3275 παρεκτικόν.
1101 3236 1186 3266 νὶεῖ,

197 3286 266 3317 '571.
294 3276 352 3315 τόν
372 3277 403 3314 θ’
423 3276 630 3327 ἱππονώμαν
649 3291 658 3316 :
676 3278 747 3317 Τὸν
771 3279 882 3327 ἥλιον,
903 3280 975 3331 (τὸν
1000 3280 1186 3318 ἐλαύνοντα

150 3334 209 3374 καὶ
229 3338 399 3386 νωμῶντα
425 3335 464 3373 τὸ
489 3335 603 3387 ἅρμα,
619 3335 678 3373 καὶ
703 3335 781 3380 τοὺς
798 3336 924 3380 ἵππους
949 3340 1186 3390 ἡνιοχοῦντα).

91 2900 126 2925 45

1203 303 1208 429 ἒ

1203 433 1208 528 3

1205 1253 1217 3381 ——-———-———,„-—-—————-————————-—————

2205 213 2274 245 100

1239 280 1379 323 εἰκότως
1396 280 1430 317 δὲ
1457 283 1524 317 τῶν
1544 284 1627 319 θεῶν
1650 282 1778 320 τούτων
1799 284 2068 335 ἐμνημόνευσεν,
2089 288 2208 334 ἐπειδὴ
2241 292 2276 327 αἱ

1237 337 1376 390 νεφέλαι
1394 338 1427 382 ἐξ
1448 340 1559 375 αὐτῶν
1589 341 1794 379 συνεστάναι
1820 343 1988 381 δοκοῦσιν·
2017 344 2087 382 ἀπὸ
2113 346 2175 395 μὲν
2198 347 2278 390 Διὸς

1242 397 1256 410 ς,

1237 411 1288 432 οτι
1306 396 1496 448 γενάρχης,
1528 399 1595 434 ἀπὸ
1615 400 1845 445 Ποσειδῶνος,
1865 400 1916 438 ὅτι
1949 406 2009 448 τῆς
2029 406 2132 455 ὑγρᾶς
2159 405 2278 448 οὐσίας

1238 454 1406 500 δεσπότης
1419 485 1427 499 ,
1450 455 1517 492 ἀπο
1537 454 1572 492 δὲ
1589 455 1728 503 Ἡλίου,
1743 457 1793 494 ὅτι
1814 460 1907 496 δοκεῖ
1924 460 2087 512 διάπυρος
2103 460 2149 498 ὢν
2164 462 2275 500 ἕλκειν

1205 534 1208 539 ·
1239 513 1284 553 εἰς
1303 511 1422 548 ἑαυτὸν
1443 514 1505 557 την
1526 516 1586 558 τῆς
1607 514 1783 561 θαλάσσης
1810 517 1999 567 ὑγρότητα,
2018 519 2049 562 ἐξ
2066 514 2104 565 ἧς
2122 522 2156 556 αἱ
2173 521 2274 572 νεφέ-

1237 570 1308 606 λαι.
1327 591 1379 597 ——
1403 571 1460 606 τὸν
1483 569 1608 613 ἵππους
1639 576 1797 609 κινοῦντα
1817 574 1925 619 ἥλιον.
1948 584 1989 612 Ε.
2008 576 2065 613 τὸν
2091 577 2190 623 ἥλιον
2218 579 2276 616 τὸν

1237 625 1315 668 τοὺς
1334 626 1459 669 ἵππους
1478 632 1649 666 κινοῦντα.
1681 635 1768 665 Vict.

1292 698 1358 722 573.
1391 684 1520 723 πέδον;
1543 682 1707 737 Ἔδαφος.
1733 697 1814 728 ricc.

1291 755 1354 780 575.
1385 735 1431 793 [ὦ
1453 741 1644 794 σοφώτατοι
1661 744 1780 780 θεαταὶ
1799 758 1806 782 :
1826 747 1939 783 Τοῦτο
1959 747 2133 800 ἐπίρρημα
2148 751 2280 799 ὄνομά-

1238 800 1349 843 ζεται,
1365 797 1420 835 διὰ
1441 799 1479 835 τὸ
1490 799 1684 852 ἐπιρρέπειν
1704 795 1798 844 αὖθις
1818 801 1874 838 τὸν
1891 803 1992 854 χορὸν
2009 805 2092 856 πρὸς
2108 806 2183 850 τοὺς
2197 812 2277 845 θεα-

1237 854 1316 900 τὰς,
1327 855 1386 892 καὶ
1405 856 1542 907 χρηστά
1560 873 1636 894 τινα
1649 857 1895 907 συμὸουλεύειν
1917 863 2031 904 αὐτοῖς
2042 892 2051 907 ,
2067 862 2089 907 ἢ
2107 864 2278 902 σκώπτειν

1238 913 1316 956 τοὺς
1337 913 1519 966 πονηρούς.
1542 914 1615 952 ἔστι
1635 915 1670 953 δὲ
1689 918 1727 953 ἐκ
1744 916 1872 968 στίχων
1894 923 2089 970 τροχαϊκῶν
2107 923 2279 974 τετραμέ-

1237 987 1328 1024 τρων
1343 973 1621 1021 καταληκτικῶν,
1638 968 1685 1011 ῶν
1706 976 1900 1019 τελευταῖος

1361 1059 1410 1090 ἐπὶ
1424 1060 1459 1091 τὸ
1471 1061 1589 1100 βέλτιον
1599 1061 1633 1092 τὸ
1645 1064 1773 1102 πρᾶγμα
1790 1065 1827 1102 τῇ
1841 1062 1927 1093 πόλει
1942 1063 2132 1096 συνοίσεται.

1238 1137 1294 1175 ἐπὶ
1311 1140 1359 1190 τῷ
1371 1137 1462 1176 τέλει
1476 1140 1580 1186 διπλῆ
1600 1138 1668 1177 ἔσω
1683 1142 1878 1189 νενευκυῖα,
1894 1143 2047 1188 δηλοῦσα
2064 1143 2155 1195 ἔχειν
2175 1147 2282 1183 ἀντα-

1238 1195 1413 1248 πόδοσιν]

1292 1268 1355 1292 580.
1387 1255 1509 1305 μηδενὶ
1530 1254 1586 1299 ξὺν
1605 1258 1652 1308 νῷ
1675 1271 1684 1295 :
1706 1258 1876 1310 Μηδεμιᾷ
1894 1259 2026 1312 διανοίᾳ
2040 1260 2202 1311 γινομένη
2221 1262 2280 1300 καὶ

1238 1312 1369 1363 κρίσει,
1387 1312 1474 1372 ἀλλ’υ
1488 1313 1696 1366 ἀσυμφόρως
1714 1315 1774 1352 καὶ
1786 1317 1939 1368 ἀκαίρως
1956 1318 2015 1354 καὶ
2030 1318 2117 1367 μετὰ
2136 1321 2282 1369 μηδενὸς

1237 1371 1405 1420 λογισμοῦ
1416 1401 1425 1417 ,
1440 1375 1508 1409 οἷον
1523 1375 1713 1423 προπετῶς.
1732 1373 1789 1425 [ἐκ
1806 1376 1874 1411 τῶν
1890 1374 2037 1426 πρώτων
2056 1375 2091 1413 δὲ
2112 1378 2277 1429 ΊΝεφελῶν

1239 1429 1313 1465 ἐστι
1333 1432 1457 1466 ταῦτα.
1477 1428 1618 1472 τεθνεὼς
1635 1430 1701 1482 γὰρ
1715 1425 1756 1477 ἦν
1770 1435 1828 1468 νῦν
1851 1434 1868 1468 6
1886 1432 2040 1484 Κλέων.]1

1295 1489 1490 1538 βροντῶμεν
1511 1487 1532 1533 ἢ
1552 1488 1746 1540 ψεκάζομεν
1769 1503 1777 1528 :
1797 1491 1911 1535 Δῆλον
1932 1492 2083 1529 ἐντεῦθεν
2098 1497 2279 1541 ποιοῦσαι,

1239 1546 1285 1586 ὡς
1311 1547 1373 1581 οὐκ
1393 1545 1637 1596 ἀποδεχόμεθα
1655 1546 1798 1594 ταύτην,
1828 1550 1874 1591 ὡς
1908 1550 2096 1597 ἀλυσιτελῆ
2120 1555 2182 1598 τῆς
2213 1551 2280 1590 πό-

1238 1603 1333 1645 λεως.
1349 1616 1408 1644 Br.
1599 1642 1604 1647 ,

1291 1673 1356 1698 581.
1390 1660 1606 1713 βυρσοδέψην
1633 1676 1642 1700 t
1664 1663 1884 1713 Σκυτοτόμον
1912 1664 1970 1703 τὸν
1998 1665 2057 1710 τὰς
2079 1666 2207 1719 βύρσας
2232 1671 2282 1706 θε-

1241 1717 1434 1769 ραπεύοντα
1451 1718 1510 1755 καὶ
1528 1719 1755 1768 μαλάσσοντα
1772 1721 1832 1758 καὶ
1843 1721 2073 1773 ἐμίῗρέχοντα.
2099 1735 2182 1767 ricc,

1293 1788 1359 1813 582.
1390 1774 1452 1818 τὰς
1470 1777 1574 1827 ὀφρῦς
1595 1777 1786 1828 συνήγομεν
1809 1791 1817 1816 :
1843 1779 2052 1832 Συννέφειαν
2069 1781 2280 1833 ἐποιήσαμεν

1238 1832 1297 1870 καὶ
1320 1833 1594 1884 ἐχαλεπαίνομεν
1614 1834 1636 1880 ἢ
1655 1835 1918 1886 ε’στυγνάζομεν.
2002 1838 2185 1890 [[”Αλλως.
2207 1841 2282 1878 ἐπεὶ

1238 1893 1256 1927 6
1287 1890 1409 1928 Κλέων
1432 1895 1594 1935 τοιοῦτος,
1618 1886 1694 1930 εἶπε
1723 1892 1759 1930 δὲ
1787 1893 1968 1946 ἀνωτέρω,
1991 1895 2043 1933 ὅτι
2068 1897 2201 1941 πάντας
2224 1914 2281 1949 μι-

1240 1952 1397 1999 μοῦνται.
1413 1948 1431 2001 ]]

1291 2020 1355 2045 583.
1381 2007 1526 2059 (βροντὴ
1554 2009 1582 2046 δ’
1604 2008 1732 2061 ἐρράγη
1755 2022 1764 2047 z
1792 2008 1900 2062 Παρὰ
1919 2009 1962 2047 τὰ
1988 2012 2021 2048 ἐν
2045 2011 2191 2066 Τεύκρῳ
2218 2016 2281 2052 Σο-

1239 2064 1405 2117 φοκλέους

1856 2137 1986 2177 οὐρανοῦ
2001 2137 2025 2168 δ’
2040 2137 2101 2169 ἄπο

1383 2181 1531 2222 ἦστραψε,
1546 2183 1655 2223 βροντὴ
1669 2181 1696 2213 δ’
1713 2182 1823 2223 ἐρράγη
1839 2183 1877 2213 δι’
1885 2184 2074 2224 ἀστραπῆς.)

1292 2280 1354 2305 584.
1387 2268 1412 2317 (·
1437 2268 1574 2314 Σελήνη
1587 2269 1615 2306 δ’
1630 2268 1801 2312 ἐξέλιπενῑ
1821 2268 1966 2315 Ἐπειδὴ
1984 2269 2134 2323 ἔκλειψις
2148 2271 2282 2321 ἐγένετο

1239 2324 1385 2371 σελήνης
1401 2328 1450 2377 τῷ
1470 2326 1626 2379 προτέρῳ
1645 2328 1707 2378 (τῷ
1723 2326 1755 2378 β’
1768 2329 1814 2366 V.
1829 2327 1842 2378 )
1863 2326 1929 2364 ἔτει
1947 2327 2004 2364 ἐπὶ
2025 2329 2281 2380 Στρατοκλέους

1241 2383 1485 2434 βοηδρομιῶνι.
1505 2385 1515 2431 )

1292 2455 1354 2479 585.
1383 2440 1446 2487 τὴν
1467 2441 1656 2493 θρυαλλίδα
1675 2456 1683 2480 :
1707 2442 1877 2481 Τουτέστι
1900 2444 1960 2488 τὰς
1974 2447 2115 2489 ἀκτῖνας
2134 2448 2179 2488 εἷς
2195 2449 2280 2484 ἑαυ-

1239 2498 1297 2536 τὸν
1316 2499 1545 2538 συνέστειλεν.
1570 2498 1722 2552 ἔκλειψις
1738 2499 1804 2552 γὰρ
1821 2501 1919 2547 ἡλίου
1939 2502 2072 2552 ἐγένετο
2096 2504 2187 2542 κατά
2206 2520 2282 2542 τινα

1239 2556 1348 2608 τύχην
1359 2586 1368 2603 ,
1391 2556 1549 2600 Κλέωνος
1561 2557 1877 2609 χειροτονουμένου.
1961 2560 2048 2606 (ἀπὸ
2064 2563 2131 2598 τῶν
2147 2561 2282 2614 λύχνων

1240 2618 1261 2660 ἡ
1284 2614 1476 2667 μεταφοραί.
1507 2615 1591 2667 φησὶ
1613 2615 1648 2652 δὲ
1672 2617 1736 2666 οὐχ
1763 2619 1809 2659 ὡς
1834 2620 1893 2655 τοῦ
1924 2617 2023 2663 ἡλίου
2047 2619 2282 2671 ἐκλείψαντος,

1242 2674 1320 2710 ἀλλ’
1341 2675 1387 2715 ὡς
1402 2674 1623 2716 ἀπειλοῦντος
1638 2673 1818 2725 ἐκλείψειν,
1840 2676 1869 2711 εἰ
1889 2676 2124 2727 στρατηγήσει
2146 2677 2281 2717 Κλέων.

1240 2733 1340 2768 τοῦτο
1361 2731 1418 2781 δὲ)
1436 2729 1533 2783 παρὰ
1549 2730 1587 2767 τὸ
1602 2730 1795 2783 (Ομηρικὸν
1811 2733 1894 2782 [Od.
1912 2741 1945 2771 M
1959 2763 1969 2782 ,
1987 2734 2055 2784 383]

1385 2816 1519 2856 δύσομαι
1537 2817 1580 2851 εἷς
1595 2816 1706 2855 Ἀΐδαο,
1719 2817 1771 2847 καὶ
1787 2817 1818 2847 ἐν
1832 2818 1975 2849 νεκύεσσι
1992 2819 2118 2859 φαείνω.

1298 2897 1389 2947 (587).
1420 2895 1626 2933 δυσὸουλίαν
1647 2909 1655 2934 :
1676 2895 1752 2941 Τὴν
1770 2898 1832 2933 οὐκ
1852 2898 1958 2948 ὀρθῶς
1986 2898 2126 2949 βουλήν.
2148 2901 2282 2938 ἀποτυ-

1241 2954 1377 3006 χόντος,
1400 2953 1504 3006 φασὶ,
1527 2954 1744 2996 Ποσειδῶνος
1772 2958 1833 3000 τῆς
1848 2953 1984 3006 χώρας,
2005 2956 2044 2993 τὸ
2067 2960 2183 3000 κακῶς
2202 2960 2280 3009 βου-

1241 3011 1402 3050 λεύεσθαι
1417 3010 1605 3056 Ἀθηναίοις
1620 3010 1764 3056 ἤσκητο·
1782 3011 1843 3057 τὴν
1867 3011 1902 3049 δὲ
1923 3012 2065 3059 Ἀθηνᾶν
2086 3022 2281 3067 παρασχεῖν

1244 3069 1374 3121 δωρεὰν
1399 3067 1438 3105 τὸ
1460 3071 1575 3111 κακῶς
1596 3068 1775 3119 βουλευθὲν
1805 3071 1991 3107 ἀποκλῖναι
2014 3074 2138 3116 καλῶς.
2162 3074 2220 3111 καὶ
2243 3069 2284 3120 ἦν

1242 3131 1342 3165 τοῦτο
1361 3125 1544 3177 λεγόμενον
1563 3126 1761 3179 ἐπιχώριον.
1780 3127 1839 3164 καὶ
1857 3127 2008 3172 Εὔπολις

1697 3213 1722 3243 ὦ
1736 3213 1822 3250 πόλις
1835 3214 1934 3253 πόλις,

1369 3261 1410 3295 ὡς
1424 3259 1551 3299 εὐτυχὴς
1565 3259 1592 3290 εἶ
1609 3260 1722 3299 μᾶλλον
1736 3261 1755 3297 ἢ
1772 3261 1873 3297 καλῶς
1887 3259 2015 3302 φρονεῖς·

1244 3335 1417 3389 [mmm.
1436 3338 1539 3390 φασὶν
1556 3337 1607 3376 ὅτι
1629 3339 1807 3377 Ποσειδῶν
1824 3339 1981 3385 ἡττηθεὶς
1996 3342 2039 3390 τῇ
2055 3339 2178 3390 Ἀθηνᾷ
2201 3339 2282 3375 δυσ-

2303 826 2335 851 10

2303 1161 2333 1185 15

2299 1456 2335 1482 20

2298 1749 2333 1775 25

2300 2036 2335 2061 30

2301 2354 2335 2379 35

2302 2641 2337 2666 40

2301 2984 2336 3008 45

2301 3265 2336 3289 50
