2517 3792
1154 175 1320 214 PLUTI.

188 260 277 283 sanc
300 247 531 282 luculentum
553 246 686 282 Suidas
707 245 746 280 in
770 243 874 296 Ἀρχὴ
895 244 1040 297 Σκυρία,
1061 253 1096 281 et
1123 248 1200 282 Eu—

188 306 300 342 stath.
322 318 367 340 cx
386 304 579 341 Pausaniae
598 303 740 339 Lexico
756 302 801 339 ad
819 305 862 340 Il.
883 307 958 353 1‚p.
973 304 1060 349 782,
1079 306 1141 351 54,
1161 315 1200 343 ut

186 364 369 400 indicavit
386 366 444 399 Jo.
463 365 602 398 Meurs.
619 361 729 397 Thes.
749 375 781 400 c.
801 375 847 411 29
868 377 875 397 :
897 362 1038 411 quibus
1056 365 1200 401 accedit

186 435 298 471 quem
320 435 366 457 cx
384 419 515 456 iisdem
539 419 708 455 sontibus
724 433 790 456 sua
807 421 997 457 derivasse
1015 422 1117 457 credi
1134 436 1202 472 par

185 488 255 524 est,
277 479 492 515 scholiastes
505 477 681 514 Aristidis
705 478 991 515 mendosissime
1006 480 1201 529 multoque

185 539 359 587 segniore
382 549 471 573 cura
501 549 611 585 quam
646 536 826 573 decuerat
859 550 933 573 non
968 538 1019 573 ita
1053 538 1200 587 pridem

185 596 312 632 editus
333 596 409 631 vol.
434 609 469 640 2,
490 608 527 644 p.
551 601 619 638 23ss
645 609 653 632 :
673 593 808 640 Θησεὺς
830 596 895 632 ὑπὸ
917 595 1031 632 Λύκου
1053 595 1199 646 Ἀθήνῃ-

185 667 238 690 σιν
265 654 313 696 εἰς
341 653 525 704 τυραννίδα
556 653 824 704 συκοφαντηθεὶς
855 653 1112 704 ἐξωστρακίσθη
1143 657 1202 699 τῆς

183 711 336 757 πολεως,
358 711 415 748 καὶ
437 705 538 756 ἦλθεν
563 712 607 752 εἷς
628 709 761 762 Σκύρον
778 741 787 758 ,
808 707 849 757 ἧς
869 711 1077 760 Λυκομήδης
1096 706 1201 762 ἦρχεν

184 778 255 806 etc.
280 769 392 808 Αύνου
412 783 612 820 perperam
629 770 815 818 vulgatur.
834 773 931 806 Eum
952 774 1092 818 Lycum
1110 771 1202 806 'she-

184 829 238 865 sei
261 837 436 878 patruum
460 828 547 864 facit
580 837 775 865 enarrator
804 829 1072 878 Lycophronis
1104 829 1203 864 anti—

185 901 284 937 quus
299 887 346 923 ad
362 901 395 923 v.
423 887 519 929 1324
535 915 543 930 ,
565 886 628 934 qui
655 887 797 922 utinam
825 887 990 934 integer,
1023 885 1201 923 detractis

184 945 477 982 emblematibus
499 948 646 981 Tnetzae
666 944 940 992 nugacissimis,
959 943 1004 979 ad
1021 957 1089 979 nos
1111 957 1201 993 per—

182 1004 358 1040 venisset.
391 1005 470 1038 Hoc
492 1001 691 1046 traditum,
725 1009 767 1037 ut
795 1001 954 1050 opinor,
994 1000 1041 1036 ab
1074 1001 1201 1050 aliquo

185 1063 254 1098 τῶν
273 1060 434 1098 Ἀτθίδων
470 1060 656 1109 scriptore
684 1059 715 1095 si
749 1067 890 1095 certam
920 1059 1030 1095 fidem
1064 1059 1200 1105 habet,

182 1123 326 1168 Lycum
348 1126 502 1169 oportet
527 1117 639 1154 valde
660 1130 788 1154 senem
819 1118 988 1153 Athenas
1017 1117 1173 1155 rediisse
1192 1133 1199 1154 :

182 1191 270 1214 nam
285 1178 416 1227 pulsus
434 1175 482 1212 ab
502 1176 624 1225 AEgeo
648 1175 761 1212 fratre
778 1177 884 1225 regni
914 1176 1062 1225 paterni
1092 1177 1202 1214 here-

182 1237 319 1274 ditaria
337 1243 443 1285 parte
455 1263 465 1280 ,
483 1248 560 1271 non
582 1243 729 1270 tantum
743 1234 783 1270 in
798 1234 923 1270 vicina
937 1235 1201 1283 Peloponneso

181 1296 298 1332 vitam
317 1294 416 1343 egit,
434 1294 631 1342 auctisque
646 1296 878 1342 Magnorum
896 1296 1065 1329 Deorum
1084 1293 1200 1330 initiis

182 1353 285 1404 apud
304 1351 510 1389 Messenios
532 1351 592 1387 vir
618 1351 847 1400 religionum
867 1351 1119 1400 peritissimus
1142 1352 1200 1388 in-

181 1412 337 1456 claruit,
370 1409 437 1446 sed
465 1418 502 1445 et
541 1410 578 1445 in
611 1410 765 1458 Lyciam
799 1423 921 1458 usque
957 1410 1173 1458 penetravit
1191 1439 1200 1455 ,

182 1479 284 1507 tanta
309 1469 457 1519 pollens
474 1470 700 1504 auctoritate
717 1496 725 1512 ‚
744 1476 785 1503 ut
802 1468 984 1504 Termilas
999 1467 1199 1504 barbaram

181 1537 333 1578 gentem
359 1539 438 1563 non
471 1526 693 1575 poenituerit
716 1540 818 1563 novo
855 1526 903 1563 ab
940 1540 1062 1576 eoque
1085 1527 1200 1564 ducto

181 1587 385 1635 Lyciorum
402 1585 555 1620 nomine
571 1585 728 1621 censeri.
743 1584 906 1621 Videtur
927 1593 1053 1621 autem
1076 1585 1115 1621 in
1132 1599 1200 1635 pa-

181 1645 291 1682 triam
308 1656 483 1680 reversus
502 1656 548 1679 eo
571 1643 752 1692 temporis
767 1643 966 1680 intervallo
982 1672 992 1688 ,
1013 1656 1089 1692 quo
1104 1644 1200 1680 The-

181 1716 266 1740 seus
286 1701 389 1752 apud
414 1701 668 1738 Molossorum
690 1713 819 1750 regem
847 1700 1139 1750 quadriennium
1161 1702 1197 1737 in

180 1761 343 1798 vinculis
358 1760 483 1809 exegit
505 1774 512 1795 :
538 1759 629 1795 dum
657 1760 756 1796 enim
778 1760 885 1809 AEgei
909 1760 1007 1796 filius
1038 1760 1198 1796 Athenis

179 1829 217 1858 et
229 1832 358 1857 rerum
387 1825 577 1867 gestarum
605 1817 718 1854 laude
753 1826 789 1854 et
810 1831 938 1854 amore
967 1818 1102 1868 populi
1131 1817 1200 1854 be—

178 1878 323 1915 neficiis
339 1875 558 1926 ingentibus
576 1875 747 1912 obstricti
770 1876 931 1913 florebat
947 1905 956 1921 ,
982 1877 1074 1913 nihil
1095 1885 1197 1922 erat,

178 1938 281 1988 quod
299 1941 421 1986 Lycus
448 1950 487 1973 se
505 1949 627 1973 causae
647 1950 723 1973 suae
744 1945 924 1986 patronos
952 1937 1197 1975 inventurum

177 1999 513 2047 speraret.Verum
528 2008 573 2031 eo
585 2003 712 2032 amoto
727 1995 775 2032 ab
790 1996 930 2032 civium
946 1995 1080 2041 oculis,
1095 2005 1197 2033 vates

177 2048 416 2105 publicaeque
449 2054 733 2104 superstitionis
771 2055 1012 2100 moderator,
1037 2063 1079 2090 ut
1103 2055 1199 2091 solet

175 2114 374 2150 hominum
395 2112 490 2149 illud
508 2125 624 2161 genus
651 2111 698 2148 ad
719 2112 925 2149 flectendos
953 2112 1076 2162 plebis
1108 2114 1196 2149 ani-

176 2185 259 2208 mos
278 2185 359 2208 esse
374 2170 673 2215 callidissimum,
693 2178 950 2220 opportunam
969 2171 1197 2208 conciliandi

176 2230 318 2267 favoris
345 2229 586 2266 occasionem
620 2237 755 2264 nactus
792 2229 920 2264 fratris
961 2228 1120 2276 injurias
1157 2230 1194 2265 in

177 2288 298 2324 filium
328 2287 459 2323 ulcisci
487 2286 695 2323 constituit.
721 2289 822 2323 Usus
847 2287 963 2335 igitur
986 2286 1196 2336 impulsore

175 2346 425 2391 Menestheo,
447 2358 559 2394 quem
578 2345 742 2393 primum
765 2343 942 2380 ἐπιθέσθαι
957 2346 1005 2394 τῷ
1030 2345 1197 2394 δημαγω-

175 2410 247 2454 γεῖν
261 2434 270 2451 ,
294 2403 352 2441 καὶ
376 2402 461 2453 πρὸς
482 2402 585 2453 χάριν
604 2402 699 2453 ὄχλῳ
731 2402 949 2452 διαλέγεσθαι
970 2402 1195 2439 Plutarchus

175 2462 347 2507 affirmat,
367 2462 570 2505 Theseum,
589 2460 802 2497 abalienata
822 2460 974 2497 mobilis
1002 2462 1103 2511 vulgi
1126 2475 1194 2498 vo-

174 2521 341 2566 luntate,
363 2520 523 2557 eandem
544 2519 647 2555 exilii
662 2548 671 2564 ,
690 2533 774 2568 quae
791 2520 863 2569 ipsi
882 2520 973 2556 olim
992 2519 1193 2570 obtigerat,

173 2578 302 2615 subire
335 2586 478 2615 sortem
506 2578 643 2628 coegit.
677 2578 777 2614 Hinc
805 2579 943 2614 clarius
972 2579 1194 2628 intelligitur

173 2638 270 2673 ratio
290 2636 485 2687 proverbii
504 2637 594 2673 satis
611 2637 781 2685 alioquin
803 2636 976 2681 obscuri,
1000 2635 1115 2673 Λύκου
1137 2638 1194 2673 δε-

142 2703 145 2705 “
173 2693 260 2740 κὰς,
295 2696 342 2732 de
371 2708 448 2744 quo
475 2694 660 2731 nonnulla
687 2695 839 2745 collegit
863 2699 921 2732 J0.
950 2699 1088 2731 Meurs.
1109 2699 1188 2732 Att.

174 2755 294 2789 Lectt.
319 2754 354 2798 3,
377 2768 412 2800 9.
439 2755 561 2797 Quem
584 2766 676 2789 vero
709 2756 854 2802 Lycum
883 2752 972 2789 alibi
998 2752 1056 2789 bis
1089 2761 1193 2790 terve

173 2819 376 2846 vocaverat
405 2809 543 2847 Strabo
562 2839 571 2856 ‚
600 2824 687 2847 eum
719 2810 776 2848 τὸν
813 2810 1004 2852 Πανδίονος
1041 2810 1191 2847 Λύκωνα

172 2867 271 2903 dixit
291 2867 356 2903 lib.
377 2881 436 2913 12,
459 2880 498 2916 p.
521 2869 610 2915 859,
631 2873 681 2913 A;
703 2869 807 2918 quod
825 2869 974 2905 etiamsi
995 2869 1189 2905 Casaubo-

172 2938 243 2961 nus
266 2925 403 2961 mutari
428 2924 584 2973 jubeat,
610 2939 681 2975 ego
716 2935 921 2976 propterea
948 2926 1190 2963 retinendum

173 2983 372 3029 existimo,
388 2983 477 3031 quia
494 2983 588 3019 nihil
609 2983 734 3021 obstat
753 2986 845 3034 quin
879 2993 1058 3034 putemus
1072 3014 1081 3031 ,
1114 2988 1192 3033 Ly-

172 3054 306 3078 conem
337 3040 386 3077 ab
419 3040 549 3090 aliquo
575 3042 762 3091 scriptore
787 3051 960 3088 vetusto,
991 3056 1104 3092 quem
1138 3043 1190 3079 ibi

172 3107 324 3135 secutus
343 3099 392 3134 sit
408 3097 544 3134 Strabo
557 3128 566 3144 ,
587 3099 701 3137 fuisse
725 3102 962 3137 nominatum
976 3129 985 3145 ‚
1016 3102 1080 3150 qui
1106 3102 1189 3150 ple—

173 3157 303 3206 risque
321 3159 446 3205 Lycus
470 3156 634 3194 audierit
656 3172 663 3194 :
681 3167 768 3195 sunt
793 3160 891 3196 enim
910 3159 949 3195 in
969 3159 1189 3196 nominibus

174 3214 342 3264 propriis
361 3214 534 3263 quaedam
551 3215 679 3252 formae
699 3216 890 3253 scribendi
911 3216 1020 3253 valde
1039 3217 1188 3264 affines,

173 3270 228 3308 sic
258 3280 298 3308 ut
328 3271 375 3308 ab
398 3272 480 3309 aliis
499 3286 599 3309 nune
621 3273 714 3320 hoc,
741 3288 841 3310 nunc
865 3274 930 3310 illo
958 3274 1070 3310 modo
1100 3275 1188 3311 effe-

172 3339 327 3376 rantum
348 3343 433 3380 quae
449 3331 547 3368 ratio
577 3333 700 3368 minus
722 3333 984 3368 animadversa
1007 3347 1185 3369 nonnun-

2201 189 2272 220 575

1263 259 1374 294 quam
1393 247 1495 283 viros
1513 247 1681 285 eruditos
1697 247 1734 285 in
1749 259 1916 287 errorem
1933 245 2093 286 induxit.
2111 251 2180 287 Hic
2197 252 2276 300 ipse

1263 307 1385 353 Lycus
1402 305 1459 341 bis
1478 306 1577 342 intra
1598 319 1738 356 paucos
1758 318 1891 344 versus
1909 304 2034 343 Λύκιος
2053 315 2108 343 est
2134 311 2276 345 Pausa—

1262 363 1332 399 niae
1355 378 1386 410 1,
1409 378 1465 412 ις),
1491 372 1523 407 4,
1539 378 1608 401 nec
1630 379 1737 402 secus
1759 379 1838 414 sese
1859 380 1917 404 res
1934 364 2052 404 habet
2067 366 2103 402 in
2120 370 2250 403 Icarus
2265 397 2275 415 ,

1260 424 1400 457 Icarius
1411 431 1445 459 et
1456 427 1614 466 Icariam,
1624 427 1743 468 Iasus,
1761 428 1878 461 Iasius
1886 434 1922 462 et
1933 428 2074 461 Iasion.
2086 429 2120 460 A
2122 435 2233 461 ctoeus
2240 434 2276 463 et

1261 483 1426 524 Aetnam,
1455 484 1613 516 Glaucus
1628 490 1663 517 et
1684 485 1860 527 Glaucen,
1886 484 2029 531 Hyblus
2048 491 2086 520 et
2111 483 2271 527 llyblon,

1263 539 1420 584 Eurytus
1430 547 1466 574 et
1482 541 1670 585 Euty-tion.
1682 544 1802 584 Quem
1818 541 2010 577 Callistum
2023 541 2119 578 dixit
2133 543 2274 577 socrat.

1260 596 1306 633 H.
1320 598 1360 631 E.
1379 599 1414 640 55,
1440 609 1503 641 21,
1518 597 1961 644 CallistiouestLibanio‚
1985 608 2141 637 notante
2166 599 2274 635 Vale-

1261 652 1327 688 sio.
1345 653 1486 690 Pendet
1506 654 1554 690 ab
1568 654 1630 689 illo
1644 668 1746 691 more
1769 657 2020 703 quorumdam
2042 657 2277 708 patronymi-

1260 723 1390 746 corum
1409 712 1622 748 intellectus
1639 726 1742 749 :nam
1756 722 1796 749 ut
1812 727 1831 750 a
1847 714 2019 756 Δεύκαλος
2028 717 2171 752 exsistit
2186 720 2275 753 Δευ-

1261 768 1416 812 καλίδης,
1433 770 1485 805 sic
1499 783 1520 805 a
1534 770 1733 807 Δευκαλίων
1749 772 2037 817 Δευκαλιωνίδτ,ς.
2049 776 2169 823 Iapeti
2181 776 2276 811 lilius

1262 828 1506 864 Prometheus
1531 842 1608 864 non
1638 838 1785 866 tantum
1810 833 1993 878 Iapeticles
2016 833 2156 869 Ovidio
2183 837 2274 872 Met.

1264 884 1298 927 5,
1322 899 1381 931 111,
1395 885 1460 921 ubi
1475 899 1558 934 quae
1570 887 1723 936 scripsit
1738 888 2003 936 Caposerreus,
2022 891 2158 938 partim
2177 891 2277 927 bona

1262 950 1369 988 sunt,
1388 944 1526 992 partim
1558 945 1676 993 mala,
1698 946 1762 982 sed
1791 946 1904 981 etiam
1923 945 2171 993 Ἰαπετιονίδης
2196 951 2275 985 He—

1262 1001 1354 1036 siod.
1380 1004 1454 1050 Op.
1476 1001 1537 1046 54,
1558 1002 1753 1051 quomodo
1768 1006 2013 1051 Iapetionides
2034 1005 2138 1042 Atlas
2155 1006 2276 1042 eidem

1261 1059 1413 1105 ovidio,
1431 1068 1467 1095 et
1487 1064 1645 1097 Perseus
1664 1064 1944 1098 Acrisioniades.
1966 1065 2104 1100 Contra
2124 1063 2278 1115 Κύψελος

1262 1116 1424 1163 Ἠετίδης
1444 1119 1483 1154 in
1504 1119 1660 1156 oraculo
1679 1120 1779 1169 apud
1802 1121 2040 1157 Herodotum
2062 1122 2096 1167 5,
2114 1136 2176 1170 92,
2197 1124 2217 1171 §
2236 1124 2277 1167 5,

1261 1176 1327 1224 qui
1350 1185 1458 1225 patre
1479 1177 1628 1226 genitus
1646 1185 1726 1214 erat
1747 1178 1918 1215 Eetione.
1941 1179 2136 1220 Similiter,
2151 1180 2278 1229 itaque

1261 1233 1395 1278 Λύκος,
1419 1233 1545 1278 Λύκιος
1563 1244 1600 1272 et
1617 1234 1756 1272 Λύκων.
1777 1239 1859 1272 Jam
1879 1237 2123 1273 Ptolemaeum
2147 1238 2279 1274 audia-

1262 1305 1343 1328 mus
1363 1293 1399 1328 in
1418 1293 1543 1330 photii
1558 1292 1654 1329 Bibl.
1674 1308 1711 1344 p.
1736 1293 1824 1339 252,
1843 1307 1904 1342 29,
1928 1293 1995 1330 ubi
2019 1294 2184 1331 Achilles
2208 1308 2278 1332 an-

1262 1351 1376 1399 tiquae
1397 1352 1589 1388 memoriae
1611 1352 1838 1388 clarissimos
1869 1361 2063 1389 recenset:
2086 1352 2144 1389 καὶ
2176 1355 2193 1390 ὁ
2221 1353 2277 1391 τὸν

1260 1408 1494 1460 ὀστρακισμὸν
1513 1408 1700 1454 ἐπινοήσας
1720 1408 1902 1455 Ἀθήνησιν
1922 1409 2100 1460 Ἀχιλλεὺς
2122 1412 2278 1448 ἐκαλεῖτο

1260 1467 1329 1509 υἱὸς
1346 1467 1521 1509 Λύσωνος.
1543 1468 1645 1513 Quid
1668 1469 1698 1504 si
1718 1467 1907 1510 ΛύκωνοςΡ
1930 1477 1970 1504 ut
1987 1468 2148 1505 eundem
2170 1470 2278 1506 illum

1261 1527 1404 1574 Lycum
1422 1527 1531 1576 AEgei
1551 1527 1704 1562 fratrem
1727 1525 2128 1576 intelligamuszquam
2153 1528 2277 1578 suspi-

1261 1583 1411 1619 cionem
1436 1584 1538 1620 haud
1562 1597 1696 1634 parum
1723 1583 1880 1633 adjuvat
1904 1585 2113 1621 ostracismi
2137 1586 2278 1635 reperti

1260 1642 1423 1678 mentio:
1439 1643 1584 1693 quippe
1600 1655 1676 1678 non
1695 1651 1750 1679 est
1767 1641 2036 1689 alienum‚fili0
2049 1644 2276 1692 scriptorem

1259 1700 1422 1748 aliquem
1448 1701 1691 1748 attribuisse,
1713 1701 1817 1750 quod
1840 1702 1967 1750 plures
1990 1701 2036 1737 de
2056 1710 2162 1750 patre
2190 1715 2279 1738 nar—

1260 1767 1435 1794 raverant
1458 1773 1465 1794 :
1491 1772 1614 1808 neque
1643 1767 1770 1795 tamen
1794 1759 1980 1804 diffiteor,
2006 1759 2159 1796 aliunde
2186 1760 2278 1796 mihi

1259 1814 1304 1851 de
1324 1816 1395 1852 hoc
1415 1817 1562 1853 Achille
1581 1817 1675 1853 nihil
1692 1830 1773 1853 esse
1798 1826 2048 1866 compertum.
2066 1821 2211 1854 HEMST.
2226 1839 2278 1846 —-

1261 1874 1308 1909 28
1330 1874 1362 1915 ἐς
1379 1875 1528 1911 Suidas.
1547 1873 1681 1927 Σκύρον
1704 1874 1791 1910 libri
1805 1903 1815 1920 ‚
1847 1883 1982 1924 praeter
2000 1875 2058 1921 Θ.,
2077 1876 2139 1924 qui
2161 1879 2276 1927 κῦρον.

1257 1933 1349 1981 Reg.
1370 1933 1415 1973 εἷς
1431 1931 1566 1984 Σκύρον
1586 1935 1690 1978 νῆσον
1708 1931 1887 1970 Δολόπων.
1906 1954 1955 1960 —-
1972 1933 2020 1969 30
2036 1932 2276 1981 λοιμώξαντες.

1259 1991 1468 2040 Utriusque
1488 1991 1577 2028 mali
1594 1991 1767 2042 pestiferi
1783 1992 1888 2041 λιμοῦ
1917 2000 1953 2027 et
1972 1992 2095 2040 λοιμοῦ
2121 1993 2277 2031 nomina

1257 2048 1377 2085 literae
1398 2057 1545 2086 tantum
1564 2049 1853 2098 tenuissimique
1873 2050 1955 2086 soni
1973 2049 2190 2086 discrimine
2214 2063 2276 2087 se—

1258 2117 1388 2158 parata
1412 2123 1506 2158 quas
1536 2123 1636 2159 saepe
1667 2109 1928 2147 dubitationes
1956 2110 2198 2161 pepererint,
2230 2124 2276 2148 ex

1257 2169 1458 2205 notissimo
1477 2168 1711 2218 Thucydidis
1737 2169 1824 2205 loco
1844 2182 1863 2204 2
1879 2197 1888 2214 ,
1924 2168 1969 2204 54
2002 2177 2178 2205 testatum
2202 2178 2271 2206 est.

1256 2229 1340 2263 Non
1362 2228 1491 2277 potuit
1521 2240 1563 2263 ea
1587 2227 1634 2263 de
1659 2240 1771 2263 causa
1797 2239 1875 2262 non
1906 2226 2129 2276 contingere
2145 2256 2154 2273 ,
2181 2228 2274 2276 quin

1256 2285 1373 2321 altera
1392 2299 1469 2321 vox
1490 2286 1711 2334 frequenter
1730 2285 1859 2321 sedem
1876 2284 2030 2320 alterius
2046 2285 2245 2322 invaderet
2265 2302 2272 2322 :

1255 2343 1384 2378 multis
1404 2343 1558 2392 quidem
1579 2343 1616 2379 in
1634 2343 1752 2391 locis,
1773 2350 1859 2378 utra
1881 2341 1928 2377 sit
1948 2341 2121 2391 eligenda
2141 2343 2273 2391 reique

1255 2409 1415 2437 narratae
1430 2402 1594 2437 maxime
1612 2401 1837 2446 conveniat,
1864 2399 1966 2436 haud
1991 2399 2195 2437 difficulter
2215 2401 2273 2438 di—

1249 2456 1398 2505 judices
1412 2487 1421 2503 ,
1440 2459 1544 2494 velut
1562 2458 1661 2507 apud
1684 2457 1839 2494 Hesiod.
1858 2458 2000 2507 Theog.
2026 2471 2098 2503 227
2117 2485 2127 2502 ‚
2148 2457 2214 2493 ubi
2235 2472 2270 2494 v.

1254 2517 1446 2552 Graevium
1461 2532 1470 2563 3
1485 2524 1523 2552 at
1538 2517 1575 2552 in
1591 2516 1672 2552 aliis
1690 2525 1822 2565 optare
1835 2528 1913 2552 non
1929 2515 1979 2552 ita
1994 2515 2148 2564 planum
2159 2524 2273 2564 atque

1253 2575 1474 2624 expeditum
1494 2590 1501 2611 :
1523 2575 1596 2611 vid.
1616 2574 1739 2611 Strab.
1763 2588 1820 2621 12,
1845 2588 1881 2624 p.
1905 2575 1995 2623 862,
2013 2577 2052 2620 C,
2076 2583 2114 2611 et
2135 2578 2274 2612 Casau—

1252 2632 1342 2669 bon.
1363 2633 1433 2669 Hic
1452 2641 1578 2669 tamen
1596 2634 1656 2669 vel
1672 2633 1792 2669 invito
1808 2632 1934 2677 Suida,
1954 2632 2019 2681 qui
2037 2631 2271 2669 editionibus

1253 2692 1464 2741 opitulatur
1487 2721 1496 2737 ,
1531 2691 1739 2728 secundum
1774 2690 1933 2727 Meursii
1970 2691 2194 2726 sententiam
2232 2692 2270 2726 in

1252 2750 1363 2787 Thes.
1381 2762 1413 2786 c,
1436 2751 1477 2785 31
1500 2748 1731 2798 λοιμώξαντες
1747 2749 1896 2798 praetuli
1911 2763 1920 2790 ;
1939 2748 2082 2796 quippe
2096 2748 2270 2784 testimo-

1252 2808 1358 2844 nium
1389 2816 1445 2843 est
1475 2811 1604 2844 AEneae
1639 2807 1764 2843 Gazaei
1791 2805 2081 2842 disertissimum
2119 2817 2157 2853 p.
2191 2818 2237 2849 ·52
2260 2818 2268 2839 :

1250 2864 1387 2914 λέγεται
1409 2864 1444 2901 δὲ
1469 2864 1677 2910 Ἀθηναίοις,
1698 2862 1816 2907 ἐπειδὴ
1843 2862 1981 2898 ἐνόσουν
1999 2891 2009 2907 ,
2029 2861 2086 2897 τὸν
2111 2861 2268 2898 Ἀπόλλω

1250 2926 1381 2974 χρῆσαι
1399 2922 1523 2968 Θησέα
1543 2921 1600 2959 τὸν
1636 2919 1768 2969 Αἰγέως
1799 2919 1856 2955 ἐπὶ
1885 2918 1945 2959 τὰς
1963 2917 2103 2962 Ἀθήνας
2125 2918 2267 2967 μεταδι-

1252 2982 1385 3025 δάξειν.
1405 3012 1412 3018 .
1431 3010 1438 3018 .
1459 3012 1467 3019 .
1497 2980 1569 3030 ἅμα
1586 2996 1624 3017 τε
1644 2982 1704 3024 τῆς
1721 2979 1876 3023 Ἀττικῆς
1895 2981 1955 3014 τοῦ
1975 2976 2124 3022 Θησέως
2142 2977 2182 3014 τὸ
2195 2979 2266 3014 λει-

1251 3040 1399 3089 πόμενον
1421 3038 1548 3083 ἐπέὸη,
1579 3037 1637 3074 καὶ
1659 3040 1675 3074 ὃ
1694 3036 1815 3085 λοιμὸς
1838 3037 1899 3072 οὐκ
1920 3035 1969 3072 ἔτι
2001 3029 2058 3080 ἧν.
2085 3039 2128 3072 In
2153 3037 2266 3072 simili

1251 3113 1338 3136 casu
1357 3098 1473 3135 schol.
1492 3096 1538 3133 ad
1555 3100 1623 3144 Eq.
1644 3109 1680 3130 V.
1701 3095 1747 3137 84
1768 3094 1814 3130 de
1833 3093 2098 3130 Themistoclis
2116 3093 2268 3133 ossibus

1250 3157 1416 3194 Athenas·
1436 3152 1720 3191 transvehendis
1739 3149 2004 3201 ;λοιμωξάντων
2021 3151 2056 3187 δὲ
2078 3149 2266 3199 Ἀθηναίων

1250 3218 1267 3252 ὁ
1284 3214 1355 3256 Θεὸς
1372 3208 1446 3252 εἶπε
1465 3212 1627 3262 μετάγειν
1645 3209 1689 3247 τὰ
1703 3209 1809 3247 ὀστέα
1829 3208 2127 3258 Θεμιστοκλέους’
2149 3213 2265 3262 pestis

1249 3283 1375 3311 autem
1405 3273 1523 3312 multo
1557 3270 1673 3320 magis
1689 3298 1697 3315 ,
1731 3281 1845 3318 quam
1875 3268 1992 3304 fames
2007 3296 2017 3312 ‚
2049 3267 2265 3306 habebatur

1252 3332 1425 3369 vindictae
1445 3330 1584 3366 divinae
1603 3329 1640 3364 in
1659 3327 1830 3364 homiues
1851 3326 2186 3365 animadvertentis
2207 3336 2263 3365 te-
