2533 3808
263 215 338 246 422

571 301 589 312 ,-

262 276 401 361 νἰκῆσαι
418 290 501 327 Ald.
515 313 555 318 -
576 316 585 333 s
613 282 668 323 οὖν
685 298 758 321 om
778 288 823 321 R.
836 309 876 315 —
894 285 914 319 8
943 282 1114 320 ἐκοινώνει
1130 286 1175 319 V.
1189 306 1230 313 -
1246 296 1270 330 9

263 347 330 399 ἄρα
348 360 421 385 0111
442 349 498 392 V.‚
520 345 584 393 qui
603 343 644 388 ἧι
671 340 797 400 φαμὲν.
821 341 930 378 Conf.
952 341 998 376 ad
1021 353 1054 376 v,
1087 341 1148 380 46.
1164 364 1205 369 —
1225 352 1270 374 10

264 402 472 455 Περικλέους
491 399 656 451 Μεγακ]
641 416 713 441 εους
728 403 814 436 εἶναι
830 397 977 449 μητέρα.
994 413 1033 434 το
1048 396 1155 447 ὄνομα
1176 395 1211 433 δὲ
1231 395 1271 433 τὸ

267 460 472 498 Ξανθίππου
497 463 556 504 V.‚
583 459 648 507 qui
664 459 714 494 ita
727 458 866 522 pergit,
882 460 940 493 νῦν
956 470 994 492 ου
997 470 1139 504 ιαυενον
1155 456 1271 505 ἀμφο-

261 517 377 570 τέρους
396 518 573 562 δηλῶσαι,
610 516 756 552 omissis
786 486 1269 566 παριξ18ηται-51εγακλέους.

314 576 452 622 67,1ὃ
472 572 717 625 τουτο-μέρος
734 586 810 609 0111.
831 576 875 609 V.

315 633 363 668 68
383 633 554 669 scholion
588 645 662 668 om.
690 634 738 666 V.
771 633 827 667 οἱα
860 635 929 672 τοῖς
961 635 1097 681 μικροῖς
1124 628 1272 670 παιδίοις

262 688 335 732 ἔθος
351 688 671 741 χαριεντιζομένους
686 689 911 740 προσπαίζειν
926 702 1003 729 τους
1019 692 1127 737 γονεῖς
1141 686 1271 724 Suidas

262 760 290 785 5.
314 747 524 799 Ἐκορίζετο.

315 818 379 850 70,
415 807 538 843 26-28
568 807 621 843 sic
651 809 712 848 R.‚

261 860 344 914 ὅπερ
365 865 395 898 οἱ
415 864 550 915 ἡνίοχοι
570 866 726 914 χρῶνται
743 864 778 898 ἐν
797 865 840 913 τῆ
857 864 997 912 ἱππικῇ.
1019 866 1062 899 V.
1081 875 1155 897 om.
1176 876 1272 910 πομ-

733 803 845 848 ξυστὶς
873 805 905 840 λ.
934 802 972 840 τὸ
994 805 1186 855 πορφυροῦν
1204 804 1270 851 ἱμ.,

262 919 479 962 πεύοντες.-
493 924 540 958 3ο
562 921 731 958 σωσάνιον
751 921 798 957 ab
819 922 900 957 aliis
916 919 1096 958 σουσάνιον
1111 920 1270 956 dicitur:

265 990 296 1012 v.
319 980 486 1027 Ducang.
506 992 534 1015 s.
551 981 694 1016 Σοῧσον.

317 1047 378 1080 71,
413 1038 460 1072 33
488 1050 543 1085 sq.
577 1038 611 1072 αἱ
631 1035 666 1072 δὲ
697 1032 788 1085 αἶγες
817 1035 900 1087 πρὸς
926 1035 969 1072 τὰ
996 1034 1191 1086 τραχύτερα
1214 1034 1272 1071 καὶ

261 1092 452 1146 ὄρεινότερα
483 1094 663 1144 διάγουσιν
696 1095 830 1132 Suidas
855 1108 883 1130 s.
905 1093 1058 1131 Φελλέα.
1074 1119 1113 1123 —-
1128 1095 1176 1130 36
1190 1091 1272 1130 Ἄλ-

260 1155 339 1196 λως.
358 1152 461 1194 τόπος
486 1152 587 1195 Ald.,
618 1153 814 1202 praemisso
838 1153 984 1188 scholio
1011 1152 1153 1196 inutili,
1171 1149 1273 1191 τόπος

263 1211 351 1248 οὕτω
378 1209 588 1258 καλούμενος
609 1211 642 1246 ἐν
670 1209 820 1260 Ἀττικῇ.
842 1210 879 1246 οὐ
907 1208 974 1259 μὴν
1000 1208 1089 1245 ἀλλὰ
1107 1208 1166 1244 καὶ
1194 1206 1272 1257 περὶ

262 1269 320 1307 τὸν
346 1268 509 1306 Διόνυσόν
539 1267 615 1305 ἐστί
639 1283 690 1310 τις
714 1267 813 1319 ἑορτὴ
841 1274 909 1308 τοῖς
931 1267 1121 1313 Ἀθηναίοις
1137 1265 1273 1306 Φέλλος

263 1325 483 1376 καλουμένη·
512 1327 606 1376 (liaec
633 1340 679 1362 ex
699 1327 815 1362 suida
843 1335 1013 1376 sumpta,
1043 1325 1107 1362 ubi
1140 1333 1196 1361 est
1215 1323 1273 1360 καὶ

263 1385 364 1436 ἑορτή
382 1399 432 1424 τις
446 1383 524 1435 περὶ
545 1384 600 1420 τὀν
617 1383 780 1421 Διόνυσον
802 1384 934 1423 Φελλὸς
956 1383 1183 1432 καλουμένη.)
1200 1381 1275 1427 ἥτις

264 1445 331 1479 τῶν
352 1441 539 1480 Διονυσίων
559 1441 714 1493 ἄρχεται.
734 1442 923 1483 Λουκιανὸς
946 1441 981 1478 δὲ
1002 1443 1035 1478 ἐν
1054 1444 1101 1493 τῷ
1121 1440 1274 1493 περὶτῆς

266 1499 397 1550 Συρίης
422 1502 495 1536 Θεοῦ
517 1502 562 1549 (C.
588 1502 666 1548 16),
684 1518 697 1532 «
718 1499 879 1551 φαλλοὺς,
902 1518 915 1532 υ
931 1501 1048 1552 φησὶν,
1072 1518 1086 1533 «
1102 1500 1274 1545 ζΈλληνες

261 1561 311 1609 τῷ
329 1557 483 1610 Διονύσῳ
500 1557 686 1611 ἐγείρουσιν
700 1574 707 1581 ·
726 1559 783 1595 ἐπὶ
799 1561 866 1596 τῶν
883 1559 940 1595 καὶ
961 1558 1090 1596 τοιόνδε
1104 1575 1137 1596 τι
1154 1558 1275 1610 φέρου-

260 1633 335 1667 σιν,
362 1618 486 1669 ἄνδρας
504 1617 644 1669 μικροὺς
660 1619 698 1654 ἐκ
722 1618 819 1662 ξύλου
838 1617 1111 1668 πεποιημένους,
1138 1618 1273 1668 μεγάλοι

263 1677 375 1713 αἷδοῖα
397 1675 550 1727 ἔχοντας.
571 1676 733 1714 καλέεται
754 1676 789 1714 δὲ
810 1678 891 1715 τάδε
915 1676 1198 1730 νευρόσπαστα.»
1215 1675 1272 1712 καὶ

1052 1734 1180 1786 Συρίης
1196 1737 1272 1771 Θεοῦ

259 1733 485 1786 παρακατιὼν
504 1733 539 1770 δὲ
562 1752 576 1766 ι(
594 1736 626 1771 ἐν
646 1741 715 1777 τοῖς
731 1735 957 1787 προπυλαίοις
975 1739 1035 1772 τοῦ

260 1796 344 1829 ναοῦ
365 1792 487 1844 φαλλοὶ
511 1794 661 1839 ἑστᾶσιν,
682 1792 738 1835 οὓς
763 1792 927 1836 Διόνυσος
945 1792 1128 1838 ἐστήσατο.
1144 1810 1156 1825 ι
1175 1812 1211 1818 -
1225 1794 1269 1837 37

262 1850 428 1903 φελλέτας
445 1850 592 1887 Suidas.

315 1922 378 1953 72,
401 1915 448 1952 4ο
469 1922 523 1957 sq.
542 1921 617 1945 om.
636 1913 680 1945 V.
694 1934 733 1938 —
748 1910 795 1952 43
816 1909 938 1954 ἷσάλην
957 1917 1175 1958 corruptam
1192 1922 1271 1945 esse

261 1977 307 2001 ex
327 1964 426 2010 ἰξαλῆ
450 1966 487 2014 (i.
518 1979 549 2002 e.
576 1969 689 2014 pellis
709 1971 860 2015 caprina
880 1982 890 1999 .·
915 1967 961 2002 ab
990 1965 1120 2011 ἴξαλος,
1142 1969 1269 2015 capra)

259 2030 362 2058 recte
386 2023 532 2058 monuit
553 2023 800 2060 casaubonus
822 2026 877 2059 De
908 2032 1019 2072 satyr.
1042 2038 1146 2074 poes.
1178 2039 1211 2069 1,
1236 2031 1270 2068 4,

260 2088 298 2115 et
319 2079 365 2115 ad
386 2080 576 2129 Theophr.
597 2081 770 2118 Charact.
801 2094 838 2129 p.
870 2087 952 2126 147.
974 2082 1269 2131 Corruptionem

256 2146 379 2174 tamen
398 2139 501 2174 illam
519 2140 608 2176 satis
631 2141 823 2189 antiquam
843 2153 922 2176 esse
939 2149 1091 2189 oportet
1108 2154 1116 2175 :
1134 2141 1163 2176 si
1181 2140 1268 2189 qui—

258 2195 344 2231 dem
374 2196 541 2233 Galenus
574 2198 611 2232 in
650 2201 739 2234 Lex.
777 2198 1067 2247 Hippocr.ja1n
1099 2200 1271 2235 meminit

255 2254 358 2289 vocis
377 2253 501 2298 ἷσάλην
517 2283 526 2300 ,
550 2268 710 2304 eamque
747 2257 905 2305 exponit
943 2255 1101 2307 διφθέραν
1115 2286 1124 2302 ,
1146 2256 1255 2307 δέρμα

254 2310 369 2359 Apud
388 2312 581 2348 Pollucem
608 2319 643 2357 4,
667 2314 758 2359 118,
781 2322 960 2363 corrupte
980 2315 1118 2362 legitur
1138 2315 1245 2361 ἱζάνη·
1260 2345 1269 2362 ,

252 2381 324 2417 pro
345 2367 477 2415 ἰξαλῆν,
496 2371 556 2406 vel
587 2370 723 2417 ἷσάλην,
745 2380 786 2408 ut
813 2385 833 2408 a
856 2372 945 2408 viris
969 2372 1091 2408 doctis
1106 2372 1184 2421 jam
1206 2374 1271 2410 ol]-

254 2435 443 2462 servatum
465 2436 530 2464 est.
547 2428 645 2464 Vide
665 2429 778 2465 etiam
798 2430 976 2466 Foesium
997 2431 1036 2466 in
1057 2433 1253 2468 OEconom

252 2485 436 2532 Hippocr.
470 2498 506 2520 v.
524 2485 616 2528 Ἴξάλ
617 2501 671 2531 ην.
690 2490 807 2524 Κυετ.
838 2491 880 2523 111
903 2488 976 2523 fine
1000 2491 1144 2536 γοῧνναν
1171 2493 1264 2534 Rea.

308 2546 352 2585 74
375 2544 419 2576 R.
445 2541 559 2578 habet
581 2543 656 2579 ἀντι
675 2547 733 2579 τοῦ
758 2545 864 2580 εἰπεῖν
884 2543 1017 2594 ἴκτερον
1038 2548 1106 2580 οἱον
1126 2546 1267 2582 ἱππικον

252 2595 364 2648 ἔρωτα
394 2596 415 2642 ἢ
443 2597 540 2634 νόσον
561 2598 720 2644 ἱππικήν.
754 2601 882 2636 Codex
914 2601 1069 2637 Taurin.
1098 2600 1265 2653 ι’ππερονε

251 2654 393 2692 ἱππικὸν
415 2654 537 2706 ἔρωτα.
553 2656 669 2700 ἔπαιξε
694 2656 756 2702 τὴν
775 2656 867 2700 λέξιν
898 2656 993 2707 παρὰ
1022 2658 1080 2694 τὸν
1111 2659 1244 2710 ἴκτερον

250 2714 297 2754 ὡς
315 2712 439 2762 κυρίως
456 2712 504 2761 (ὃς
526 2715 598 2750 ἐστι
611 2714 720 2764 Reg.)
735 2714 893 2763 νόσημα,
907 2713 1028 2783 ξανθῆς
1041 2716 1147 2764 χολῆς
1169 2717 1265 2768 παρὰ

250 2768 313 2814 τὴν
333 2784 392 2805 του
411 2770 612 2820 δέρματος’
598 2770 740 2822 επιιράνε
726 2787 797 2808 ..ιαν
821 2771 1068 2822 περιχεομένου
1096 2774 1222 2821 (scrib.
1226 2800 1266 2806 --

251 2826 391 2875 ντς)·
373 2826 423 2864 οιὸ
451 2843 509 2864 και
536 2843 576 2865 το
595 2828 739 2879 κατέχεε
755 2828 845 2866 κατὰ
866 2829 965 2878 λόγον
994 2829 1096 2881 ἐπέφε
1101 2846 1145 2882 ρε.
1162 2857 1200 2861 -
1215 2839 1261 2879 47

253 2887 345 2926 οὗτος
362 2883 397 2921 δε
414 2885 518 2922 καὶτ.
540 2901 597 2937 χρ.
614 2886 714 2923 αυτὸν
736 2886 828 2922 ἐπιδ.
842 2902 876 2939 φ.
895 2901 998 2924 αυτου
1015 2886 1095 2925 ἵππ.
1119 2891 1157 2925 V.

305 2944 368 2988 8ο,
388 2944 408 2978 3
428 2942 539 2991 φιλίας
560 2947 604 2980 Β.
625 2947 765 2981 Totum
786 2944 957 2980 scholion
982 2958 1057 2980 om.
1077 2947 1118 2981 V.

305 3000 440 3044 81,12
461 3001 703 3038 scribendum
724 3001 843 3050 δεξιᾶς,
863 3016 948 3039 cuni
976 3002 1083 3039 libris
1111 3002 1263 3053 quibus-

252 3056 337 3092 dam
356 3058 563 3106 Euripidis.

306 3114 368 3157 82,
391 3120 438 3157 24
460 3114 532 3151 ἰδού
550 3117 713 3153 Reizius.
732 3111 818 3159 εἶδος
836 3118 917 3154 Ald.

260 3191 265 3195 ψ
306 3171 368 3215 83,
392 3172 434 3207 31
457 3172 605 3210 ἄλλοιδε
623 3174 735 3226 ἀφίδρ.
753 3175 839 3212 Ald.

306 3229 368 3274 88,
391 3235 437 3272 4ο
458 3229 604 3278 ἱματίων
622 3241 708 3281 post
723 3248 780 3269 και
799 3234 913 3284 ἐκστρ.
936 3232 1043 3282 ponit
1063 3236 1108 3270 R
1127 3240 1164 3269 et
1179 3232 1262 3269 Sui-

255 3282 320 3321 das
338 3299 365 3322 5.
385 3284 539 3337 Ἔκστρε
541 3288 614 3338 ξιον.
633 3288 692 3325 καὶ
709 3290 828 3341 ἓκστρε
832 3288 989 3342 φομένων
1013 3303 1087 3326 0111.
1108 3293 1152 3328 V
1158 3315 1196 3320 -
1211 3291 1258 3333 43

251 3343 448 3392 μεταὸαλοῧ
475 3345 551 3381 Ald.

1437 2228 1446 2244 5

1431 2255 1446 2268 ,λ

1245 2332 1255 2350 Ι

1438 2551 1448 2571 Ι

1460 2630 1469 2646 7

1330 2656 1354 2670 κ·
1403 2657 1431 2671 mx

1256 2690 1265 2706 7
1347 2688 1361 2694 .-

1460 2799 1469 2816 2

1358 2943 1366 2954 l

1331 3001 1339 3013 3
1439 2999 1447 3014 ἱ

1343 3061 1363 3068 Ν
1425 3056 1441 3071 ’λ

1345 3114 1353 3127 x

1380 3230 1388 3241 l

1040 196 1338 235 ADNOTATIO
1368 197 1421 235 IN
1452 197 1626 237 SCHOL.

1382 296 1428 330 91
1452 284 1505 319 sic
1534 284 1631 330 Ald.,
1658 284 1732 322 ἐπεὶ
1765 287 1826 322 οὐκ
1854 286 2030 338 ἐπιτρέπει
2056 286 2112 324 τὸν
2131 289 2334 326 Ποσειδῶνα

1329 339 1489 388 ὀμνύναι,
1512 341 1717 390 μεταὸαλὼν
1735 342 1792 380 τὸν
1811 342 1973 382 Διόνυσον
1994 345 2150 395 ὄμνυσιν.
2170 348 2211 382 Ξ
2226 348 2273 391 48
2294 346 2334 384 τὸ

1330 397 1428 447 δεῦρο
1450 401 1496 433 Β.

1383 467 1453 501 92,
1474 453 1517 489 51
1541 451 1624 490 αὖτο
1642 453 1681 491 τὸ
1701 463 1737 491 ct
1759 455 1872 494 πάντα
1890 456 1933 494 τα
1955 461 2015 503 τῖς
2038 474 2073 510 φ.
2093 463 2135 496 V.

1329 510 1444 548 πάντα
1464 512 1549 548 Ald
1553 536 1593 542 —
1614 509 1676 547 52
1681 527 1720 548 το
1741 512 1893 551 δε-ἓλθέ
1912 529 1985 552 oni.
2005 520 2046 552 V.

1383 575 1445 617 94,
1467 571 1489 605 6
1511 568 1648 606 ἔστιτὸ
1667 573 1914 608 Hermannus.
1919 598 1960 603 —
1976 575 2018 610 18
2048 576 2140 611 παῦ)
2144 591 2182 611 αν
2199 574 2270 626 ἔχει
2286 591 2334 612 κι-

1330 625 1459 671 νίσεως
1479 627 1537 664 καὶ
1561 629 1588 670 ζ.
1617 627 1699 664 Ald.
1727 641 1810 676 quae
1829 631 1959 666 παυὶον
1978 630 2054 680 ἔχον
2091 645 2159 682 per
2186 641 2337 683 ty.pog1

1330 697 1497 720 er'rOtem
1522 684 1636 721 habet
1665 685 1763 721 infia
1784 698 1827 721 21
1859 696 1946 736 post
1974 691 2085 730 Θᾶκος.
2115 693 2337 728 Coriectum

2182 462 2203 470 ω

2161 476 2220 505 της
2239 474 2272 511 φ.
2291 461 2336 502 εἷς

1331 757 1377 779 cx
1397 744 1562 780 Platone.
1577 768 1613 774 —
1628 757 1675 780 20
1695 746 1803 789 ·.ἡσυν
1821 749 1866 781 Β.
1888 749 1930 782 V
1940 760 2033 782 -21
2052 749 2120 784 τῶν
2136 751 2248 800 σοφῶν
2265 749 2339 795 ἥτις

1330 816 1387 837 και
1409 803 1510 843 θακος
1526 805 1570 838 V.
1594 801 1755 842 Ἀττικῶς
1775 806 1818 838 Β.
1841 807 1885 840 G.
1912 802 2066 841 Ἀττικὸν
2086 809 2130 842 V.
2144 809 2242 843 —23
2257 809 2340 845 Σω-

1330 878 1440 915 κρατῃ
1444 879 1473 909 1,
1489 862 1605 909 ἐπειδὴ
1622 863 1815 916 ἐφρόντιζον
1830 879 1908 916 περι
1924 866 1988 902 αλλ
1990 865 2035 911 ηλ
2037 882 2082 903 ων
2096 865 2155 911 ἢ
2137 866 2190 903 οια
2205 867 2244 904 τὸ
2258 870 2338 918 μηδ.

1331 924 1374 957 V.
1395 921 1471 973 περὶ
1494 935 1567 958 om.
1594 922 1680 958 Ald.
1703 921 1890 973 ἀλλοτρίων
1912 923 2072 960 Reizius.

1385 980 1447 1028 96,
1471 981 1516 1015 33
1538 978 1680 1031 Κράτης
1695 980 1777 1016 Ald.
1793 980 1939 1016 Deinde
1950 981 2190 1019 scribebatur
2200 981 2337 1021 Ἱππῶ-

1331 1039 1511 1079 νος-38
1542 1038 1677 1090 προθεὶς
1702 1042 1898 1075 Kusterus.
1931 1039 2145 1088 Legebatur
2173 1040 2340 1092 προσθείς.

1331 1120 1371 1125 -
1389 1101 1435 1138 42
1459 1095 1675 1132 Dindorfius
1696 1096 1833 1133 delevit
1851 1096 1953 1145 quod
1979 1106 2066 1146 post
2093 1097 2254 1147 ἔγκλημα
2271 1099 2341 1135 ad—

1333 1152 1496 1188 debatur
1518 1152 1675 1205 φαίνεται
1695 1154 1730 1190 δὲ
1753 1152 1810 1190 καὶ
1841 1153 1897 1190 ἐπὶ
1922 1153 2051 1191 τούτων
2080 1158 2098 1192 ὃ
2122 1153 2253 1193 Ἱππὼν
2270 1171 2343 1192 κω-

1335 1211 1537 1260 μῳδηθῆναι
1566 1211 1697 1263 φθάσας
1727 1211 1907 1264 (φαίνεται
1930 1206 1986 1248 οὖν
2012 1215 2029 1249 ὃ
2053 1211 2190 1250 Ἵππων
2207 1213 2265 1250 καὶ
2285 1214 2342 1251 ἐπὶ

1334 1267 1444 1320 τούτῳ
1458 1284 1489 1306 κ.
1507 1272 1561 1320 φθ.
1576 1269 1647 1319 V.).
1668 1271 1815 1307 Deinde
1833 1270 2028 1320 legebatur
2039 1270 2077 1308 τὸ
2091 1271 2126 1308 δὲ
2141 1274 2209 1309 τῶν
2220 1274 2344 1322 ἐγκλη-

1335 1326 1453 1374 μάτων
1471 1325 1560 1363 οὐδὲ.
1579 1328 1689 1375 Quod
1703 1329 1803 1365 idem
1822 1329 2216 1378 correxitadjuvante.
2239 1333 2284 1376 V,
2305 1331 2341 1366 in

1335 1397 1411 1432 quo
1432 1386 1449 1420 ὃ
1467 1383 1502 1420 δὲ
1520 1384 1558 1421 τὸ
1578 1384 1739 1435 ἔγκλημα
1758 1389 1817 1424 τοῦ
1836 1385 1871 1423 δὲ
1889 1385 2029 1423 σύνολον
2049 1388 2103 1423 ἐπ.
2126 1387 2342 1440 φιλοσοφίαν.

1333 1466 1374 1472 --
1390 1443 1435 1485 43
1460 1441 1729 1492 ἐπαγγέλλοντες
1747 1447 1790 1480 V.
1806 1469 1846 1475 -—
1874 1450 1920 1487 44
1942 1445 1988 1486 ὣς
2015 1457 2089 1481 om.
2107 1448 2152 1482 V.
2164 1470 2205 1476 -
2221 1447 2267 1488 45
2286 1445 2343 1482 τὸν

1334 1499 1430 1551 φίλον
1448 1503 1490 1537 V.
1510 1501 1657 1537 Deinde
1679 1500 1915 1538 scribebatur
1934 1503 1964 1539 οἱ
1985 1501 2077 1538 δ’.--
2096 1506 2144 1546 46
2164 1503 2342 1540 Diudorf.

1333 1556 1350 1593 ὃ
1375 1558 1575 1595 addidit.-—
1592 1561 1639 1603 48
1663 1560 1709 1596 de
1725 1560 1880 1610 Diphilo
1899 1559 2176 1610 iambographo
2194 1574 2229 1598 v,
2250 1562 2345 1598 Mei-

1334 1617 1416 1653 nek.
1446 1618 1542 1654 Hist.
1563 1620 1670 1654 Com.
1687 1631 1723 1667 p.
1755 1625 1843 1666 449,
1861 1619 1926 1668 qui
1943 1619 1990 1655 de
2004 1619 2114 1657 Boeda
2130 1634 2137 1656 ι
2161 1636 2176 1651 ct
2193 1622 2344 1656 Nomen

1333 1674 1421 1720 viri,
1445 1675 1522 1711 sive
1545 1676 1637 1712 illud
1661 1675 1784 1718 Βοίδας
1807 1677 1879 1713 fuit
1904 1677 1983 1714 sive
2009 1678 2151 1724 Βοιδᾶς,
2176 1677 2344 1714 Siculum

1332 1734 1390 1768 vel
1433 1734 1569 1769 Italum
1604 1734 1877 1783 philosophum
1925 1735 2038 1772 fuisse
2080 1734 2307 1773 subindicat.
2328 1753 2343 1768 »

1331 1790 1441 1826 Adde
1459 1791 1697 1828 Dindorfium
1714 1793 1752 1828 in
1772 1792 1883 1829 Thes.
1901 1793 2030 1842 Steph.
2049 1806 2078 1829 5.
2101 1806 2138 1828 v.
2159 1792 2245 1829 Ald.
2263 1793 2346 1830 Βοῖ-

1332 1850 1405 1886 δαν.
1419 1873 1459 1879 —-
1476 1857 1524 1898 49
1546 1848 1596 1886 διὸ
1626 1851 1687 1886 οὐκ
1714 1851 1760 1891 εἷς
1786 1851 1869 1887 Ald.
1893 1851 2066 1888 Correxit
2088 1852 2343 1898 Herinannus,

1333 1916 1526 1956 praeeunte
1544 1908 1695 1952 Reizio,
1723 1908 1789 1957 qui
1811 1908 1855 1944 δι’
1873 1903 1912 1945 οῧ
1941 1910 1986 1951 εἷς
2009 1908 2274 1958 scripserat.-
2294 1909 2344 1946 50

1331 1968 1348 2001 ὃ
1368 1965 1512 2002 addidit
1543 1966 1709 2002 Reizius.
1723 1990 1763 1996 —
1787 1967 1833 2002 53
1865 1980 1945 2015 sqq.
1978 1966 2176 2016 Eupolidis
2212 1980 2343 2004 versus

1331 2032 1417 2060 sunt
1446 2038 1492 2059 ex
1535 2025 1773 2060 tetrametris.
1807 2027 1895 2060 Post
1923 2023 2080 2067 ἐπίδειξιν
2120 2024 2345 2060 exciderunt

1331 2081 1481 2129 syllabae
1501 2081 1595 2118 duae.
1618 2085 1736 2118 Dim).
1755 2085 1844 2118 Post
1872 2081 2088 2133 Στησιχόρου
2105 2085 2343 2119 Hermannus

1330 2139 1471 2175 addidit
1487 2139 1570 2191 πρὸς
1594 2138 1656 2184 τὴν
1677 2137 1783 2191 λύραν
1810 2153 1856 2176 ex
1876 2140 2019 2176 scholio
2038 2153 2076 2176 v.
2098 2142 2183 2176 180.

1384 2199 1431 2247 98
1465 2200 1486 2234 6
1505 2196 1600 2235 οὐδὲν
1620 2197 1766 2250 ἔφασκε,
1793 2199 1814 2234 8
1834 2198 1872 2235 τὸ
1890 2197 1972 2235 αὐτὸ
1994 2202 2092 2235 τοῦτο
2110 2197 2277 2249 γνωρίσαι
2298 2201 2342 2234 V.

1329 2281 1369 2286 —
1386 2270 1408 2305 9
1431 2272 1469 2293 αν
1486 2270 1559 2292 0111.
1578 2259 1673 2292 V.—-
1693 2270 1738 2293 10
1754 2258 1822 2292 τῶν
1841 2255 1919 2308 περὶ
1941 2257 2042 2293 αὐτοῦ
2060 2259 2105 2292 V.

1388 2327 1471 2360 102,
1499 2328 1567 2350 12-
1577 2314 1620 2350 18
1642 2329 1719 2356 τους
1743 2313 1948 2365 φιλοσότιους
1977 2313 2084 2356 οὕτως
2113 2312 2267 2350 ἐκάλουν.
2298 2317 2342 2351 R.

1329 2371 1413 2408 τὸδὲ
1431 2372 1575 2423 πόνηροι
1594 2372 1669 2409 ἀντι
1686 2377 1745 2410 τοῦ
1765 2372 1920 2410 ἕπίπονοι
1940 2376 1984 2409 R.
1996 2376 2038 2410 V.
2053 2371 2092 2409 τὸ
2107 2370 2143 2408 δὲ
2164 2370 2343 2418 ἀλαζόνας,

1330 2428 1421 2471 ἰδίως
1441 2428 1608 2473 ἀλαζόνας
1627 2445 1704 2471 τους
1738 2428 1888 2481 ψεύστας
1921 2431 2029 2467 καλεῖ.
2052 2428 2191 2471 εἰκότως
2207 2432 2263 2466 οὐν
2284 2428 2343 2466 καὶ

1328 2486 1465 2529 τούτους
1484 2486 1590 2528 οὕτως
1609 2486 1713 2537 λέγει.
1735 2490 1780 2523 V.
1798 2488 1959 2536 Reliqua
1977 2487 2168 2524 omittunt.

1385 2558 1470 2590 104,
1489 2557 1532 2580 21
1558 2544 1776 2596 λεπτόφωνος
1794 2547 1838 2580 Β.

1385 2602 1453 2637 105
1487 2614 1533 2636 22
1559 2604 1576 2638 ὃ
1593 2601 1756 2653 πρεσὸυς,
1772 2603 1818 2637 23
1842 2602 1943 2638 αὐτου
1960 2604 2007 2639 Β.
2028 2601 2174 2646 ἀληθῶς,
2199 2607 2245 2644 24
2269 2615 2340 2650 μη-

1327 2665 1380 2694 οὲν
1400 2672 1435 2694 οε
1455 2662 1500 2695 V.
1514 2682 1554 2688 —
1571 2659 1619 2694 25
1644 2657 1732 2707 μηδὲ
1749 2659 1975 2709 μειρακιωδες
1996 2672 2069 2695 om.
2091 2661 2138 2694 V.
2152 2660 2251 2695 —26
2270 2657 2338 2695 ἀπὸ

1325 2729 1384 2751 του
1407 2714 1495 2764 μηδὲ
1512 2713 1557 2750 τὰ
1576 2714 1684 2759 νήπια
1702 2715 1825 2751 παιδία
1845 2714 1972 2751 εἰδέναι
1987 2730 2020 2751 τι
2049 2714 2133 2751 Ald.

1384 2772 1455 2807 106
1495 2785 1543 2819 29
1561 2773 1605 2813 ὡς
1624 2771 1781 2822 ἄγροικος
1798 2785 1870 2808 0111.
1892 2776 1936 2809 V.
1960 2772 2044 2809 Ald.

1380 2843 1464 2875 107,
1485 2831 1504 2866 3
1516 2831 1603 2877 ‘-37
1624 2829 1664 2866 τὸ
1685 2828 1718 2865 δὲ
1734 2829 1963 2879 σχασάμενος,
1981 2829 2056 2867 ἀντὶ
2070 2833 2130 2867 τοῦ
2149 2828 2337 2867 καταπαύ-

1323 2900 1396 2928 σας.
1419 2886 1487 2923 ἀπὸ
1508 2893 1704 2938 μεταφορᾶς
1724 2889 1791 2924 τῶν
1813 2886 2097 2938 ἀποσχιζομένων
2121 2888 2180 2925 καὶ
2199 2888 2335 2937 διαχεο-

1323 2958 1434 2991 μενων
1464 2944 1608 2981 ὑδάτων.
1642 2943 1785 2986 Ἄλλως.
1825 2944 2025 2987 καταλύσας
2038 2975 2047 2992 ,
2085 2944 2334 2989 κατασπάσας,

1321 3014 1473 3042 αποστας
1500 3004 1621 3037 τοῦτου
1644 3001 1728 3037 Ald.
1750 3002 1822 3038 ἀντὶ
1840 3007 1898 3039 τοῦ
1914 3002 2136 3051 παυσάμενος
2156 3005 2217 3047 τῆς
2234 3003 2333 3039 ἱππι-

1320 3072 1401 3104 κης,
1423 3073 1444 3102 η
1465 3057 1699 3109 ἀποχωρήσας
1717 3060 1848 3096 Suidas
1865 3074 1892 3096 5.
1914 3059 2116 3111 Σχάσονὲ-
2131 3061 2176 3106 37
2201 3058 2334 3111 σχάσαι

1318 3131 1383 3166 γαρ
1412 3115 1460 3151 δεῖ
1492 3115 1547 3165 (δὴ
1569 3117 1718 3165 Suidas)
1752 3117 1810 3154 md
1833 3117 1944 3154 Diud.
1985 3116 2129 3153 addidit
2159 3120 2273 3170 exxV.
2295 3123 2333 3153 et

1320 3173 1499 3210 Suida.--
1516 3175 1564 3221 39
1593 3173 1650 3210 καὶ
1678 3174 1776 3212 ΙΙίνδ.
1798 3183 1835 3211 et
1854 3176 2051 3225 sequentia
2068 3188 2144 3212 om.
2164 3177 2262 3212 V.-
2282 3179 2331 3217 4ο

1320 3246 1467 3281 σχάσαις
1485 3231 1629 3268 Suidas.
1644 3232 1776 3282 σχάσαι
1798 3233 1882 3273 Ald.
1899 3232 2031 3284 σχάσον
2055 3233 2158 3283 apud
2189 3230 2331 3269 Pinda--

1320 3303 1414 3326 rum.
1429 3296 1528 3332 -42
1551 3289 1589 3327 τὸ
1610 3293 1857 3329 Hermanuus.
1875 3291 1933 3329 τὸν
1956 3291 2040 3329 Ald.
2172 3300 2176 3304 ’

1377 3348 1460 3390 108,
1482 3348 1528 3392 45
1552 3347 1668 3397 ὀμνύει
1690 3350 1730 3387 Β.
