2533 3808
940 196 1199 234 PRAEFATto
1229 197 1274 232 G.
1305 197 1569 249 DlNDORFll.

213 307 328 343 nugas
357 304 436 328 esse
466 290 611 338 delapsi
643 287 895 336 reperiuntur.
933 282 1133 333 Ejusmodi
1164 290 1221 318 est
1248 280 1254 338 Ι
1280 283 1397 319 solam
1439 283 1516 319 sere
1550 283 1732 331 Equitum
1766 282 1930 319 fabulam
1961 283 2000 320 in
2032 284 2290 323 Laurentiano

209 351 314 402 quod
329 347 567 387 Philonidem
590 345 694 382 illum
715 343 780 392 qui
799 343 839 379 in
860 341 970 378 Pluto
988 347 1221 377 memoratur
1249 344 1253 352 '
1280 340 1315 377 Θ
1333 341 1387 389 (3)
1409 356 1415 375 :
1434 353 1597 388 quorum
1618 340 1664 376 de
1685 349 1842 377 auctore
1866 342 1895 378 si
1917 342 2113 390 quaeritur,
2135 356 2211 380 non
2231 345 2295 380 in—

208 425 244 448 v·
271 424 364 458 179,
389 421 473 444 cum
496 404 695 442 Philonide
715 403 900 438 histrione
917 400 1090 437 confudit
1107 399 1220 437 Calli-
1250 411 1254 451 1
1280 397 1393 432 venio
1413 398 1474 433 cui
1491 397 1635 446 majore
1655 412 1738 434 cum
1756 400 1884 449 specie
1900 400 1980 436 veri
2001 401 2161 437 tribuam
2181 410 2297 451 quam

210 228 231 249 Χ

207 476 360 511 stratus,
378 465 472 502 ibid.
499 476 590 499 1011
612 460 861 509 Symmachus
878 458 1013 494 vitiosa
1038 457 1220 506 deceptus

208 526 396 574 scriptura
421 520 569 572 νιτάριον
602 518 660 557 καὶ
687 517 802 570 βᾶτιον
837 518 921 567 (pro
949 516 1129 568 νηττάριον
1163 513 1221 552 καὶ

207 582 358 634 φάττιον)
381 579 543 617 cinaedos
557 579 684 616 nescio
706 591 801 627 quos
819 585 1052 612 commentus
1075 583 1131 611 est
1151 574 1220 611 Ni-

208 642 344 677 tarium
370 648 405 676 et
434 642 585 675 Battum
601 667 609 682 ‚
634 638 697 674 alii
725 645 850 675 autem
882 635 1019 671 florum
1045 634 1115 669 ista
1141 644 1221 669 esse

205 702 360 738 nomina
389 700 459 736 sibi
495 704 789 748 persuaserunt,
824 695 885 731 cni
911 695 1067 731 invento
1099 692 1221 730 simile
1249 690 1252 729 i

205 770 262 799 est
286 761 389 811 quod
419 758 699 808 Aristophanes
725 755 928 804 Byzantius
949 751 1219 804 ἀπραγμοσύνην

204 821 333 857 florem
366 819 473 855 finxit
506 817 668 868 pessime
705 815 909 851 intellectis
942 821 1064 862 poetae
1092 812 1220 848 verbis

204 879 308 915 Nul).
347 891 440 922 1007
477 874 621 925 μίλακος
645 873 731 917 ὄζων
764 872 822 909 καὶ
855 870 1125 923 ἀπραγμοσύνης
1161 870 1220 908 καὶ

204 937 329 982 λεύκης
352 934 638 988 φυλλοὸὀλούσης.
663 932 845 984 κόρκορον,
881 930 984 980 quod
1005 932 1080 966 vile
1101 944 1218 979 :genus

204 996 319 1032 oleris
341 1003 419 1040 est,
447 1006 517 1043 pro
535 991 719 1042 pisciculo
739 990 875 1027 habuit
892 991 1099 1038 Lycopliro
1115 1019 1125 1036 ‚
1146 1002 1221 1026 no-

204 1062 303 1090 tatus
332 1060 536 1102 propterea
567 1050 614 1086 ab
645 1049 897 1086 Eratosthene
926 1050 974 1086 ad
990 1053 1102 1098 Vesp.
1133 1051 1220 1096 239.
1247 1054 1250 1094 ξ

203 1116 290 1149 Non
311 1111 477 1148 melioris
494 1118 595 1146 notae
615 1109 816 1158 opiniones
840 1117 928 1144 sunt
945 1107 1157 1145 Aristarchi
1184 1116 1221 1143 et
1247 1096 1250 1149 Ι

204 1170 422 1218 Symmachi
455 1168 500 1205 de
528 1167 655 1203 verbis
689 1167 882 1216 ἐμποδίζων
915 1166 1060 1217 ἰσχάδας
1092 1166 1220 1214 Equir.

206 1229 292 1275 755,
313 1228 519 1265 Callistrati
541 1227 588 1263 de
610 1226 762 1274 Γλαμων
786 1239 855 1274 pro
877 1226 1032 1262 nomine
1054 1225 1216 1273 proprio

204 1287 428 1337 accipiendo
447 1286 493 1322 ad
516 1289 611 1322 Ran.
637 1285 709 1321 588
726 1315 734 1330 ‚
759 1285 924 1334 ejusdem
945 1285 991 1320 de
1011 1283 1221 1320 Clidemide

203 1347 407 1396 Sophoclis
439 1346 516 1381 filio
549 1344 643 1381 ibid.
676 1358 745 1392 791
769 1374 778 1389 ,
811 1343 1029 1392 Symmachi
1057 1342 1104 1378 de
1122 1341 1221 1393 τελέα

203 1405 349 1442 avicula
366 1409 438 1441 Av.
463 1406 545 1448 168,
566 1404 778 1454 Euphronii
799 1403 941 1439 wiffam
960 1411 1066 1438 avem
1082 1403 1221 1450 [ingen-

203 1465 248 1501 tis
264 1464 355 1501 ibid.
381 1464 469 1509 765,
490 1463 722 1511 Didymiquc
736 1465 896 1498 Neottus
918 1474 962 1497 ex
984 1461 1112 1497 verbis
1128 1474 1221 1510 poe-

203 1533 247 1560 tae
268 1521 380 1560 νεοττὲ
401 1521 551 1559 δέσποτα
580 1522 774 1557 confictus.
808 1523 892 1557 Huc
922 1521 1109 1557 accedunt
1131 1533 1225 1570 pec-

201 1591 284 1619 cata
305 1582 476 1630 quaedam
498 1581 771 1629 chronologica
786 1607 794 1622 ‚
821 1587 862 1615 ut
888 1579 933 1616 ad
951 1580 1051 1617 Nub.
1077 1594 1096 1625 7
1114 1608 1123 1625 ,
1154 1579 1220 1615 ubi

201 1642 413 1678 scholiastae
443 1647 596 1689 poetam
632 1639 680 1675 ad
715 1652 844 1675 servos
865 1639 1075 1688 respexisse
1106 1646 1219 1674 autu-

203 1708 307 1736 mant
338 1699 553 1736 libertatem
593 1698 753 1746 adeptos
783 1706 946 1747 propter
974 1710 1138 1746 pugnam
1172 1696 1219 1732 ad

201 1763 454 1807 Aigeiinusas,
475 1769 587 1806 quam
607 1756 916 1805 duodevigesimo
938 1765 1024 1805 post
1048 1755 1219 1792 Nubium

202 1817 369 1853 fabulam
398 1830 498 1853 anno
527 1823 733 1865 pugnatam
769 1828 850 1851 esse
880 1822 1039 1850 constat.
1073 1815 1221 1851 Similes

203 1884 289 1912 sunt
305 1876 620 1912 hallucinationes
633 1887 726 1923 quas
746 1874 963 1910 notavimus
983 1873 1030 1909 ad
1045 1875 1114 1922 Eq.
1135 1874 1220 1916 520,

204 1949 275 1983 797
295 1962 304 1979 ‚
329 1934 422 1971 Ach.
443 1935 517 1980 760
534 1963 543 1980 ,
560 1937 672 1982 Vesp.
692 1934 740 1968 60
755 1961 764 1977 ,
790 1926 984 1978 Pacsl450,
1012 1932 1099 1978 451,
1127 1944 1218 1977 702,

206 1998 273 2030 Av.
294 1994 380 2029 521.

255 2054 312 2087 De
333 2050 486 2087 scholiis
512 2050 677 2086 metricis
703 2048 872 2098 antiquis
895 2049 1106 2098 fragmenta
1140 2057 1223 2084 tan-

204 2119 282 2146 tum
300 2118 505 2158 supersunt
524 2109 563 2146 in
580 2108 777 2145 codicibus
794 2109 948 2154 nostris,
976 2109 1166 2145 rarissima
1183 2108 1220 2144 in

202 2172 425 2206 Ravennate
446 2169 500 2219 (1)
516 2199 525 2216 ,
556 2169 814 2218 frequentiora
841 2167 879 2203 in
898 2171 1043 2204 Veneto
1070 2167 1121 2217 (2)
1140 2196 1149 2212 ,
1174 2167 1220 2203 ad
1248 2181 1251 2207 1

243 2243 1223 2283 (t)Nub.1131,i170,1303‚Pac.512,Thcsm.53¹‚L5s.484.
1248 2210 1251 2265 1

243 2292 288 2330 (21
307 2291 388 2322 Nub.
406 2294 477 2329 437,
492 2296 562 2330 303,
578 2295 648 2330 859,
667 2294 863 2330 1170,1239,
882 2293 976 2327 1303,
990 2294 1070 2320 Ran.
1083 2291 1220 2328 383,11q.
1248 2288 1251 2336 ᾗ

204 2341 315 2377 1,247,
331 2341 399 2377 284,
421 2342 491 2371 303,
514 2342 585 2377 323,
605 2343 676 2375 382,
696 2341 767 2377 409,
784 2342 856 2377 498,
873 2341 945 2376 507,
969 2341 1040 2373 551,
1061 2340 1133 2374 565,
1150 2340 1221 2373 611,
1248 2341 1251 2388 ἔ

201 2389 273 2424 010,
299 2387 369 2423 024,
392 2385 464 2420 084,
491 2389 562 2423 092,
584 2388 656 2424 730,
681 2388 751 2423 024,
777 2388 847 2423 533,
872 2388 944 2421 911,
963 2387 1036 2421 919,
1051 2385 1126 2420 941,
1149 2384 1222 2419 972,
1248 2389 1251 2394 ’

202 2435 712 2471 991,1014,1007,1070,1111,
738 2435 824 2468 1204,
851 2434 1057 2469 1310,1333,
1076 2433 1173 2468 vesp.
1195 2433 1222 2466 1,
1249 2447 1251 2475 3

204 2480 690 2518 248,1071,1090,Ραο.1,82,
711 2479 956 2516 111,121,134,
970 2480 1041 2515 300,
1057 2478 1129 2514 340,
1147 2478 1219 2513 333,
1249 2488 1252 2492 Δ

1250 452 1253 506 i
1281 455 1519 501 Heliodoro,
1550 455 1758 491 clarissimo
1795 457 1893 493 inter
1925 466 2074 493 veteres
2111 457 2296 495 doctrinae

1283 515 1448 549 metricae
1479 514 1680 563 scriptori,
1711 514 1819 562 cujus
1846 515 2072 551 auctoritate
2103 529 2180 551 non
2210 529 2296 554 raro

1279 571 1335 607 usi
1367 580 1453 607 sunt
1475 572 1691 621 Hephaestio
1706 599 1715 616 ,
1747 572 1962 608 Priscianus
1977 602 1986 617 ,
2015 573 2076 609 alii
2095 587 2102 608 :
2123 575 2297 611 accedit-

1281 642 1355 678 que
1382 629 1610 678 conjecturae
1635 642 1725 665 meae
1750 630 1922 665 nonnihil
1954 632 2296 670 commendationis

1281 701 1325 724 eo
1346 689 1449 737 quod
1469 688 1665 725 Heliodori
1682 700 1822 723 nomen
1843 701 1918 723 non
1938 689 2060 724 solum
2090 689 2240 727 duobus
2259 692 2297 727 in

1279 748 1372 784 locis
1394 749 1648 794 scholiorum,
1683 747 1730 784 ad
1750 751 1866 797 Vesp.
1896 749 1988 783 1281
2012 757 2047 784 01
2074 752 2160 785 Pac.
2184 752 2310 795 1352„

1280 807 1476 843 sedetiam
1507 808 1543 842 in
1579 806 1863 856 subscriptione
1892 805 2034 842 codicis
2054 807 2191 843 Veneti
2221 821 2300 845 me-

1281 874 1452 901 moratur
1470 866 1506 901 in
1527 865 1600 901 fine
1620 864 1791 902 Nubium
1809 872 1845 900 et
1867 864 1974 901 Pacis
1997 863 2060 913 (4).
2094 865 2214 902 Valde
2243 865 2302 902 di-

1247 923 1251 926 ”
1279 937 1389 960 versa
1411 923 1459 961 ab
1476 924 1534 960 his
1551 931 1639 960 sunt
1657 924 1801 960 scholia
1818 923 1976 958 metrica
1993 922 2139 970 Aldina,
2161 923 2302 973 quibus

1282 983 1430 1019 codices
1450 983 1570 1018 nostri
1589 991 1721 1018 carent
1741 997 1748 1017 :
1779 995 1863 1031 quae
1894 981 2148 1018 certissimum
2168 982 2302 1018 haberi

1281 1049 1409 1090 potest
1432 1054 1451 1076 a
1471 1041 1667 1077 Demetrio
1689 1041 1886 1086 Trichrus),
1905 1039 2090 1076 adhibitis
2109 1040 2301 1077 interdum

1281 1099 1437 1135 scholiis
1464 1098 1776 1148 antiquioribus,
1806 1112 1886 1135 esse
1916 1099 2141 1148 composita.
2170 1100 2302 1137 Simil-

1280 1158 1370 1194 lima
1388 1158 1488 1193 enim
1507 1166 1593 1194 sunt
1608 1156 1777 1206 ejusdem
1797 1157 2034 1206 grammatici
2054 1157 2207 1194 scholiis
2224 1161 2300 1195 So-

1279 1217 1451 1267 phocleis
1470 1247 1479 1264 ‚
1508 1216 1736 1265 videturque
1766 1217 1813 1253 de
1844 1225 2000 1253 auctore
2029 1225 2134 1253 tanto
2172 1217 2300 1254 minus

1281 1276 1448 1313 dubitari
1472 1289 1601 1326 posse,
1624 1275 1726 1324 qnod
1744 1276 1915 1312 Triclinii
1942 1275 2097 1312 nomine
2120 1275 2302 1325 prolego-

1282 1348 1390 1371 mcna
1414 1335 1477 1371 illa
1499 1342 1585 1370 sunt
1614 1334 1797 1383 inscripta
1819 1334 1922 1383 [sect.
1940 1347 2029 1370 xvn
2048 1334 2107 1370 ed.
2131 1334 2302 1381 nostrae),

1281 1394 1421 1442 quibus
1441 1393 1477 1429 in
1505 1393 1724 1428 universum
1747 1392 1793 1428 de
1817 1405 1934 1441 opera
1952 1392 2190 1441 explicandis
2217 1382 2305 1441 poe-

1285 1460 1407 1488 tarum
1428 1452 1663 1488 scenicorum
1678 1451 1806 1486 metris
1821 1450 1869 1486 ab
1885 1464 1924 1487 se
1938 1451 2109 1500 impensa
2128 1451 2301 1487 disserit:

1281 1511 1328 1547 de
1352 1525 1426 1560 qua
1458 1511 1548 1547 satis
1571 1510 1768 1559 magnifice
1790 1509 1918 1546 sensit.
1948 1512 2042 1546 Nam
2059 1508 2133 1561 θείᾳ
2155 1509 2221 1547 τινὶ
2243 1508 2304 1547 καὶ

1281 1569 1468 1621 ἀπορρήτῳ
1502 1568 1686 1617 ἐμπνεύσει
1719 1567 1891 1616 adjutum
1923 1581 1961 1604 se
1990 1581 2070 1604 esse
2103 1568 2302 1618 praedicat,

1280 1629 1369 1665 licet
1391 1637 1600 1665 metrorum
1636 1627 1914 1676 descriptiones
1941 1627 2127 1676 plurimas
2149 1627 2305 1675 excogi-

1282 1688 1419 1724 tavei-it
1446 1688 1537 1723 tales
1555 1695 1594 1722 ut
1615 1686 1688 1722 diis
1706 1699 1788 1722 csse
1810 1699 1900 1722 usus
1913 1685 2092 1722 videatur
2110 1685 2303 1721 Triballis.

1335 1745 1547 1782 Srribelmm
1565 1748 1722 1793 Lipsioe,
1751 1753 1909 1780 exeunte
1931 1757 2029 1779 anno
2057 1745 2170 1783 1836.

1280 1865 1354 1901 420,
1369 1865 1440 1900 433,
1453 1864 1526 1899 439,
1542 1864 1616 1899 400,
1630 1864 1701 1898 371,
1715 1864 1786 1898 382,
1802 1864 1874 1899 031,
1887 1861 1958 1897 038,
1974 1861 2047 1897 729,
2063 1861 2136 1897 730,
2148 1861 2218 1897 790,
2232 1862 2305 1897 819,

1282 1911 1353 1947 830,
1374 1913 1446 1947 922,
1474 1910 1547 1947 939,
1565 1909 1637 1945 974,
1656 1911 1729 1946 990,
1757 1912 1845 1944 1010,
1875 1910 1964 1945 1039,
1992 1908 2192 1945 1127,1188,
2215 1909 2305 1945 1191,

1284 1960 1376 1995 1283,
1396 1959 1487 1995 1289,
1506 1959 1596 1994 1329,
1619 1959 1709 1993 1332,
1731 1958 1787 1985 Av.
1805 1957 1876 1993 209,
1898 1953 1988 1991 1188,
2007 1957 2097 1991 1202,
2117 1956 2205 1984 1480.

1325 2004 1370 2042 (3)
1391 2006 1462 2042 234,
1480 2004 1552 2041 303,
1572 2006 1644 2038 352,
1666 2002 1737 2038 498,
1757 2005 1829 2039 331,
1853 2005 1925 2039 303,
1943 2004 2015 2038 010,
2040 2001 2111 2038 730,
2137 1999 2209 2037 324,
2231 2002 2305 2039 835,

1281 2053 1354 2089 919,
1370 2053 1442 2088 941,
1458 2054 1529 2089 972,
1553 2052 1752 2087 1038,1007,
1777 2048 2306 2087 1070,1111,1264,1310,1333,

1281 2098 1365 2130 nub.
1385 2101 1475 2136 1303,
1496 2100 1583 2132 1320,
1602 2100 1690 2128 1332,
2311 2102 2315 2106 ·

1323 2145 1367 2184 (4)
1390 2147 1431 2176 In
1454 2144 1648 2176 Addenclis:
1673 2143 1760 2174 Ideni
1782 2141 1919 2179 conjecit
1939 2140 2152 2172 schneiderus
2174 2148 2205 2180 p.
2235 2142 2305 2178 119,

1281 2195 1432 2231 recteque
1454 2191 1580 2222 monuit
1603 2193 1634 2220 in
1660 2189 1898 2228 subscriptione
1921 2187 2042 2218 codicis
2055 2186 2168 2218 teneti
2187 2185 2220 2216 in
2243 2185 2306 2216 line

1281 2239 1424 2270 nubium
1446 2240 1632 2269 κεκώλισταν.
1656 2235 1880 2275 corrigendum
1908 2243 2001 2272 esse,
2028 2233 2114 2274 quod
2139 2233 2246 2273 ipsum
2272 2233 2305 2263 in

1282 2287 1516 2327 subscriptione
1527 2286 1618 2317 Pacis
1633 2287 1679 2316 est
1691 2287 1852 2316 servatum
1867 2293 1874 2314 ε
1890 2283 1991 2316 videti
2002 2283 2087 2314 0111111
2100 2281 2306 2313 Heliodorum

1283 2334 1420 2374 ajiquam
1437 2333 1646 2374 κω).ομετρίαν
1660 2336 1721 2362 τῶν
1735 2333 1866 2371 μελικῶν
1877 2329 2106 2372 Ἀριστοφάνους
2126 2328 2304 2368 scripsisse,

1280 2382 1407 2421 qualem
1420 2383 1532 2420 postea
1542 2381 1720 2419 Eugenium
1734 2379 1833 2409 literis
1847 2377 2017 2408 mandasse
2033 2376 2153 2408 scimus
2165 2376 2227 2406 hoc
2243 2375 2305 2406 sub

1281 2427 1378 2458 titulo
1395 2437 1400 2456 :
1416 2427 1607 2466 κωλομετρία
1623 2429 1683 2456 τῶν
1699 2427 1830 2465 μελικῶν
1846 2425 2001 2464 Αἰσχύλου
2015 2447 2023 2462 ,
2049 2422 2236 2463 Σοφοκλέους
2250 2422 2304 2452 καὶ

1282 2474 1450 2515 Εὐριπίδου
1465 2473 1526 2503 ἀπὸ
1542 2472 1703 2513 δραμάτων
1718 2471 1751 2503 ’.ε’
1764 2482 1772 2489 ·
1798 2471 1837 2503 de
1853 2480 1918 2511 quo
1932 2479 1962 2500 v.
1978 2470 2092 2502 Snidas
2107 2478 2132 2500 s.
2148 2468 2304 2505 Εἱγένιος.
