<?xml version="1.0" encoding="UTF-8"?>
<!DOCTYPE html PUBLIC "-//W3C//DTD XHTML 1.0 Transitional//EN"
    "http://www.w3.org/TR/xhtml1/DTD/xhtml1-transitional.dtd">
<html xmlns="http://www.w3.org/1999/xhtml" xml:lang="en" lang="en">
 <head>
  <title>
</title>
<meta http-equiv="Content-Type" content="text/html;charset=utf-8" />
  <meta name='ocr-system' content='tesseract 3.04.00' />
  <meta name='ocr-capabilities' content='ocr_page ocr_carea ocr_par ocr_line ocrx_word'/>
</head>
<body>
  <div class='ocr_page' id='page_1' title='image "./scholiagraecaina00dbuoft_0550.png"; bbox 0 0 2533 3808; ppageno 0'>
   <div class='ocr_carea' id='block_1_1' title="bbox 233 207 306 240">
    <p class='ocr_par' dir='ltr' id='par_1_1' title="bbox 233 207 306 240">
     <span class='ocr_line' id='line_1_1' title="bbox 233 207 306 240; baseline -0.014 0"><span class='ocrx_word' id='word_1_1' title='bbox 233 207 306 240; x_wconf 82' lang='lat'>508</span> 
     </span>
    </p>
   </div>
   <div class='ocr_carea' id='block_1_2' title="bbox 231 265 1239 333">
    <p class='ocr_par' dir='ltr' id='par_1_2' title="bbox 231 265 1239 333">
     <span class='ocr_line' id='line_1_2' title="bbox 231 265 1239 333; baseline -0.023 -10"><span class='ocrx_word' id='word_1_2' title='bbox 231 284 468 333; x_wconf 79' lang='grc' dir='ltr'>συνέμπτωσις</span> <span class='ocrx_word' id='word_1_3' title='bbox 499 274 654 326; x_wconf 83' lang='grc' dir='ltr'>γενέσθαι</span> <span class='ocrx_word' id='word_1_4' title='bbox 682 273 731 309; x_wconf 82' lang='grc' dir='ltr'>τῶ</span> <span class='ocrx_word' id='word_1_5' title='bbox 764 269 986 309; x_wconf 89' lang='lat' dir='ltr'>Dindorfius</span> <span class='ocrx_word' id='word_1_6' title='bbox 1019 276 1055 304; x_wconf 90' lang='lat' dir='ltr'>et</span> <span class='ocrx_word' id='word_1_7' title='bbox 1081 265 1239 303; x_wconf 87' lang='lat' dir='ltr'>Schnei-</span> 
     </span>
    </p>
   </div>
   <div class='ocr_carea' id='block_1_3' title="bbox 230 344 1240 442">
    <p class='ocr_par' dir='ltr' id='par_1_3' title="bbox 230 344 1240 442">
     <span class='ocr_line' id='line_1_3' title="bbox 327 354 354 376; baseline 0 0"><span class='ocrx_word' id='word_1_8' title='bbox 327 354 354 376; x_wconf 88' lang='lat' dir='ltr'>s.</span> 
     </span>
     <span class='ocr_line' id='line_1_4' title="bbox 230 344 1240 442; baseline -0.018 -7"><span class='ocrx_word' id='word_1_9' title='bbox 230 344 330 434; x_wconf 56' lang='lat' dir='ltr'>derauz</span> <span class='ocrx_word' id='word_1_10' title='bbox 363 400 447 433; x_wconf 87' lang='lat' dir='ltr'>Put.</span> <span class='ocrx_word' id='word_1_11' title='bbox 477 391 622 442; x_wconf 83' lang='grc' dir='ltr'>μάθοιμι</span> <span class='ocrx_word' id='word_1_12' title='bbox 650 385 825 434; x_wconf 84' lang='grc' dir='ltr'>δηλονότι,</span> <span class='ocrx_word' id='word_1_13' title='bbox 857 386 905 422; x_wconf 85' lang='lat' dir='ltr'>ad</span> <span class='ocrx_word' id='word_1_14' title='bbox 924 387 997 428; x_wconf 83' lang='grc' dir='ltr'>πῶς</span> <span class='ocrx_word' id='word_1_15' title='bbox 1027 382 1067 421; x_wconf 83' lang='grc' dir='ltr'>ἂν</span> <span class='ocrx_word' id='word_1_16' title='bbox 1098 386 1169 429; x_wconf 81' lang='grc' dir='ltr'>οὖν,</span> <span class='ocrx_word' id='word_1_17' title='bbox 1199 389 1240 417; x_wconf 89' lang='lat' dir='ltr'>ut</span> 
     </span>
    </p>
   </div>
   <div class='ocr_carea' id='block_1_4' title="bbox 228 457 1263 3405">
    <p class='ocr_par' dir='ltr' id='par_1_4' title="bbox 229 457 391 494">
     <span class='ocr_line' id='line_1_5' title="bbox 229 457 391 494; baseline -0.02 -2"><span class='ocrx_word' id='word_1_18' title='bbox 229 457 391 494; x_wconf 86' lang='lat' dir='ltr'>videtur.</span> 
     </span>
    </p>

    <p class='ocr_par' dir='ltr' id='par_1_5' title="bbox 228 498 1242 617">
     <span class='ocr_line' id='line_1_6' title="bbox 283 498 1242 549; baseline -0.014 0"><span class='ocrx_word' id='word_1_19' title='bbox 283 514 344 549; x_wconf 85' lang='lat'>25.</span> <span class='ocrx_word' id='word_1_20' title='bbox 373 514 455 548; x_wconf 89' lang='lat' dir='ltr'>Hoc</span> <span class='ocrx_word' id='word_1_21' title='bbox 475 507 646 546; x_wconf 85' lang='lat' dir='ltr'>scholion</span> <span class='ocrx_word' id='word_1_22' title='bbox 668 519 688 542; x_wconf 84' lang='lat' dir='ltr'>a</span> <span class='ocrx_word' id='word_1_23' title='bbox 709 518 759 541; x_wconf 91' lang='lat' dir='ltr'>m.</span> <span class='ocrx_word' id='word_1_24' title='bbox 781 517 854 541; x_wconf 81' lang='lat' dir='ltr'>rec,</span> <span class='ocrx_word' id='word_1_25' title='bbox 872 504 913 540; x_wconf 91' lang='lat' dir='ltr'>in</span> <span class='ocrx_word' id='word_1_26' title='bbox 935 502 1077 540; x_wconf 88' lang='lat' dir='ltr'>codice.</span> <span class='ocrx_word' id='word_1_27' title='bbox 1096 504 1178 538; x_wconf 88' lang='lat' dir='ltr'>Put.</span> <span class='ocrx_word' id='word_1_28' title='bbox 1194 498 1242 535; x_wconf 88' lang='lat' dir='ltr'>ad</span> 
     </span>
     <span class='ocr_line' id='line_1_7' title="bbox 228 562 753 617; baseline -0.012 -13"><span class='ocrx_word' id='word_1_29' title='bbox 228 586 264 609; x_wconf 82' lang='lat' dir='ltr'>v,</span> <span class='ocrx_word' id='word_1_30' title='bbox 288 584 349 616; x_wconf 82' lang='grc'>27,</span> <span class='ocrx_word' id='word_1_31' title='bbox 367 567 471 617; x_wconf 79' lang='grc' dir='ltr'>ἤγουν</span> <span class='ocrx_word' id='word_1_32' title='bbox 494 566 550 602; x_wconf 80' lang='grc' dir='ltr'>διὰ</span> <span class='ocrx_word' id='word_1_33' title='bbox 567 579 606 601; x_wconf 91' lang='grc' dir='ltr'>το</span> <span class='ocrx_word' id='word_1_34' title='bbox 627 562 753 614; x_wconf 82' lang='grc' dir='ltr'>θυρίον.</span> 
     </span>
    </p>

    <p class='ocr_par' dir='ltr' id='par_1_6' title="bbox 228 616 1247 1256">
     <span class='ocr_line' id='line_1_8' title="bbox 281 616 1243 674; baseline -0.014 -10"><span class='ocrx_word' id='word_1_35' title='bbox 281 629 344 674; x_wconf 92' lang='grc'>32,</span> <span class='ocrx_word' id='word_1_36' title='bbox 382 627 417 664; x_wconf 90' lang='lat'>5.</span> <span class='ocrx_word' id='word_1_37' title='bbox 452 628 511 662; x_wconf 85' lang='lat' dir='ltr'>Ex</span> <span class='ocrx_word' id='word_1_38' title='bbox 544 624 613 660; x_wconf 88' lang='lat' dir='ltr'>hac</span> <span class='ocrx_word' id='word_1_39' title='bbox 645 619 934 671; x_wconf 85' lang='lat' dir='ltr'>computatione</span> <span class='ocrx_word' id='word_1_40' title='bbox 968 627 1035 656; x_wconf 88' lang='lat' dir='ltr'>aut</span> <span class='ocrx_word' id='word_1_41' title='bbox 1070 616 1243 667; x_wconf 82' lang='lat' dir='ltr'>Agathou</span> 
     </span>
     <span class='ocr_line' id='line_1_9' title="bbox 229 674 1242 734; baseline -0.01 -13"><span class='ocrx_word' id='word_1_42' title='bbox 229 691 302 730; x_wconf 83' lang='grc'>414</span> <span class='ocrx_word' id='word_1_43' title='bbox 321 684 486 734; x_wconf 83' lang='lat' dir='ltr'>piimum</span> <span class='ocrx_word' id='word_1_44' title='bbox 506 681 655 726; x_wconf 81' lang='lat' dir='ltr'>vicerit,</span> <span class='ocrx_word' id='word_1_45' title='bbox 672 687 745 716; x_wconf 89' lang='lat' dir='ltr'>aut</span> <span class='ocrx_word' id='word_1_46' title='bbox 749 677 1156 727; x_wconf 84' lang='lat' dir='ltr'>Thesmophoriazusae</span> <span class='ocrx_word' id='word_1_47' title='bbox 1169 674 1242 718; x_wconf 86' lang='grc'>413</span> 
     </span>
     <span class='ocr_line' id='line_1_10' title="bbox 228 734 1244 787; baseline -0.009 -8"><span class='ocrx_word' id='word_1_48' title='bbox 228 744 316 780; x_wconf 89' lang='lat' dir='ltr'>data</span> <span class='ocrx_word' id='word_1_49' title='bbox 338 742 464 778; x_wconf 90' lang='lat' dir='ltr'>fuerit.</span> <span class='ocrx_word' id='word_1_50' title='bbox 494 740 567 777; x_wconf 86' lang='lat' dir='ltr'>Sed</span> <span class='ocrx_word' id='word_1_51' title='bbox 591 738 828 787; x_wconf 78' lang='lat' dir='ltr'>Agathonem</span> <span class='ocrx_word' id='word_1_52' title='bbox 850 737 1026 772; x_wconf 88' lang='lat' dir='ltr'>novimus</span> <span class='ocrx_word' id='word_1_53' title='bbox 1045 734 1244 784; x_wconf 88' lang='lat' dir='ltr'>Euphemo</span> 
     </span>
     <span class='ocr_line' id='line_1_11' title="bbox 228 793 1245 845; baseline -0.011 -7"><span class='ocrx_word' id='word_1_54' title='bbox 228 802 412 838; x_wconf 83' lang='lat' dir='ltr'>archonte</span> <span class='ocrx_word' id='word_1_55' title='bbox 445 799 579 835; x_wconf 81' lang='lat' dir='ltr'>vicisse</span> <span class='ocrx_word' id='word_1_56' title='bbox 621 804 736 845; x_wconf 85' lang='lat' dir='ltr'>atque</span> <span class='ocrx_word' id='word_1_57' title='bbox 770 794 976 830; x_wconf 88' lang='lat' dir='ltr'>eorundem</span> <span class='ocrx_word' id='word_1_58' title='bbox 1015 793 1245 829; x_wconf 83' lang='lat' dir='ltr'>scholiorum</span> 
     </span>
     <span class='ocr_line' id='line_1_12' title="bbox 228 852 1244 903; baseline -0.01 -8"><span class='ocrx_word' id='word_1_59' title='bbox 228 860 303 896; x_wconf 87' lang='lat' dir='ltr'>alio</span> <span class='ocrx_word' id='word_1_60' title='bbox 321 858 405 894; x_wconf 92' lang='lat' dir='ltr'>loco</span> <span class='ocrx_word' id='word_1_61' title='bbox 426 857 524 893; x_wconf 89' lang='lat' dir='ltr'>hanc</span> <span class='ocrx_word' id='word_1_62' title='bbox 544 854 808 903; x_wconf 76' lang='lat' dir='ltr'>Aristophanis</span> <span class='ocrx_word' id='word_1_63' title='bbox 833 852 1000 888; x_wconf 88' lang='lat' dir='ltr'>fabulam</span> <span class='ocrx_word' id='word_1_64' title='bbox 1018 859 1125 887; x_wconf 84' lang='lat' dir='ltr'>sexto</span> <span class='ocrx_word' id='word_1_65' title='bbox 1145 863 1244 886; x_wconf 84' lang='lat' dir='ltr'>anno</span> 
     </span>
     <span class='ocr_line' id='line_1_13' title="bbox 230 910 1245 966; baseline -0.009 -12"><span class='ocrx_word' id='word_1_66' title='bbox 230 927 315 955; x_wconf 83' lang='lat' dir='ltr'>ante</span> <span class='ocrx_word' id='word_1_67' title='bbox 356 929 469 966; x_wconf 87' lang='lat' dir='ltr'>quam</span> <span class='ocrx_word' id='word_1_68' title='bbox 514 914 716 963; x_wconf 78' lang='lat' dir='ltr'>Euripides</span> <span class='ocrx_word' id='word_1_69' title='bbox 754 920 916 949; x_wconf 88' lang='lat' dir='ltr'>mortem</span> <span class='ocrx_word' id='word_1_70' title='bbox 955 910 1093 947; x_wconf 87' lang='lat' dir='ltr'>obierit</span> <span class='ocrx_word' id='word_1_71' title='bbox 1123 918 1245 947; x_wconf 86' lang='lat' dir='ltr'>actam</span> 
     </span>
     <span class='ocr_line' id='line_1_14' title="bbox 230 969 1247 1022; baseline -0.008 -10"><span class='ocrx_word' id='word_1_72' title='bbox 230 976 345 1012; x_wconf 87' lang='lat' dir='ltr'>fuisse</span> <span class='ocrx_word' id='word_1_73' title='bbox 386 974 561 1017; x_wconf 77' lang='lat' dir='ltr'>traditur,</span> <span class='ocrx_word' id='word_1_74' title='bbox 592 972 695 1022; x_wconf 91' lang='lat' dir='ltr'>quod</span> <span class='ocrx_word' id='word_1_75' title='bbox 738 980 887 1020; x_wconf 87' lang='lat' dir='ltr'>tempus</span> <span class='ocrx_word' id='word_1_76' title='bbox 925 969 997 1006; x_wconf 86' lang='lat' dir='ltr'>alia</span> <span class='ocrx_word' id='word_1_77' title='bbox 1033 969 1247 1006; x_wconf 86' lang='lat' dir='ltr'>testimonia</span> 
     </span>
     <span class='ocr_line' id='line_1_15' title="bbox 230 1027 1245 1080; baseline -0.005 -11"><span class='ocrx_word' id='word_1_78' title='bbox 230 1034 469 1069; x_wconf 82' lang='lat' dir='ltr'>confirmant.</span> <span class='ocrx_word' id='word_1_79' title='bbox 490 1035 622 1080; x_wconf 84' lang='lat' dir='ltr'>Itaque</span> <span class='ocrx_word' id='word_1_80' title='bbox 647 1031 746 1066; x_wconf 88' lang='lat' dir='ltr'>inter</span> <span class='ocrx_word' id='word_1_81' title='bbox 765 1030 924 1079; x_wconf 81' lang='lat' dir='ltr'>primam</span> <span class='ocrx_word' id='word_1_82' title='bbox 952 1028 1163 1077; x_wconf 80' lang='lat' dir='ltr'>Agathonis</span> <span class='ocrx_word' id='word_1_83' title='bbox 1187 1027 1245 1064; x_wconf 88' lang='lat' dir='ltr'>vi—</span> 
     </span>
     <span class='ocr_line' id='line_1_16' title="bbox 230 1086 1246 1140; baseline -0.006 -13"><span class='ocrx_word' id='word_1_84' title='bbox 230 1092 387 1127; x_wconf 85' lang='lat' dir='ltr'>ctoriam</span> <span class='ocrx_word' id='word_1_85' title='bbox 407 1099 443 1127; x_wconf 89' lang='lat' dir='ltr'>et</span> <span class='ocrx_word' id='word_1_86' title='bbox 460 1086 811 1140; x_wconf 64' lang='grc' dir='ltr'>Θεσμοφοριαζούσας</span> <span class='ocrx_word' id='word_1_87' title='bbox 832 1095 953 1123; x_wconf 90' lang='lat' dir='ltr'>actam</span> <span class='ocrx_word' id='word_1_88' title='bbox 975 1091 1146 1134; x_wconf 75' lang='lat' dir='ltr'>quinque,</span> <span class='ocrx_word' id='word_1_89' title='bbox 1170 1098 1246 1122; x_wconf 90' lang='lat' dir='ltr'>non</span> 
     </span>
     <span class='ocr_line' id='line_1_17' title="bbox 231 1145 1246 1197; baseline -0.006 -12"><span class='ocrx_word' id='word_1_90' title='bbox 231 1158 306 1185; x_wconf 90' lang='lat' dir='ltr'>tres</span> <span class='ocrx_word' id='word_1_91' title='bbox 356 1149 444 1185; x_wconf 88' lang='lat' dir='ltr'>anni</span> <span class='ocrx_word' id='word_1_92' title='bbox 495 1148 683 1197; x_wconf 87' lang='lat' dir='ltr'>interjecti</span> <span class='ocrx_word' id='word_1_93' title='bbox 725 1147 890 1182; x_wconf 80' lang='lat' dir='ltr'>fuerunt.</span> <span class='ocrx_word' id='word_1_94' title='bbox 926 1145 1117 1181; x_wconf 76' lang='lat' dir='ltr'>CLINTON.</span> <span class='ocrx_word' id='word_1_95' title='bbox 1149 1147 1246 1182; x_wconf 84' lang='lat' dir='ltr'>Fast.</span> 
     </span>
     <span class='ocr_line' id='line_1_18' title="bbox 231 1206 758 1256; baseline -0.004 -13"><span class='ocrx_word' id='word_1_96' title='bbox 231 1207 328 1244; x_wconf 88' lang='lat' dir='ltr'>Hell.</span> <span class='ocrx_word' id='word_1_97' title='bbox 346 1220 385 1256; x_wconf 91' lang='lat' dir='ltr'>p.</span> <span class='ocrx_word' id='word_1_98' title='bbox 408 1220 537 1243; x_wconf 78' lang='lat' dir='ltr'>xxxm</span> <span class='ocrx_word' id='word_1_99' title='bbox 558 1206 617 1242; x_wconf 88' lang='lat' dir='ltr'>ed.</span> <span class='ocrx_word' id='word_1_100' title='bbox 637 1207 758 1254; x_wconf 85' lang='lat' dir='ltr'>Kriig.</span> 
     </span>
    </p>

    <p class='ocr_par' dir='ltr' id='par_1_7' title="bbox 232 1260 1248 1359">
     <span class='ocr_line' id='line_1_19' title="bbox 286 1260 1248 1313; baseline -0.003 -13"><span class='ocrx_word' id='word_1_101' title='bbox 286 1266 347 1312; x_wconf 84' lang='grc'>39,</span> <span class='ocrx_word' id='word_1_102' title='bbox 378 1269 419 1307; x_wconf 88' lang='grc'>14</span> <span class='ocrx_word' id='word_1_103' title='bbox 447 1273 532 1300; x_wconf 86' lang='lat' dir='ltr'>ante</span> <span class='ocrx_word' id='word_1_104' title='bbox 550 1269 617 1306; x_wconf 83' lang='grc' dir='ltr'>πᾶς</span> <span class='ocrx_word' id='word_1_105' title='bbox 637 1262 822 1300; x_wconf 72' lang='lat' dir='ltr'>excidisse</span> <span class='ocrx_word' id='word_1_106' title='bbox 840 1261 961 1298; x_wconf 89' lang='lat' dir='ltr'>videri</span> <span class='ocrx_word' id='word_1_107' title='bbox 978 1260 1129 1313; x_wconf 74' lang='grc' dir='ltr'>εὔφημος</span> <span class='ocrx_word' id='word_1_108' title='bbox 1147 1268 1248 1298; x_wconf 85' lang='lat' dir='ltr'>recte</span> 
     </span>
     <span class='ocr_line' id='line_1_20' title="bbox 232 1321 750 1359; baseline -0.002 -1"><span class='ocrx_word' id='word_1_109' title='bbox 232 1322 501 1359; x_wconf 84' lang='lat' dir='ltr'>animadvertit</span> <span class='ocrx_word' id='word_1_110' title='bbox 517 1321 750 1358; x_wconf 84' lang='lat' dir='ltr'>Dindorfius.</span> 
     </span>
    </p>

    <p class='ocr_par' dir='ltr' id='par_1_8' title="bbox 234 1376 1247 1488">
     <span class='ocr_line' id='line_1_21' title="bbox 289 1376 1247 1431; baseline -0.003 -14"><span class='ocrx_word' id='word_1_111' title='bbox 289 1382 336 1417; x_wconf 84' lang='lat'>52</span> <span class='ocrx_word' id='word_1_112' title='bbox 358 1381 646 1431; x_wconf 75' lang='grc' dir='ltr'>καταχρηστικῶς</span> <span class='ocrx_word' id='word_1_113' title='bbox 673 1378 708 1417; x_wconf 80' lang='grc' dir='ltr'>δὲ</span> <span class='ocrx_word' id='word_1_114' title='bbox 735 1376 900 1429; x_wconf 86' lang='grc' dir='ltr'>προοίμια</span> <span class='ocrx_word' id='word_1_115' title='bbox 927 1377 1060 1414; x_wconf 86' lang='lat' dir='ltr'>Suidas</span> <span class='ocrx_word' id='word_1_116' title='bbox 1085 1391 1113 1414; x_wconf 96' lang='grc'>5.</span> <span class='ocrx_word' id='word_1_117' title='bbox 1134 1376 1247 1429; x_wconf 84' lang='grc' dir='ltr'>Δρύο-</span> 
     </span>
     <span class='ocr_line' id='line_1_22' title="bbox 234 1436 634 1488; baseline -0.003 -14"><span class='ocrx_word' id='word_1_118' title='bbox 234 1453 309 1488; x_wconf 73' lang='grc' dir='ltr'>χοι,</span> <span class='ocrx_word' id='word_1_119' title='bbox 328 1446 416 1488; x_wconf 86' lang='lat' dir='ltr'>post</span> <span class='ocrx_word' id='word_1_120' title='bbox 433 1436 515 1479; x_wconf 75' lang='grc' dir='ltr'>νεώς</span> <span class='ocrx_word' id='word_1_121' title='bbox 533 1438 555 1474; x_wconf 92' lang='lat' dir='ltr'>l.</span> <span class='ocrx_word' id='word_1_122' title='bbox 574 1451 634 1474; x_wconf 90' lang='grc'>21.</span> 
     </span>
    </p>

    <p class='ocr_par' dir='ltr' id='par_1_9' title="bbox 289 1492 1247 1546">
     <span class='ocr_line' id='line_1_23' title="bbox 289 1492 1247 1546; baseline -0.003 -13"><span class='ocrx_word' id='word_1_123' title='bbox 289 1497 335 1533; x_wconf 87' lang='grc'>53</span> <span class='ocrx_word' id='word_1_124' title='bbox 367 1495 636 1546; x_wconf 73' lang='grc' dir='ltr'>οἷκοδομούντων</span> <span class='ocrx_word' id='word_1_125' title='bbox 663 1496 866 1534; x_wconf 79' lang='lat' dir='ltr'>Bekkerus.</span> <span class='ocrx_word' id='word_1_126' title='bbox 896 1495 1025 1535; x_wconf 83' lang='lat' dir='ltr'>Codex</span> <span class='ocrx_word' id='word_1_127' title='bbox 1054 1492 1247 1531; x_wconf 80' lang='grc' dir='ltr'>οἰκούντων.</span> 
     </span>
    </p>

    <p class='ocr_par' dir='ltr' id='par_1_10' title="bbox 287 1552 688 1605">
     <span class='ocr_line' id='line_1_24' title="bbox 287 1552 688 1605; baseline -0.002 -15"><span class='ocrx_word' id='word_1_128' title='bbox 287 1556 330 1590; x_wconf 87' lang='grc'>61</span> <span class='ocrx_word' id='word_1_129' title='bbox 360 1554 481 1590; x_wconf 81' lang='lat' dir='ltr'>codex</span> <span class='ocrx_word' id='word_1_130' title='bbox 499 1552 688 1605; x_wconf 72' lang='grc' dir='ltr'>συγκάψας.</span> 
     </span>
    </p>

    <p class='ocr_par' dir='ltr' id='par_1_11' title="bbox 234 1609 1250 1776">
     <span class='ocr_line' id='line_1_25' title="bbox 288 1609 1250 1657; baseline -0.001 -10"><span class='ocrx_word' id='word_1_131' title='bbox 288 1612 351 1657; x_wconf 86' lang='grc'>68,</span> <span class='ocrx_word' id='word_1_132' title='bbox 374 1612 420 1648; x_wconf 85' lang='grc'>35</span> <span class='ocrx_word' id='word_1_133' title='bbox 452 1610 512 1653; x_wconf 87' lang='grc' dir='ltr'>τὰς</span> <span class='ocrx_word' id='word_1_134' title='bbox 545 1610 676 1648; x_wconf 81' lang='lat' dir='ltr'>abesse</span> <span class='ocrx_word' id='word_1_135' title='bbox 700 1612 838 1649; x_wconf 85' lang='lat' dir='ltr'>malim.</span> <span class='ocrx_word' id='word_1_136' title='bbox 866 1615 984 1648; x_wconf 76' lang='lat' dir='ltr'>Dmn.</span> <span class='ocrx_word' id='word_1_137' title='bbox 1008 1611 1113 1647; x_wconf 85' lang='lat' dir='ltr'>Idem</span> <span class='ocrx_word' id='word_1_138' title='bbox 1139 1610 1187 1648; x_wconf 87' lang='lat' dir='ltr'>ad</span> <span class='ocrx_word' id='word_1_139' title='bbox 1211 1609 1250 1647; x_wconf 84' lang='grc' dir='ltr'>τὸ</span> 
     </span>
     <span class='ocr_line' id='line_1_26' title="bbox 234 1669 1250 1719; baseline 0 -13"><span class='ocrx_word' id='word_1_140' title='bbox 234 1674 400 1719; x_wconf 89' lang='grc' dir='ltr'>σημεῖον,</span> <span class='ocrx_word' id='word_1_141' title='bbox 431 1670 455 1705; x_wconf 88' lang='lat' dir='ltr'>l.</span> <span class='ocrx_word' id='word_1_142' title='bbox 486 1671 533 1718; x_wconf 87' lang='grc'>39</span> <span class='ocrx_word' id='word_1_143' title='bbox 552 1684 559 1705; x_wconf 79' lang='lat' dir='ltr'><strong><em>z</em></strong></span> <span class='ocrx_word' id='word_1_144' title='bbox 581 1669 721 1713; x_wconf 88' lang='lat' dir='ltr'>«Quod</span> <span class='ocrx_word' id='word_1_145' title='bbox 751 1671 976 1719; x_wconf 85' lang='lat' dir='ltr'>plerumque</span> <span class='ocrx_word' id='word_1_146' title='bbox 1013 1670 1153 1706; x_wconf 87' lang='lat' dir='ltr'>dicitur</span> <span class='ocrx_word' id='word_1_147' title='bbox 1182 1684 1250 1715; x_wconf 77' lang='grc' dir='ltr'>ση-</span> 
     </span>
     <span class='ocr_line' id='line_1_27' title="bbox 237 1726 738 1776; baseline -0.006 -13"><span class='ocrx_word' id='word_1_148' title='bbox 237 1728 383 1776; x_wconf 76' lang='grc' dir='ltr'>μείωσαι</span> <span class='ocrx_word' id='word_1_149' title='bbox 401 1728 459 1763; x_wconf 85' lang='lat' dir='ltr'>vel</span> <span class='ocrx_word' id='word_1_150' title='bbox 478 1726 702 1776; x_wconf 72' lang='grc' dir='ltr'>σημειωτέον.</span> <span class='ocrx_word' id='word_1_151' title='bbox 723 1746 738 1760; x_wconf 85' lang='lat'>»</span> 
     </span>
    </p>

    <p class='ocr_par' dir='ltr' id='par_1_12' title="bbox 236 1785 1263 3405">
     <span class='ocr_line' id='line_1_28' title="bbox 290 1785 1251 1835; baseline 0.001 -14"><span class='ocrx_word' id='word_1_152' title='bbox 290 1787 350 1832; x_wconf 88' lang='grc'>80,</span> <span class='ocrx_word' id='word_1_153' title='bbox 368 1792 427 1829; x_wconf 85' lang='grc'>41.</span> <span class='ocrx_word' id='word_1_154' title='bbox 457 1785 620 1822; x_wconf 80' lang='lat' dir='ltr'>Eandem</span> <span class='ocrx_word' id='word_1_155' title='bbox 642 1787 887 1834; x_wconf 74' lang='lat' dir='ltr'>quaestionem</span> <span class='ocrx_word' id='word_1_156' title='bbox 919 1786 1100 1835; x_wconf 82' lang='lat' dir='ltr'>proponit</span> <span class='ocrx_word' id='word_1_157' title='bbox 1128 1789 1251 1835; x_wconf 84' lang='lat' dir='ltr'>Hesy-</span> 
     </span>
     <span class='ocr_line' id='line_1_29' title="bbox 236 1842 1250 1895; baseline 0.002 -17"><span class='ocrx_word' id='word_1_158' title='bbox 236 1842 366 1887; x_wconf 85' lang='lat' dir='ltr'>chius,</span> <span class='ocrx_word' id='word_1_159' title='bbox 388 1842 499 1894; x_wconf 81' lang='grc' dir='ltr'>Ἰρίτη</span> <span class='ocrx_word' id='word_1_160' title='bbox 527 1843 804 1895; x_wconf 69' lang='grc' dir='ltr'>Θεσμοφορίωνῑ</span> <span class='ocrx_word' id='word_1_161' title='bbox 826 1846 977 1889; x_wconf 75' lang='grc' dir='ltr'>ζητεῖται</span> <span class='ocrx_word' id='word_1_162' title='bbox 999 1860 1072 1886; x_wconf 80' lang='grc' dir='ltr'>πως</span> <span class='ocrx_word' id='word_1_163' title='bbox 1095 1843 1168 1893; x_wconf 90' lang='grc' dir='ltr'>ἅμα</span> <span class='ocrx_word' id='word_1_164' title='bbox 1190 1859 1250 1893; x_wconf 89' lang='grc' dir='ltr'>μεν</span> 
     </span>
     <span class='ocr_line' id='line_1_30' title="bbox 237 1899 1251 1953; baseline 0 -16"><span class='ocrx_word' id='word_1_165' title='bbox 237 1899 296 1937; x_wconf 77' lang='grc' dir='ltr'>λε’</span> <span class='ocrx_word' id='word_1_166' title='bbox 287 1916 331 1950; x_wconf 63' lang='grc' dir='ltr'>γει</span> <span class='ocrx_word' id='word_1_167' title='bbox 365 1900 482 1952; x_wconf 79' lang='grc' dir='ltr'>τρίτην</span> <span class='ocrx_word' id='word_1_168' title='bbox 520 1902 770 1953; x_wconf 73' lang='grc' dir='ltr'>Θεσμοφορίων</span> <span class='ocrx_word' id='word_1_169' title='bbox 802 1905 906 1947; x_wconf 85' lang='grc' dir='ltr'>εἰναι,</span> <span class='ocrx_word' id='word_1_170' title='bbox 942 1900 1015 1951; x_wconf 80' lang='grc' dir='ltr'>ἅμα</span> <span class='ocrx_word' id='word_1_171' title='bbox 1051 1901 1086 1938; x_wconf 79' lang='grc' dir='ltr'>δὲ</span> <span class='ocrx_word' id='word_1_172' title='bbox 1118 1901 1251 1951; x_wconf 80' lang='grc' dir='ltr'>μέσην,</span> 
     </span>
     <span class='ocr_line' id='line_1_31' title="bbox 237 1957 1253 2010; baseline 0.002 -16"><span class='ocrx_word' id='word_1_173' title='bbox 237 1957 409 2010; x_wconf 78' lang='grc' dir='ltr'>τεττάρων</span> <span class='ocrx_word' id='word_1_174' title='bbox 424 1960 533 1995; x_wconf 77' lang='grc' dir='ltr'>οὐσῶν</span> <span class='ocrx_word' id='word_1_175' title='bbox 550 1961 702 2010; x_wconf 83' lang='grc' dir='ltr'>ἡυερων.</span> <span class='ocrx_word' id='word_1_176' title='bbox 719 1963 812 1996; x_wconf 89' lang='lat' dir='ltr'>Cum</span> <span class='ocrx_word' id='word_1_177' title='bbox 831 1960 1017 2009; x_wconf 72' lang='lat' dir='ltr'>pioximis</span> <span class='ocrx_word' id='word_1_178' title='bbox 1043 1961 1253 1997; x_wconf 80' lang='lat' dir='ltr'>scholiastae</span> 
     </span>
     <span class='ocr_line' id='line_1_32' title="bbox 238 2018 1252 2072; baseline 0.001 -18"><span class='ocrx_word' id='word_1_179' title='bbox 238 2018 363 2055; x_wconf 82' lang='lat' dir='ltr'>verbis</span> <span class='ocrx_word' id='word_1_180' title='bbox 384 2019 571 2055; x_wconf 84' lang='lat' dir='ltr'>consentit</span> <span class='ocrx_word' id='word_1_181' title='bbox 591 2019 746 2055; x_wconf 86' lang='lat' dir='ltr'>Photius</span> <span class='ocrx_word' id='word_1_182' title='bbox 768 2032 803 2068; x_wconf 92' lang='lat' dir='ltr'>p.</span> <span class='ocrx_word' id='word_1_183' title='bbox 824 2020 885 2065; x_wconf 92' lang='grc'>87,</span> <span class='ocrx_word' id='word_1_184' title='bbox 907 2032 950 2054; x_wconf 93' lang='grc'>21</span> <span class='ocrx_word' id='word_1_185' title='bbox 974 2034 981 2054; x_wconf 94' lang='lat'>:</span> <span class='ocrx_word' id='word_1_186' title='bbox 1002 2019 1252 2072; x_wconf 74' lang='grc' dir='ltr'>Θεσμοφορίων</span> 
     </span>
     <span class='ocr_line' id='line_1_33' title="bbox 237 2075 1254 2129; baseline 0.004 -17"><span class='ocrx_word' id='word_1_187' title='bbox 237 2075 368 2128; x_wconf 80' lang='grc' dir='ltr'>ἡμέραι</span> <span class='ocrx_word' id='word_1_188' title='bbox 390 2077 435 2113; x_wconf 84' lang='grc' dir='ltr'>δ’·</span> <span class='ocrx_word' id='word_1_189' title='bbox 452 2075 577 2122; x_wconf 78' lang='grc' dir='ltr'>δεκάτη</span> <span class='ocrx_word' id='word_1_190' title='bbox 598 2076 870 2127; x_wconf 56' lang='lat' dir='ltr'>(eexdtnv&#39;dicit</span> <span class='ocrx_word' id='word_1_191' title='bbox 900 2078 1156 2129; x_wconf 64' lang='grc' dir='ltr'>Πυανεψιῶνος)</span> <span class='ocrx_word' id='word_1_192' title='bbox 1180 2079 1254 2116; x_wconf 88' lang='grc' dir='ltr'>Θε-</span> 
     </span>
     <span class='ocr_line' id='line_1_34' title="bbox 239 2133 1252 2186; baseline 0.002 -15"><span class='ocrx_word' id='word_1_193' title='bbox 239 2135 410 2186; x_wconf 64' lang='grc' dir='ltr'>σμοφόρια</span> <span class='ocrx_word' id='word_1_194' title='bbox 434 2136 500 2184; x_wconf 87' lang='lat' dir='ltr'>(sic</span> <span class='ocrx_word' id='word_1_195' title='bbox 520 2135 596 2171; x_wconf 83' lang='grc' dir='ltr'>κατ’</span> <span class='ocrx_word' id='word_1_196' title='bbox 614 2133 735 2186; x_wconf 73' lang='grc' dir='ltr'>ἐξοχὴν</span> <span class='ocrx_word' id='word_1_197' title='bbox 757 2135 892 2185; x_wconf 78' lang='lat' dir='ltr'>dicta),</span> <span class='ocrx_word' id='word_1_198' title='bbox 910 2135 1073 2179; x_wconf 79' lang='grc' dir='ltr'>ἑνδεκάτη</span> <span class='ocrx_word' id='word_1_199' title='bbox 1090 2135 1252 2186; x_wconf 78' lang='grc' dir='ltr'>κάθοδος,</span> 
     </span>
     <span class='ocr_line' id='line_1_35' title="bbox 239 2192 1255 2244; baseline 0.002 -16"><span class='ocrx_word' id='word_1_200' title='bbox 239 2193 415 2238; x_wconf 74' lang='grc' dir='ltr'>δωδεκάτη</span> <span class='ocrx_word' id='word_1_201' title='bbox 444 2192 607 2240; x_wconf 83' lang='grc' dir='ltr'>νηστεία,</span> <span class='ocrx_word' id='word_1_202' title='bbox 636 2193 904 2244; x_wconf 79' lang='grc' dir='ltr'>τρισκαιδεκάτη</span> <span class='ocrx_word' id='word_1_203' title='bbox 935 2193 1187 2244; x_wconf 84' lang='grc' dir='ltr'>Καλλιγένεια·</span> <span class='ocrx_word' id='word_1_204' title='bbox 1217 2203 1255 2231; x_wconf 88' lang='lat' dir='ltr'>et</span> 
     </span>
     <span class='ocr_line' id='line_1_36' title="bbox 240 2251 1252 2302; baseline 0.003 -16"><span class='ocrx_word' id='word_1_205' title='bbox 240 2251 378 2287; x_wconf 88' lang='lat' dir='ltr'>omissa</span> <span class='ocrx_word' id='word_1_206' title='bbox 394 2251 539 2288; x_wconf 90' lang='lat' dir='ltr'>dierum</span> <span class='ocrx_word' id='word_1_207' title='bbox 561 2252 698 2288; x_wconf 89' lang='lat' dir='ltr'>mensis</span> <span class='ocrx_word' id='word_1_208' title='bbox 714 2252 908 2287; x_wconf 86' lang='lat' dir='ltr'>notatione</span> <span class='ocrx_word' id='word_1_209' title='bbox 927 2252 1111 2302; x_wconf 89' lang='lat' dir='ltr'>Alciphro</span> <span class='ocrx_word' id='word_1_210' title='bbox 1133 2253 1167 2298; x_wconf 81' lang='lat'>3,</span> <span class='ocrx_word' id='word_1_211' title='bbox 1185 2254 1252 2302; x_wconf 80' lang='lat'>39:</span> 
     </span>
     <span class='ocr_line' id='line_1_37' title="bbox 239 2308 1254 2362; baseline 0.003 -18.012"><span class='ocrx_word' id='word_1_212' title='bbox 239 2312 260 2353; x_wconf 75' lang='grc' dir='ltr'>ἡ</span> <span class='ocrx_word' id='word_1_213' title='bbox 279 2312 334 2344; x_wconf 84' lang='grc' dir='ltr'>νυν</span> <span class='ocrx_word' id='word_1_214' title='bbox 355 2310 491 2345; x_wconf 78' lang='grc' dir='ltr'>ἑστωσα</span> <span class='ocrx_word' id='word_1_215' title='bbox 511 2308 705 2356; x_wconf 83' lang='grc' dir='ltr'>σεμνοτάτη</span> <span class='ocrx_word' id='word_1_216' title='bbox 727 2308 1014 2361; x_wconf 30' lang='grc' dir='ltr'>Θεσμοφορίυμν</span> <span class='ocrx_word' id='word_1_217' title='bbox 1001 2310 1122 2362; x_wconf 81' lang='grc' dir='ltr'>εορτή·</span> <span class='ocrx_word' id='word_1_218' title='bbox 1146 2315 1167 2358; x_wconf 81' lang='grc' dir='ltr'>ἡ</span> <span class='ocrx_word' id='word_1_219' title='bbox 1192 2310 1254 2361; x_wconf 82' lang='grc' dir='ltr'>μὲν</span> 
     </span>
     <span class='ocr_line' id='line_1_38' title="bbox 239 2365 1254 2441; baseline 0.005 -40"><span class='ocrx_word' id='word_1_220' title='bbox 239 2365 304 2417; x_wconf 84' lang='grc' dir='ltr'>γὰρ</span> <span class='ocrx_word' id='word_1_221' title='bbox 333 2365 449 2408; x_wconf 78' lang='grc' dir='ltr'>ἄνοσος</span> <span class='ocrx_word' id='word_1_222' title='bbox 487 2365 576 2402; x_wconf 79' lang='grc' dir='ltr'>κατὰ</span> <span class='ocrx_word' id='word_1_223' title='bbox 620 2365 682 2412; x_wconf 83' lang='grc' dir='ltr'>τὴν</span> <span class='ocrx_word' id='word_1_224' title='bbox 690 2366 867 2441; x_wconf 45' lang='grc' dir='ltr'>ω’πρώτην</span> <span class='ocrx_word' id='word_1_225' title='bbox 884 2366 1020 2417; x_wconf 63' lang='grc' dir='ltr'>γέγονεν</span> <span class='ocrx_word' id='word_1_226' title='bbox 1047 2372 1116 2418; x_wconf 82' lang='grc' dir='ltr'>ἧμε</span> <span class='ocrx_word' id='word_1_227' title='bbox 1103 2385 1203 2420; x_wconf 81' lang='grc' dir='ltr'>..ραν,</span> <span class='ocrx_word' id='word_1_228' title='bbox 1233 2373 1254 2416; x_wconf 82' lang='grc' dir='ltr'>ἡ</span> 
     </span>
     <span class='ocr_line' id='line_1_39' title="bbox 241 2422 1255 2479; baseline 0.006 -20"><span class='ocrx_word' id='word_1_229' title='bbox 241 2423 383 2467; x_wconf 85' lang='grc' dir='ltr'>νηστεία</span> <span class='ocrx_word' id='word_1_230' title='bbox 399 2422 435 2460; x_wconf 78' lang='grc' dir='ltr'>δὲ</span> <span class='ocrx_word' id='word_1_231' title='bbox 454 2439 491 2460; x_wconf 91' lang='grc' dir='ltr'>το</span> <span class='ocrx_word' id='word_1_232' title='bbox 509 2424 658 2476; x_wconf 71' lang='grc' dir='ltr'>τήμερον</span> <span class='ocrx_word' id='word_1_233' title='bbox 679 2429 766 2462; x_wconf 84' lang='grc' dir='ltr'>εἶναι</span> <span class='ocrx_word' id='word_1_234' title='bbox 785 2425 867 2477; x_wconf 88' lang='grc' dir='ltr'>παρ’</span> <span class='ocrx_word' id='word_1_235' title='bbox 888 2425 1075 2471; x_wconf 83' lang='grc' dir='ltr'>Ἀθηναίοις</span> <span class='ocrx_word' id='word_1_236' title='bbox 1095 2427 1255 2479; x_wconf 86' lang='grc' dir='ltr'>εορτάζε-</span> 
     </span>
     <span class='ocr_line' id='line_1_40' title="bbox 241 2480 1255 2530; baseline 0.008 -15"><span class='ocrx_word' id='word_1_237' title='bbox 241 2496 317 2526; x_wconf 89' lang='grc' dir='ltr'>ται,</span> <span class='ocrx_word' id='word_1_238' title='bbox 344 2497 387 2517; x_wconf 84' lang='grc' dir='ltr'>τα</span> <span class='ocrx_word' id='word_1_239' title='bbox 418 2480 649 2530; x_wconf 65' lang='grc' dir='ltr'>Καλὶιγένεια</span> <span class='ocrx_word' id='word_1_240' title='bbox 681 2482 716 2519; x_wconf 79' lang='grc' dir='ltr'>δὲ</span> <span class='ocrx_word' id='word_1_241' title='bbox 748 2484 793 2525; x_wconf 84' lang='grc' dir='ltr'>εἷς</span> <span class='ocrx_word' id='word_1_242' title='bbox 821 2499 883 2529; x_wconf 89' lang='grc' dir='ltr'>την</span> <span class='ocrx_word' id='word_1_243' title='bbox 914 2485 1078 2521; x_wconf 87' lang='grc' dir='ltr'>ε’πιουσαν</span> <span class='ocrx_word' id='word_1_244' title='bbox 1108 2485 1255 2523; x_wconf 86' lang='grc' dir='ltr'>θυουσιν</span> 
     </span>
     <span class='ocr_line' id='line_1_41' title="bbox 243 2541 1257 2592; baseline 0.007 -16"><span class='ocrx_word' id='word_1_245' title='bbox 243 2541 427 2577; x_wconf 81' lang='lat' dir='ltr'>Dissentit</span> <span class='ocrx_word' id='word_1_246' title='bbox 455 2542 694 2589; x_wconf 79' lang='lat' dir='ltr'>Plutarchus,</span> <span class='ocrx_word' id='word_1_247' title='bbox 724 2544 789 2592; x_wconf 88' lang='lat' dir='ltr'>qui</span> <span class='ocrx_word' id='word_1_248' title='bbox 816 2544 975 2588; x_wconf 87' lang='grc' dir='ltr'>νηστείαν</span> <span class='ocrx_word' id='word_1_249' title='bbox 1006 2546 1080 2581; x_wconf 90' lang='lat' dir='ltr'>diei</span> <span class='ocrx_word' id='word_1_250' title='bbox 1111 2546 1257 2583; x_wconf 88' lang='lat' dir='ltr'>decimo</span> 
     </span>
     <span class='ocr_line' id='line_1_42' title="bbox 243 2600 1259 2652; baseline 0.006 -18"><span class='ocrx_word' id='word_1_251' title='bbox 243 2607 352 2635; x_wconf 81' lang='lat' dir='ltr'>sexto</span> <span class='ocrx_word' id='word_1_252' title='bbox 387 2600 663 2649; x_wconf 80' lang='lat' dir='ltr'>Pyanepsionis</span> <span class='ocrx_word' id='word_1_253' title='bbox 700 2601 901 2649; x_wconf 85' lang='lat' dir='ltr'>adscribit,</span> <span class='ocrx_word' id='word_1_254' title='bbox 935 2616 1003 2638; x_wconf 87' lang='lat' dir='ltr'>suo</span> <span class='ocrx_word' id='word_1_255' title='bbox 1043 2605 1191 2652; x_wconf 74' lang='lat' dir='ltr'>potiUS,</span> <span class='ocrx_word' id='word_1_256' title='bbox 1217 2613 1259 2640; x_wconf 89' lang='lat' dir='ltr'>ut</span> 
     </span>
     <span class='ocr_line' id='line_1_43' title="bbox 244 2657 1259 2708; baseline 0.007 -17"><span class='ocrx_word' id='word_1_257' title='bbox 244 2657 398 2705; x_wconf 85' lang='lat' dir='ltr'>opinor,</span> <span class='ocrx_word' id='word_1_258' title='bbox 417 2669 547 2693; x_wconf 87' lang='lat' dir='ltr'>errore</span> <span class='ocrx_word' id='word_1_259' title='bbox 568 2670 693 2706; x_wconf 87' lang='lat' dir='ltr'>quam,</span> <span class='ocrx_word' id='word_1_260' title='bbox 712 2672 796 2706; x_wconf 81' lang='lat' dir='ltr'>quae</span> <span class='ocrx_word' id='word_1_261' title='bbox 815 2660 971 2696; x_wconf 89' lang='lat' dir='ltr'>Prelleri</span> <span class='ocrx_word' id='word_1_262' title='bbox 990 2662 1173 2697; x_wconf 81' lang='lat' dir='ltr'>sententia</span> <span class='ocrx_word' id='word_1_263' title='bbox 1190 2671 1259 2708; x_wconf 89' lang='lat' dir='ltr'>est,</span> 
     </span>
     <span class='ocr_line' id='line_1_44' title="bbox 244 2713 1258 2765; baseline 0.007 -16"><span class='ocrx_word' id='word_1_264' title='bbox 244 2713 487 2750; x_wconf 82' lang='lat' dir='ltr'>libraiiorum</span> <span class='ocrx_word' id='word_1_265' title='bbox 509 2715 636 2765; x_wconf 66' lang='lat' dir='ltr'>culpi,1</span> <span class='ocrx_word' id='word_1_266' title='bbox 654 2716 692 2752; x_wconf 90' lang='lat' dir='ltr'>in</span> <span class='ocrx_word' id='word_1_267' title='bbox 714 2716 802 2752; x_wconf 73' lang='lat' dir='ltr'>Vita</span> <span class='ocrx_word' id='word_1_268' title='bbox 824 2718 1022 2754; x_wconf 86' lang='lat' dir='ltr'>Demosth.</span> <span class='ocrx_word' id='word_1_269' title='bbox 1040 2732 1071 2755; x_wconf 90' lang='lat' dir='ltr'>c.</span> <span class='ocrx_word' id='word_1_270' title='bbox 1102 2720 1171 2755; x_wconf 82' lang='grc' dir='ltr'>3οι</span> <span class='ocrx_word' id='word_1_271' title='bbox 1190 2734 1258 2756; x_wconf 90' lang='grc' dir='ltr'>κα-</span> 
     </span>
     <span class='ocr_line' id='line_1_45' title="bbox 242 2770 1260 2828; baseline 0.007 -21"><span class='ocrx_word' id='word_1_272' title='bbox 242 2770 406 2823; x_wconf 78' lang='grc' dir='ltr'>τέστρεψε</span> <span class='ocrx_word' id='word_1_273' title='bbox 432 2772 460 2808; x_wconf 81' lang='grc' dir='ltr'>δ’</span> <span class='ocrx_word' id='word_1_274' title='bbox 481 2772 563 2824; x_wconf 86' lang='grc' dir='ltr'>ἑκτῃ</span> <span class='ocrx_word' id='word_1_275' title='bbox 594 2774 651 2810; x_wconf 81' lang='grc' dir='ltr'>ε’πι</span> <span class='ocrx_word' id='word_1_276' title='bbox 673 2773 756 2810; x_wconf 80' lang='grc' dir='ltr'>δέκα</span> <span class='ocrx_word' id='word_1_277' title='bbox 778 2789 838 2811; x_wconf 91' lang='grc' dir='ltr'>του</span> <span class='ocrx_word' id='word_1_278' title='bbox 869 2777 1111 2828; x_wconf 48' lang='grc' dir='ltr'>Πυανεψιῶνος</span> <span class='ocrx_word' id='word_1_279' title='bbox 1134 2777 1260 2826; x_wconf 86' lang='grc' dir='ltr'>μηνὸς,</span> 
     </span>
     <span class='ocr_line' id='line_1_46' title="bbox 244 2829 1259 2887; baseline 0.006 -21"><span class='ocrx_word' id='word_1_280' title='bbox 244 2831 277 2866; x_wconf 84' lang='grc' dir='ltr'>ἐν</span> <span class='ocrx_word' id='word_1_281' title='bbox 300 2833 321 2880; x_wconf 85' lang='grc' dir='ltr'>ᾑ</span> <span class='ocrx_word' id='word_1_282' title='bbox 339 2829 400 2875; x_wconf 84' lang='grc' dir='ltr'>τὴν</span> <span class='ocrx_word' id='word_1_283' title='bbox 432 2831 722 2883; x_wconf 80' lang='grc' dir='ltr'>σκυθρωποτατην</span> <span class='ocrx_word' id='word_1_284' title='bbox 747 2834 815 2870; x_wconf 83' lang='grc' dir='ltr'>τῶν</span> <span class='ocrx_word' id='word_1_285' title='bbox 845 2834 1096 2887; x_wconf 71' lang='grc' dir='ltr'>Θεσμοφορίων</span> <span class='ocrx_word' id='word_1_286' title='bbox 1124 2835 1259 2887; x_wconf 84' lang='grc' dir='ltr'>ἡμέραν</span> 
     </span>
     <span class='ocr_line' id='line_1_47' title="bbox 245 2886 1262 2941; baseline 0.007 -18"><span class='ocrx_word' id='word_1_287' title='bbox 245 2886 389 2937; x_wconf 84' lang='grc' dir='ltr'>ἄγουσαι</span> <span class='ocrx_word' id='word_1_288' title='bbox 409 2903 503 2940; x_wconf 89' lang='grc' dir='ltr'>παρα</span> <span class='ocrx_word' id='word_1_289' title='bbox 520 2892 562 2940; x_wconf 82' lang='grc' dir='ltr'>τῇ</span> <span class='ocrx_word' id='word_1_290' title='bbox 581 2892 646 2926; x_wconf 82' lang='grc' dir='ltr'>θεῶ</span> <span class='ocrx_word' id='word_1_291' title='bbox 669 2905 889 2935; x_wconf 88' lang='grc' dir='ltr'>νηστευουσιν</span> <span class='ocrx_word' id='word_1_292' title='bbox 909 2893 943 2928; x_wconf 83' lang='grc' dir='ltr'>αἱ</span> <span class='ocrx_word' id='word_1_293' title='bbox 961 2898 1131 2941; x_wconf 84' lang='grc' dir='ltr'>γυναῖκες.</span> <span class='ocrx_word' id='word_1_294' title='bbox 1156 2896 1262 2930; x_wconf 86' lang='lat' dir='ltr'>Cete-</span> 
     </span>
     <span class='ocr_line' id='line_1_48' title="bbox 246 2948 1261 2997; baseline 0.008 -17"><span class='ocrx_word' id='word_1_295' title='bbox 246 2958 329 2981; x_wconf 89' lang='lat' dir='ltr'>rum</span> <span class='ocrx_word' id='word_1_296' title='bbox 348 2959 458 2995; x_wconf 87' lang='lat' dir='ltr'>quam</span> <span class='ocrx_word' id='word_1_297' title='bbox 484 2948 642 2985; x_wconf 81' lang='lat' dir='ltr'>photius</span> <span class='ocrx_word' id='word_1_298' title='bbox 660 2948 803 2986; x_wconf 74' lang='grc' dir='ltr'>κάθοδον</span> <span class='ocrx_word' id='word_1_299' title='bbox 823 2950 938 2997; x_wconf 89' lang='lat' dir='ltr'>dicit,</span> <span class='ocrx_word' id='word_1_300' title='bbox 966 2964 1042 2987; x_wconf 90' lang='lat' dir='ltr'>non</span> <span class='ocrx_word' id='word_1_301' title='bbox 1071 2951 1261 2988; x_wconf 68' lang='lat' dir='ltr'>dixeisam</span> 
     </span>
     <span class='ocr_line' id='line_1_49' title="bbox 247 3004 1262 3055; baseline 0.008 -17"><span class='ocrx_word' id='word_1_302' title='bbox 247 3016 328 3039; x_wconf 80' lang='lat' dir='ltr'>esse</span> <span class='ocrx_word' id='word_1_303' title='bbox 358 3004 405 3040; x_wconf 86' lang='lat' dir='ltr'>ab</span> <span class='ocrx_word' id='word_1_304' title='bbox 435 3018 477 3041; x_wconf 86' lang='lat' dir='ltr'>ea</span> <span class='ocrx_word' id='word_1_305' title='bbox 509 3020 623 3055; x_wconf 86' lang='lat' dir='ltr'>quam</span> <span class='ocrx_word' id='word_1_306' title='bbox 656 3005 776 3044; x_wconf 86' lang='grc' dir='ltr'>ἄνοδον</span> <span class='ocrx_word' id='word_1_307' title='bbox 816 3017 929 3045; x_wconf 85' lang='lat' dir='ltr'>vocat</span> <span class='ocrx_word' id='word_1_308' title='bbox 964 3009 1182 3053; x_wconf 85' lang='lat' dir='ltr'>scholiasta,</span> <span class='ocrx_word' id='word_1_309' title='bbox 1216 3023 1262 3046; x_wconf 76' lang='lat' dir='ltr'>ex</span> 
     </span>
     <span class='ocr_line' id='line_1_50' title="bbox 248 3061 1262 3114; baseline 0.01 -19"><span class='ocrx_word' id='word_1_310' title='bbox 248 3061 393 3097; x_wconf 79' lang='lat' dir='ltr'>scholio</span> <span class='ocrx_word' id='word_1_311' title='bbox 412 3063 485 3099; x_wconf 83' lang='lat'>585</span> <span class='ocrx_word' id='word_1_312' title='bbox 506 3073 674 3114; x_wconf 86' lang='lat' dir='ltr'>apparet.</span> <span class='ocrx_word' id='word_1_313' title='bbox 696 3064 834 3103; x_wconf 77' lang='grc' dir='ltr'>Ἀνόδου</span> <span class='ocrx_word' id='word_1_314' title='bbox 855 3080 993 3104; x_wconf 85' lang='lat' dir='ltr'>nomen</span> <span class='ocrx_word' id='word_1_315' title='bbox 1013 3067 1171 3113; x_wconf 86' lang='grc' dir='ltr'>Στηνίοις</span> <span class='ocrx_word' id='word_1_316' title='bbox 1193 3070 1262 3105; x_wconf 87' lang='lat' dir='ltr'>tri-</span> 
     </span>
     <span class='ocr_line' id='line_1_51' title="bbox 250 3117 1263 3175; baseline 0.01 -22"><span class='ocrx_word' id='word_1_317' title='bbox 250 3117 334 3154; x_wconf 85' lang='lat' dir='ltr'>buit</span> <span class='ocrx_word' id='word_1_318' title='bbox 349 3119 503 3157; x_wconf 89' lang='lat' dir='ltr'>Photius</span> <span class='ocrx_word' id='word_1_319' title='bbox 522 3135 557 3171; x_wconf 92' lang='lat' dir='ltr'>p.</span> <span class='ocrx_word' id='word_1_320' title='bbox 577 3124 663 3167; x_wconf 80' lang='grc'>538,</span> <span class='ocrx_word' id='word_1_321' title='bbox 685 3137 728 3171; x_wconf 89' lang='lat'>9,</span> <span class='ocrx_word' id='word_1_322' title='bbox 749 3124 810 3161; x_wconf 88' lang='lat' dir='ltr'>die</span> <span class='ocrx_word' id='word_1_323' title='bbox 838 3139 940 3162; x_wconf 90' lang='lat' dir='ltr'>nono</span> <span class='ocrx_word' id='word_1_324' title='bbox 959 3127 1098 3163; x_wconf 84' lang='lat' dir='ltr'>mensis</span> <span class='ocrx_word' id='word_1_325' title='bbox 1123 3130 1263 3175; x_wconf 80' lang='lat' dir='ltr'>Pyane-</span> 
     </span>
     <span class='ocr_line' id='line_1_52' title="bbox 254 3176 1262 3227; baseline 0.012 -17"><span class='ocrx_word' id='word_1_326' title='bbox 254 3176 397 3224; x_wconf 88' lang='lat' dir='ltr'>psionis</span> <span class='ocrx_word' id='word_1_327' title='bbox 417 3178 614 3217; x_wconf 87' lang='lat' dir='ltr'>celebratis</span> <span class='ocrx_word' id='word_1_328' title='bbox 635 3196 641 3216; x_wconf 92' lang='lat'>:</span> <span class='ocrx_word' id='word_1_329' title='bbox 668 3182 766 3218; x_wconf 89' lang='lat' dir='ltr'>conf.</span> <span class='ocrx_word' id='word_1_330' title='bbox 782 3183 899 3219; x_wconf 88' lang='lat' dir='ltr'>schol.</span> <span class='ocrx_word' id='word_1_331' title='bbox 919 3184 965 3220; x_wconf 81' lang='lat' dir='ltr'>ad</span> <span class='ocrx_word' id='word_1_332' title='bbox 984 3198 1016 3220; x_wconf 78' lang='lat' dir='ltr'>v,</span> <span class='ocrx_word' id='word_1_333' title='bbox 1033 3184 1120 3227; x_wconf 83' lang='grc'>834.</span> <span class='ocrx_word' id='word_1_334' title='bbox 1144 3189 1262 3226; x_wconf 74' lang='lat' dir='ltr'>Dim),</span> 
     </span>
     <span class='ocr_line' id='line_1_53' title="bbox 254 3237 1262 3292; baseline 0.011 -23"><span class='ocrx_word' id='word_1_335' title='bbox 254 3239 363 3277; x_wconf 77' lang='grc'>-44</span> <span class='ocrx_word' id='word_1_336' title='bbox 397 3237 633 3274; x_wconf 86' lang='lat' dir='ltr'>scribendum</span> <span class='ocrx_word' id='word_1_337' title='bbox 658 3238 756 3288; x_wconf 86' lang='grc' dir='ltr'>τρίτη</span> <span class='ocrx_word' id='word_1_338' title='bbox 788 3240 823 3277; x_wconf 78' lang='grc' dir='ltr'>δὲ</span> <span class='ocrx_word' id='word_1_339' title='bbox 852 3240 963 3278; x_wconf 85' lang='grc' dir='ltr'>οὔ.-</span> <span class='ocrx_word' id='word_1_340' title='bbox 982 3242 1042 3285; x_wconf 87' lang='grc'>45.</span> <span class='ocrx_word' id='word_1_341' title='bbox 1062 3243 1151 3292; x_wconf 86' lang='lat' dir='ltr'>Ejus</span> <span class='ocrx_word' id='word_1_342' title='bbox 1174 3257 1262 3280; x_wconf 75' lang='lat' dir='ltr'>usus</span> 
     </span>
     <span class='ocr_line' id='line_1_54' title="bbox 256 3295 1262 3350; baseline 0.011 -23"><span class='ocrx_word' id='word_1_343' title='bbox 256 3301 405 3341; x_wconf 87' lang='lat' dir='ltr'>poterat</span> <span class='ocrx_word' id='word_1_344' title='bbox 432 3295 633 3332; x_wconf 82' lang='lat' dir='ltr'>scholiasta</span> <span class='ocrx_word' id='word_1_345' title='bbox 651 3298 875 3336; x_wconf 68' lang='lat' dir='ltr'>celebriores</span> <span class='ocrx_word' id='word_1_346' title='bbox 896 3314 1048 3350; x_wconf 83' lang='lat' dir='ltr'>quoque</span> <span class='ocrx_word' id='word_1_347' title='bbox 1071 3310 1183 3337; x_wconf 81' lang='lat' dir='ltr'>testes</span> <span class='ocrx_word' id='word_1_348' title='bbox 1210 3302 1262 3337; x_wconf 82' lang='lat' dir='ltr'>ci-</span> 
     </span>
     <span class='ocr_line' id='line_1_55' title="bbox 258 3353 839 3405; baseline 0.014 -19"><span class='ocrx_word' id='word_1_349' title='bbox 258 3358 348 3398; x_wconf 79' lang='lat' dir='ltr'>tare,</span> <span class='ocrx_word' id='word_1_350' title='bbox 381 3353 585 3391; x_wconf 75' lang='lat' dir='ltr'>Hesiodum</span> <span class='ocrx_word' id='word_1_351' title='bbox 620 3357 694 3405; x_wconf 92' lang='lat' dir='ltr'>Op.</span> <span class='ocrx_word' id='word_1_352' title='bbox 727 3358 799 3405; x_wconf 79' lang='lat'>698</span> <span class='ocrx_word' id='word_1_353' title='bbox 833 3373 839 3394; x_wconf 92' lang='lat'><strong>:</strong></span> 
     </span>
    </p>
   </div>
   <div class='ocr_carea' id='block_1_5' title="bbox 875 3358 1258 3411">
    <p class='ocr_par' dir='ltr' id='par_1_13' title="bbox 875 3358 1258 3411">
     <span class='ocr_line' id='line_1_56' title="bbox 875 3358 1258 3411; baseline 0.008 -17"><span class='ocrx_word' id='word_1_354' title='bbox 875 3358 1023 3411; x_wconf 78' lang='grc' dir='ltr'>πέμπτῳ</span> <span class='ocrx_word' id='word_1_355' title='bbox 1053 3358 1119 3397; x_wconf 82' lang='grc' dir='ltr'>ἔτει</span> <span class='ocrx_word' id='word_1_356' title='bbox 1156 3361 1194 3396; x_wconf 74' lang='lat' dir='ltr'>(i</span> <span class='ocrx_word' id='word_1_357' title='bbox 1229 3374 1258 3398; x_wconf 79' lang='lat'>0.</span> 
     </span>
    </p>
   </div>
   <div class='ocr_carea' id='block_1_6' title="bbox 977 176 1560 220">
    <p class='ocr_par' dir='ltr' id='par_1_14' title="bbox 977 176 1560 220">
     <span class='ocr_line' id='line_1_57' title="bbox 977 176 1560 220; baseline -0.01 0"><span class='ocrx_word' id='word_1_358' title='bbox 977 178 1275 220; x_wconf 86' lang='lat' dir='ltr'>ADNOTATIO</span> <span class='ocrx_word' id='word_1_359' title='bbox 1304 177 1356 215; x_wconf 85' lang='grc' dir='ltr'>ΙΝ</span> <span class='ocrx_word' id='word_1_360' title='bbox 1386 176 1560 215; x_wconf 91' lang='lat' dir='ltr'>SCHOL.</span> 
     </span>
    </p>
   </div>
   <div class='ocr_carea' id='block_1_7' title="bbox 1298 261 2339 3413">
    <p class='ocr_par' dir='ltr' id='par_1_15' title="bbox 1298 261 2324 1129">
     <span class='ocr_line' id='line_1_58' title="bbox 1299 261 2310 314; baseline 0.001 -16"><span class='ocrx_word' id='word_1_361' title='bbox 1299 261 1451 313; x_wconf 81' lang='grc' dir='ltr'>πέμπτῳ</span> <span class='ocrx_word' id='word_1_362' title='bbox 1483 261 1542 299; x_wconf 77' lang='grc' dir='ltr'>καὶ</span> <span class='ocrx_word' id='word_1_363' title='bbox 1572 261 1721 314; x_wconf 82' lang='grc' dir='ltr'>δεκάτῳ)</span> <span class='ocrx_word' id='word_1_364' title='bbox 1734 279 1741 286; x_wconf 95' lang='grc'><em>·</em></span> <span class='ocrx_word' id='word_1_365' title='bbox 1774 263 1978 301; x_wconf 86' lang='lat' dir='ltr'>Pindarum</span> <span class='ocrx_word' id='word_1_366' title='bbox 2014 263 2058 300; x_wconf 88' lang='lat' dir='ltr'>fr.</span> <span class='ocrx_word' id='word_1_367' title='bbox 2095 263 2235 300; x_wconf 88' lang='lat' dir='ltr'>Thren.</span> <span class='ocrx_word' id='word_1_368' title='bbox 2265 262 2310 298; x_wconf 88' lang='lat'>6:</span> 
     </span>
     <span class='ocr_line' id='line_1_59' title="bbox 1298 318 2313 374; baseline 0.001 -18"><span class='ocrx_word' id='word_1_369' title='bbox 1298 318 1405 371; x_wconf 71' lang='grc' dir='ltr'>πέφνε</span> <span class='ocrx_word' id='word_1_370' title='bbox 1433 319 1469 357; x_wconf 78' lang='grc' dir='ltr'>δὲ</span> <span class='ocrx_word' id='word_1_371' title='bbox 1500 326 1590 372; x_wconf 85' lang='grc' dir='ltr'>τρεῖς</span> <span class='ocrx_word' id='word_1_372' title='bbox 1622 322 1680 360; x_wconf 72' lang='grc' dir='ltr'>καὶ</span> <span class='ocrx_word' id='word_1_373' title='bbox 1715 321 1785 360; x_wconf 84' lang='grc' dir='ltr'>δέκ’</span> <span class='ocrx_word' id='word_1_374' title='bbox 1819 322 1961 371; x_wconf 74' lang='grc' dir='ltr'>ἄνδρας·</span> <span class='ocrx_word' id='word_1_375' title='bbox 1979 321 2133 374; x_wconf 84' lang='grc' dir='ltr'>τετράτῳ</span> <span class='ocrx_word' id='word_1_376' title='bbox 2163 320 2191 358; x_wconf 82' lang='grc' dir='ltr'>δ’</span> <span class='ocrx_word' id='word_1_377' title='bbox 2213 320 2313 362; x_wconf 79' lang='grc' dir='ltr'>αὐτὸς</span> 
     </span>
     <span class='ocr_line' id='line_1_60' title="bbox 1299 376 2312 434; baseline 0.001 -20"><span class='ocrx_word' id='word_1_378' title='bbox 1299 376 1451 423; x_wconf 85' lang='grc' dir='ltr'>πεδάθη·</span> <span class='ocrx_word' id='word_1_379' title='bbox 1479 378 1522 415; x_wconf 90' lang='lat' dir='ltr'>fr.</span> <span class='ocrx_word' id='word_1_380' title='bbox 1543 380 1618 417; x_wconf 88' lang='lat' dir='ltr'>inc.</span> <span class='ocrx_word' id='word_1_381' title='bbox 1643 380 1690 425; x_wconf 86' lang='grc'>54</span> <span class='ocrx_word' id='word_1_382' title='bbox 1707 396 1715 417; x_wconf 87' lang='lat'>:</span> <span class='ocrx_word' id='word_1_383' title='bbox 1733 380 1823 419; x_wconf 82' lang='grc' dir='ltr'>τέκν’</span> <span class='ocrx_word' id='word_1_384' title='bbox 1851 379 2190 434; x_wconf 78' lang='grc' dir='ltr'>ἔπεφνεν-δυώδεκ’</span> <span class='ocrx_word' id='word_1_385' title='bbox 2211 380 2312 416; x_wconf 74' lang='grc' dir='ltr'>αὐτὸν</span> 
     </span>
     <span class='ocr_line' id='line_1_61' title="bbox 1301 435 2314 489; baseline 0.002 -17"><span class='ocrx_word' id='word_1_386' title='bbox 1301 435 1336 472; x_wconf 81' lang='grc' dir='ltr'>δὲ</span> <span class='ocrx_word' id='word_1_387' title='bbox 1363 436 1494 487; x_wconf 87' lang='grc' dir='ltr'>τρίτον,</span> <span class='ocrx_word' id='word_1_388' title='bbox 1526 439 1599 475; x_wconf 87' lang='lat' dir='ltr'>nisi</span> <span class='ocrx_word' id='word_1_389' title='bbox 1628 439 1689 475; x_wconf 85' lang='lat' dir='ltr'>hic</span> <span class='ocrx_word' id='word_1_390' title='bbox 1718 440 1873 489; x_wconf 88' lang='lat' dir='ltr'>quidem</span> <span class='ocrx_word' id='word_1_391' title='bbox 1903 441 2127 477; x_wconf 85' lang='lat' dir='ltr'>exciderunt</span> <span class='ocrx_word' id='word_1_392' title='bbox 2156 439 2314 488; x_wconf 76' lang='lat' dir='ltr'>reliqua.</span> 
     </span>
     <span class='ocr_line' id='line_1_62' title="bbox 1302 496 2316 547; baseline 0.003 -17"><span class='ocrx_word' id='word_1_393' title='bbox 1302 497 1539 531; x_wconf 67' lang='lat' dir='ltr'>Scunmmzn.</span> <span class='ocrx_word' id='word_1_394' title='bbox 1561 496 1707 533; x_wconf 84' lang='lat' dir='ltr'>ibid.-</span> <span class='ocrx_word' id='word_1_395' title='bbox 1721 498 1769 540; x_wconf 88' lang='grc'>46</span> <span class='ocrx_word' id='word_1_396' title='bbox 1792 499 1937 535; x_wconf 78' lang='grc' dir='ltr'>ἓκαταῖα</span> <span class='ocrx_word' id='word_1_397' title='bbox 1956 499 2089 543; x_wconf 83' lang='lat' dir='ltr'>codex,</span> <span class='ocrx_word' id='word_1_398' title='bbox 2112 497 2216 547; x_wconf 81' lang='lat' dir='ltr'>qu&#39;od</span> <span class='ocrx_word' id='word_1_399' title='bbox 2237 508 2316 533; x_wconf 87' lang='lat' dir='ltr'>cor-</span> 
     </span>
     <span class='ocr_line' id='line_1_63' title="bbox 1302 553 2316 604; baseline 0.002 -16"><span class='ocrx_word' id='word_1_400' title='bbox 1302 553 1399 589; x_wconf 77' lang='lat' dir='ltr'>rexit</span> <span class='ocrx_word' id='word_1_401' title='bbox 1422 554 1659 592; x_wconf 86' lang='lat' dir='ltr'>Dindorfius.</span> <span class='ocrx_word' id='word_1_402' title='bbox 1676 559 1803 592; x_wconf 80' lang='lat' dir='ltr'>Poetae</span> <span class='ocrx_word' id='word_1_403' title='bbox 1822 556 1932 604; x_wconf 87' lang='lat' dir='ltr'>lyrici</span> <span class='ocrx_word' id='word_1_404' title='bbox 1952 556 2070 593; x_wconf 88' lang='lat' dir='ltr'>verba</span> <span class='ocrx_word' id='word_1_405' title='bbox 2088 568 2169 592; x_wconf 80' lang='lat' dir='ltr'>esse</span> <span class='ocrx_word' id='word_1_406' title='bbox 2185 554 2316 591; x_wconf 90' lang='lat' dir='ltr'>viden-</span> 
     </span>
     <span class='ocr_line' id='line_1_64' title="bbox 1303 612 2314 660; baseline 0.002 -13"><span class='ocrx_word' id='word_1_407' title='bbox 1303 620 1383 658; x_wconf 81' lang='lat' dir='ltr'>tur,</span> <span class='ocrx_word' id='word_1_408' title='bbox 1403 612 1525 649; x_wconf 80' lang='grc' dir='ltr'>ἑκταία</span> <span class='ocrx_word' id='word_1_409' title='bbox 1550 612 1578 649; x_wconf 84' lang='grc' dir='ltr'>δ’</span> <span class='ocrx_word' id='word_1_410' title='bbox 1603 615 1654 654; x_wconf 83' lang='grc' dir='ltr'>ἑκ.</span> <span class='ocrx_word' id='word_1_411' title='bbox 1676 628 1794 650; x_wconf 71' lang='grc' dir='ltr'>σ.-1</span> <span class='ocrx_word' id='word_1_412' title='bbox 1831 614 2048 660; x_wconf 82' lang='grc' dir='ltr'>ἀποδεκάτην</span> <span class='ocrx_word' id='word_1_413' title='bbox 2075 614 2209 651; x_wconf 86' lang='lat' dir='ltr'>codex.</span> <span class='ocrx_word' id='word_1_414' title='bbox 2224 635 2276 640; x_wconf 83' lang='lat'>—</span> <span class='ocrx_word' id='word_1_415' title='bbox 2293 613 2314 649; x_wconf 88' lang='lat'>3</span> 
     </span>
     <span class='ocr_line' id='line_1_65' title="bbox 1303 669 2317 723; baseline 0 -17"><span class='ocrx_word' id='word_1_416' title='bbox 1303 669 1393 707; x_wconf 76' lang='grc' dir='ltr'>κατὰ</span> <span class='ocrx_word' id='word_1_417' title='bbox 1435 671 1667 723; x_wconf 74' lang='grc' dir='ltr'>Κα))ίυ.αχον</span> <span class='ocrx_word' id='word_1_418' title='bbox 1712 673 1899 710; x_wconf 84' lang='lat' dir='ltr'>Prellerus</span> <span class='ocrx_word' id='word_1_419' title='bbox 1942 674 1981 709; x_wconf 90' lang='lat' dir='ltr'>in</span> <span class='ocrx_word' id='word_1_420' title='bbox 2023 671 2317 710; x_wconf 82' lang='lat' dir='ltr'>Zimrnermanui</span> 
     </span>
     <span class='ocr_line' id='line_1_66' title="bbox 1303 729 2319 796; baseline 0.001 -31"><span class='ocrx_word' id='word_1_421' title='bbox 1303 730 1434 766; x_wconf 85' lang='lat' dir='ltr'>Diario</span> <span class='ocrx_word' id='word_1_422' title='bbox 1454 744 1487 768; x_wconf 89' lang='lat' dir='ltr'>a</span> <span class='ocrx_word' id='word_1_423' title='bbox 1511 732 1621 773; x_wconf 86' lang='grc'>1835,</span> <span class='ocrx_word' id='word_1_424' title='bbox 1642 745 1679 781; x_wconf 92' lang='lat' dir='ltr'>p.</span> <span class='ocrx_word' id='word_1_425' title='bbox 1703 733 1773 777; x_wconf 88' lang='grc'>78</span> <span class='ocrx_word' id='word_1_426' title='bbox 1761 760 1789 777; x_wconf 92' lang='lat'>‚</span> <span class='ocrx_word' id='word_1_427' title='bbox 1808 731 1996 780; x_wconf 83' lang='lat' dir='ltr'>probante</span> <span class='ocrx_word' id='word_1_428' title='bbox 2021 731 2231 768; x_wconf 82' lang='lat' dir='ltr'>Dindorfio.</span> <span class='ocrx_word' id='word_1_429' title='bbox 2239 729 2319 796; x_wconf 37' lang='grc' dir='ltr'>,τρί-</span> 
     </span>
     <span class='ocr_line' id='line_1_67' title="bbox 1303 789 2320 840; baseline 0 -15"><span class='ocrx_word' id='word_1_430' title='bbox 1303 803 1366 833; x_wconf 88' lang='grc' dir='ltr'>την</span> <span class='ocrx_word' id='word_1_431' title='bbox 1388 789 1520 826; x_wconf 86' lang='lat' dir='ltr'>codex.</span> <span class='ocrx_word' id='word_1_432' title='bbox 1529 812 1574 819; x_wconf 94' lang='lat'>—-</span> <span class='ocrx_word' id='word_1_433' title='bbox 1590 790 1610 826; x_wconf 90' lang='lat'><strong>5</strong></span> <span class='ocrx_word' id='word_1_434' title='bbox 1635 804 1689 840; x_wconf 89' lang='lat' dir='ltr'>sq.</span> <span class='ocrx_word' id='word_1_435' title='bbox 1706 793 1789 828; x_wconf 90' lang='lat' dir='ltr'>Hoc</span> <span class='ocrx_word' id='word_1_436' title='bbox 1803 790 1896 827; x_wconf 87' lang='lat' dir='ltr'>dicit</span> <span class='ocrx_word' id='word_1_437' title='bbox 1918 789 2133 835; x_wconf 86' lang='lat' dir='ltr'>scholiasta,</span> <span class='ocrx_word' id='word_1_438' title='bbox 2148 789 2320 826; x_wconf 64' lang='lat' dir='ltr'>esuriem</span> 
     </span>
     <span class='ocr_line' id='line_1_68' title="bbox 1306 848 2321 898; baseline 0 -15"><span class='ocrx_word' id='word_1_439' title='bbox 1306 855 1360 883; x_wconf 90' lang='lat' dir='ltr'>tes</span> <span class='ocrx_word' id='word_1_440' title='bbox 1378 849 1533 897; x_wconf 89' lang='lat' dir='ltr'>quosvis</span> <span class='ocrx_word' id='word_1_441' title='bbox 1558 862 1626 898; x_wconf 89' lang='lat' dir='ltr'>per</span> <span class='ocrx_word' id='word_1_442' title='bbox 1648 848 1778 897; x_wconf 87' lang='lat' dir='ltr'>jocum</span> <span class='ocrx_word' id='word_1_443' title='bbox 1795 849 1922 886; x_wconf 90' lang='lat' dir='ltr'>dicere</span> <span class='ocrx_word' id='word_1_444' title='bbox 1941 849 2061 886; x_wconf 90' lang='lat' dir='ltr'>solere</span> <span class='ocrx_word' id='word_1_445' title='bbox 2090 848 2252 885; x_wconf 87' lang='lat' dir='ltr'>mediam</span> <span class='ocrx_word' id='word_1_446' title='bbox 2282 859 2321 883; x_wconf 87' lang='lat' dir='ltr'>se</span> 
     </span>
     <span class='ocr_line' id='line_1_69' title="bbox 1306 906 2320 957; baseline 0 -15"><span class='ocrx_word' id='word_1_447' title='bbox 1306 919 1415 954; x_wconf 78' lang='lat' dir='ltr'>agere</span> <span class='ocrx_word' id='word_1_448' title='bbox 1437 906 1827 957; x_wconf 85' lang='lat' dir='ltr'>Thesmophoriorum</span> <span class='ocrx_word' id='word_1_449' title='bbox 1852 908 1965 953; x_wconf 90' lang='lat' dir='ltr'>diem,</span> <span class='ocrx_word' id='word_1_450' title='bbox 1979 906 2145 953; x_wconf 85' lang='grc' dir='ltr'>νηστείαν</span> <span class='ocrx_word' id='word_1_451' title='bbox 2171 906 2320 943; x_wconf 85' lang='lat' dir='ltr'>dictam.</span> 
     </span>
     <span class='ocr_line' id='line_1_70' title="bbox 1307 962 2323 1018; baseline -0.001 -16"><span class='ocrx_word' id='word_1_452' title='bbox 1307 965 1368 1002; x_wconf 88' lang='lat' dir='ltr'>Sic</span> <span class='ocrx_word' id='word_1_453' title='bbox 1383 965 1586 1002; x_wconf 74' lang='lat' dir='ltr'>Athenaeus</span> <span class='ocrx_word' id='word_1_454' title='bbox 1609 981 1644 1012; x_wconf 84' lang='lat'>7,</span> <span class='ocrx_word' id='word_1_455' title='bbox 1672 980 1707 1015; x_wconf 92' lang='lat' dir='ltr'>p.</span> <span class='ocrx_word' id='word_1_456' title='bbox 1731 968 1820 1012; x_wconf 82' lang='grc'>307,</span> <span class='ocrx_word' id='word_1_457' title='bbox 1847 970 1898 1003; x_wconf 82' lang='lat' dir='ltr'>F:</span> <span class='ocrx_word' id='word_1_458' title='bbox 1918 966 2035 1018; x_wconf 76' lang='grc' dir='ltr'>ἄνδρες</span> <span class='ocrx_word' id='word_1_459' title='bbox 2051 965 2161 1018; x_wconf 79' lang='grc' dir='ltr'>φίλοι,</span> <span class='ocrx_word' id='word_1_460' title='bbox 2190 963 2239 1014; x_wconf 87' lang='grc' dir='ltr'>μὴ</span> <span class='ocrx_word' id='word_1_461' title='bbox 2263 962 2323 1001; x_wconf 82' lang='grc' dir='ltr'>καὶ</span> 
     </span>
     <span class='ocr_line' id='line_1_71' title="bbox 1307 1021 2324 1077; baseline -0.001 -18"><span class='ocrx_word' id='word_1_462' title='bbox 1307 1025 1407 1072; x_wconf 77' lang='grc' dir='ltr'>ἡμεῖς</span> <span class='ocrx_word' id='word_1_463' title='bbox 1428 1023 1588 1068; x_wconf 81' lang='grc' dir='ltr'>νηστείαν</span> <span class='ocrx_word' id='word_1_464' title='bbox 1606 1025 1753 1074; x_wconf 71' lang='grc' dir='ltr'>ἄγομεν,</span> <span class='ocrx_word' id='word_1_465' title='bbox 1775 1025 2025 1077; x_wconf 69' lang='grc' dir='ltr'>Θεσμοφορίων</span> <span class='ocrx_word' id='word_1_466' title='bbox 2043 1023 2105 1070; x_wconf 81' lang='grc' dir='ltr'>τὴν</span> <span class='ocrx_word' id='word_1_467' title='bbox 2121 1023 2231 1074; x_wconf 80' lang='grc' dir='ltr'>μέσην</span> <span class='ocrx_word' id='word_1_468' title='bbox 2245 1053 2254 1070; x_wconf 94' lang='grc'>,</span> <span class='ocrx_word' id='word_1_469' title='bbox 2271 1021 2324 1059; x_wconf 72' lang='grc' dir='ltr'>ὅτι</span> 
     </span>
     <span class='ocr_line' id='line_1_72' title="bbox 1308 1080 1977 1133; baseline 0.002 -15"><span class='ocrx_word' id='word_1_470' title='bbox 1308 1080 1404 1126; x_wconf 77' lang='grc' dir='ltr'>δίκην</span> <span class='ocrx_word' id='word_1_471' title='bbox 1423 1083 1591 1133; x_wconf 82' lang='grc' dir='ltr'>κεστρέων</span> <span class='ocrx_word' id='word_1_472' title='bbox 1611 1098 1838 1132; x_wconf 74' lang='grc' dir='ltr'>νηστευομεν,</span> <span class='ocrx_word' id='word_1_473' title='bbox 1858 1087 1977 1120; x_wconf 76' lang='lat' dir='ltr'>Dmn.</span> 
     </span>
    </p>

    <p class='ocr_par' dir='ltr' id='par_1_16' title="bbox 1362 1140 2198 1194">
     <span class='ocr_line' id='line_1_73' title="bbox 1362 1140 2198 1194; baseline 0.001 -18"><span class='ocrx_word' id='word_1_474' title='bbox 1362 1141 1530 1185; x_wconf 89' lang='grc'>83,13</span> <span class='ocrx_word' id='word_1_475' title='bbox 1513 1140 1586 1177; x_wconf 83' lang='grc' dir='ltr'>αντὶ</span> <span class='ocrx_word' id='word_1_476' title='bbox 1605 1142 1639 1177; x_wconf 81' lang='grc' dir='ltr'>ἐν</span> <span class='ocrx_word' id='word_1_477' title='bbox 1654 1157 1702 1178; x_wconf 90' lang='grc' dir='ltr'>τω</span> <span class='ocrx_word' id='word_1_478' title='bbox 1716 1157 1783 1178; x_wconf 90' lang='grc' dir='ltr'>των</span> <span class='ocrx_word' id='word_1_479' title='bbox 1809 1141 2044 1194; x_wconf 57' lang='grc' dir='ltr'>θεσμοφορίων</span> <span class='ocrx_word' id='word_1_480' title='bbox 2064 1142 2198 1178; x_wconf 89' lang='lat' dir='ltr'>codex.</span> 
     </span>
    </p>

    <p class='ocr_par' dir='ltr' id='par_1_17' title="bbox 1309 1197 2324 1292">
     <span class='ocr_line' id='line_1_74' title="bbox 1362 1197 2324 1250; baseline 0 -16"><span class='ocrx_word' id='word_1_481' title='bbox 1362 1205 1425 1245; x_wconf 68' lang='grc'>94,</span> <span class='ocrx_word' id='word_1_482' title='bbox 1455 1199 1498 1234; x_wconf 88' lang='lat'>16</span> <span class='ocrx_word' id='word_1_483' title='bbox 1520 1213 1615 1240; x_wconf 88' lang='grc' dir='ltr'>ουτος</span> <span class='ocrx_word' id='word_1_484' title='bbox 1638 1197 1673 1236; x_wconf 80' lang='grc' dir='ltr'>δὲ</span> <span class='ocrx_word' id='word_1_485' title='bbox 1691 1199 1828 1237; x_wconf 78' lang='lat' dir='ltr'>Suidas</span> <span class='ocrx_word' id='word_1_486' title='bbox 1855 1213 1884 1236; x_wconf 88' lang='lat' dir='ltr'>s.</span> <span class='ocrx_word' id='word_1_487' title='bbox 1905 1199 2107 1250; x_wconf 75' lang='grc' dir='ltr'>Τεχνοίζειν.</span> <span class='ocrx_word' id='word_1_488' title='bbox 2136 1214 2242 1241; x_wconf 88' lang='grc' dir='ltr'>ουτως</span> <span class='ocrx_word' id='word_1_489' title='bbox 2267 1198 2324 1234; x_wconf 86' lang='grc' dir='ltr'>καὶ</span> 
     </span>
     <span class='ocr_line' id='line_1_75' title="bbox 1309 1255 1442 1292; baseline 0.008 -1"><span class='ocrx_word' id='word_1_490' title='bbox 1309 1255 1442 1292; x_wconf 82' lang='lat' dir='ltr'>codex.</span> 
     </span>
    </p>

    <p class='ocr_par' dir='ltr' id='par_1_18' title="bbox 1309 1314 2328 1777">
     <span class='ocr_line' id='line_1_76' title="bbox 1366 1314 2326 1366; baseline 0.002 -16"><span class='ocrx_word' id='word_1_491' title='bbox 1366 1329 1451 1361; x_wconf 84' lang='lat'>101,</span> <span class='ocrx_word' id='word_1_492' title='bbox 1473 1314 1519 1350; x_wconf 91' lang='grc'>28</span> <span class='ocrx_word' id='word_1_493' title='bbox 1535 1315 1745 1352; x_wconf 81' lang='lat' dir='ltr'>scholiastae</span> <span class='ocrx_word' id='word_1_494' title='bbox 1758 1330 1821 1353; x_wconf 90' lang='lat' dir='ltr'>sen</span> <span class='ocrx_word' id='word_1_495' title='bbox 1829 1318 1980 1354; x_wconf 84' lang='lat' dir='ltr'>tentiam</span> <span class='ocrx_word' id='word_1_496' title='bbox 1997 1317 2179 1366; x_wconf 85' lang='lat' dir='ltr'>pervertit</span> <span class='ocrx_word' id='word_1_497' title='bbox 2195 1315 2326 1353; x_wconf 80' lang='lat' dir='ltr'>Suidas</span> 
     </span>
     <span class='ocr_line' id='line_1_77' title="bbox 1309 1371 2326 1426; baseline 0.001 -17"><span class='ocrx_word' id='word_1_498' title='bbox 1309 1386 1337 1409; x_wconf 93' lang='lat' dir='ltr'>s.</span> <span class='ocrx_word' id='word_1_499' title='bbox 1366 1371 1519 1423; x_wconf 83' lang='grc' dir='ltr'>Μύρμηξ</span> <span class='ocrx_word' id='word_1_500' title='bbox 1547 1382 1584 1410; x_wconf 88' lang='lat' dir='ltr'>et</span> <span class='ocrx_word' id='word_1_501' title='bbox 1606 1373 1754 1426; x_wconf 84' lang='grc' dir='ltr'>Χορικός</span> <span class='ocrx_word' id='word_1_502' title='bbox 1779 1376 1905 1425; x_wconf 90' lang='lat' dir='ltr'>posito</span> <span class='ocrx_word' id='word_1_503' title='bbox 1934 1376 2161 1425; x_wconf 84' lang='lat' dir='ltr'>imperfecto</span> <span class='ocrx_word' id='word_1_504' title='bbox 2199 1374 2326 1416; x_wconf 80' lang='grc' dir='ltr'>ἐποίει,</span> 
     </span>
     <span class='ocr_line' id='line_1_78' title="bbox 1309 1431 2328 1485; baseline 0.003 -19"><span class='ocrx_word' id='word_1_505' title='bbox 1309 1431 1381 1467; x_wconf 88' lang='lat' dir='ltr'>nisi</span> <span class='ocrx_word' id='word_1_506' title='bbox 1400 1431 1461 1468; x_wconf 89' lang='lat' dir='ltr'>hic</span> <span class='ocrx_word' id='word_1_507' title='bbox 1476 1431 1621 1469; x_wconf 86' lang='lat' dir='ltr'>librarii</span> <span class='ocrx_word' id='word_1_508' title='bbox 1641 1446 1748 1470; x_wconf 85' lang='lat' dir='ltr'>error</span> <span class='ocrx_word' id='word_1_509' title='bbox 1768 1442 1834 1470; x_wconf 89' lang='lat' dir='ltr'>est.</span> <span class='ocrx_word' id='word_1_510' title='bbox 1852 1437 1970 1471; x_wconf 76' lang='lat' dir='ltr'>Dim).</span> <span class='ocrx_word' id='word_1_511' title='bbox 1989 1456 2035 1461; x_wconf 84' lang='lat'>-—</span> <span class='ocrx_word' id='word_1_512' title='bbox 2056 1447 2104 1482; x_wconf 81' lang='lat'>²9</span> <span class='ocrx_word' id='word_1_513' title='bbox 2128 1432 2328 1485; x_wconf 75' lang='grc' dir='ltr'>ὑπεκρίνετο</span> 
     </span>
     <span class='ocr_line' id='line_1_79' title="bbox 1309 1489 2327 1545; baseline 0.003 -20"><span class='ocrx_word' id='word_1_514' title='bbox 1309 1489 1409 1526; x_wconf 88' lang='lat' dir='ltr'>idem</span> <span class='ocrx_word' id='word_1_515' title='bbox 1428 1505 1454 1527; x_wconf 94' lang='lat' dir='ltr'>s.</span> <span class='ocrx_word' id='word_1_516' title='bbox 1471 1492 1632 1541; x_wconf 77' lang='grc' dir='ltr'>Χορικός,</span> <span class='ocrx_word' id='word_1_517' title='bbox 1648 1506 1724 1528; x_wconf 85' lang='grc'>11011</span> <span class='ocrx_word' id='word_1_518' title='bbox 1739 1506 1767 1530; x_wconf 91' lang='lat' dir='ltr'>s.</span> <span class='ocrx_word' id='word_1_519' title='bbox 1787 1491 2007 1545; x_wconf 85' lang='grc' dir='ltr'>Μύρμηξ.--</span> <span class='ocrx_word' id='word_1_520' title='bbox 2023 1494 2072 1529; x_wconf 92' lang='grc'>30</span> <span class='ocrx_word' id='word_1_521' title='bbox 2091 1491 2160 1529; x_wconf 76' lang='grc' dir='ltr'>ὑπὸ</span> <span class='ocrx_word' id='word_1_522' title='bbox 2186 1507 2241 1528; x_wconf 86' lang='grc' dir='ltr'>σκ.</span> <span class='ocrx_word' id='word_1_523' title='bbox 2262 1505 2327 1528; x_wconf 85' lang='lat' dir='ltr'>co-</span> 
     </span>
     <span class='ocr_line' id='line_1_80' title="bbox 1310 1548 2327 1600; baseline 0.002 -16"><span class='ocrx_word' id='word_1_524' title='bbox 1310 1548 1394 1584; x_wconf 81' lang='lat' dir='ltr'>dex.</span> <span class='ocrx_word' id='word_1_525' title='bbox 1426 1549 1494 1586; x_wconf 82' lang='grc' dir='ltr'>ἀπὸ</span> <span class='ocrx_word' id='word_1_526' title='bbox 1521 1552 1650 1595; x_wconf 76' lang='grc' dir='ltr'>σκηνῆς</span> <span class='ocrx_word' id='word_1_527' title='bbox 1670 1551 1926 1588; x_wconf 85' lang='lat' dir='ltr'>Schneiderus</span> <span class='ocrx_word' id='word_1_528' title='bbox 1947 1565 1985 1600; x_wconf 88' lang='lat' dir='ltr'>p.</span> <span class='ocrx_word' id='word_1_529' title='bbox 2015 1551 2050 1596; x_wconf 84' lang='lat'>5,</span> <span class='ocrx_word' id='word_1_530' title='bbox 2079 1560 2192 1588; x_wconf 81' lang='lat' dir='ltr'>recte.</span> <span class='ocrx_word' id='word_1_531' title='bbox 2224 1550 2327 1586; x_wconf 91' lang='lat' dir='ltr'>Idem</span> 
     </span>
     <span class='ocr_line' id='line_1_81' title="bbox 1310 1606 2327 1659; baseline 0.001 -16"><span class='ocrx_word' id='word_1_532' title='bbox 1310 1606 1428 1643; x_wconf 78' lang='lat' dir='ltr'>verba</span> <span class='ocrx_word' id='word_1_533' title='bbox 1444 1608 1488 1650; x_wconf 82' lang='grc' dir='ltr'>ὡς</span> <span class='ocrx_word' id='word_1_534' title='bbox 1508 1607 1592 1659; x_wconf 82' lang='grc' dir='ltr'>πρὸς</span> <span class='ocrx_word' id='word_1_535' title='bbox 1608 1607 1710 1659; x_wconf 78' lang='grc' dir='ltr'>χορὸν</span> <span class='ocrx_word' id='word_1_536' title='bbox 1733 1610 1898 1659; x_wconf 83' lang='lat' dir='ltr'>explicat</span> <span class='ocrx_word' id='word_1_537' title='bbox 1916 1610 1974 1646; x_wconf 93' lang='lat' dir='ltr'>his</span> <span class='ocrx_word' id='word_1_538' title='bbox 1992 1609 2205 1646; x_wconf 76' lang='lat' dir='ltr'>scholiastae</span> <span class='ocrx_word' id='word_1_539' title='bbox 2225 1607 2327 1645; x_wconf 88' lang='lat' dir='ltr'>Nub.</span> 
     </span>
     <span class='ocr_line' id='line_1_82' title="bbox 1317 1664 2328 1719; baseline 0.001 -18"><span class='ocrx_word' id='word_1_540' title='bbox 1317 1666 1438 1702; x_wconf 79' lang='lat'><strong>1356:</strong></span> <span class='ocrx_word' id='word_1_541' title='bbox 1462 1664 1567 1707; x_wconf 79' lang='grc' dir='ltr'>οὕτως</span> <span class='ocrx_word' id='word_1_542' title='bbox 1593 1665 1732 1716; x_wconf 83' lang='grc' dir='ltr'>ἔλεγον,</span> <span class='ocrx_word' id='word_1_543' title='bbox 1760 1666 1840 1704; x_wconf 74' lang='grc' dir='ltr'>ὅταν</span> <span class='ocrx_word' id='word_1_544' title='bbox 1876 1671 1936 1704; x_wconf 76' lang='grc' dir='ltr'>τοῦ</span> <span class='ocrx_word' id='word_1_545' title='bbox 1966 1670 2151 1719; x_wconf 73' lang='grc' dir='ltr'>ὑποκριτοῦ</span> <span class='ocrx_word' id='word_1_546' title='bbox 2178 1667 2328 1703; x_wconf 83' lang='grc' dir='ltr'>διατιθε-</span> 
     </span>
     <span class='ocr_line' id='line_1_83' title="bbox 1313 1722 1978 1777; baseline 0.003 -18"><span class='ocrx_word' id='word_1_547' title='bbox 1313 1722 1414 1772; x_wconf 80' lang='grc' dir='ltr'>μένου</span> <span class='ocrx_word' id='word_1_548' title='bbox 1431 1722 1493 1769; x_wconf 80' lang='grc' dir='ltr'>τὴν</span> <span class='ocrx_word' id='word_1_549' title='bbox 1513 1726 1610 1776; x_wconf 77' lang='grc' dir='ltr'>ῥῆσιν</span> <span class='ocrx_word' id='word_1_550' title='bbox 1627 1754 1636 1770; x_wconf 90' lang='grc'>,</span> <span class='ocrx_word' id='word_1_551' title='bbox 1659 1728 1677 1762; x_wconf 84' lang='grc' dir='ltr'>ὁ</span> <span class='ocrx_word' id='word_1_552' title='bbox 1696 1725 1796 1777; x_wconf 76' lang='grc' dir='ltr'>χορὸς</span> <span class='ocrx_word' id='word_1_553' title='bbox 1816 1728 1978 1777; x_wconf 73' lang='grc' dir='ltr'>ὀρχῆται.</span> 
     </span>
    </p>

    <p class='ocr_par' dir='ltr' id='par_1_19' title="bbox 1310 1783 2325 1879">
     <span class='ocr_line' id='line_1_84' title="bbox 1372 1783 2325 1836; baseline 0.001 -18"><span class='ocrx_word' id='word_1_554' title='bbox 1372 1783 1439 1819; x_wconf 89' lang='lat'>105</span> <span class='ocrx_word' id='word_1_555' title='bbox 1461 1783 1629 1825; x_wconf 79' lang='grc' dir='ltr'>εὐπίστως</span> <span class='ocrx_word' id='word_1_556' title='bbox 1657 1783 1741 1836; x_wconf 80' lang='grc' dir='ltr'>πρὸς</span> <span class='ocrx_word' id='word_1_557' title='bbox 1769 1785 1826 1822; x_wconf 80' lang='grc' dir='ltr'>τὸν</span> <span class='ocrx_word' id='word_1_558' title='bbox 1851 1784 1924 1822; x_wconf 84' lang='grc' dir='ltr'>θεὸν</span> <span class='ocrx_word' id='word_1_559' title='bbox 1952 1785 2086 1822; x_wconf 84' lang='lat' dir='ltr'>Suidas</span> <span class='ocrx_word' id='word_1_560' title='bbox 2106 1797 2136 1822; x_wconf 89' lang='lat' dir='ltr'>s.</span> <span class='ocrx_word' id='word_1_561' title='bbox 2166 1783 2325 1822; x_wconf 70' lang='grc' dir='ltr'>Σεὸίσαι.</span> 
     </span>
     <span class='ocr_line' id='line_1_85' title="bbox 1310 1839 1772 1879; baseline 0.004 -3"><span class='ocrx_word' id='word_1_562' title='bbox 1310 1839 1349 1877; x_wconf 80' lang='grc' dir='ltr'>τὸ</span> <span class='ocrx_word' id='word_1_563' title='bbox 1367 1840 1516 1876; x_wconf 82' lang='lat' dir='ltr'>addidit</span> <span class='ocrx_word' id='word_1_564' title='bbox 1536 1841 1772 1879; x_wconf 83' lang='lat' dir='ltr'>Dindorfius.</span> 
     </span>
    </p>

    <p class='ocr_par' dir='ltr' id='par_1_20' title="bbox 1312 1900 2331 2244">
     <span class='ocr_line' id='line_1_86' title="bbox 1371 1900 2328 1952; baseline 0.002 -18"><span class='ocrx_word' id='word_1_565' title='bbox 1371 1912 1455 1942; x_wconf 86' lang='lat'>121,</span> <span class='ocrx_word' id='word_1_566' title='bbox 1475 1900 1521 1936; x_wconf 80' lang='lat'>38</span> <span class='ocrx_word' id='word_1_567' title='bbox 1543 1900 1690 1952; x_wconf 82' lang='grc' dir='ltr'>Φρυγίῳ</span> <span class='ocrx_word' id='word_1_568' title='bbox 1708 1901 1904 1938; x_wconf 85' lang='lat' dir='ltr'>codex.—-</span> <span class='ocrx_word' id='word_1_569' title='bbox 1923 1903 1971 1949; x_wconf 85' lang='grc'>39</span> <span class='ocrx_word' id='word_1_570' title='bbox 1992 1902 2053 1946; x_wconf 74' lang='grc' dir='ltr'>τῆς</span> <span class='ocrx_word' id='word_1_571' title='bbox 2080 1900 2155 1937; x_wconf 82' lang='grc' dir='ltr'>Ἀπ.</span> <span class='ocrx_word' id='word_1_572' title='bbox 2175 1900 2235 1936; x_wconf 81' lang='lat' dir='ltr'>vel</span> <span class='ocrx_word' id='word_1_573' title='bbox 2268 1901 2328 1944; x_wconf 74' lang='grc' dir='ltr'>τῆς</span> 
     </span>
     <span class='ocr_line' id='line_1_87' title="bbox 1312 1957 2331 2010; baseline 0 -17"><span class='ocrx_word' id='word_1_574' title='bbox 1312 1959 1371 1993; x_wconf 79' lang='grc' dir='ltr'>τοῦ</span> <span class='ocrx_word' id='word_1_575' title='bbox 1389 1957 1464 1994; x_wconf 83' lang='grc' dir='ltr'>Ἀπ.</span> <span class='ocrx_word' id='word_1_576' title='bbox 1489 1958 1593 1994; x_wconf 87' lang='lat' dir='ltr'>malit</span> <span class='ocrx_word' id='word_1_577' title='bbox 1608 1959 1841 1996; x_wconf 84' lang='lat' dir='ltr'>Dindorfius.</span> <span class='ocrx_word' id='word_1_578' title='bbox 1855 1980 1906 1986; x_wconf 86' lang='lat'>—-</span> <span class='ocrx_word' id='word_1_579' title='bbox 1923 1966 1968 2005; x_wconf 87' lang='grc'>47</span> <span class='ocrx_word' id='word_1_580' title='bbox 1986 1972 2033 1995; x_wconf 86' lang='lat' dir='ltr'>an</span> <span class='ocrx_word' id='word_1_581' title='bbox 2060 1972 2137 1995; x_wconf 89' lang='lat' dir='ltr'>non</span> <span class='ocrx_word' id='word_1_582' title='bbox 2164 1961 2223 1994; x_wconf 83' lang='grc' dir='ltr'>τοῦ</span> <span class='ocrx_word' id='word_1_583' title='bbox 2249 1957 2331 2010; x_wconf 84' lang='grc' dir='ltr'>περὶ</span> 
     </span>
     <span class='ocr_line' id='line_1_88' title="bbox 1314 2014 2329 2066; baseline -0.001 -13"><span class='ocrx_word' id='word_1_584' title='bbox 1314 2014 1422 2053; x_wconf 64' lang='lat' dir='ltr'>&#39;An-3³</span> <span class='ocrx_word' id='word_1_585' title='bbox 1447 2015 1493 2052; x_wconf 88' lang='lat' dir='ltr'>de</span> <span class='ocrx_word' id='word_1_586' title='bbox 1509 2017 1686 2065; x_wconf 85' lang='lat' dir='ltr'>Apolline</span> <span class='ocrx_word' id='word_1_587' title='bbox 1710 2017 1853 2053; x_wconf 85' lang='lat' dir='ltr'>dictum</span> <span class='ocrx_word' id='word_1_588' title='bbox 1883 2030 1963 2053; x_wconf 88' lang='lat' dir='ltr'>esse</span> <span class='ocrx_word' id='word_1_589' title='bbox 1990 2016 2084 2052; x_wconf 90' lang='lat' dir='ltr'>illud</span> <span class='ocrx_word' id='word_1_590' title='bbox 2114 2015 2231 2066; x_wconf 81' lang='grc' dir='ltr'>ἄρσενι</span> <span class='ocrx_word' id='word_1_591' title='bbox 2265 2018 2329 2066; x_wconf 72' lang='grc' dir='ltr'>βοᾷ</span> 
     </span>
     <span class='ocr_line' id='line_1_89' title="bbox 1313 2074 2328 2127; baseline -0.001 -17"><span class='ocrx_word' id='word_1_592' title='bbox 1313 2074 1584 2111; x_wconf 87' lang='lat' dir='ltr'>documentum</span> <span class='ocrx_word' id='word_1_593' title='bbox 1611 2075 1719 2112; x_wconf 85' lang='lat' dir='ltr'>addit</span> <span class='ocrx_word' id='word_1_594' title='bbox 1747 2084 1860 2124; x_wconf 88' lang='lat' dir='ltr'>poeta</span> <span class='ocrx_word' id='word_1_595' title='bbox 1886 2076 2072 2124; x_wconf 74' lang='lat' dir='ltr'>fulgorem</span> <span class='ocrx_word' id='word_1_596' title='bbox 2094 2075 2328 2127; x_wconf 81' lang='lat' dir='ltr'>emicantem.</span> 
     </span>
     <span class='ocr_line' id='line_1_90' title="bbox 1313 2134 2330 2186; baseline 0.001 -16"><span class='ocrx_word' id='word_1_597' title='bbox 1313 2137 1370 2170; x_wconf 89' lang='lat' dir='ltr'>De</span> <span class='ocrx_word' id='word_1_598' title='bbox 1391 2134 1468 2186; x_wconf 79' lang='grc' dir='ltr'>περὶ</span> <span class='ocrx_word' id='word_1_599' title='bbox 1486 2135 1598 2171; x_wconf 86' lang='lat' dir='ltr'>etiam</span> <span class='ocrx_word' id='word_1_600' title='bbox 1614 2136 1865 2172; x_wconf 89' lang='lat' dir='ltr'>Fritzschium</span> <span class='ocrx_word' id='word_1_601' title='bbox 1880 2136 2064 2185; x_wconf 82' lang='lat' dir='ltr'>cogitasse</span> <span class='ocrx_word' id='word_1_602' title='bbox 2078 2135 2205 2180; x_wconf 87' lang='lat' dir='ltr'>video,</span> <span class='ocrx_word' id='word_1_603' title='bbox 2219 2148 2330 2184; x_wconf 90' lang='lat' dir='ltr'>quem</span> 
     </span>
     <span class='ocr_line' id='line_1_91' title="bbox 1315 2192 2145 2244; baseline 0 -16"><span class='ocrx_word' id='word_1_604' title='bbox 1315 2192 1411 2229; x_wconf 87' lang='lat' dir='ltr'>conf.</span> <span class='ocrx_word' id='word_1_605' title='bbox 1430 2206 1469 2242; x_wconf 88' lang='lat' dir='ltr'>p.</span> <span class='ocrx_word' id='word_1_606' title='bbox 1486 2199 1587 2237; x_wconf 77' lang='grc'>40-</span> <span class='ocrx_word' id='word_1_607' title='bbox 1600 2200 1648 2242; x_wconf 81' lang='grc'>49</span> <span class='ocrx_word' id='word_1_608' title='bbox 1666 2193 1782 2230; x_wconf 85' lang='lat' dir='ltr'>habet</span> <span class='ocrx_word' id='word_1_609' title='bbox 1803 2193 1936 2231; x_wconf 86' lang='lat' dir='ltr'>Suidas</span> <span class='ocrx_word' id='word_1_610' title='bbox 1953 2208 1981 2230; x_wconf 93' lang='lat' dir='ltr'>s.</span> <span class='ocrx_word' id='word_1_611' title='bbox 1997 2192 2145 2244; x_wconf 85' lang='grc' dir='ltr'>Ἄρσενι.</span> 
     </span>
    </p>

    <p class='ocr_par' dir='ltr' id='par_1_21' title="bbox 1372 2251 2162 2297">
     <span class='ocr_line' id='line_1_92' title="bbox 1372 2251 2162 2297; baseline -0.001 -10"><span class='ocrx_word' id='word_1_612' title='bbox 1372 2264 1442 2297; x_wconf 86' lang='grc'>127</span> <span class='ocrx_word' id='word_1_613' title='bbox 1465 2251 1540 2288; x_wconf 80' lang='grc' dir='ltr'>ἀντὶ</span> <span class='ocrx_word' id='word_1_614' title='bbox 1559 2253 1621 2296; x_wconf 73' lang='grc' dir='ltr'>τῆς</span> <span class='ocrx_word' id='word_1_615' title='bbox 1639 2253 1772 2288; x_wconf 87' lang='lat' dir='ltr'>codex.</span> <span class='ocrx_word' id='word_1_616' title='bbox 1793 2252 1969 2290; x_wconf 81' lang='lat' dir='ltr'>Correxit</span> <span class='ocrx_word' id='word_1_617' title='bbox 1989 2251 2162 2288; x_wconf 89' lang='lat' dir='ltr'>Dindorf.</span> 
     </span>
    </p>

    <p class='ocr_par' dir='ltr' id='par_1_22' title="bbox 1317 2308 2334 2469">
     <span class='ocr_line' id='line_1_93' title="bbox 1373 2308 2332 2362; baseline 0 -17"><span class='ocrx_word' id='word_1_618' title='bbox 1373 2323 1457 2357; x_wconf 82' lang='lat'>129,</span> <span class='ocrx_word' id='word_1_619' title='bbox 1476 2316 1496 2354; x_wconf 86' lang='grc'>4</span> <span class='ocrx_word' id='word_1_620' title='bbox 1517 2309 1784 2362; x_wconf 78' lang='grc' dir='ltr'>παρεπιγραφὴν</span> <span class='ocrx_word' id='word_1_621' title='bbox 1801 2311 1987 2347; x_wconf 77' lang='lat' dir='ltr'>codex.·-</span> <span class='ocrx_word' id='word_1_622' title='bbox 2001 2309 2022 2345; x_wconf 82' lang='lat'><strong>5</strong></span> <span class='ocrx_word' id='word_1_623' title='bbox 2043 2323 2097 2359; x_wconf 87' lang='lat' dir='ltr'>sq.</span> <span class='ocrx_word' id='word_1_624' title='bbox 2116 2310 2167 2346; x_wconf 82' lang='grc' dir='ltr'>ὄλ.</span> <span class='ocrx_word' id='word_1_625' title='bbox 2185 2311 2202 2346; x_wconf 84' lang='grc' dir='ltr'><em>ὃ</em></span> <span class='ocrx_word' id='word_1_626' title='bbox 2224 2308 2332 2361; x_wconf 84' lang='grc' dir='ltr'>γέρων</span> 
     </span>
     <span class='ocr_line' id='line_1_94' title="bbox 1317 2367 2334 2419; baseline 0.001 -15"><span class='ocrx_word' id='word_1_627' title='bbox 1317 2369 1363 2410; x_wconf 85' lang='grc' dir='ltr'>εἷς</span> <span class='ocrx_word' id='word_1_628' title='bbox 1378 2367 1440 2413; x_wconf 80' lang='grc' dir='ltr'>τὴν</span> <span class='ocrx_word' id='word_1_629' title='bbox 1456 2369 1532 2414; x_wconf 84' lang='grc' dir='ltr'>Οηλ.</span> <span class='ocrx_word' id='word_1_630' title='bbox 1552 2370 1654 2405; x_wconf 77' lang='grc' dir='ltr'>αὐτοῦ</span> <span class='ocrx_word' id='word_1_631' title='bbox 1669 2369 1729 2406; x_wconf 86' lang='grc' dir='ltr'>καὶ</span> <span class='ocrx_word' id='word_1_632' title='bbox 1747 2369 1908 2419; x_wconf 80' lang='grc' dir='ltr'>λαγνείαν</span> <span class='ocrx_word' id='word_1_633' title='bbox 1929 2367 2138 2406; x_wconf 70' lang='grc' dir='ltr'>ἀποὸλέπων</span> <span class='ocrx_word' id='word_1_634' title='bbox 2157 2368 2292 2406; x_wconf 87' lang='lat' dir='ltr'>Suidas</span> <span class='ocrx_word' id='word_1_635' title='bbox 2306 2382 2334 2405; x_wconf 85' lang='grc'>5.</span> 
     </span>
     <span class='ocr_line' id='line_1_95' title="bbox 1317 2425 1506 2469; baseline -0.011 -6"><span class='ocrx_word' id='word_1_636' title='bbox 1317 2425 1506 2469; x_wconf 78' lang='grc' dir='ltr'>Ὀλολύζει.</span> 
     </span>
    </p>

    <p class='ocr_par' dir='ltr' id='par_1_23' title="bbox 1323 2483 2336 2580">
     <span class='ocr_line' id='line_1_96' title="bbox 1370 2483 2336 2535; baseline -0.003 -14"><span class='ocrx_word' id='word_1_637' title='bbox 1370 2485 1454 2530; x_wconf 86' lang='grc'>130,</span> <span class='ocrx_word' id='word_1_638' title='bbox 1477 2500 1495 2531; x_wconf 96' lang='lat'><strong>7</strong></span> <span class='ocrx_word' id='word_1_639' title='bbox 1519 2484 1601 2533; x_wconf 80' lang='grc' dir='ltr'>φασὶ</span> <span class='ocrx_word' id='word_1_640' title='bbox 1626 2486 1830 2522; x_wconf 82' lang='lat' dir='ltr'>Bekkerus.</span> <span class='ocrx_word' id='word_1_641' title='bbox 1850 2484 1980 2522; x_wconf 84' lang='lat' dir='ltr'>Codex</span> <span class='ocrx_word' id='word_1_642' title='bbox 2006 2483 2101 2535; x_wconf 85' lang='grc' dir='ltr'>φησὶ.</span> <span class='ocrx_word' id='word_1_643' title='bbox 2123 2483 2228 2520; x_wconf 90' lang='lat' dir='ltr'>Idem</span> <span class='ocrx_word' id='word_1_644' title='bbox 2255 2483 2276 2518; x_wconf 89' lang='grc'>8</span> <span class='ocrx_word' id='word_1_645' title='bbox 2297 2491 2336 2519; x_wconf 86' lang='lat' dir='ltr'>et</span> 
     </span>
     <span class='ocr_line' id='line_1_97' title="bbox 1323 2542 1951 2580; baseline 0 -2"><span class='ocrx_word' id='word_1_646' title='bbox 1323 2556 1367 2579; x_wconf 93' lang='lat'>10</span> <span class='ocrx_word' id='word_1_647' title='bbox 1386 2545 1613 2580; x_wconf 85' lang='grc' dir='ltr'>πεποιεῖσθαι.</span> <span class='ocrx_word' id='word_1_648' title='bbox 1948 2542 1951 2545; x_wconf 58' lang='grc'><strong>’</strong></span> 
     </span>
    </p>

    <p class='ocr_par' dir='ltr' id='par_1_24' title="bbox 1320 2597 2333 2765">
     <span class='ocr_line' id='line_1_98' title="bbox 1372 2597 2332 2648; baseline -0.002 -12"><span class='ocrx_word' id='word_1_649' title='bbox 1372 2603 1439 2638; x_wconf 84' lang='grc'>131</span> <span class='ocrx_word' id='word_1_650' title='bbox 1461 2600 1577 2636; x_wconf 87' lang='lat' dir='ltr'>habet</span> <span class='ocrx_word' id='word_1_651' title='bbox 1598 2600 1730 2637; x_wconf 81' lang='lat' dir='ltr'>Suidas</span> <span class='ocrx_word' id='word_1_652' title='bbox 1760 2614 1787 2636; x_wconf 90' lang='lat' dir='ltr'>s.</span> <span class='ocrx_word' id='word_1_653' title='bbox 1812 2597 2186 2648; x_wconf 81' lang='grc' dir='ltr'>Κατεγλωττισμένον,</span> <span class='ocrx_word' id='word_1_654' title='bbox 2205 2598 2270 2647; x_wconf 89' lang='lat' dir='ltr'>qui</span> <span class='ocrx_word' id='word_1_655' title='bbox 2296 2612 2307 2634; x_wconf 91' lang='grc'>1</span> <span class='ocrx_word' id='word_1_656' title='bbox 2321 2611 2332 2633; x_wconf 90' lang='grc'>1</span> 
     </span>
     <span class='ocr_line' id='line_1_99' title="bbox 1320 2656 2333 2707; baseline -0.003 -11"><span class='ocrx_word' id='word_1_657' title='bbox 1320 2658 1395 2696; x_wconf 77' lang='grc' dir='ltr'>ἀντὶ</span> <span class='ocrx_word' id='word_1_658' title='bbox 1409 2662 1467 2696; x_wconf 78' lang='grc' dir='ltr'>τοῦ</span> <span class='ocrx_word' id='word_1_659' title='bbox 1482 2660 1637 2699; x_wconf 77' lang='grc' dir='ltr'>πολλαῖς.</span> <span class='ocrx_word' id='word_1_660' title='bbox 1648 2681 1698 2686; x_wconf 83' lang='grc'>-</span> <span class='ocrx_word' id='word_1_661' title='bbox 1719 2673 1731 2694; x_wconf 90' lang='grc'>1</span> <span class='ocrx_word' id='word_1_662' title='bbox 1744 2672 1764 2694; x_wconf 90' lang='grc'>2</span> <span class='ocrx_word' id='word_1_663' title='bbox 1781 2656 2087 2707; x_wconf 80' lang='grc' dir='ltr'>καταμεμιγμένον</span> <span class='ocrx_word' id='word_1_664' title='bbox 2112 2656 2214 2706; x_wconf 87' lang='lat' dir='ltr'>apud</span> <span class='ocrx_word' id='word_1_665' title='bbox 2231 2658 2333 2693; x_wconf 81' lang='lat' dir='ltr'>Bek-</span> 
     </span>
     <span class='ocr_line' id='line_1_100' title="bbox 1320 2715 2152 2765; baseline -0.002 -13"><span class='ocrx_word' id='word_1_666' title='bbox 1320 2717 1463 2763; x_wconf 84' lang='lat' dir='ltr'>keruin,</span> <span class='ocrx_word' id='word_1_667' title='bbox 1479 2716 1583 2765; x_wconf 89' lang='lat' dir='ltr'>quod</span> <span class='ocrx_word' id='word_1_668' title='bbox 1598 2729 1672 2752; x_wconf 91' lang='lat' dir='ltr'>non</span> <span class='ocrx_word' id='word_1_669' title='bbox 1687 2716 1839 2752; x_wconf 80' lang='lat' dir='ltr'>videtur</span> <span class='ocrx_word' id='word_1_670' title='bbox 1857 2716 1893 2751; x_wconf 92' lang='lat' dir='ltr'>in</span> <span class='ocrx_word' id='word_1_671' title='bbox 1913 2715 2044 2751; x_wconf 84' lang='lat' dir='ltr'>codice</span> <span class='ocrx_word' id='word_1_672' title='bbox 2061 2727 2152 2751; x_wconf 87' lang='lat' dir='ltr'>esse.</span> 
     </span>
    </p>

    <p class='ocr_par' dir='ltr' id='par_1_25' title="bbox 1320 2772 2337 3055">
     <span class='ocr_line' id='line_1_101' title="bbox 1373 2772 2337 2821; baseline -0.004 -10"><span class='ocrx_word' id='word_1_673' title='bbox 1373 2776 1443 2821; x_wconf 87' lang='grc'>137</span> <span class='ocrx_word' id='word_1_674' title='bbox 1480 2775 1671 2811; x_wconf 73' lang='lat' dir='ltr'>Bekkerus</span> <span class='ocrx_word' id='word_1_675' title='bbox 1708 2774 1836 2810; x_wconf 84' lang='lat' dir='ltr'>retulit</span> <span class='ocrx_word' id='word_1_676' title='bbox 1865 2773 1911 2809; x_wconf 88' lang='lat' dir='ltr'>ad</span> <span class='ocrx_word' id='word_1_677' title='bbox 1942 2787 1975 2809; x_wconf 80' lang='lat' dir='ltr'>v,</span> <span class='ocrx_word' id='word_1_678' title='bbox 2011 2774 2105 2817; x_wconf 76' lang='lat'>1363</span> <span class='ocrx_word' id='word_1_679' title='bbox 2138 2772 2203 2808; x_wconf 88' lang='lat' dir='ltr'>sed</span> <span class='ocrx_word' id='word_1_680' title='bbox 2235 2780 2337 2808; x_wconf 86' lang='lat' dir='ltr'>recte</span> 
     </span>
     <span class='ocr_line' id='line_1_102' title="bbox 1321 2830 2336 2883; baseline -0.005 -11"><span class='ocrx_word' id='word_1_681' title='bbox 1321 2835 1536 2872; x_wconf 80' lang='lat' dir='ltr'>Meinekius</span> <span class='ocrx_word' id='word_1_682' title='bbox 1565 2846 1719 2883; x_wconf 86' lang='lat' dir='ltr'>quoque</span> <span class='ocrx_word' id='word_1_683' title='bbox 1746 2834 1844 2870; x_wconf 83' lang='lat' dir='ltr'>Hist.</span> <span class='ocrx_word' id='word_1_684' title='bbox 1872 2835 1976 2869; x_wconf 92' lang='lat' dir='ltr'>Com.</span> <span class='ocrx_word' id='word_1_685' title='bbox 2003 2845 2038 2881; x_wconf 92' lang='lat' dir='ltr'>p.</span> <span class='ocrx_word' id='word_1_686' title='bbox 2067 2832 2139 2867; x_wconf 88' lang='grc'>362</span> <span class='ocrx_word' id='word_1_687' title='bbox 2166 2845 2187 2867; x_wconf 95' lang='lat' dir='ltr'>a</span> <span class='ocrx_word' id='word_1_688' title='bbox 2211 2830 2336 2868; x_wconf 83' lang='lat' dir='ltr'>verbis</span> 
     </span>
     <span class='ocr_line' id='line_1_103' title="bbox 1320 2889 2336 2943; baseline -0.002 -15"><span class='ocrx_word' id='word_1_689' title='bbox 1320 2893 1371 2935; x_wconf 85' lang='grc' dir='ltr'>τίς</span> <span class='ocrx_word' id='word_1_690' title='bbox 1395 2897 1416 2939; x_wconf 80' lang='grc' dir='ltr'>ἡ</span> <span class='ocrx_word' id='word_1_691' title='bbox 1446 2891 1585 2943; x_wconf 81' lang='grc' dir='ltr'>τάραξις</span> <span class='ocrx_word' id='word_1_692' title='bbox 1622 2891 1769 2941; x_wconf 89' lang='lat' dir='ltr'>incipit.</span> <span class='ocrx_word' id='word_1_693' title='bbox 1803 2894 1980 2928; x_wconf 85' lang='lat' dir='ltr'>Ceterum</span> <span class='ocrx_word' id='word_1_694' title='bbox 2012 2889 2180 2938; x_wconf 83' lang='lat' dir='ltr'>AEschyli</span> <span class='ocrx_word' id='word_1_695' title='bbox 2208 2890 2336 2939; x_wconf 83' lang='lat' dir='ltr'>potius</span> 
     </span>
     <span class='ocr_line' id='line_1_104' title="bbox 1322 2947 2336 3002; baseline -0.005 -13"><span class='ocrx_word' id='word_1_696' title='bbox 1322 2965 1433 3002; x_wconf 90' lang='lat' dir='ltr'>quam</span> <span class='ocrx_word' id='word_1_697' title='bbox 1452 2951 1721 3000; x_wconf 80' lang='lat' dir='ltr'>Aristophanis</span> <span class='ocrx_word' id='word_1_698' title='bbox 1750 2950 1874 2986; x_wconf 85' lang='lat' dir='ltr'>locum</span> <span class='ocrx_word' id='word_1_699' title='bbox 1895 2962 2116 2998; x_wconf 84' lang='lat' dir='ltr'>expressum</span> <span class='ocrx_word' id='word_1_700' title='bbox 2145 2948 2261 2985; x_wconf 87' lang='lat' dir='ltr'>fuisse</span> <span class='ocrx_word' id='word_1_701' title='bbox 2288 2947 2336 2984; x_wconf 89' lang='lat' dir='ltr'>ab</span> 
     </span>
     <span class='ocr_line' id='line_1_105' title="bbox 1323 3008 2032 3055; baseline -0.007 -7"><span class='ocrx_word' id='word_1_702' title='bbox 1323 3011 1485 3055; x_wconf 87' lang='lat' dir='ltr'>Eubulo,</span> <span class='ocrx_word' id='word_1_703' title='bbox 1508 3010 1603 3047; x_wconf 88' lang='lat' dir='ltr'>bene</span> <span class='ocrx_word' id='word_1_704' title='bbox 1623 3010 1771 3046; x_wconf 89' lang='lat' dir='ltr'>monuit</span> <span class='ocrx_word' id='word_1_705' title='bbox 1788 3008 2032 3046; x_wconf 80' lang='lat' dir='ltr'>Fritzschius.</span> 
     </span>
    </p>

    <p class='ocr_par' dir='ltr' id='par_1_26' title="bbox 1323 3063 2336 3223">
     <span class='ocr_line' id='line_1_106' title="bbox 1376 3063 2336 3115; baseline -0.004 -10"><span class='ocrx_word' id='word_1_706' title='bbox 1376 3085 1389 3106; x_wconf 95' lang='lat'>1</span> <span class='ocrx_word' id='word_1_707' title='bbox 1403 3071 1448 3105; x_wconf 83' lang='lat'>52</span> <span class='ocrx_word' id='word_1_708' title='bbox 1463 3072 1522 3105; x_wconf 81' lang='grc' dir='ltr'>τοῦ</span> <span class='ocrx_word' id='word_1_709' title='bbox 1548 3082 1622 3104; x_wconf 90' lang='lat' dir='ltr'>om.</span> <span class='ocrx_word' id='word_1_710' title='bbox 1641 3068 1774 3104; x_wconf 87' lang='lat' dir='ltr'>codex.</span> <span class='ocrx_word' id='word_1_711' title='bbox 1796 3070 1879 3104; x_wconf 70' lang='lat' dir='ltr'>Non</span> <span class='ocrx_word' id='word_1_712' title='bbox 1897 3067 1986 3102; x_wconf 76' lang='lat' dir='ltr'>satis</span> <span class='ocrx_word' id='word_1_713' title='bbox 2012 3066 2124 3103; x_wconf 84' lang='lat' dir='ltr'>video</span> <span class='ocrx_word' id='word_1_714' title='bbox 2142 3065 2236 3115; x_wconf 88' lang='lat' dir='ltr'>quid</span> <span class='ocrx_word' id='word_1_715' title='bbox 2264 3063 2336 3101; x_wconf 91' lang='lat' dir='ltr'>sibi</span> 
     </span>
     <span class='ocr_line' id='line_1_107' title="bbox 1323 3125 2335 3176; baseline -0.002 -13"><span class='ocrx_word' id='word_1_716' title='bbox 1323 3128 1412 3164; x_wconf 78' lang='lat' dir='ltr'>velit</span> <span class='ocrx_word' id='word_1_717' title='bbox 1444 3135 1509 3163; x_wconf 85' lang='lat' dir='ltr'>aut</span> <span class='ocrx_word' id='word_1_718' title='bbox 1548 3140 1625 3176; x_wconf 90' lang='lat' dir='ltr'>quo</span> <span class='ocrx_word' id='word_1_719' title='bbox 1661 3127 1850 3176; x_wconf 87' lang='lat' dir='ltr'>pertineat</span> <span class='ocrx_word' id='word_1_720' title='bbox 1879 3125 1954 3161; x_wconf 86' lang='lat' dir='ltr'>haec</span> <span class='ocrx_word' id='word_1_721' title='bbox 1989 3125 2126 3174; x_wconf 85' lang='lat' dir='ltr'>glossa.</span> <span class='ocrx_word' id='word_1_722' title='bbox 2164 3129 2335 3175; x_wconf 86' lang='lat' dir='ltr'>Sequens</span> 
     </span>
     <span class='ocr_line' id='line_1_108' title="bbox 1323 3184 1981 3223; baseline -0.002 0"><span class='ocrx_word' id='word_1_723' title='bbox 1323 3186 1493 3223; x_wconf 84' lang='lat' dir='ltr'>scholion</span> <span class='ocrx_word' id='word_1_724' title='bbox 1512 3185 1557 3221; x_wconf 89' lang='lat' dir='ltr'>ad</span> <span class='ocrx_word' id='word_1_725' title='bbox 1580 3199 1615 3220; x_wconf 88' lang='lat' dir='ltr'>v.</span> <span class='ocrx_word' id='word_1_726' title='bbox 1633 3199 1646 3220; x_wconf 94' lang='lat'>1</span> <span class='ocrx_word' id='word_1_727' title='bbox 1659 3186 1703 3221; x_wconf 89' lang='lat'>51</span> <span class='ocrx_word' id='word_1_728' title='bbox 1728 3184 1981 3222; x_wconf 85' lang='lat' dir='ltr'>referendum.</span> 
     </span>
    </p>

    <p class='ocr_par' dir='ltr' id='par_1_27' title="bbox 1322 3240 2339 3413">
     <span class='ocr_line' id='line_1_109' title="bbox 1375 3240 2333 3293; baseline -0.003 -15"><span class='ocrx_word' id='word_1_729' title='bbox 1375 3245 1460 3289; x_wconf 86' lang='grc'>162,</span> <span class='ocrx_word' id='word_1_730' title='bbox 1495 3244 1540 3287; x_wconf 87' lang='grc'>43</span> <span class='ocrx_word' id='word_1_731' title='bbox 1574 3242 1608 3280; x_wconf 76' lang='grc' dir='ltr'>δὲ</span> <span class='ocrx_word' id='word_1_732' title='bbox 1639 3242 1798 3292; x_wconf 79' lang='grc' dir='ltr'>ἄντικρυς</span> <span class='ocrx_word' id='word_1_733' title='bbox 1826 3243 2083 3285; x_wconf 55' lang='lat' dir='ltr'>codex—[04</span> <span class='ocrx_word' id='word_1_734' title='bbox 2106 3240 2269 3293; x_wconf 87' lang='grc' dir='ltr'>Ὄρνισι,</span> <span class='ocrx_word' id='word_1_735' title='bbox 2298 3254 2333 3276; x_wconf 88' lang='lat' dir='ltr'>v.</span> 
     </span>
     <span class='ocr_line' id='line_1_110' title="bbox 1324 3297 2339 3352; baseline -0.003 -15"><span class='ocrx_word' id='word_1_736' title='bbox 1324 3309 1366 3345; x_wconf 85' lang='grc'>14</span> <span class='ocrx_word' id='word_1_737' title='bbox 1381 3317 1393 3337; x_wconf 90' lang='grc'>1</span> <span class='ocrx_word' id='word_1_738' title='bbox 1404 3316 1438 3337; x_wconf 94' lang='grc'>0.</span> <span class='ocrx_word' id='word_1_739' title='bbox 1449 3324 1496 3329; x_wconf 87' lang='lat'>—-</span> <span class='ocrx_word' id='word_1_740' title='bbox 1514 3302 1559 3344; x_wconf 85' lang='grc'>45</span> <span class='ocrx_word' id='word_1_741' title='bbox 1577 3300 1664 3343; x_wconf 84' lang='grc' dir='ltr'>τίνες</span> <span class='ocrx_word' id='word_1_742' title='bbox 1687 3300 1721 3337; x_wconf 80' lang='grc' dir='ltr'>δὲ</span> <span class='ocrx_word' id='word_1_743' title='bbox 1735 3302 1877 3337; x_wconf 83' lang='grc' dir='ltr'>ὠκεανῶ</span> <span class='ocrx_word' id='word_1_744' title='bbox 1892 3300 1933 3337; x_wconf 79' lang='grc' dir='ltr'>τὰ</span> <span class='ocrx_word' id='word_1_745' title='bbox 1947 3299 1990 3338; x_wconf 84' lang='grc' dir='ltr'>σὰ</span> <span class='ocrx_word' id='word_1_746' title='bbox 2005 3299 2126 3352; x_wconf 81' lang='grc' dir='ltr'>πτερά.</span> <span class='ocrx_word' id='word_1_747' title='bbox 2147 3299 2237 3335; x_wconf 78' lang='grc' dir='ltr'>τουθ’</span> <span class='ocrx_word' id='word_1_748' title='bbox 2250 3297 2339 3348; x_wconf 83' lang='lat' dir='ltr'>[sic]</span> 
     </span>
     <span class='ocr_line' id='line_1_111' title="bbox 1322 3357 2336 3413; baseline -0.006 -16"><span class='ocrx_word' id='word_1_749' title='bbox 1322 3359 1440 3413; x_wconf 75' lang='grc' dir='ltr'>ὡςόρν.</span> <span class='ocrx_word' id='word_1_750' title='bbox 1455 3360 1690 3398; x_wconf 62' lang='grc' dir='ltr'>(’(1(Ῐ(“Χ,Ὴ(ὶυ</span> <span class='ocrx_word' id='word_1_751' title='bbox 1706 3368 1832 3397; x_wconf 76' lang='lat' dir='ltr'>notata</span> <span class='ocrx_word' id='word_1_752' title='bbox 1845 3359 2014 3410; x_wconf 53' lang='lat' dir='ltr'>adschol.</span> <span class='ocrx_word' id='word_1_753' title='bbox 2027 3363 2093 3394; x_wconf 61' lang='grc' dir='ltr'>ΑΥ.</span> <span class='ocrx_word' id='word_1_754' title='bbox 2112 3371 2125 3393; x_wconf 92' lang='grc'>1</span> <span class='ocrx_word' id='word_1_755' title='bbox 2136 3364 2156 3402; x_wconf 86' lang='grc'>4</span> <span class='ocrx_word' id='word_1_756' title='bbox 2168 3370 2277 3393; x_wconf 89' lang='grc'>10.-</span> <span class='ocrx_word' id='word_1_757' title='bbox 2288 3357 2336 3399; x_wconf 78' lang='grc'>46</span> 
     </span>
    </p>
   </div>
  </div>
 </body>
</html>
