2517 3792
1106 184 1269 222 PLUTI.

151 280 384 334 «ἐπιφέρομεν
411 278 507 316 dixit
531 276 755 319 scholiasta,
784 287 860 310 11011
884 272 1081 322 ἐποίσομεν,
1102 270 1166 321 qui

149 343 336 394 κρεμῶμεν
371 352 442 388 pro
477 335 684 373 indicativo
724 332 921 383 praesentis
961 330 1128 367 haberet.
1153 346 1167 361 υ

149 403 269 438 Dim).
289 413 343 434 σοι
360 409 433 433 0111.
451 398 494 431 V.
507 397 524 431 ὁ
540 392 575 429 δὲ
590 405 665 430 0111.
680 396 719 427 R.
736 394 776 427 V.
790 418 840 423 -.
861 392 922 432 34.
938 390 1005 425 Illa
1025 390 1166 440 ἐρινεοῦ,

149 471 261 507 quem
305 452 586 504 vespertilionis
628 451 665 487 in
712 449 865 485 modunl
911 448 1167 497 adglutinatus

148 517 293 564 Ulyxes
311 509 641 562 adprehenderat,
663 506 775 558 ἐποχὴ
798 515 921 544 sumta
950 515 1006 543 est
1027 519 1074 542 ex
1094 504 1164 541 Od.

147 577 197 618 M,
214 573 301 616 432.
322 569 524 607 Melanthii
546 567 825 604 meritissimum
849 578 995 616 poenam
1026 564 1073 600 ad
1098 576 1166 598 co—

146 633 316 669 lumnam
340 628 512 678 suspensi
533 626 713 677 graphice
732 625 932 675 descripsit
959 631 1070 674 poeta
1092 620 1165 658 Od.

147 691 197 735 X,
221 688 305 734 175,
336 687 420 736 193.
441 689 588 723 Ηε1151.
610 687 668 721 τοῦ
685 684 856 720 additum
879 695 926 718 ex
958 684 999 717 V.
1022 688 1060 716 et
1074 682 1166 726 Reg.

149 749 327 783 Ceterum
353 745 391 781 in
415 748 460 780 V.
484 757 598 793 supra
623 751 710 792 post
742 741 917 778 scholion
938 753 973 775 v.
998 739 1072 774 302
1103 736 1166 772 ad-

147 805 290 854 scripta
310 816 395 853 quae
410 803 483 838 huc
505 802 698 851 pertinent
719 799 793 836 δέον
822 798 909 848 (δέον
930 810 1004 833 0111.
1031 795 1093 844 G.)
1115 795 1165 829 εἷ-

146 867 223 899 πεῖν
244 860 281 898 τὸ
306 860 396 913 ξίφος
416 859 702 900 ἐπανατείναντες
726 856 844 908 ὥσπερ
867 859 883 893 ὁ
903 851 1094 893 Ὀδυσσεὺς
1122 854 1165 901 τῇ

148 918 275 972 Κίρκῃ.
288 941 338 946 -
354 919 403 955 35
438 916 589 966 στόματι
621 917 737 953 Paris.
754 935 805 943 —-·
820 915 868 950 38
892 926 948 962 sq.
975 911 1165 963 εὨσπερ--

148 977 318 1014 ἀνέτεινεν
340 975 457 1013 habet
479 978 524 1014 Θ.

202 1037 292 1084 313,
312 1036 428 1079 41-53
455 1035 508 1071 510
546 1034 584 1070 111
609 1036 669 1078 V.,
698 1030 802 1081 μίνθη
828 1030 993 1089 κυρίωςὸ
1017 1028 1165 1081 τράγος,

146 1095 440 1146 καταχρηστικῶς
463 1090 499 1128 δὲ
521 1094 542 1136 ἡ
565 1089 747 1142 ἀνθρώπου
768 1089 916 1141 κόπρος,
940 1087 1167 1138 ᾑέκέχρηντο

146 1149 523 1202 -πταρμῷ.Ἀλλυ1ς.
544 1147 647 1198 μίνθη
664 1150 686 1192 ἦ
708 1146 834 1199 κόπρος
854 1149 922 1184 τῶν
941 1148 1048 1195 αἰγῶν
1066 1144 1165 1195 λέγε-

148 1226 219 1248 ται.
241 1206 655 1252 ἐπειδὰν-ἀηδίζονται,
674 1204 824 1247 Ἄλλως.
847 1207 877 1242 οἷ
900 1203 961 1253 μὲν
978 1205 1036 1242 τὸν
1059 1203 1167 1249 ἡδύο-

148 1269 326 1319 σμον-οἱ
358 1265 492 1318 τράγοι.
520 1286 567 1294 --
591 1272 635 1309 41
659 1264 717 1301 τὸν
744 1263 933 1313 ἡδύοσμον.
968 1264 1167 1301 Dioscori-

147 1327 215 1364 des
237 1328 271 1372 3,
295 1332 340 1370 41
361 1338 370 1363 3
389 1323 582 1374 ἦδύοσμος,
599 1324 631 1360 οἱ
649 1321 684 1359 δὲ
698 1322 836 1372 μίνθην,
860 1321 1034 1374 γνώριμον
1060 1321 1168 1373 βοτά-

145 1399 236 1421 νιον·
258 1392 295 1420 et
314 1382 454 1422 Suidas
483 1382 522 1418 in
553 1380 683 1426 Μίνθη.
711 1380 811 1418 Alibi
842 1390 1020 1417 neutrum
1050 1394 1168 1430 genus

147 1443 370 1480 scholiastes
401 1441 557 1490 posuit:
577 1439 624 1476 ad
654 1443 750 1476 Ran.
787 1438 1040 1484 1075;Μί«θη
1067 1438 1102 1475 δὲ
1131 1439 1169 1476 τὸ

146 1500 229 1552 παρ’
249 1503 334 1549 ἡμῖν
356 1497 533 1547 ἡδύοσμον
547 1512 555 1520 ·
573 1498 604 1533 οἱ
626 1495 662 1534 δὲ
681 1495 739 1533 τὸν
765 1496 884 1546 θύμον,
907 1494 928 1540 ἢ
957 1495 1085 1548 κόπρον
1111 1500 1169 1534 αἰ-

146 1560 230 1609 γῶν.
252 1557 440 1606 Hesych.:
460 1554 597 1601 Μίνθα,
620 1554 659 1592 τὸ
677 1553 867 1603 ἡδύοσμον,
888 1553 948 1591 καὶ
971 1555 1169 1606 ἀνθρωπεία

147 1618 288 1668 κόπρος.
313 1615 422 1652 Idem
441 1629 448 1651 :
471 1613 637 1660 Ψώϊζος,
655 1611 778 1664 ἄφοδος
793 1611 894 1664 ὑγρὰ,
908 1612 929 1658 ἢ
945 1612 1061 1660 ὄνθος,
1083 1614 1168 1651 δυσ-

147 1674 248 1722 ωδιά,
285 1673 344 1710 καὶ
361 1673 403 1719 ἣν
427 1673 573 1710 καλοῦσι
592 1670 729 1720 μίνθαν·
752 1673 784 1708 οἱ
812 1671 848 1708 δὲ
874 1671 1026 1722 αὐχμὸν,
1051 1671 1072 1717 ἢ
1103 1672 1169 1721 μό-

146 1733 276 1781 λυσμα·
291 1731 510 1768 sanavimus
522 1729 703 1766 affectum
717 1730 843 1766 locum
856 1738 893 1766 et
920 1730 1016 1767 male
1041 1739 1167 1767 tenta—

148 1799 241 1827 tum.
256 1795 328 1839 Ap.
341 1788 614 1838 Etymologum
631 1788 763 1824 itidem
776 1788 814 1824 in
828 1786 942 1834 Μίνθη
956 1802 1027 1838 pro
1047 1788 1167 1840 μίθρον

148 1849 288 1886 rectius
299 1855 357 1885 est
378 1846 510 1897 μίνθον.
525 1846 679 1895 Κωμικὴ
691 1844 780 1889 λέξις
805 1855 861 1883 est
881 1846 978 1884 liber
1001 1848 1168 1884 comico-

147 1920 234 1944 rum
259 1905 449 1943 vocabula
475 1905 699 1954 complexus
723 1913 760 1941 et
793 1904 1001 1942 declarans.
1037 1906 1168 1943 Schol.

146 1965 325 2015 Apollou.
339 1965 412 2002 Rh.
427 1970 448 2008 4
463 1993 473 2010 ‚
489 1964 583 2013 973,
600 1964 646 2000 (10
658 1963 852 2000 orichalco
870 1977 987 2013 quum
1001 1964 1168 2001 diversas

146 2032 321 2060 veterum
338 2023 548 2073 ‘opiniones
571 2023 829 2073 exposuisset,
848 2022 956 2059 addit
972 2037 980 2058 :
996 2021 1104 2065 οὕτως
1126 2017 1167 2069 ἦν

134 2073 181 2124 ῐέν
207 2083 252 2131 τῇ
281 2082 424 2131 κωμικῇ
453 2078 543 2123 λέξει
571 2083 614 2132 τῇ
647 2080 834 2132 συμμίκτῳ
854 2096 862 2103 ·
899 2094 1024 2130 neque
1063 2082 1167 2118 aliud

144 2139 327 2176 existimo
344 2137 384 2175 τὸ
403 2138 558 2188 κωμικὸν
576 2138 722 2185 λεξικὸν,
744 2138 852 2187 cujus
876 2139 976 2176 idem
1004 2142 1167 2177 mentio-

144 2212 233 2238 nem
267 2199 356 2235 fecit
389 2199 436 2235 ad
467 2213 503 2235 v.
535 2200 647 2242 1614.
682 2204 886 2236 Auctorem
927 2199 1166 2237 Palamedem

147 2257 397 2306 Etymologus
416 2256 562 2293 indicat
578 2271 615 2306 p.
643 2257 730 2303 145,
751 2263 798 2301 44
815 2271 822 2292 :
843 2257 1065 2306 Παλαμήδης
1083 2260 1170 2295 ἱστο-

149 2315 241 2368 ρικὸς
264 2317 282 2352 ὁ
309 2313 373 2360 τὴν
396 2314 557 2365 κωμικὴν
586 2313 676 2358 λέξιν
705 2313 927 2365 συναγαγών·
953 2314 1018 2352 ubi
1048 2316 1169 2353 miror

146 2374 374 2412 historicum
404 2374 547 2419 vocari,
567 2373 633 2422 qui
665 2373 780 2410 fuerit
804 2375 1087 2423 grammaticus,
1109 2389 1169 2412 eo-

146 2447 221 2484 que
241 2431 353 2469 titulo
368 2432 539 2481 signetur
559 2445 581 2468 a
619 2431 734 2468 suida
750 2447 757 2467 :
776 2431 1019 2481 Παλαμήδης,
1039 2432 1168 2470 Ἐλεά-

144 2506 229 2538 της,
246 2489 503 2543 γραμματικός.
522 2487 683 2539 κωμικὴν
701 2489 760 2526 καὶ
784 2490 951 2542 τραγικὴν
972 2489 1077 2540 λε’ξιν,
1095 2501 1166 2528 etc.

145 2549 347 2599 Temporis
367 2561 445 2597 quo
459 2548 556 2584 vixit
569 2548 755 2584 indicium
771 2548 958 2585 Athenaeo
972 2548 1166 2596 debemus,

147 2624 170 2648 a
185 2621 262 2657 quo
287 2607 604 2656 Dipnosophistis
634 2606 941 2644 adnumeratur&
965 2606 1168 2650 Ἐλεατικὸς

145 2664 368 2715 Παλαμήδης
381 2664 635 2715 ὀνοματολόγος
657 2678 719 2712 10,
738 2678 774 2714 p.
798 2668 887 2714 397,
902 2668 947 2702 A.
965 2665 1071 2703 Idem
1086 2667 1167 2704 sine

144 2724 262 2761 dubio
297 2724 532 2770 Palamedes,
561 2723 670 2773 cujus
710 2725 943 2762 auctoritate
973 2725 1011 2761 in
1037 2725 1166 2763 verbis

146 2780 434 2818 obscurioribus
482 2782 718 2831 explicandis
756 2790 917 2819 utuntur
955 2783 1166 2821 scholiastae

139 2839 321 2887 Apollou.
340 2839 414 2876 Rh.
437 2839 484 2875 ad
506 2853 537 2886 1,
558 2846 654 2886 7o4;
673 2843 708 2887 3,
728 2853 824 2887 107,
847 2845 883 2886 4,
905 2841 1016 2888 1563,
1034 2850 1071 2877 et
1093 2856 1166 2878 110-

145 2905 223 2932 ster
246 2896 294 2932 ad
315 2900 399 2933 Pae.
423 2906 460 2934 et
477 2901 596 2948 Vesp.
619 2909 675 2935 ter
689 2908 884 2948 quaterve.
898 2902 1048 2938 HEMs'r.
1067 2901 1165 2938 Vide

144 2954 367 2990 Boeckhium
391 2955 614 3003 praefatione
642 2957 690 2993 ad
713 2957 832 2994 schol.
856 2957 1006 2994 Pindar.
1025 2971 1063 3007 p.
1081 2972 1162 2995 x1x.
1184 2997 1187 3001 .

145 3014 263 3048 Dmn.
286 3013 426 3062 κωμικῇ
456 3011 552 3055 τάξει
585 3016 627 3049 V.
648 3037 698 3041 ——
722 3016 769 3057 43
791 3013 963 3066 φυόμενον
988 3018 1032 3052 V.
1058 3030 1163 3067 φερο-

146 3067 250 3117 μένου
273 3068 320 3106 Θ.
339 3090 390 3096 -
406 3075 452 3113 44
470 3067 493 3114 ἢ
517 3069 578 3106 καὶ
597 3070 711 3113 ἄλλως
736 3072 821 3110 Ald.
846 3075 867 3117 ἡ
888 3075 948 3109 τοῦ
966 3072 1093 3124 τράγου
1109 3073 1164 3111 κό-

145 3140 241 3177 προς.
255 3128 552 3177 παραχρηστικῶς
562 3156 677 3166 .....
697 3129 838 3167 ἐπειδὰν
847 3134 894 3167 R.
911 3131 1161 3169 Scribendum

145 3184 301 3221 videtur
332 3187 630 3237 παραχρηστικῶς
672 3186 708 3223 δὲ
741 3191 763 3233 ἡ
797 3187 981 3239 ἀνθρώπου
1024 3188 1161 3241 κόπρος.

145 3245 266 3280 Dian.
286 3263 336 3270 —
352 3243 400 3286 45
421 3245 554 3294 ψυχμῷ
571 3248 632 3291 V.,
665 3246 732 3294 qui
759 3247 811 3283 50
836 3259 911 3282 om.
927 3247 1042 3284 αἷ.-
1063 3247 1110 3284 52
1131 3251 1161 3286 οἱ

145 3296 183 3334 δὲ
193 3312 268 3336 0111.
279 3299 419 3337 Θ.-53
433 3298 621 3350 ἐκέχρηντο
637 3301 888 3354 περιτρίὸοντες
899 3305 940 3339 V.
955 3303 1159 3352 Vulgatum

145 3355 264 3394 habet
280 3357 415 3395 Suidas
436 3371 464 3398 s,
481 3357 724 3408 Μινθώσομεν.
738 3381 787 3388 -
802 3360 847 3403 54
868 3360 903 3397 ἐν
922 3373 998 3396 0111.
1018 3361 1102 3399 Ald.
1124 3371 1161 3399 et

2166 194 2240 226 559

1230 271 1378 308 Suidas.
1398 270 1597 322 δυσεργήτῳ
1622 271 1768 308 Suidas.
1803 272 1955 324 ὃυσριγεῖ
1976 273 2075 320 Ald.,
2107 288 2243 311 corru—

1228 337 1334 377 ptum
1354 329 1515 365 fortasse
1535 342 1581 365 ex
1600 329 1767 380 δυσεργεῖ.
1790 332 1922 379 Caprae
1942 329 2108 382 δύσριγοι,
2123 333 2241 369 alsio—

1227 400 1289 433 sae,
1308 388 1488 424 dicuntur
1510 387 1556 423 ab
1577 388 1776 424 Aristotele
1801 396 1837 424 et
1864 389 1900 424 in
1925 392 2101 439 Geopon.
2128 393 2187 436 18,
2206 404 2242 440 9,

1229 446 1262 481 5.
1289 447 1438 482 Deinde
1468 446 1619 497 τράγων,
1636 449 1665 482 οἱ
1690 445 1724 482 δὲ
1752 449 1801 497 τῷ
1820 450 1969 498 πταρμῷ
1990 452 2034 485 V.
2063 449 2244 487 Scholion

1227 503 1298 539 hoc
1310 504 1484 553 pluribus
1499 505 1624 541 verbis
1641 518 1720 541 esse
1738 505 1925 542 desectum
1942 506 2245 544 censebatHem-

1227 562 1450 598 sterhusius.
1482 564 1578 599 Mihi
1613 576 1660 598 ex
1699 565 1896 612 superiore
1937 566 2083 603 scholio
2117 568 2245 617 inepte

1227 628 1451 668 excerptum
1493 620 1654 656 videtur.
1689 621 1787 657 Illud
1832 636 1986 671 quoque
2025 624 2245 670 absurdum,

1228 678 1334 727 quod
1355 687 1500 715 stercus
1526 680 1734 716 humanum
1755 679 1870 717 hircis
1894 681 2066 718 adhiberi
2095 682 2244 721 dicitur.

1226 739 1345 772 Dim).

1284 795 1372 838 314,
1395 808 1462 840 7-1
1475 809 1489 830 1
1511 795 1564 831 sic
1579 796 1616 831 in
1632 798 1689 842 V.,
1706 794 1924 848 Ἀρίστυλλος
1944 797 2085 848 αἰσχρὸς
2101 799 2248 846 ποιητὴς

1229 851 1288 888 καὶ
1311 853 1345 888 ἐν
1370 858 1444 896 ταῖς
1465 853 1709 905 μουσουργίαις
1727 853 1899 905 κεχηνώς·
1920 853 1941 900 ἢ
1964 857 2008 897 ὡς
2027 856 2147 907 μοιχὸς
2167 859 2245 894 δια-

1229 908 1395 948 ὅάλλεται
1421 913 1480 950 καὶ
1505 912 1561 949 ἐπὶ
1594 912 1771 961 μαλακίᾳ,
1796 912 1972 964 μέμνηται
2000 914 2035 951 δὲ
2057 917 2162 953 αὐτοῦ
2186 915 2245 953 καὶ

1228 969 1262 1004 ἐν
1279 968 1614 1014 Ἐκκλησιαζούσαις
1629 973 1675 1013 ὡς
1689 972 1836 1022 αἰσχροῦ
1855 972 1914 1009 καὶ
1935 974 2179 1024 ἀρρητοποιοῦ.
2195 997 2246 1002 -

1233 1041 1278 1063 10
1296 1029 1313 1064 ὁ
1333 1026 1368 1064 δὲ
1389 1027 1606 1080 Ἀρίστυλλος
1623 1029 1765 1081 αἰσχρὸς
1780 1029 1927 1076 ποιητὴς
1942 1032 2053 1068 habet
2072 1036 2115 1069 R.
2134 1054 2184 1060 —
2205 1046 2248 1068 12

1229 1083 1281 1121 ὅτι
1308 1086 1353 1128 ὡς
1385 1089 1402 1124 ὃ
1437 1087 1508 1140 Ἀρ.
1542 1092 1586 1125 R.
1625 1111 1677 1117 —-
1712 1102 1756 1125 12
1798 1087 1921 1126 ἕπεσθε
1946 1103 2020 1130 om.
2061 1095 2107 1127 V.
2142 1090 2249 1142 μητρὶ

1228 1149 1342 1196 χοῖροι
1368 1154 1405 1182 01
1440 1148 1636 1195 sequentia
1675 1161 1748 1184 0111.
1770 1153 1814 1186 V.
1842 1150 1902 1195 Θ.,
1935 1150 2001 1199 qui
2025 1163 2099 1186 om.
2135 1150 2248 1186 etiam

1229 1204 1406 1240 scholion
1427 1218 1461 1240 v.
1483 1206 1567 1242 316.
2148 1209 2152 1212 ’

1284 1264 1357 1309 317
1386 1264 1463 1301 ἀλλ’
1483 1263 1536 1301 ὅτι
1549 1264 1699 1302 ἐναντίον
1720 1268 1766 1301 R.
1788 1269 1832 1303 V.

1284 1323 1354 1358 321
1375 1325 1417 1360 V.
1437 1323 1517 1360 haec
1541 1331 1687 1360 tantuin
1713 1323 1842 1369 habet,
1863 1322 1938 1361 ἀντὶ
1960 1326 2020 1360 τοῦ
2048 1323 2090 1361 δι’
2119 1323 2251 1376 ἡμέρας

1229 1378 1320 1417 οὕτω
1342 1380 1486 1431 κάμνειν
1510 1381 1644 1418 ἐσθίων.
1676 1380 1802 1431 μασάω
1829 1383 1954 1430 μασσῶ
1977 1381 2023 1419 δέ.
2040 1405 2093 1413 -
2114 1383 2159 1424 34
2193 1395 2248 1432 sq.

1231 1438 1643 1489 μασσῶ-μασσώμενος
1663 1441 1710 1481 ὡς
1724 1439 1900 1489 κλώμενος
1921 1440 2004 1479 Ald.
2018 1442 2125 1486 -37
2147 1441 2249 1492 τῷ-

1232 1495 1393 1542 δεήσεται
1422 1497 1567 1535 habent
1597 1499 1713 1535 etiam
1730 1501 1822 1548 Reg.
1835 1507 1873 1535 01
1883 1500 1947 1545 Θ.,
1962 1499 2001 1536 111
2019 1513 2096 1550 quo
2114 1500 2250 1549 legitur

1233 1553 1399 1599 δεήσειεν.

1287 1614 1379 1659 322,
1401 1614 1522 1657 38-41
1550 1612 1832 1666 Κορωνὶς-δρῶ
1864 1627 1940 1651 0111.
1970 1615 2082 1652 etiam
2100 1616 2145 1653 Θ.
2178 1618 2248 1652 Se—

1230 1672 1386 1721 quentia
1422 1672 1461 1708 in
1483 1674 1526 1708 V.
1564 1672 1638 1708 hoc
1672 1672 1825 1718 ordine,
1853 1672 1931 1724 περὶ
1962 1672 2247 1724 τοῦ-Ἀχαιούς.

1230 1728 1375 1770 Ἄλλως.
1412 1732 1430 1766 ὃ
1469 1729 1918 1782 Χρεμύλος-καινότερον.
1945 1752 1994 1759 —
2032 1738 2075 1775 41
2109 1733 2174 1784 Χρ.
2203 1733 2248 1772 ὡς

1229 1787 1290 1825 καὶ
1313 1787 1473 1832 ξενισθεὶς
1490 1790 1536 1826 Θ.
1557 1812 1610 1818 -
1625 1793 1673 1831 42
1706 1787 1768 1833 τὴν
1801 1788 2036 1840 προσηγορίαν
2070 1793 2114 1826 V.
2130 1811 2181 1818 —
2199 1790 2248 1834 45

1229 1850 1290 1884 τοῦ
1312 1862 1350 1884 τε
1371 1851 1573 1884 Kusterus.
1595 1849 1655 1883 τοῦ
1670 1851 1714 1883 V.
1731 1849 1833 1883 τοῦτο
1857 1847 1902 1884 Θ.
1919 1847 2067 1884 Ald.—
2085 1849 2132 1891 46
2149 1849 2248 1885 Dio-

1229 1908 1362 1956 nysius
1373 1908 1434 1944 ille
1446 1908 1531 1957 quis
1547 1908 1674 1953 fuerit,
1688 1908 1785 1944 inter
1801 1916 1857 1943 tot
1871 1908 2078 1957 Dionysios
2089 1921 2110 1945 a
2121 1912 2253 1946 Meur-

1230 1966 1299 2010 sio,
1322 1966 1459 2003 Vossio
1474 1974 1511 2002 et
1531 1969 1591 2005 J0.
1610 1967 1742 2003 Jonsio
1759 1969 1816 2003 De
1836 1967 1982 2016 scriptt.
2003 1969 2048 2003 H.
2070 1967 2136 2003 Ph.
2167 1969 2202 2012 3,
2227 1969 2249 2003 8

1230 2024 1449 2070 recensitos,
1469 2024 1625 2061 delinire
1645 2037 1722 2061 non
1750 2033 1806 2061 est
1830 2038 2005 2074 pronum.
2027 2027 2174 2062 Hnmsr.
2198 2047 2251 2054 —-

1231 2089 1277 2129 47
1298 2083 1386 2120 vide
1404 2083 1537 2120 Thom.
1558 2086 1610 2119 M.
1626 2096 1661 2119 v.
1679 2082 1836 2134 Χαίρειν,
1854 2075 1999 2133 Menag.
2018 2083 2065 2120 ad
2087 2085 2249 2133 Diogen.

1229 2145 1353 2178 Laert.
1373 2142 1409 2188 3,
1431 2143 1494 2177 61.
1513 2145 1630 2178 KusT.
1652 2141 1736 2178 αὐτὸ
1756 2155 1833 2178 0111.
1856 2145 1900 2179 V.
1924 2144 1969 2180 Θ.
1988 2146 2159 2191 Uterque
2180 2143 2251 2179 de·-

1229 2199 1317 2235 inde
1339 2198 1529 2250 γράφοντος
1552 2198 1588 2235 δὲ
1625 2200 1730 2235 αὐτοῦ
1750 2199 1834 2250 πρὸς
1853 2198 1923 2236 Ἀθ.
1959 2199 2095 2242 ἑλόντος
2113 2199 2192 2242 τοὺς
2213 2201 2248 2236 ἐν

1230 2257 1290 2302 Σ.,
1305 2264 1341 2292 et
1358 2262 1406 2304 49
1419 2259 1436 2293 ὃ
1457 2255 1579 2294 Κλέων
1596 2255 1799 2302 Ἀθηναίοις.
1818 2278 1868 2284 -
1886 2257 1935 2292 50
1951 2256 2029 2308 περὶ
2046 2256 2108 2302 τὴν
2124 2257 2250 2294 σύντα-

1230 2314 1278 2358 ξιν
1297 2312 1503 2351 ἀσύστατον.
1526 2316 1705 2365 Disputat
1739 2315 1972 2361 scholiastes,
1994 2324 2036 2352 ut
2069 2318 2248 2366 Apollou.

1228 2372 1337 2409 Alex.
1359 2373 1394 2417 3,
1417 2385 1454 2421 p.
1479 2374 1568 2418 231,
1591 2373 1638 2409 de
1653 2387 1723 2410 usu
1740 2373 1917 2410 infinitivi
1939 2372 2072 2425 χαίρειν
2107 2375 2146 2410 111
2178 2376 2249 2411 hac

1228 2431 1424 2480 epistolari
1446 2431 1627 2479 formula,
1646 2433 1756 2481 cujus
1776 2433 1961 2468 rationem
1975 2440 2174 2469 structurae
2192 2433 2248 2469 le-

1229 2491 1369 2539 gitimae
1400 2503 1613 2540 repugnare
1647 2499 1788 2537 monet,
1821 2491 1893 2527 nisi
1917 2491 2002 2540 quis
2029 2491 2249 2541 imperativi

1229 2549 1312 2586 vice
1326 2550 1530 2586 Homerico
1551 2562 1658 2586 more
1683 2550 1849 2599 positum
1872 2549 2045 2598 accipiat.
2061 2550 2249 2587 Videntur

1229 2615 1354 2644 tamen
1378 2621 1398 2645 e
1426 2607 1580 2645 duobus
1612 2607 1720 2644 codd.
1750 2608 1789 2644 in
1816 2621 1932 2644 unum
1965 2607 2138 2644 conssatae
2168 2621 2249 2646 esse

1226 2665 1326 2703 binae
1346 2666 1536 2704 sententiae
1555 2666 1688 2703 similis
1705 2666 1867 2716 periodi,
1889 2679 2050 2716 quarum
2067 2667 2249 2704 alterutra

1227 2725 1352 2762 fuerat
1367 2725 1575 2763 omittenda
1591 2725 1692 2762 hunc
1710 2726 1748 2761 in
1767 2725 1924 2761 modum
1941 2737 1949 2759 :
1969 2723 2062 2773 λέγει
2076 2723 2111 2760 δὲ
2131 2725 2245 2773 (Dio-

1227 2783 1374 2834 nysius)
1391 2783 1474 2821 αὖτὸ
1492 2786 1626 2821 κεῖσθαι
1641 2781 1814 2833 περιττὸν,
1825 2781 1884 2819 καὶ
1901 2780 1992 2818 κατὰ
2008 2780 2071 2826 τὴν
2086 2781 2245 2825 σύνταξιν

1226 2841 1431 2880 ἀσύστατον.
1451 2843 1480 2878 εἰ
1495 2841 1545 2891 μή
1564 2857 1614 2883 τις
1632 2840 1715 2877 αὐτὸ
1733 2840 1835 2877 λάὸοι
1852 2848 1942 2886 etc.‚
1962 2840 2044 2883 vel,
2069 2841 2107 2876 ἐκ
2130 2838 2163 2875 δὲ
2184 2841 2246 2884 τῆς

1225 2899 1416 2942 συντάξεως
1432 2903 1491 2936 τοῦ
1511 2898 1615 2948 λόγου
1637 2896 1741 2950 φησὶν
1768 2896 2004 2947 (Dionysius)
2033 2896 2241 2943 ἀσύστατον,

1225 2958 1318 3008 εἰμὴ
1339 2968 1408 2996 etc.
1432 2962 1578 2996 Hfflsr.
1603 2962 1693 2994 Post
1721 2956 1915 2994 ἀσύστατον
1942 2959 1986 2993 V.
2013 2956 2118 2995 addit
2140 2958 2178 2993 οὗ
2206 2956 2242 2995 δὲ

1224 3017 1384 3069 περιττὸν
1414 3018 1460 3058 ὡς
1493 3016 1719 3065 εἷσκείμενον.
1739 3036 1788 3043 -—
1810 3016 1858 3051 52
1879 3014 1954 3051 ἀντὶ
1985 3029 2059 3052 0111.
2089 3016 2150 3061 Θ.,
2175 3016 2242 3065 qui

1222 3076 1478 3127 προστακτικὸν
1515 3076 1561 3112 Θ.
1577 3100 1629 3106 —-
1650 3088 1664 3110 1
1701 3071 1859 3124 ἐμφαίνει
1890 3075 2011 3110 Dorv.
2051 3096 2103 3101 —
2132 3079 2154 3117 4
2193 3072 2241 3110 ὢν

1222 3134 1340 3170 Paris.
1361 3135 1455 3182 Reg.
1484 3127 1526 3178 ἦν
1543 3135 1563 3168 J
1570 3140 1646 3167 unt.
1668 3130 1775 3168 Idem
1796 3133 1888 3179 Reg.
1905 3129 2030 3183 τούτῳ,
2046 3139 2090 3168 ut
2109 3132 2241 3181 legen-

1222 3190 1312 3226 dum
1330 3198 1397 3227 est.

1276 3251 1364 3291 324,
1388 3248 1508 3291 14-16
1530 3260 1605 3283 om.
1621 3249 1667 3282 G.
1686 3244 1768 3297 παρ’
1787 3244 1969 3283 ὑπόνοιαν·
1986 3245 2090 3283 εἰπὼν
2105 3245 2169 3299 γὰρ
2188 3245 2238 3296 μὴ

1220 3305 1489 3358 προσαγορεύειν
1507 3303 1699 3347 ἀσπάζεται
1716 3316 1788 3353 pro
1810 3304 1869 3341 his
1890 3305 1999 3354 ponit
2018 3307 2062 3341 V.

1276 3364 1364 3410 325,
1385 3365 1493 3400 18-21
1517 3363 1570 3399 510
1594 3362 1635 3400 111
1653 3365 1712 3408 V.,
1737 3359 1825 3410 μετὰ
1843 3361 1971 3405 τάξεως
1990 3362 2047 3399 καὶ
2066 3363 2237 3406 σπουδῆς,
