2533 3808
243 172 314 203 176

239 250 360 289 πολλοὶ
379 247 445 299 γὰρ
468 247 580 282 αὐτῶν
609 241 667 278 τὸν
693 238 818 290 τρόπον
848 239 963 272 τοῦτον
992 232 1130 270 εἰώθασι
1150 232 1273 279 ποιεῖν,
1301 260 1304 266 ,

242 308 462 347 ἀποσείεσθαι
478 302 554 344 τοὺς
569 298 747 340 ἐπιὸάτας.
773 303 812 332 V.

295 373 380 423 (154).
403 368 477 406 ἀλλ’
496 367 558 416 ἄγε
578 363 726 412 Πήγασε
745 374 754 399 ;
773 358 874 397 Μετὰ
891 357 929 394 τὸ
948 352 1276 406 παρακελεύσασθαι

240 434 288 482 τῷ
305 430 397 480 ὄχλῳ
413 426 472 463 καὶ
488 424 564 475 τοῖς
584 422 706 458 ἑαυτοῦ
725 416 874 458 παιδίοις
890 413 982 452 κατὰ
1003 412 1109 463 μηδὲν
1128 412 1277 461 ἐρεθίσαι

205 503 221 526 5
243 489 298 525 τὸν
319 486 500 535 κάνθαρον,
517 480 594 518 τότε
614 474 890 530 παρακελεύεται
913 474 1017 523 αὐτῷ.
1047 493 1096 499 ——
1118 468 1177 506 καὶ
1197 465 1279 503 τάδε

241 550 279 583 ἐκ
298 548 356 581 τοῦ
379 537 652 592 Βελλεροφόντου
667 554 681 568 «
702 535 749 572 ’ίθι
769 529 1013 585 χρυσοχάλιν’,
1031 527 1136 580 α’ίρων
1154 523 1278 576 πτέρυ-

240 619 313 654 γας.
344 600 437 637 »τὸν
463 597 631 648 κάνθαρον
659 595 708 645 τῷ
733 591 892 642 Πηγάσῳ
920 587 1127 630 ἀπεικάζων.
1176 583 1280 626 διπλῆ

242 662 301 699 καὶ
321 660 464 700 εἴσθεσις
484 658 529 699 εἷς
548 653 704 706 περίοδον
723 647 976 692 ἀναπαιστικὴν
1002 649 1060 682 τοῦ
1085 639 1280 695 πρεσὲύτου

242 712 704 769 ὀκτιι)καιτριακοντάμετρος
719 709 758 746 ιθ’
777 707 910 745 κώλων.
928 713 966 743 V.
988 703 1147 755 [εἵσθεσις
1168 699 1203 737 δὲ
1222 701 1282 744 τῆς

195 788 224 812 ¹0
243 779 366 823 διπλῆς
395 777 434 812 ἐκ
456 772 582 824 στίχων
606 769 865 806 ἀναπαιστικῶν
898 763 1066 814 διμέτρων
1100 756 1281 802 ἀκαταλή-

244 851 348 882 κτων,
364 833 455 879 πλὴν
473 835 532 868 τοῦ
546 826 757 867 τελευταίου.
773 828 873 862 τοῦτο
885 821 952 873 γὰρ
969 816 1212 872 ἑφθημιμερές.
1230 814 1282 866 ὑφ’

245 894 263 932 ὃ
284 895 319 930 αἱ
339 890 492 937 συνήθεις
510 887 568 926 δύο
591 885 722 923 διπλαῖ.
744 884 778 920 ἐν
798 880 929 919 ἐκθέσει
946 877 982 916 δὲ
999 876 1144 927 ἷαμὸεῖα
1164 876 1201 919 ζί.
1229 871 1286 910 ἐπὶ

245 955 293 1005 τῷ
313 952 403 988 τέλει
417 946 587 1000 κορωνίς.]

302 1024 362 1048 155.
392 1006 526 1060 ψαλίων
541 1018 549 1043 z
563 1005 644 1042 Τῶν
655 1001 819 1054 χαλινῶν.
830 1021 880 1027 --
890 995 1054 1046 στομίων,
1068 991 1233 1044 χαλινῶν.
1249 995 1285 1025 R.

200 1091 229 1115 15
305 1087 365 1112 156.
399 1072 565 1124 (φαιδροῖς
587 1066 670 1104 ὠσὶν
689 1078 697 1104 :
719 1062 873 1117 Πραέσι,
896 1059 944 1111 μὴ
968 1059 1087 1111 ὀρθοῖς.
1105 1059 1206 1093 τοῦτο
1224 1051 1288 1104 γὰρ

249 1133 445 1183 πάσχουσιν
462 1131 492 1167 οἱ
512 1126 631 1172 ἵπποι,
648 1123 765 1175 ὥσπερ
785 1117 1052 1172 παροξυνόμενοι
1070 1116 1116 1155 εἷς
1140 1112 1287 1162 ἄκρατον

252 1190 402 1244 δρόμον.)

307 1261 367 1286 159.
398 1245 526 1299 ῥύμας,
545 1241 680 1283 τόπους.
702 1246 739 1276 Β.
855 1289 856 1292 ¹

308 1326 368 1350 162.
398 1310 530 1354 κάκκης
548 1320 556 1345 2
573 1304 661 1343 Ἀντὶ
677 1306 736 1340 τοῦ
753 1300 887 1342 κακίας.
903 1297 975 1349 ἔχει
988 1293 1095 1333 καὶτὸ
1108 1291 1292 1343 κακέμφα-

200 1383 234 1407 ‘20
254 1388 323 1410 τον.
335 1365 599 1422 παρατηρητέον
612 1362 646 1400 δὲ
661 1361 713 1399 ὅτι
728 1359 786 1397 καὶ
803 1361 832 1396 οἳ
850 1360 990 1409 ἀρχαῖοι
1001 1353 1063 1398 τὴν
1079 1347 1292 1401 ἀκαθαρσίαν

255 1430 387 1475 κάκκην
408 1427 537 1476 ἔλεγον,
554 1421 613 1460 καὶ
633 1419 785 1471 μάλιστα
809 1417 848 1453 τὸ
868 1414 1038 1463 δύσοσμον
1063 1407 1291 1456 ἀποπάτημα.

310 1500 370 1525 163.
402 1484 478 1522 ἀντὶ
493 1485 552 1519 τοῦ
571 1480 702 1525 θνητῶν
717 1475 775 1514 καὶ
790 1472 948 1523 ἐπιγείων
965 1470 1116 1508 πάντων.
1134 1473 1214 1503 R.V.

311 1566 370 1589 105.
400 1547 496 1600 παρὰ
523 1545 598 1587 ταῖς
621 1542 791 1594 πόρναις;
819 1541 985 1590 Πορνεῖον
1010 1533 1077 1584 γὰρ
1099 1526 1140 1578 ῆν
1171 1532 1293 1567 ἐκεῖσε.

258 1608 420 1661 ἐμπόριον
439 1605 505 1657 γάρ
523 1607 625 1647 ἐστιν,
642 1599 702 1638 καὶ
720 1598 774 1636 διὰ
796 1597 835 1634 το
857 1592 1051 1646 κατωφερὲς
1078 1593 1145 1628 τῶν
1162 1589 1295 1625 ναυτῶν

205 1677 238 1700 25
259 1670 369 1705 ἐκεῖσε
386 1665 524 1717 ἔτρεχον
545 1662 580 1698 αἱ
596 1658 732 1710 πόρναι.

314 1744 372 1769 166.
403 1730 440 1766 οὐ
457 1723 653 1778 κατορύξεις
669 1734 677 1759 1
696 1718 785 1758 Ἀντὶ
802 1720 860 1755 τοῦ
876 1718 913 1753 οὖ
930 1712 1120 1765 συγχώσεις
1136 1709 1194 1748 καὶ
1211 1710 1298 1745 ἀπο-

259 1789 398 1842 κρύψεις
412 1785 487 1832 (τὴν
502 1786 626 1821 σαυτοῦ
639 1778 795 1831 κόπρον).
807 1799 858 1804 -—
872 1772 1091 1826 ἐπιφορήσεις
1103 1769 1149 1815 δὲ,
1167 1767 1300 1811 ἐπάξεις

260 1848 320 1886 καὶ
339 1845 527 1885 ἐπιὸαλεῖς.
553 1839 665 1878 λείπει
692 1836 797 1874 κόνιν.
829 1841 866 1871 R.
890 1833 1049 1872 Ἀττικῶς
1076 1831 1109 1866 ἐν
1143 1827 1300 1878 σχήματι

262 1901 367 1944 εἶπεν.
385 1904 408 1950 ἢ
423 1902 534 1941 λείπει
554 1898 657 1936 κόνιν.
674 1903 714 1932 V.

211 1982 245 2007 30
319 1984 379 2008 168.
410 1966 575 2019 ἕρπυλλον
601 1976 609 2000 2
630 1954 729 2002 Εἶδος
748 1957 865 2000 ἄνθους
886 1953 1062 2007 σαμψύχῳ
1082 1952 1212 2002 ὅμοιον.
1238 1949 1303 2000 μά-

265 2031 367 2067 λιστα
393 2026 428 2064 δὲ
451 2021 548 2075 παρὰ
575 2023 644 2062 τοῖς
666 2018 765 2055 ὕδασι
803 2014 934 2053 θάλλει.
961 2036 1012 2041 --
1047 2010 1221 2062 μέμνηται
1245 2008 1304 2046 καὶ

266 2086 500 2139 Θεόφραστος.
519 2086 599 2117 R.V.
673 2075 817 2116 Ἄλλως.
845 2071 970 2124 βοτάνη
989 2069 1150 2120 εὔοσμος,
1166 2068 1207 2113 ἣν
1229 2065 1305 2104 εἰώ-

268 2150 348 2184 θασι
370 2141 466 2195 παρὰ
488 2138 565 2181 τοὺς
591 2135 718 2188 τάφους
747 2130 913 2185 φυτεύειν.
986 2129 1131 2171 Ἄλλως.
1162 2121 1247 2169 εἶδός
1274 2140 1306 2162 τι

268 2202 470 2255 πολύρριζον
484 2195 662 2251 φυταρίου.
678 2191 778 2230 τοῦτό
789 2206 873 2243 φασι
889 2189 948 2227 καὶ
961 2187 1122 2239 λέγεσθαι
1139 2185 1307 2235 ἕρπυλλον

216 2275 250 2299 35
269 2260 366 2314 παρὰ
382 2259 420 2297 τὸ
440 2257 553 2310 ἕρπειν
573 2256 647 2296 ταῖς
668 2251 784 2304 ῥίζαις.
801 2252 900 2286 τοῦτο
924 2247 959 2284 δὲ
982 2244 1210 2296 συμὸουλεύει
1231 2244 1309 2280 ἐπι-

272 2323 438 2373 φυτεῦσαι
454 2319 503 2368 τῷ
518 2311 769 2360 ἀποπατήματι
788 2310 833 2350 ὡς
849 2306 1034 2356 δυνάμενον
1052 2303 1108 2342 διὰ
1125 2305 1192 2340 τῶν
1211 2303 1310 2354 ῥιζῶν

273 2375 508 2430 περικαλύψαι
529 2370 611 2408 αὒτὸ
629 2368 689 2406 καὶ
711 2365 877 2419 ἀφανίσαι
896 2364 954 2410 τὴν
977 2362 1145 2401 δυσωδίαν
1166 2360 1232 2397 ὑπὸ
1252 2362 1312 2405 τῆς

275 2434 428 2476 εὐωδίας.
447 2431 520 2469 ἐστὶ
538 2428 604 2480 γὰρ
623 2426 681 2465 καὶ
699 2423 832 2467 εὖωδές.
850 2430 889 2460 V.

330 2510 391 2535 169.
421 2494 481 2533 καὶ
509 2491 614 2544 μύρον
636 2492 766 2541 ἐπιχεῖς
785 2501 794 2526 :
819 2485 892 2525 Καὶ
915 2483 1113 2525 ἐπιὸάλλεις
1143 2481 1250 2533 μύρον
1270 2485 1316 2525 εἰς

224 2571 260 2595 40
279 2555 433 2601 αὔξησιν.
452 2550 507 2589 διὰ
526 2550 564 2587 τὸ
580 2548 702 2590 τελέως
719 2547 946 2598 ἀφανισθῆναι
962 2541 1023 2588 τὴν
1042 2540 1167 2590 ὀσμήν.
1186 2566 1230 2571 -
1246 2556 1316 2577 πα-

281 2613 418 2666 ρείληφε
434 2614 551 2655 τοῦτο,
573 2606 690 2658 διόπερ
710 2604 778 2642 οὐδ’
801 2604 928 2644 ἀτελῶς
952 2599 1103 2652 ἠρκέσθη
1124 2598 1236 2649 ὀλίγον
1257 2601 1317 2644 τῆς

279 2675 342 2723 γῆς
358 2669 548 2713 ἓπιὸαλεῖν,
567 2666 643 2702 ἀλλ’
660 2663 832 2713 ἐπήγαγεν
854 2663 892 2698 ἐκ
908 2660 1058 2696 πολλῶν.
1075 2665 1114 2693 V.

337 2748 398 2773 171.
428 2736 450 2779 ἡ
469 2730 567 2772 πόλις
583 2731 604 2774 ἡ
622 2726 715 2767 Χίων
737 2740 744 2764 :
763 2723 858 2774 Ἅμα
877 2721 937 2773 μὲν
958 2724 1002 2764 ὡς
1018 2720 1114 2759 Χίων
1134 2718 1188 2756 διὰ
1207 2721 1320 2769 μαλα-

282 2793 360 2831 κίαν
381 2789 568 2844 εὖρυτέρων
588 2786 692 2824 ὄντων
709 2783 769 2822 καὶ
789 2781 935 2831 ἑτοίμων
953 2779 1037 2830 πρὸς
1056 2778 1094 2815 τὸ
1114 2780 1320 2823 ἀποπατεῖν,

231 2861 264 2885 ⁴5
285 2851 358 2902 ἅμα
378 2849 413 2888 δὲ
432 2851 477 2891 ὡς
502 2849 540 2884 ἐκ
558 2844 674 2890 πάσης
693 2841 896 2895 προφάσεως
916 2840 984 2876 τῶν
1005 2835 1192 2882 Ἀθηναίων
1219 2850 1318 2872 συκο-

284 2908 501 2963 φαντούντων
521 2904 580 2943 καὶ
600 2902 813 2953 ζημιούντων
832 2898 893 2941 τὰς
914 2897 1047 2941 πόλεις,
1071 2894 1130 2932 καὶ
1151 2893 1322 2944 λεγόντων

285 2968 337 3006 ὅτι
352 2968 437 3009 Χῖος
453 2960 493 3012 ῆν
510 2967 527 3002 ὃ
541 2962 742 3005 ἀποπατῶν,
760 2957 818 2995 καὶ
833 2955 888 2993 διὰ
904 2958 1003 2992 τοῦτο
1021 2956 1038 2990 ὃ
1056 2952 1224 3004 κάνθαρος
1240 2950 1322 2988 ἔπε-

286 3041 344 3063 σεν
371 3025 427 3062 ἐπὶ
450 3022 512 3069 τὴν
539 3020 662 3071 ὀσμήν.
687 3018 709 3064 ἢ
737 3017 867 3066 μᾶλλον
892 3013 992 3056 αὐτὸς
1019 3012 1181 3063 κωμῳδεῖ
1206 3009 1261 3046 διὰ
1286 3009 1325 3046 τὸ

288 3086 442 3120 ὑπονοεῖν
461 3080 581 3122 αὐτοὺς
597 3075 855 3121 ἀποστήσεσθαι
871 3075 938 3110 τῶν
959 3070 1156 3117 Ἀθηναίων.
1186 3094 1232 3099 —-
1244 3066 1326 3105 Ἄλ-

235 3151 270 3175 50
288 3143 365 3184 λως.
386 3138 523 3182 τούτους
542 3140 586 3179 ὡς
609 3133 779 3187 ἀκρασίαν
806 3130 979 3182 μαλακίας
998 3128 1141 3180 ἔχοντας
1160 3125 1323 3164 σκώπτει.

289 3199 349 3237 καὶ
368 3199 398 3236 οἱ
417 3197 541 3239 πάντες
562 3194 597 3232 δὲ
611 3191 729 3235 Ἴωνες
747 3188 894 3229 τοιοῦτοί
914 3190 1011 3234 εἰσιν,
1028 3188 1058 3224 οἳ
1076 3186 1111 3223 δὲ
1131 3185 1212 3224 Χῖοι
1232 3183 1327 3235 ἐξαι-

292 3256 407 3309 ρέτως.
423 3267 463 3296 v.

1315 3305 1323 3320 Χ

347 3335 407 3361 174.
436 3318 585 3371 πρόσεχε
599 3315 655 3354 τὸν
669 3318 747 3352 νοῦν
761 3327 768 3353 :
790 3315 835 3363 (Τ
838 3311 991 3350 ουτέστιν
1006 3311 1117 3356 ἀληθῆ
1133 3306 1237 3354 λέξω,
1253 3308 1328 3344 ἐπει
1354 3335 1357 3338 «

1011 144 1264 184 SCHOLIA
1298 142 1352 179 IN
1386 141 1594 178 PACEM.

1331 227 1374 264 τὰ
1394 229 1513 279 πρῶτα
1533 226 1702 278 διασύρων
1722 228 1812 264 δοκεῖ
1833 225 1888 263 τὀν
1912 225 2215 278 Βελλεροφόντην.)
2234 226 2317 278 πρὸς
2334 226 2369 264 δὲ

1332 285 1389 322 τὸν
1411 286 1444 321 ἐν
1464 287 1512 336 τῷ
1529 284 1661 336 θεάτρῳ
1679 284 1915 335 μηχανοποιόν
1935 300 2029 336 φησι.

1390 356 1450 381 175.
1481 357 1536 393 γρ.
1558 341 1617 379 καὶ
1634 348 1792 393 πρᾶγμα.
1811 342 1902 391 λέγει
1922 341 1958 379 δὲ
1977 342 2040 388 τὴν
2058 341 2221 394 γαστέρα.
2240 348 2318 378 R.V.

1390 415 1450 439 180.
1479 399 1598 452 [πόθεν
1622 403 1741 453 βροτοῦ
1763 415 1770 438 :
1798 400 1949 452 Κορωνὶς
1968 401 2026 438 καὶ
2044 400 2187 443 εἴσθεσις
2204 399 2372 450 ἀμοιὸαία

1336 457 1370 502 ἐξ
1391 458 1560 508 ἰαμὸείων
1579 458 1644 501 νς’.
1667 457 1724 494 ἐπὶ
1739 460 1788 510 τῷ
1805 457 1895 495 τέλει
1912 457 2082 511 κορωνίς]
2392 468 2409 493 5

1391 518 1495 563 διπλῆ
1515 516 1574 554 καὶ
1591 514 1734 558 εἴσθεσις
1757 517 1803 558 εἷς
1823 515 1968 565 ἷάμὲους
1994 516 2194 568 τριμέτρους
2218 517 2311 569 ρκς’,
2328 511 2374 554 ῶν

1337 575 1585 613 τὸτελευταῖον
1604 592 1617 606 «
1633 572 1692 610 καὶ
1706 573 1886 619 νησιώτας·
1905 575 1994 624 δεῦρ’
2007 574 2049 611 ἴτ’
2068 568 2096 612 ‹Y›
2115 574 2241 617 πάντες
2260 575 2340 613 λεώ.
2359 594 2374 608 n

1339 633 1391 671 ἐπ’
1413 632 1511 675 ἐνίοις
1531 631 1566 669 δὲ
1588 630 1805 683 ἀντιγράφοις
1826 631 1913 681 μετὰ
1933 631 2069 682 στίχους
2088 633 2141 669 να’
2166 633 2238 670 ἐστὶ
2259 634 2378 671 κωλοίυ

1342 707 1409 744 ριον
1426 690 1503 728 τόδε
1524 708 1538 723 «
1555 690 1588 726 τί
1608 705 1709 742 φησι,
1729 707 1742 731 »3
1763 689 1821 726 καί
1845 689 1918 739 μετ’
1939 677 2061 733 ἄλλους
2077 691 2131 737 λη’
2153 692 2201 742 [V.
2221 692 2288 741 268]
2302 691 2380 730 τόδε

1343 768 1356 783 rt
1376 748 1409 795 ἰὴ
1431 748 1478 794 ἰή.
1499 767 1512 781 υ
1533 756 1572 785 V.
2290 780 2299 787 ,
2403 762 2434 787 10

1394 807 1495 844 πόθεν
1528 809 1648 857 βροτοῦ
1679 820 1721 855 με
1748 817 1757 843 :
1800 805 1902 854 (Ἀντὶ
1929 808 1990 842 τοῦ
2022 805 2177 852 αἴσθησις
2202 807 2380 859 ἀνθρώπου

1344 865 1572 911 εἰσελήλυθεν,
1592 864 1614 910 ἢ
1642 863 1754 914 ὀσμὴ,
1775 862 1796 909 ἢ
1815 863 1929 915 φωνὴ,
1953 865 2178 909 ἕλλειπτικῶς
2197 865 2288 903 κατὰ
2306 865 2384 908 τοὺς

1346 922 1528 966 Ἀττικούς.
1547 925 1564 960 ὁ
1576 922 1617 960 ’δὲ
1639 922 1772 974 Ἑρμῆς
1789 921 1879 959 ἐστὶν
1897 924 1914 959 ὃ
1933 926 2044 959 ταῦτα
2060 922 2183 974 λέγων,
2201 923 2267 970 ἤδη
2287 926 2383 976 Τρυ-

1345 983 1444 1033 γαίου
1475 980 1799 1035 προσπεπελακότος
1828 982 1875 1032 τῷ
1904 982 2072 1033 οὐρανῷ.)
2095 1006 2146 1010 -
2177 982 2386 1033 θεασάμενος

1346 1040 1403 1078 τὸν
1433 1039 1601 1092 κάνθαρον
1631 1042 1648 1076 ὁ
1674 1039 1808 1091 Ἑρμῆς
1830 1037 1889 1075 καὶ
1918 1038 2100 1089 ἐκπλαγείς
2129 1054 2213 1092 φησι
2240 1039 2279 1077 τὸ
2304 1039 2388 1084 ἄναξ
2407 1050 2437 1074 ¹5

1349 1098 1545 1150 Ἡράκλεις.
1564 1097 1675 1135 λείπει
1689 1096 1780 1146 ὀσμὴ
1801 1095 1823 1142 ἢ
1839 1096 1950 1149 φωνή.
1970 1104 2055 1133 R.V.

1403 1171 1462 1195 181.
1490 1155 1747 1208 ἱπποκάνθαρος
1766 1168 1774 1193 ;
1795 1152 1948 1198 Ἔπαιξε
1975 1154 2072 1207 παρὰ
2098 1154 2137 1193 τὸ
2156 1155 2387 1193 ἱπποκένταυ-

1350 1230 1415 1266 ρος.
1432 1223 1513 1252 R.V.

1405 1287 1464 1310 185.
1493 1276 1600 1332 τοῦτο
1622 1272 1774 1322 μάλιστα
1805 1271 1865 1321 μὲν
1895 1271 1979 1324 πρὸς
2010 1271 2049 1309 τὸ
2078 1270 2144 1308 ὑπὸ
2169 1274 2228 1309 τοῦ
2255 1271 2388 1325 Ἑρμοῦ

1350 1331 1529 1384 εἰρημένον
1548 1350 1562 1365 (ι
1577 1334 1604 1368 ὠ
1620 1330 1722 1381 μίαρε
1735 1330 1794 1368 καὶ
1813 1330 1996 1382 παμμιαρὲ
2013 1330 2072 1367 καὶ
2092 1330 2289 1382 μιαρώτατε
2305 1349 2320 1363 »
2338 1331 2392 1368 δο-
2411 1341 2445 1365 20

1350 1398 1402 1429 κεῖ
1425 1391 1457 1435 εξ
1478 1391 1614 1429 ἐκείνων
1636 1389 1816 1441 λελέχθαι,
1836 1389 1876 1426 τὸ
1893 1388 1928 1426 δὲ
1955 1388 2078 1435 ἀληθὲς
2093 1388 2156 1435 τὴν
2178 1389 2335 1442 ἀφορμὴν
2353 1391 2392 1427 ἐκ

1352 1453 1410 1487 τοῦ
1440 1449 1630 1501 Σκείρωνος
1658 1448 1740 1499 παρ7
1767 1446 1993 1498 Ἐπιχάρμου
2020 1446 2109 1498 ἔχει,
2137 1446 2211 1484 ἐπεὶ
2238 1448 2393 1490 κάκεῖνος

1353 1508 1521 1555 πεποίηκε
1546 1507 1603 1545 τὸν
1633 1505 1762 1560 φορμὸν
1789 1504 2004 1558 ἐρωτηθέντα
2029 1523 2044 1538 «
2069 1504 2120 1548 τίς
2145 1506 2218 1542 ἐστι
2242 1504 2357 1557 μήτηρ
2378 1524 2392 1540 »

1355 1565 1621 1617 ἀποκρινόμενον
1636 1563 1687 1601 ὅτι
1704 1562 1820 1609 σηκὶς,
1837 1562 1897 1600 καὶ
1914 1581 1927 1595 α
1945 1562 1994 1605 τίς
2008 1564 2081 1600 ἐστι
2094 1562 2211 1615 πατήρ
2227 1582 2240 1596 »ι
2255 1562 2394 1601 εἰπόντα

1356 1623 1470 1670 σηκὶς,
1489 1622 1548 1660 καὶ
1563 1641 1578 1655 «
1604 1621 1654 1665 τίς
1678 1620 1822 1673 ἀδελφός
1839 1639 1854 1654 υ
1881 1620 2005 1671 ὁμοίως
2033 1620 2144 1667 σηκίς.
2169 1622 2246 1658 ἀλλ’
2272 1622 2398 1664 ἐκεῖνος
2415 1636 2448 1659 ’25

1357 1681 1418 1732 μὲν
1445 1680 1535 1724 ἔδοξε
1563 1680 1647 1732 πρὸς
1666 1679 1703 1717 τὸ
1727 1678 1946 1731 ἐρωτώμενον
1967 1678 2082 1716 καὶτὸ
2105 1678 2181 1724 ἑξῆς
2213 1678 2398 1731 ἀποκρίνε-

1357 1743 1446 1777 σθαι·
1468 1739 1540 1777 ἔστι
1559 1738 1626 1790 γάρ
1643 1754 1691 1781 τις
1713 1743 1783 1780 τοῖς
1799 1742 1941 1790 φορμοῖς
1957 1737 2135 1788 συγγένεια
2152 1737 2237 1790 πρὸς
2252 1736 2313 1780 τὰς
2335 1753 2399 1783 ση-

1358 1798 1466 1841 κίδας.
1485 1799 1630 1835 ἐνταῦθα
1648 1795 1682 1834 δὲ
1703 1795 1815 1833 οὐκέτι
1836 1795 1926 1833 κατὰ
1955 1795 1993 1832 τὸ
2013 1793 2172 1845 συγγενὲς
2189 1789 2286 1838 οὗτος
2314 1796 2401 1832 ἀπε-

1359 1857 1470 1908 κρίθη.
1492 1863 1532 1892 V.

1417 1928 1477 1952 190.
1508 1916 1680 1964 Τρυγαῖος
1701 1910 1878 1961 Ἀθμονεὺς
1902 1925 1910 1950 :
1932 1910 1984 1949 Τὸ
2009 1909 2071 1960 μὲν
2097 1909 2205 1961 ὄνομα
2231 1911 2402 1963 Τρυγαῖος
2421 1923 2456 1949 30

1361 1972 1458 2025 παρὰ
1483 1971 1521 2009 τὸ
1552 1978 1678 2023 τρυγᾶν
1707 1969 1914 2016 πεποίηται,
1945 1968 2092 2021 ἁρμόζον
2121 1971 2276 2022 γεωργῷ.
2304 1968 2343 2006 τὸ
2368 1967 2404 2006 δὲ

1362 2029 1540 2080 Ἀθμονεὺς
1557 2028 1625 2066 ἀπὸ
1645 2027 1754 2075 δήμου
1772 2027 1938 2073 Ἀττικῆς.
1956 2052 2002 2056 --
2023 2028 2053 2063 οἱ
2078 2024 2113 2062 δὲ
2131 2029 2192 2071 τῆς
2209 2026 2405 2070 Ἀτταλίδος

1364 2089 1490 2141 φυλῆς,
1506 2088 1536 2123 οἱ
1558 2086 1594 2123 δὲ
1613 2090 1674 2132 τῆς
1691 2084 1915 2137 Κεκροπίδος.
1936 2092 1977 2121 V.

1419 2144 1523 2188 δεξιὸς
1545 2157 1553 2182 :
1576 2142 1742 2181 Ἔδόκουν
1759 2142 1825 2194 γὰρ
1840 2144 1869 2179 οἱ
1889 2140 2035 2193 γεωργοὶ
2056 2141 2115 2179 καὶ
2135 2140 2286 2191 μάλιστα
2307 2143 2337 2180 οἱ
2357 2143 2407 2180 δε·

1366 2203 1449 2253 ξιοὶ,
1466 2201 1739 2254 ἀπραγμοσύνην
1756 2199 1982 2245 ἀσπάζεσθαι.
2426 2211 2460 2236 35

1424 2274 1485 2300 192.
1514 2259 1558 2298 τὰ
1574 2260 1658 2312 κρέα
1674 2273 1681 2298 :
1698 2258 1784 2297 ζὈτι
1798 2257 1888 2296 κατὰ
1906 2256 2074 2304 συστολὴν
2093 2256 2221 2309 ἔλεγον,
2238 2259 2275 2296 οὗ
2291 2257 2406 2308 μόνον,

1370 2319 1414 2364 ὥς
1430 2319 1514 2372 φασί
1529 2334 1632 2365 τινες,
1650 2320 1684 2355 ἐν
1702 2318 1839 2356 ἐκτάσει
1855 2316 1899 2354 τὰ
1911 2316 2010 2369 κρέα.
2024 2318 2069 2359 ὡς
2078 2315 2161 2367 πρὸς
2171 2315 2288 2369 λίχνον
2305 2315 2340 2354 δὲ
2351 2316 2408 2354 τὸν

1371 2379 1507 2431 (Ερμῆν
1527 2381 1637 2414 ταῦτα
1656 2376 1761 2427 λέγει.

1387 2491 1407 2500 .-
1428 2450 1489 2495 193N.
1521 2434 1723 2485 δειλακρίων
1744 2448 1752 2472 :
1772 2432 1856 2472 Ἀπὸ
1873 2435 1941 2470 τῶν
1957 2433 2066 2484 κρεῶν
2084 2434 2212 2484 συνῆψε
2228 2431 2268 2469 τὸ
2285 2431 2412 2482 ὄνομα,

1374 2500 1442 2533 οἷον
1465 2498 1493 2531 ὠ
1509 2493 1622 2545 ἄκρως
1642 2491 1749 2537 δειλὲ,
1769 2491 1873 2540 ἤγουν
1889 2489 2043 2527 ἕπίπονε.
2069 2487 2161 2538 (ἰδὼν
2175 2487 2242 2539 γὰρ
2263 2487 2307 2526 τὰ
2328 2489 2413 2540 κρέα
2433 2499 2467 2524 40

1375 2552 1434 2591 καὶ
1452 2551 1571 2589 λαὸὼν
1598 2549 1686 2587 αὐτὰ
1703 2548 1800 2591 εὐθὺς
1819 2547 2120 2591 κατακέκλασται,
2145 2545 2206 2583 καὶ
2225 2545 2288 2592 τὴν
2310 2546 2416 2600 ὀργὴν

1377 2608 1677 2661 μεταῧαλλόμενος
1701 2609 1789 2644 ἐλεεῖ
1817 2605 1948 2654 αὐτόν.)
1966 2630 2011 2635 --
2037 2603 2238 2648 συνέπλεξεν
2265 2597 2323 2642 οῦν
2347 2611 2418 2648 τοῖς

1377 2668 1497 2720 κρέασι
1516 2666 1553 2704 τὸ
1570 2665 1691 2703 δειλόν.
1707 2664 1775 2701 ἀπὸ
1792 2666 1858 2700 τῶν
1875 2665 1995 2714 κρεῶν.
2016 2669 2057 2699 V.

1430 2725 1592 2776 γλίσχρον
1614 2738 1621 2762 :
1643 2722 1718 2760 ἀντὶ
1737 2726 1795 2759 τοῦ
1816 2719 2030 2770 ἐπιθυμητὰ,
2056 2720 2124 2757 ἀπὸ
2144 2723 2204 2757 τοῦ
2223 2719 2417 2771 γλίχεσθαι.

1380 2783 1607 2834 (γλίσχρωνας
1630 2780 1665 2818 δὲ
1681 2779 1758 2823 τοὺς
1781 2779 1918 2830 ἀτυχεῖς
1941 2777 2081 2816 εἰώθασι
2105 2777 2226 2828 λέγειν,
2257 2779 2316 2816 καὶ
2339 2780 2417 2829 γλι-

1380 2859 1426 2894 σχ
1430 2841 1503 2894 ρίαν
1523 2840 1584 2886 τὴν
1602 2838 1761 2890 ἀτυχίαν,
1779 2837 1855 2888 [καὶ
1871 2837 2043 2889 γλίσχρως
2057 2836 2270 2889 ὀλισθηρῶς]
2286 2839 2343 2874 νῦν
2361 2831 2418 2875 οῦν
2437 2849 2472 2874 45

1381 2900 1456 2937 ἀντὶ
1471 2902 1531 2936 τοῦ
1548 2897 1718 2945 ἐπίπονε.)

1437 2970 1496 2996 194.
1526 2958 1571 2998 ὡς
1589 2954 1699 2993 οὐκέτ’
1722 2947 1808 2991 εἶναί
1834 2968 1886 2990 σοι
1913 2953 2003 2990 δοκῶ
2026 2965 2035 2991 :
2056 2949 2142 2991 ςὈτι
2168 2950 2358 3004 φιλοτίμως
2376 2951 2422 2994 εἷς

1381 3016 1438 3054 τὸν
1462 3014 1602 3067 οὐρανὸν
1624 3012 1762 3058 ἀνέὸην.

1439 3088 1497 3112 195.
1527 3072 1561 3118 ἰὴ
1580 3071 1613 3117 ἰὴ
1631 3071 1665 3117 ἰὴ
1682 3085 1689 3109 ;
1704 3070 1756 3108 Τὸ
1774 3072 1881 3120 μῆκος
1893 3068 2071 3119 σημαίνων
2085 3067 2186 3106 τοῦτό
2202 3083 2299 3120 φησι.
2315 3066 2422 3120 πρόσ-

1383 3136 1517 3185 φθεγμα
1544 3131 1578 3167 δέ
1602 3132 1673 3167 ἐστι
1694 3131 2000 3180 καταφρονοῦντος.
2440 3132 2477 3160 50

1439 3202 1497 3227 196.
1527 3188 1574 3225 ὅτ’
1601 3185 1677 3224 οὐδὲ
1692 3185 1827 3235 μέλλεις
1843 3198 1852 3224 :
1871 3186 1925 3224 Οὐ
1944 3183 2059 3234 μόνον,
2075 3183 2192 3236 φησὶν,
2206 3184 2268 3221 οὔκ
2284 3176 2316 3220 εἶ’
2326 3183 2422 3229 πλη-

1385 3247 1456 3286 σίον
1473 3249 1540 3284 τῶν
1568 3247 1666 3290 θεῶν,
1689 3243 1763 3280 ἀλλ’
1793 3242 1867 3281 οὐδὲ
1896 3242 2042 3293 μέλλεις.
2067 3240 2274 3293 μετῴκησαν
2297 3239 2363 3291 γὰρ
2380 3239 2422 3277 δι’

1387 3307 1492 3355 ὑμᾶς,
1511 3303 1573 3353 (ὅτι
1593 3304 1629 3339 οὐ
1650 3300 1793 3352 βλέπετε
1812 3300 1975 3352 εἰρήνην).
