2533 3808
282 198 356 229 680

320 276 558 316 elephanlinen
584 276 619 305 44
637 273 843 305 talentorum
861 271 1100 311 auri-pondere
1122 273 1155 302 in
1172 276 1294 322 niaque

285 310 288 312 .
322 324 446 362 amplo
474 323 563 351 areis
588 321 799 351 Athenarum
823 321 956 358 posuit,
979 319 1042 349 sut)
1062 318 1192 350 Pericle
1221 328 1231 347 .·
1261 324 1293 347 m

321 378 357 400 eo
373 376 470 408 opere
498 368 536 397 ut
553 367 636 396 ebur
674 366 727 397 vel
750 374 877 396 aurum
912 365 1062 403 juratus
1087 364 1290 398 damnatur,

320 415 420 453 itud„
447 413 515 445 sch.
545 416 603 453 Eq.
627 416 715 450 1169,
743 412 830 443 Nub.
850 415 918 443 859.
947 412 1077 442 Deinde
1104 413 1137 442 in
1161 411 1294 442 Elidem

319 462 401 493 abit.
420 462 469 492 Ibi
483 463 574 492 Joris
593 460 739 498 Olympii
756 461 911 490 statuam
929 468 1031 498 quum
1046 460 1222 498 posuisset,
1239 467 1294 498 pe·

320 508 455 539 calatus
489 507 676 537 damnatus
704 505 746 536 ab
773 505 866 536 Eleis
894 506 1075 543 occiditur,
1098 505 1293 544 Pythodoro

324 555 502 592 archonte,
527 556 608 584 Pac.
637 556 706 583 605.
725 556 788 583 Pax
808 553 958 592 pulchra,
984 554 1095 592 utpote
1110 553 1229 583 Phidiae
1247 553 1293 582 as-

320 601 390 631 linis
420 600 526 638 (rebus
544 599 664 630 Phidiae
688 599 857 636 immixta),
877 600 920 631 il).
938 602 995 631 617
1016 608 1065 640 sq.
1093 599 1227 631 Phidioe
1246 599 1294 630 cli-

318 648 473 686 seIpulus
495 646 643 678 Gelaclas
657 669 667 683 ,
695 648 780 677 Ran.
799 650 869 677 501.

277 694 491 731 Phidonides,
517 702 630 724 nomen
656 694 755 733 patris
784 693 971 734 Strepsiadae
986 717 995 733 ,
1027 694 1113 726 Nub.
1134 699 1185 733 65,
1215 694 1293 731 (sive

319 741 438 780 potius)
462 741 602 778 Phidon,
619 743 655 771 ut
671 742 719 771 est
737 742 804 771 134.

277 786 479 827 Phidippides
492 811 501 825 ,
525 789 560 818 in
578 787 732 818 Nubibus
749 786 941 827 Strepsiadae
956 786 1040 818 filius
1054 789 1086 819 et
1101 787 1215 819 nobilis
1229 796 1292 840 ma:

318 833 375 864 tris
389 857 397 871 ‚
427 835 547 873 patrem
578 842 637 864 suo
669 833 714 864 rei
745 834 900 873 equestris
931 834 1038 864 studio
1067 834 1207 865 maximo
1236 843 1293 865 aeri

318 879 418 910 alieno
428 879 603 910 obnoxium
617 880 795 911 reddiderat
805 892 816 918 ,-
828 880 962 911 somniat
972 890 1070 920 equos
1082 884 1111 911 et
1123 882 1292 919 curricula,

319 929 358 957 25
371 935 442 966 sqq.
458 926 705 966 expergefactus
729 935 746 957 a
767 931 856 967 patre
884 930 1012 967 rogatur
1039 931 1072 959 ut
1097 928 1294 968 philosophis

318 981 352 1003 se
375 973 514 1011 praebeat
535 973 717 1004 docendum
735 977 835 1005 artem
852 975 1075 1014 sopliistican13
1102 975 1157 1006 sed
1173 976 1294 1015 spernit

317 1019 450 1059 pallidos
467 1019 556 1058 illos,
583 1020 620 1050 ad
640 1021 811 1060 Megaclem
830 1022 1025 1052 avunculum
1049 1022 1213 1061 abiturus,
1231 1022 1257 1053 si
1276 1032 1293 1053 a

317 1070 407 1106 patre
430 1066 520 1106 equis
551 1067 706 1106 privetur,
739 1071 892 1099 80—125.
927 1069 1135 1109 Phidippides
1162 1079 1180 1099 a
1206 1073 1294 1109 patre

317 1114 469 1143 evocatus
485 1116 590 1152 stupet
607 1113 820 1146 insanientem
843 1116 1026 1155 superbiam
1049 1116 1118 1155 ejus
1139 1116 1178 1147 de
1202 1117 1294 1147 novis

316 1160 470 1190 doctrinis
482 1183 490 1197 ,
509 1169 589 1200 quas
602 1161 687 1200 apud
700 1164 861 1193 Socratem
878 1164 1025 1194 hauserat
1044 1173 1051 1193 z
1070 1164 1126 1194 sed
1147 1164 1293 1203 precibus

317 1207 387 1245 ejus
405 1206 490 1237 cedit
506 1210 537 1238 et
551 1207 730 1239 docendum
747 1218 780 1240 se
797 1209 917 1248 pra-het
930 1234 940 1248 ,
960 1211 1111 1250 praefatus
1131 1211 1205 1241 olim
1225 1211 1294 1241 haec

317 1254 399 1293 patri
418 1253 448 1283 in
473 1253 593 1284 malum
610 1263 760 1294 cessura,
782 1258 942 1287 814—805
958 1280 965 1293 ‚
983 1259 1012 1288 et
1033 1257 1151 1288 Socrati
1166 1257 1294 1288 maledi-

315 1308 392 1330 cens
405 1323 413 1338 ‚
429 1302 498 1333 870.
509 1301 672 1339 ingenium
687 1303 756 1341 ejus
769 1302 877 1333 laudat
890 1306 989 1343 pater,
1006 1307 1180 1336 877—881.
1197 1304 1294 1335 Audit

318 1349 444 1377 lustum
468 1350 500 1378 et
518 1348 677 1385 lnjustum
701 1349 820 1388 Λόγους
847 1350 1062 1389 decertantes,
1089 1354 1159 1382 uter
1187 1351 1293 1391 ipsum

316 1393 426 1424 utilius
449 1393 490 1423 sit
507 1394 725 1433 instituturus,
736 1398 851 1427 ssa-1
865 1399 930 1427 104.
952 1397 1060 1428 Prodit
1077 1398 1196 1437 injusto
1210 1400 1292 1439 λόγῳ

315 1439 412 1478 probe
437 1439 627 1478 institutus,
646 1442 797 1482 pallidus,
813 1443 992 1482 impudenti
1018 1444 1152 1483 obtutu,
1177 1448 1294 1476 1165-

318 1489 408 1524 1177,
424 1489 455 1517 et
473 1488 581 1518 statim
597 1489 636 1519 de
655 1490 705 1528 ἕνῃ
726 1491 777 1520 καὶ
795 1491 848 1520 νέα
863 1491 914 1521 die
928 1494 962 1521 ut
975 1492 1100 1522 duabus
1112 1516 1120 1530 ,
1138 1502 1201 1523 non
1219 1503 1292 1531 una,

315 1535 481 1571 argutatur
498 1536 530 1565 et
553 1534 654 1573 legem
671 1536 777 1567 favere
795 1538 875 1576 patri
895 1538 1026 1577 exponit
1044 1562 1052 1577 ,
1073 1543 1291 1579 1178—12003
1323 1563 1324 1568 ,

314 1588 412 1619 quare
426 1580 476 1611 ille
492 1589 565 1611 cum
589 1581 799 1613 immoderata
813 1584 924 1615 la=litia
942 1585 1041 1616 lilium
1053 1586 1185 1617 domum
1203 1588 1293 1619 ducit

314 1625 352 1656 ad
376 1635 499 1657 caenam
516 1651 524 1666 ,
555 1632 645 1659 1212.
666 1633 699 1659 ln
716 1631 898 1669 quajussus
920 1641 937 1662 a
955 1635 1045 1671 patre
1066 1642 1178 1665 canere
1191 1634 1291 1666 Simo-

314 1673 398 1703 nidis
414 1682 562 1712 carmen,
586 1675 672 1706 hunc
696 1685 818 1707 morem
849 1678 953 1716 ridet;
982 1682 1051 1710 tum
1070 1681 1206 1720 ,Eschyli
1224 1691 1290 1712 car-

314 1727 387 1749 men
401 1743 409 1757 ,
431 1728 505 1750 eum
532 1725 660 1760 poetam
679 1724 713 1753 ut
731 1723 877 1754 inflatum
891 1727 1070 1758 contemnit
1086 1729 1117 1758 et
1134 1728 1292 1768 Euripidis

314 1773 425 1797 versus
442 1766 556 1798 incesti
570 1768 681 1808 plenos
698 1770 783 1801 canit
802 1780 809 1800 z
835 1771 908 1801 hinc
921 1772 1063 1811 jurgium
1081 1783 1155 1805 cum
1178 1779 1267 1814 patre
1283 1800 1290 1815 ,

314 1821 410 1852 quem
425 1814 571 1845 verberat
586 1818 617 1846 et
634 1817 789 1856 suffocat,
817 1821 1031 1851 1354—1370.
1049 1821 1168 1860 Prodit,
1186 1827 1292 1855 certus

313 1868 347 1890 se
360 1863 444 1891 recte
458 1862 558 1900 egisse
572 1865 603 1894 et
620 1863 761 1902 gaudens
778 1866 930 1897 conviciis
944 1868 1058 1906 patris,
1076 1872 1288 1902 1325—1343.

315 1907 438 1944 Injusto
451 1908 533 1947 λόγῳ
550 1910 716 1948 persuadet
730 1913 811 1950 patri
823 1912 907 1951 juste
922 1916 952 1944 et
966 1922 1058 1954 aequo
1072 1916 1168 1947 modo
1185 1926 1202 1947 a
1219 1918 1292 1950 filiis

314 1956 419 1992 patres
435 1961 527 1985 senes
545 1956 701 1987 verberari
716 1982 723 1995 ,
743 1961 962 1999 1939—l439;
989 1964 1022 1992 at
1035 1962 1074 1993 de
1089 1967 1189 1995 matre
1206 1965 1291 1996 idem

316 1999 514 2039 probaturo,
539 2002 717 2034 exardescit
748 2006 966 2045 Strepsifflles,
995 2011 1206 2043 1440-1447,
1235 2013 1292 2043 Cui

313 2055 353 2077 ne
367 2047 486 2078 auxilio
512 2048 553 2079 sit
582 2049 614 2080 in
649 2051 812 2081 exurendo
841 2053 1068 2092 phrontisterio
1080 2080 1090 2094 ,
1121 2062 1289 2090 caussatur

317 2094 467 2133 pietatem
495 2095 526 2126 in
552 2099 802 2139 prseceptorem,
825 2103 856 2131 et
875 2099 985 2133 irridet
1006 2106 1149 2144 patrem,
1173 2108 1292 2138 1466-

317 2144 405 2171 1471.

271 2186 534 2227 Philadelphus.
556 2190 633 2221 Vide
648 2192 863 2225 Ptolemaeus.

275 2233 451 2265 Philaeneta
463 2258 471 2272 ‚
491 2236 618 2276 mulier,
635 2239 727 2269 Eccl.
747 2241 798 2270 42.

271 2279 447 2311 J'hitaicloe
462 2291 472 2311 .·
492 2290 608 2312 eorum
629 2285 740 2315 Diana
761 2288 958 2319 Brauronia
976 2313 984 2327 ,
1003 2291 1061 2321 Αυ.
1079 2294 1150 2324 874.

271 2326 433 2357 Philemon
450 2330 488 2358 ut
502 2332 701 2368 pcreqrinus
722 2335 976 2374 perstrinyitur,
996 2340 1056 2368 Αυ.
1079 2341 1137 2370 763
1149 2364 1157 2378 ,
1175 2342 1246 2372 762.

272 2372 462 2411 Philemon,
479 2382 573 2405 7101·ae
595 2377 755 2409 comedite
771 2382 889 2419 poeta,
909 2381 1011 2420 filius
1034 2387 1212 2426 DamoniS‚
1232 2391 1290 2428 Sy-

314 2422 471 2450 racusius
487 2422 624 2453 Athenis
648 2425 680 2454 in
699 2426 871 2457 civitatem
891 2432 1043 2468 receptus
1055 2455 1063 2469 ,
1081 2432 1194 2465 (locuit
1209 2438 1291 2467 ante

311 2466 434 2504 olymp.
461 2471 529 2498 113.
547 2471 751 2508 superstites
763 2471 903 2510 falnclce
926 2477 998 2515 eJus
1021 2481 1072 2516 97,
1089 2480 1184 2511 Prol.
1204 2483 1288 2521 III,

312 2513 444 2543 75-78.

271 2557 447 2596 Philepsius
463 2558 584 2591 fabulas
598 2564 706 2593 narrat
721 2566 865 2603 pecuniae
891 2575 1003 2599 caussa
1017 2593 1025 2608 ,
1054 2571 1218 2605 historias
1236 2575 1290 2607 lu-

313 2603 440 2641 dicras,
463 2614 617 2645 paupcr;
631 2611 875 2649 perstrinyitur
892 2621 913 2642 a
927 2615 1073 2647 Platone
1099 2621 1139 2649 ut
1163 2620 1291 2660 loquax

314 2652 345 2679 et
359 2650 550 2690 prodiqiosa
569 2661 740 2693 izarrans;
758 2658 790 2686 et
806 2659 845 2687 ut
863 2659 1053 2699 improbus,
1072 2664 1125 2694 Pl.
1147 2668 1214 2697 177.

273 2695 480 2728 Philetterus
495 2699 613 2728 tertius
624 2699 717 2736 lilius
729 2704 968 2742 Aristophanis
982 2706 1093 2739 (lictus
1107 2718 1127 2740 a
1142 2713 1291 2744 Dica’ar-

315 2742 376 2772 cho
394 2744 506 2783 (quem
530 2745 653 2776 Suiclas
671 2750 836 2787 sequitur,
854 2752 950 2791 XIV,
974 2754 1018 2792 6),
1040 2755 1084 2786 ab
1098 2757 1178 2789 utils
1195 2761 1290 2791 Nico-

315 2791 450 2820 stratus
463 2813 471 2829 ,
489 2791 583 2822 Prot.
613 2794 723 2832 XIII,
746 2798 792 2826 18.

272 2835 437 2875 Philinna,
463 2846 578 2868 nomen
594 2840 766 2879 muliebre,
797 2843 886 2875 Nub.
904 2848 975 2876 684.

274 2881 453 2920 Philinus,
479 2886 583 2923 pater
597 2888 807 2927 summotus,
834 2891 928 2922 Prot.
948 2894 1021 2932 IX,
1039 2903 1073 2934 a,
1092 2899 1152 2935 30,·
1170 2897 1201 2937 b,
1216 2901 1266 2931 46.

273 2927 502 2968 Philippides,
519 2939 614 2962 norae
632 2935 804 2966 comoecliae
817 2940 927 2976 poeta,
948 2941 1042 2972 I’rol.
1065 2944 1136 2981 III,
1155 2947 1204 2976 74.

273 2973 436 3014 Philippus
453 2980 571 3015 orator,
599 2981 735 3020 σθω-9.,
759 2983 808 3020 fr.
831 2987 898 3023 177,
921 2996 954 3018 α.
984 2989 1112 3027 (plurali
1141 2996 1287 3035 numero)

316 3021 449 3061 Philippi
466 3023 608 3065 barbari,
623 3030 742 3058 orator
757 3030 895 3070 loquax,
913 3036 969 3064 Ar.
988 3038 1075 3071 1701,
1098 3041 1184 3070 1703.

274 3066 575 3110 Philippus,(;orgiae
587 3073 681 3111 lilius,
691 3074 847 3113 injudicio
857 3080 1088 3114 condemnatus
1100 3087 1204 3126 l'esp.,
1216 3090 1286 3119 421.

275 3118 477 3159 Philippus,
495 3126 597 3162 patei·
616 3128 852 3167 ,iristoptmnis
867 3156 876 3169 ,
898 3134 986 3164 Prol.
1008 3138 1078 3175 III,
1100 3140 1158 3178 47;
1177 3142 1240 3180 XI,
1263 3147 1288 3182 l,

317 3167 354 3195 34
370 3177 382 3203 ;
400 3169 482 3206 XII,
504 3173 541 3206 1;
569 3173 664 3210 XIV,
681 3177 724 3213 3,·
744 3177 816 3215 ΧΓ,
836 3182 864 3208 2.

275 3209 478 3253 PhIlippus,
502 3216 602 3255 filius
628 3222 865 3261 Aristophanis
880 3249 888 3263 ,
918 3229 1008 3259 Prot.
1027 3231 1089 3268 XI,
1121 3235 1179 3271 78,·
1200 3236 1286 3275 XII,

320 3305 414 3344 tavit,
434 3308 527 3339 Prol.
544 3311 649 3350 XIII,
672 3316 716 3344 15.

276 3350 404 3383 Philisle
415 3376 425 3391 ,
441 3355 578 3387 mulieris
594 3367 727 3400 nomen,
750 3363 878 3396 Thes-m.
896 3370 966 3399 568.

269 3278 272 3283 .
316 3258 373 3295 423
401 3261 475 3299 ΧΓ,
492 3266 556 3300 20;
579 3268 741 3307 comicus,
759 3271 852 3309 XIV,
868 3277 896 3302 6.
921 3274 1048 3307 Eubuli
1065 3277 1199 3315 sabulis
1219 3292 1287 3314 cer·
1313 3289 1326 3426 ι

936 187 1090 224 INDEX
1119 183 1366 223 NOMINUM
1396 184 1460 220 ET
1491 186 1683 225 RERUM.

1355 269 1605 309 Philo,juvenis
1619 296 1628 311 ,
1662 283 1799 313 quocum
1820 284 1974 316 equorum
1993 286 2089 310 cursu
2105 287 2138 310 se
2172 282 2295 313 certare
2320 291 2370 314 so·

1395 317 1495 348 mniat
1509 319 1712 359 Phidippides
1727 324 1762 353 in
1776 324 1929 355 Nubibus
1945 329 1995 356 25.

1354 363 1514 396 Philocleo
1533 375 1630 398 senex
1645 370 1680 399 in
1702 371 1812 409 Vespis
1842 371 1966 403 laborat
1994 373 2105 404 insano
2121 374 2287 413 judicandi
2317 375 2369 406 tu-

1395 420 1466 442 rore
1480 436 1487 450 ‚
1507 413 1561 452 qui
1578 415 1726 454 graphice
1752 416 1957 458 describitur,
1975 423 2006 450 et
2030 430 2047 451 a
2076 421 2142 452 filio
2164 422 2372 462 Bdelycleone

1395 459 1560 499 servisque
1574 463 1758 493 custoditur
1786 465 1951 503 a¹gerrime
1979 467 2011 497 in
2037 468 2133 499 domo
2157 469 2326 500 obstructa
2340 471 2372 500 et

1394 505 1518 537 retibus
1530 508 1634 539 cincta
1646 532 1654 548 ,
1673 513 1826 542 67—135.
1849 516 1955 544 Novas
1974 515 2140 546 machinas
2157 516 2372 556 impigerrime

1395 555 1427 583 et
1453 562 1508 592 per
1528 564 1640 586 omnes
1654 556 1769 588 domus
1790 562 1896 597 partes
1910 562 2013 592 tentat
2025 562 2219 602 effugiendi,
2243 573 2372 595 summa

1395 599 1425 630 di
1433 601 1583 632 l'licultate
1596 612 1613 633 a
1628 603 1692 634 lilio
1707 607 1739 635 et
1753 606 1854 636 servis
1867 608 1998 638 tandem
2011 610 2185 649 coercitus,
2197 614 2370 642 136-210.

1395 647 1488 683 Quod
1504 650 1643 688 nonjam
1658 651 1824 691 prodierit,
1851 653 2010 685 mirantur
2034 664 2126 688 senes
2148 657 2290 697 collegae,
2313 661 2371 689 266

1394 703 1464 734 sqq.
1480 719 1488 733 ,
1506 698 1537 726 et
1552 698 1710 728 cantilena
1727 707 1802 729 eum
1827 704 1964 740 vocant,
1989 706 2048 734 273
2065 712 2161 744 sqq„
2189 705 2221 735 in
2239 714 2301 743 qua
2319 714 2370 745 pa-

1393 742 1550 774 tel'aciunt
1563 754 1659 784 quam
1677 754 1749 776 acer
1770 748 1802 777 et
1814 748 1987 780 vehemens
2007 750 2049 781 sit
2066 751 2176 790 judex.
2193 751 2371 790 Philocleo,

1395 790 1448 829 qui
1466 799 1522 830 per
1544 792 1685 823 foramen
1702 802 1757 824 eos
1779 795 1926 833 audivit,
1954 797 2098 836 queritur
2117 798 2160 829 de
2176 799 2322 830 custodia
2342 802 2375 830 et

1393 840 1591 879 desperantis
1609 843 1685 872 vota
1699 842 1781 880 edit,
1797 844 1961 876 317—332
1976 855 1984 882 ;
2003 846 2121 878 deinde
2136 850 2244 878 narrat
2259 850 2373 888 vespis

1394 895 1427 917 se
1448 887 1531 917 nolle
1547 889 1697 919 convivia
1712 890 1787 929 filii,
1811 892 1843 922 et
1857 891 2086 930 adjuvantibus
2105 894 2142 925 iis
2159 895 2241 925 elabi
2255 897 2371 934 tentat,

1394 935 1469 964 vota
1489 934 1608 966 faciens
1626 939 1709 975 Lyco
1727 936 1828 975 heroi,
1844 941 2019 970 336-394,
2039 940 2099 972 Sed
2117 950 2135 971 a
2153 941 2272 981 servis,
2290 951 2373 981 quos

1393 981 2083 1026 advocatssdelyeleo‚aegerrimeimpeditur,
2096 990 2272 1021 395—452.
2291 990 2373 1020 Filio

1393 1028 1524 1059 tandem
1541 1030 1835 1063 demonstraturum
1849 1041 1883 1064 se
1906 1034 2126 1075 promittente,
2138 1036 2275 1068 derideri
2290 1037 2375 1077 judi-

1394 1084 1446 1105 ces
1462 1084 1479 1105 a
1493 1076 1690 1116 demagogis,
1701 1078 1819 1118 quibus
1837 1080 2008 1112 inscientes
2017 1082 2202 1114 servitutem
2220 1085 2374 1124 serviant,

1393 1121 1562 1153 arbitrium
1596 1126 1754 1163 permittit
1797 1127 1921 1166 Choro,
1959 1128 2101 1167 gladium
2142 1130 2297 1170 arripiens
2340 1131 2374 1162 in

1394 1177 1490 1203 auem
1516 1170 1682 1203 incumbat
1710 1173 1833 1212 rictus,
1872 1176 2048 1206 488-525.
2090 1176 2212 1208 Deinde
2241 1180 2375 1218 exponit

1393 1225 1490 1254 quam
1517 1219 1662 1256 potentes
1689 1222 1752 1251 sint
1779 1220 1925 1259 judices,
1943 1224 2142 1262 quantopere
2164 1232 2276 1256 omnes
2296 1226 2374 1266 ipsis

1394 1262 1611 1304 blandiantur,
1629 1267 1678 1297 vel
1699 1270 1843 1299 oratores
1867 1271 1899 1299 et
1915 1269 1989 1300 Cleo
2001 1294 2010 1308 ,
2034 1273 2152 1310 quanta
2168 1271 2211 1302 sit
2231 1273 2375 1304 suavitas

1394 1309 1424 1340 in
1442 1311 1588 1343 mercede
1603 1313 1773 1353 judiciaria
1788 1339 1799 1353 ,
1816 1318 1974 1355 quantum
1988 1316 2127 1356 denique
2141 1317 2205 1350 sint
2227 1320 2297 1350 Jovi
2315 1320 2375 1360 ipsi

1395 1357 1525 1397 similes,
1542 1361 1719 1392 548-630.
1739 1362 1859 1393 Deinde
1873 1363 1981 1394 minax
1996 1363 2086 1394 audit
2102 1363 2216 1400 filium,
2230 1366 2284 1397 sed
2299 1376 2375 1399 mox

1394 1406 1503 1442 stupet
1520 1414 1559 1437 ne
1576 1406 1734 1438 decimam
1750 1408 1879 1449 quidem
1893 1412 2017 1450 partem
2035 1411 2198 1443 redituum
2226 1413 2373 1446 civitatis

1393 1451 1528 1483 audiens
1567 1453 1729 1493 judicibus
1761 1456 1874 1488 cedere
1916 1457 2117 1498 mercedem,
2152 1462 2211 1491 664
2227 1484 2236 1499 ,
2273 1462 2376 1494 multo

1393 1497 1490 1528 etiam
1512 1501 1613 1539 magis
1630 1524 1638 1539 ,
1667 1510 1768 1541 quum
1789 1503 1925 1536 docetur
1953 1505 2168 1537 instrumenta
2194 1506 2280 1546 ipsos
2304 1518 2376 1540 esse

1393 1544 1641 1585 demagogorum
1653 1569 1660 1580 ,
1677 1548 1731 1587 qui
1749 1549 1774 1579 si
1791 1550 1926 1587 vellent,
1947 1551 2060 1590 viginti
2079 1553 2177 1584 millia
2196 1554 2316 1586 civium
2343 1556 2375 1586 in

1394 1591 1516 1623 deliciis
1534 1593 1640 1624 vivere
1658 1603 1771 1635 posse,
1793 1605 1857 1628 non
1875 1598 1978 1630 tribus
2003 1599 2105 1632 obolis
2127 1601 2215 1640 pasci
2238 1611 2277 1633 ne
2298 1603 2376 1643 ipsis

1394 1640 1524 1679 quidem
1551 1641 1697 1680 diurnis,
1728 1647 1788 1674 696
1816 1653 1867 1685 sq.
1883 1668 1891 1683 ,
1909 1648 2032 1687 7133q.
2063 1648 2277 1680 Nihilominus
2290 1649 2374 1689 judi-

1393 1687 1485 1717 candi
1516 1687 1604 1718 furor
1642 1689 1880 1723 Philocleonem
1910 1701 1974 1723 non
2004 1694 2158 1734 dimittit,
2197 1697 2372 1729 750—759.

1394 1737 1499 1772 Quare
1515 1734 1599 1765 silius
1617 1736 1644 1766 ei
1667 1736 1755 1767 domi
1781 1747 1916 1778 parvum
1943 1740 2082 1773 tribunal
2107 1750 2180 1773 cum
2198 1744 2348 1776 cancellis
2365 1770 2374 1785 ,

1393 1781 1540 1812 mercede
1557 1784 1589 1813 et
1603 1783 1774 1814 simulacro
1791 1786 1866 1824 Lyci
1885 1786 1988 1817 herois
2005 1789 2157 1828 institnit,
2170 1791 2206 1821 ut
2219 1794 2321 1830 satur,
2333 1792 2372 1822 ad

1394 1825 1512 1866 ignem,
1531 1827 1716 1859 febricitans
1730 1829 1811 1861 adeo
1824 1855 1833 1870 ,
1860 1840 1919 1862 nec
1942 1841 2084 1873 unquam
2099 1859 2108 1872 ,
2133 1839 2169 1867 ut
2187 1837 2290 1870 fuerat
2317 1839 2373 1870 ali-

1393 1874 1521 1912 quando
1540 1875 1580 1905 ab
1596 1874 1768 1915 ussisti-ato
1782 1901 1789 1915 ,
1807 1878 1973 1911 fraudatus
1987 1881 2127 1914 triobolo
2141 1884 2286 1923 judicare
2299 1895 2375 1926 pos-

1394 1920 1433 1950 sit
1452 1923 1610 1960 quantum
1636 1923 1714 1953 velit
1736 1923 1776 1954 de
1802 1925 1896 1956 rebus
1918 1927 2106 1959 domesticis
2120 1953 2128 1966 ,
2158 1932 2194 1961 ut
2206 1940 2373 1964 servorum

1393 1966 1536 2005 delictis,
1553 1970 1726 2000 760-834.
1750 1974 1829 2002 Ecce
1849 1973 1948 2004 Labes
1972 1975 2061 2005 canis
2079 1976 2223 2008 Siculum
2242 1987 2373 2011 caseum

1393 2015 1518 2046 furatus
1550 2016 1638 2054 (risle
1667 2017 1760 2049 dicta
1784 2021 1819 2050 in
1847 2022 1977 2062 Laches)
2003 2022 2186 2063 adducitur,
2213 2026 2250 2056 ad
2277 2036 2374 2067 quem

1392 2060 1475 2091 illico
1486 2062 1696 2100 judicandum
1712 2065 1868 2097 Philocleo
1882 2076 2017 2108 propere
2028 2079 2062 2101 se
2077 2075 2255 2112 comparat,
2273 2077 2375 2106 835-

1393 2112 1464 2141 859.
1480 2114 1555 2141 Post
1572 2112 1726 2143 sacrilieia
1744 2117 1775 2144 et
1787 2123 1895 2155 preces
1908 2118 1998 2149 audit
2013 2127 2124 2150 canem
2142 2125 2373 2163 accusatorem,

1392 2157 1456 2188 cito
1479 2158 1538 2188 sihi
1562 2160 1758 2198 persuadens
1778 2162 1823 2193 rei
1839 2162 1956 2195 delicta
1969 2166 2171 2207 indubitata,
2190 2171 2373 2211 891-935,

1392 2206 1425 2234 et
1452 2205 1668 2238 condemnare
1691 2212 1867 2248 properat:
1891 2211 2058 2252 Bdelycleo
2080 2215 2244 2253 aegerrime
2272 2217 2372 2258 impe-

1392 2253 1455 2283 trat
1484 2254 1519 2283 ut
1548 2255 1644 2284 testes
1661 2257 1691 2285 et
1714 2255 1930 2289 defensionem
1949 2260 2063 2292 audire
2084 2261 2180 2301 velit,
2197 2266 2372 2297 936-974.

1394 2299 1521 2337 Quibus
1547 2303 1636 2340 pater
1664 2302 1884 2336 misericordia
1910 2309 2034 2347 tactus,
2061 2308 2271 2342 nihilominus
2296 2320 2374 2344 con-

1391 2345 1602 2378 demnaturus
1619 2351 1668 2379 est
1690 2350 1722 2380 et
1742 2350 1909 2383 mollitiem
1935 2362 2026 2385 suam
2054 2358 2206 2396 accusat,
2233 2366 2292 2389 nec
2310 2360 2373 2391 nisi

1391 2391 1465 2422 dolo
1479 2393 1534 2423 lilii
1553 2394 1692 2426 insciens
1707 2396 1863 2436 absolvit,
1886 2402 2061 2432 975-994.
2077 2406 2183 2442 Quare
2197 2403 2373 2445 deliquium

1391 2439 1513 2478 patitur
1526 2442 1557 2471 et
1571 2441 1647 2472 deos
1660 2443 1741 2482 petit
1752 2445 1788 2475 ut
1801 2446 1928 2477 tantum
1943 2448 2098 2487 flagitium
2116 2450 2176 2481 sibi
2192 2451 2372 2491 ignoscant.

1391 2490 1416 2516 A
1435 2486 1500 2517 filio
1528 2487 1701 2519 abducitur
1726 2491 1764 2520 ad
1796 2491 1909 2522 sestam
1928 2502 2052 2526 coenam
2072 2498 2104 2527 et
2121 2497 2278 2537 reliquum
2295 2500 2374 2532 vitae

1391 2534 1521 2573 tempus
1536 2534 1676 2572 jucunde
1699 2538 1870 2576 agendum,
1889 2542 2086 2573 995-1008.
2106 2543 2241 2576 pallium
2260 2547 2292 2577 et
2310 2547 2372 2578 cal·

1391 2589 1483 2620 ceos,
1512 2585 1644 2622 cogente
1669 2584 1752 2623 filio,
1780 2586 1834 2617 diu
1864 2587 2024 2620 reluctans
2050 2590 2180 2622 tandem
2210 2597 2374 2632 permutat

1391 2638 1532 2666 gaunaco
1546 2630 1635 2660 molli
1649 2633 1680 2662 et
1695 2633 1857 2664 Laconicis
1873 2634 1995 2675 baxeis,
2025 2640 2236 2672 1122—1173.
2251 2641 2373 2674 Deinde

1391 2676 1524 2706 docetur
1543 2685 1560 2706 a
1581 2676 1791 2716 Bdelycleone
1807 2688 1971 2712 sermones
1988 2683 2043 2722 qui
2063 2687 2130 2716 tum
2157 2686 2249 2726 lepidi
2273 2689 2372 2721 habe-

1391 2723 1507 2754 bantur
1524 2725 1555 2754 et
1572 2726 1661 2755 erant
1678 2725 1908 2764 elegantiarum
1925 2728 2109 2769 hominum,
2128 2734 2160 2764 et
2175 2739 2295 2767 morem
2312 2745 2371 2768 no-

1391 2778 1505 2800 vorum
1521 2770 1765 2810 conviviorum,
1788 2775 1999 2807 1174-1249.
2018 2777 2100 2809 Hinc
2121 2779 2161 2810 ad
2182 2782 2370 2815 convivium

1390 2816 1485 2847 ituris
1501 2840 1508 2854 ‚
1528 2816 1610 2847 mala
1636 2822 1794 2849 memorat
1821 2820 1983 2852 Philocleo
2009 2825 2040 2854 et
2060 2833 2171 2864 poenas
2196 2836 2302 2859 rerum
2330 2839 2370 2862 ex

1390 2863 1542 2894 ebrictate
1559 2863 1801 2902 designatarum
1818 2876 1824 2896 :
1844 2867 1898 2898 sed
1923 2868 2008 2900 filius
2025 2871 2094 2902 haec
2109 2881 2183 2904 eum
2205 2874 2300 2908 docet
2325 2877 2368 2907 sa-

1390 2910 1506 2941 cillime
1520 2911 1668 2950 componi
1687 2913 1769 2942 inter
1784 2913 1933 2946 honestos
1941 2919 1972 2947 et
1991 2916 2089 2949 bonos
2105 2920 2203 2960 viros‘,
2218 2924 2249 2953 et
2262 2923 2370 2956 facetis

1389 2957 1588 2989 sermonibus
1614 2961 1645 2989 et
1663 2959 1778 2991 sabulis
1804 2961 1834 2991 in
1856 2962 1955 2994 risum
1978 2964 2157 3003 jucundum
2185 2970 2277 3001 verti.
2305 2975 2369 3003 Hos

1390 3006 1486 3045 igitur
1500 3005 1666 3037 discendos
1682 3007 1743 3038 sihi
1761 3017 1829 3040 esse
1844 3010 1931 3042 videt
1949 3012 2127 3054 Philocleo,
2145 3024 2187 3047 ne
2207 3017 2299 3049 malis
2314 3027 2368 3058 pa-

1390 3052 1480 3083 tratis
1506 3052 1668 3092 puniatur,
1701 3058 1913 3089 1250-1‘264.
1944 3062 1983 3089 At
2006 3060 2038 3091 in
2062 3061 2211 3093 convivio
2238 3072 2367 3097 summa

1391 3099 1550 3138 protervia
1564 3108 1674 3131 omnes
1688 3101 1831 3142 lacessit,
1857 3104 2026 3146 verberat,
2047 3107 2162 3139 sabulis
2181 3109 2299 3150 ineptis
2316 3121 2366 3142 ru—

1390 3146 1467 3176 stice
1484 3146 1654 3185 cavillans,
1680 3151 1902 3188 1299-13‘i:›;
1928 3152 2010 3183 redit
2034 3153 2141 3186 ebrius
2160 3164 2234 3186 curn
2261 3158 2366 3198 taeda,

1391 3201 1500 3223 onmes
1516 3193 1547 3223 in
1565 3194 1616 3224 via
1636 3194 1762 3233 laedens,
1791 3195 1955 3228 tibicinam
1972 3208 2009 3230 ex
2027 3201 2179 3232 convivio
2195 3202 2366 3235 abductam

1390 3240 1593 3280 impudenter
1609 3244 1781 3273 attrectans
1794 3267 1801 3280 ,
1820 3244 2006 3284 indignante
2020 3248 2246 3289 eden-elenae,
2270 3259 2366 3290 quem

1390 3286 1498 3318 irridet
1517 3287 1576 3318 illis
1593 3287 1668 3328 ipsis
1686 3289 1866 3329 elegantiis,
1887 3301 1967 3331 quas
1983 3293 2023 3324 ab
2039 3302 2076 3325 eo
2102 3295 2224 3327 scilicet
2247 3296 2364 3329 didice-

1390 3335 1458 3372 rat,
1483 3337 1695 3366 1326-1387.
1720 3336 1834 3368 lisdem
1856 3338 1973 3370 fabulis
1998 3340 2103 3372 illudit
2131 3342 2290 3382 pamulae,
2312 3344 2364 3375 cui

1390 3390 1487 3421 [1111165
1504 3390 1622 3412 venum
1638 3383 1799 3423 expositos
1816 3384 1972 3424 dejecerat
1988 3411 1997 3427 ,
2022 3391 2236 3429 1388-1414,
2256 3392 2289 3422 et
2311 3390 2364 3422 alii
