2485 3808
872 167 1124 206 SCHOLIA
1162 167 1218 204 IN
1255 167 1456 206 RANAS.

107 265 231 317 βουλῆς
253 260 367 301 αὐτοῖς
387 257 596 308 παρασχεῖν.
618 252 710 302 λέγει
733 251 768 289 δὲ
791 251 846 289 διὰ
871 252 928 289 τὸν
954 249 1139 302 Ἀρχῖνον.]]

158 335 220 360 368.
250 318 421 370 [τελεταῖς
441 327 450 353 :
470 313 523 352 Τὸ
542 312 636 354 τέλος
656 310 786 361 ἑξαχῶς
803 310 958 360 λέγεται·
977 308 1140 359 σημαίνει

104 379 171 431 γὰρ
202 377 241 415 τὸ
268 371 514 427 στρατιωτικὸν
544 370 744 418 σύνταγμα,
771 368 810 405 τὸ
833 371 900 405 τῶν
922 367 1138 420 πραγμάτων

104 437 228 489 πέρας,
239 434 299 479 τὴν
311 433 384 474 ταῖς
394 430 534 468 πόλεσιν
546 430 718 480 φοιτῶσαν
732 426 900 478 πρόσοδον
910 456 919 474 ,
932 426 971 463 τὸ
985 425 1120 475 ἀξίωμα
1131 455 1141 471 ,

67 508 84 531 5
103 497 148 538 ὡς
168 491 358 544 Εὐριπίδης
380 493 564 536 [Sophocles
580 493 683 532 Antig.
700 487 748 537 67]

360 586 422 618 τοῖς
439 583 469 613 ἐν
485 582 562 613 τέλει
582 581 696 621 βεῧῶσι
714 579 873 619 πείσομαι.

103 668 141 706 τὸ
161 666 370 716 δαπάνημα,
389 667 435 707 ὡς
454 667 472 701 ὁ
489 662 589 705 αὐτὸς

291 758 388 798 μάτην
412 758 469 797 γὰρ
486 756 562 796 οἴκῳ
576 756 630 786 σὸν
653 754 714 786 τόδ’
733 752 841 789 ε’κδαίη
854 753 949 787 τέλος.

105 837 165 874 καὶ
181 835 242 882 τὴν
264 833 434 884 μυστικὴν
453 832 511 869 καὶ
531 831 619 868 οὕτω
639 829 814 868 τελοποιὸν
838 826 973 880 ἑορτήν.
993 826 1068 863 ὅθεν
1084 824 1144 862 καὶ

55 904 88 928 10
105 899 127 941 ἡ
144 892 264 938 τελετὴ
283 891 420 942 λέγεται
435 890 494 928 καὶ
507 891 695 934 τελεῖσθαι,
712 887 751 924 τὸ
766 888 926 936 μυεῖσθαι
947 885 1007 923 καὶ
1027 883 1143 921 τελού-

107 969 220 1004 μενοι,
243 954 272 988 οἱ
293 950 336 988 τὰ
357 947 509 999 μυστικὰ
529 947 607 992 ἤτοι
626 948 700 983 θεῖα
719 944 971 994 διδασκόμενοι.
997 952 1036 982 Θ.
1063 958 1080 981 a
1097 959 1142 981 m.

107 1025 170 1048 sec.
189 1008 292 1060 Υἱοὶ]

158 1080 220 1105 369.
251 1064 432 1115 (τούτοισιν
452 1063 596 1100 ἀπαυδῶ
620 1074 628 1099 :
651 1059 757 1112 Παρὰ
774 1059 838 1106 τὴν
857 1063 918 1098 τοῦ
941 1059 1143 1112 ἱεροφάντου

107 1124 169 1162 καὶ
191 1122 360 1176 δᾳδούχου
376 1120 566 1174 πρόρρησιν
584 1118 646 1165 τὴν
667 1120 702 1156 ἐν
719 1121 762 1170 τῇ
780 1117 921 1170 ποικίλῃ
943 1121 1057 1171 στοᾷ.)

159 1193 223 1219 372.
253 1179 358 1231 χώρει
379 1183 436 1215 νῦν
459 1191 467 1216 :
488 1177 668 1229 [Εἴσθεσις
685 1175 787 1228 ἑτέρα
809 1175 933 1226 μέλους
956 1192 1144 1230 μονοστρο-

105 1241 206 1290 φικοῦ
227 1237 450 1288 διαιρεθέντος
465 1239 524 1273 τοῦ
542 1238 666 1287 χοροῦ,
688 1236 726 1272 ἐκ
744 1232 866 1272 κώλων
884 1236 1143 1273 ἀναπαιστικῶν

107 1301 148 1342 ι’,
171 1290 218 1334 ὧν
239 1294 283 1333 τὰ
304 1293 366 1345 μὲν
384 1293 475 1345 ἄκρα
494 1293 553 1330 καὶ
572 1292 611 1330 τὸ
631 1293 658 1330 δ’
675 1292 735 1329 καὶ
751 1294 776 1329 ε’
794 1291 939 1344 δίμετρα
958 1292 1143 1339 ἀκατάλη-

104 1368 187 1400 κτα,
202 1352 241 1390 τὸ
264 1351 299 1390 δὲ
323 1351 478 1402 δεύτερον
503 1350 563 1388 καὶ
588 1349 685 1387 ἕκτον
713 1352 943 1402 ἑφθημιμερῆ.
970 1350 1009 1388 τὸ
1030 1350 1142 1403 τρίτον

103 1410 164 1448 καὶ
182 1410 221 1448 τὸ
241 1410 358 1462 ὄγδοον
385 1409 529 1461 δίμετρα
557 1407 892 1460 βραχυκατάληκτα.
912 1407 957 1445 τὰ
977 1406 1012 1445 δὲ
1038 1408 1143 1446 λοιπὰ

52 1482 87 1507 20
103 1468 269 1521 τρίμετρα
291 1466 533 1514 καταληκτικὰ
559 1469 606 1510 εἷς
635 1465 828 1512 συλλαὸήν.
857 1466 932 1512 ἑξῆς
963 1466 999 1504 δὲ
1029 1467 1144 1518 στίχοι

105 1526 167 1565 δύο
185 1525 434 1564 ἀναπαιστικοὶ
452 1524 677 1578 τετράμετροι
691 1524 944 1571 καταληκτικοὶ
961 1527 1007 1568 ὡς
1027 1525 1061 1569 ἐξ
1077 1526 1144 1563 ἑτέ-

106 1601 167 1638 ρας
184 1588 345 1637 στροφῆς.
367 1584 423 1622 ἐπὶ
438 1585 488 1636 τῷ
501 1582 591 1620 τέλει
605 1582 865 1642 παράγραφοςᾙ
883 1585 1034 1621 ἐντεῦθεν
1054 1584 1143 1636 Ἀρί-

104 1658 255 1695 σταρχος
273 1641 440 1688 ὑπενόησε
461 1641 509 1691 μὴ
529 1640 608 1679 ὅλου
629 1645 688 1678 τοῦ
707 1644 813 1692 χοροῦ
834 1645 921 1678 εἰναι
939 1640 982 1678 τὰ
1003 1645 1139 1694 πρῶτα.

103 1704 204 1738 τοῦτο
223 1699 258 1738 δὲ
281 1701 342 1738 οὐκ
363 1698 570 1743 ἀξιόπιστον.
591 1699 758 1742 πολλάκις
776 1697 843 1750 γὰρ
870 1699 1033 1745 ἀλλήλοις
1053 1700 1142 1738 οὕτω

52 1777 87 1801 25
104 1757 400 1811 παρακελεύονται
413 1759 456 1807 (οἱ
472 1757 550 1808 περὶ
564 1756 621 1794 τὸν
637 1756 767 1809 χορόν).
778 1780 830 1785 —-
843 1759 911 1794 τῶν
927 1758 1003 1794 καθ’
1021 1757 1141 1813 ᾍδου.

105 1818 136 1854 οἳ
155 1819 214 1853 τοῦ
233 1819 338 1867 χοροῦ
358 1815 400 1853 δὲ’
417 1814 546 1865 μύσται
568 1815 731 1861 ἀλλήλοις
749 1815 1057 1867 παρακελεύονται.
1078 1825 1116 1854 R.

175 1887 221 1912 74.
253 1872 424 1925 ἐγκρούων
465 1887 474 1912 :
506 1873 654 1922 (Βαίνων
688 1872 876 1925 εὐρύθμως.
915 1872 937 1919 ἢ
976 1874 1053 1911 ἀντὶ
1083 1879 1142 1913 τοῦ

105 1931 313 1980 ἐκὸάλλων.)
334 1953 385 1959 -
405 1931 483 1976 ἤτοι
504 1930 641 1981 βάλλων
661 1930 683 1976 ἢ
707 1930 846 1981 βαίνων.
866 1938 904 1968 R.

157 2001 219 2026 376.
249 1988 434 2040 ἠρίστηται
452 2002 461 2026 ;
481 1985 639 2039 Ἄριστον
655 1987 839 2039 γεγένηται
856 1988 894 2026 τὸ
910 1991 971 2034 τῆς
990 1991 1140 2036 τελετῆς.

53 2062 88 2087 30
106 2045 198 2096 ἔμὸα
216 2045 272 2096 δὲ,
295 2041 373 2083 ἀντὶ
395 2049 454 2083 τοῦ
470 2045 605 2098 χόρευε.

157 2117 222 2142 377.
251 2102 385 2155 χόρευε.
405 2110 441 2140 R.
458 2111 498 2141 V.

157 2174 222 2199 378.
253 2162 359 2213 αἱρεῖς
374 2160 436 2205 τὴν
457 2160 635 2212 Σώτειραν
653 2174 660 2199 :
682 2155 781 2209 (οῖον
798 2160 945 2212 ὗψώσεις
958 2167 1026 2205 τοῖς
1041 2163 1141 2200 ἐπαί-

105 2219 201 2266 νοις.)
222 2217 313 2256 ἔστιν
333 2217 495 2264 Ἀθήνησι
516 2218 639 2264 Ἀθηνᾶ
658 2217 817 2270 Σώτειρα
830 2219 1004 2269 λεγομένη
1017 2250 1026 2266 ,
1045 2215 1142 2272 ᾗκαὶ

106 2276 254 2315 θύουσιν.
275 2296 321 2301 —
344 2274 472 2326 χῶπως
494 2276 601 2328 αἴρεις
621 2289 631 2314 ;
654 2275 786 2314 Σκόπει
811 2275 903 2319 ὅπως
926 2278 1141 2328 μεγαλύνεις.

54 2350 88 2375 :35
110 2342 144 2372 C.
164 2333 293 2385 χῶπως
312 2333 410 2387 αἴρῃς
428 2347 437 2372 :
460 2333 531 2372 Καὶ
549 2333 670 2371 σκόπει
685 2333 777 2377 ὅπως
797 2333 950 2386 ὑψώσῃς.
967 2344 1009 2373 D.

158 2405 222 2432 379.
253 2391 376 2442 μέλπω
396 2391 564 2441 μολπάζω
583 2395 629 2435 ὡς
644 2392 760 2445 τρέχω
774 2394 890 2445 τρόχω
909 2393 1080 2446 τροχάζω.
1102 2404 1140 2434 V.

158 2463 220 2489 380.
249 2451 296 2492 εἷς
314 2448 435 2487 νέωτα.
453 2457 490 2486 R.
507 2458 547 2492 V,

158 2521 222 2547 381.
251 2510 270 2545 ὁ
287 2506 353 2560 γὰρ
370 2507 521 2559 πόλεμος
538 2510 632 2561 αὐτῷ
653 2508 852 2548 ἐλυσιτέλει.
871 2516 909 2546 R.
927 2518 967 2547 V.
985 2518 1027 2548 M.

159 2578 222 2604 382.
250 2564 363 2618 ἕτερον
383 2565 523 2619 τρόπον.
542 2574 579 2603 Β.
594 2575 634 2604 V.

159 2636 222 2663 384.
251 2623 417 2677 Δήμητερ
439 2639 448 2664 :
473 2624 652 2677 [Εἴσθεσις
680 2624 779 2684 ἑτέρα
806 2624 931 2675 μέλους
957 2642 1142 2679 μονοστρο-

108 2685 207 2734 φικοῦ
220 2683 259 2719 ἐκ
274 2681 396 2720 κώλων
412 2683 586 2733 ἷαμὸικῶν
607 2683 690 2720 δέκα
701 2699 709 2706 ·
732 2686 779 2720 ὧν
796 2683 834 2721 τὸ
849 2683 1008 2733 πέμπτον
1025 2686 1085 2723 καὶ
1104 2687 1143 2724 τὸ

109 2738 252 2777 δέκατον
265 2741 483 2792 ἑφθημιμερῆ
503 2741 742 2793 Ἀνακρεόντια
752 2771 762 2788 ,
778 2741 822 2779 τὰ
834 2741 868 2779 δὲ
879 2743 984 2780 λοιπὰ
999 2743 1142 2797 δίμετρα

109 2795 354 2843 ἅκατάληκτα,
383 2792 431 2835 ὧν
459 2800 652 2837 τελευταῖον
689 2817 704 2833 «
735 2822 754 2828 -
793 2799 951 2846 κῆσαντα
993 2807 1142 2841 ταινιοῦ-

109 2856 200 2891 σθαι.
221 2871 237 2886 ³·
257 2852 333 2899 ἑξῆς
352 2853 388 2891 δὲ
413 2857 457 2898 ὡς
479 2856 513 2900 ἐξ
529 2856 646 2909 ἑτέρας
673 2860 822 2909 στροφῆς
846 2860 943 2896 κῶλα
968 2861 1140 2913 τέσσαρα,

57 2929 92 2953 45
109 2906 156 2949 ὧν
171 2910 211 2948 τὸ
226 2913 360 2963 πρῶτον
375 2911 434 2949 καὶ
450 2912 488 2950 τὸ
502 2913 614 2965 τρίτον
632 2915 799 2964 ἷαμὸικά·
812 2916 852 2954 τὸ
869 2917 931 2966 μὲν
946 2918 1140 2972 τρίμετρον,

109 2969 147 3007 τὸ
165 2969 200 3006 δὲ
221 2969 389 3022 δίμετρον.
409 2970 453 3006 τὰ
472 2970 507 3008 δὲ
525 2971 630 3009 λοιπὰ
646 2973 819 3025 τροχαῑκὰ
837 2974 982 3027 δίμετρα
1005 2979 1141 3029 βραχυ-

108 3026 333 3074 κατάληκτα,
361 3027 568 3080 ἷθυφαλλικὰ
595 3030 792 3080 καλούμενα
823 3032 1055 3085 Ἀρχιλόχεια.
1084 3035 1140 3072 ἐπὶ

108 3087 158 3137 τῷ
176 3083 267 3122 τέλει
282 3085 517 3138 παράγραφος.
535 3085 553 3137 Έ
573 3110 623 3115 -
644 3087 788 3140 δίμετρα
809 3091 1037 3138 ἀκατάληκτα
1058 3095 1141 3143 ἰαμ-

111 3141 204 3180 ὅικά.
222 3142 284 3185 ἕως
303 3145 364 3179 τοῦ
385 3159 399 3175 ν.
416 3141 465 3184 τίς
485 3141 546 3185 σὰς
560 3144 725 3196 παρήειρε
745 3146 879 3198 φρένας.
903 3166 917 3181 »
934 3155 973 3185 V.
988 3157 1032 3186 M.

58 3213 92 3239 50
162 3213 227 3238 388.
255 3202 380 3237 παῖσαι
400 3212 409 3237 t
427 3198 544 3252 ‘'Onep
560 3202 659 3249 ἡμεῖς
676 3202 806 3246 παῖξαι.
822 3203 982 3257 υΟμηρος
1001 3212 1075 3253 [Οά.
1097 3216 1140 3255 Θ,

110 3262 174 3304 251]
197 3276 211 3291 τι
228 3257 396 3303 παίσατε,
416 3256 461 3300 ὥς
479 3259 514 3309 χ’
533 3261 551 3294 ὁ
571 3257 682 3302 ξεῖνος.
699 3276 712 3293 υ
733 3284 783 3289 -
802 3254 926 3300 παῖσαι
948 3277 956 3302 :
976 3265 1065 3303 Ἀντὶ
1080 3271 1140 3304 τοῦ

109 3313 231 3359 παῖξαι
254 3315 427 3358 Ἀττικῶς.
455 3322 535 3352 I'ict.

39 2626 90 2662 ἰο

2160 181 2232 214 287

1255 265 1317 289 393.
1347 255 1559 289 ταινιοῦσθαι
1594 266 1602 290 :
1641 252 1730 290 ’Λντὶ
1750 257 1809 292 τοῦ
1836 261 2097 308 στεφανοῦσθαι.
2122 263 2237 301 ταινία

1199 309 1265 361 γὰρ
1285 309 1322 347 τὸ
1340 310 1463 362 ῥάμμα
1481 314 1540 347 τοῦ
1564 311 1744 362 στεφάνου.

1254 382 1317 407 305.
1348 369 1404 405 τὸν
1422 372 1547 420 ὡραῖον
1566 382 1574 407 :
1598 369 1668 407 Τὸν
1692 370 1781 407 κατὰ
1797 374 1914 424 καιρὸν
1933 377 2136 428 φαινόμενον
2153 381 2239 419 Διό-

1199 440 1321 462 νυσον·
1354 427 1448 476 [ἐπεὶ
1475 426 1532 463 τὸν
1555 427 1672 478 καιρὸν
1697 431 1758 464 τοῦ
1784 429 1882 482 ἔαρος
1903 432 1964 476 τὰς
1989 437 2107 488 ἑορτὰς
2134 441 2240 479 αὐτοῦ

1201 477 1296 532 ἦγον,
1325 484 1384 521 χαὶ
1409 484 1453 521 τὰ
1478 484 1616 534 κωμικὰ
1643 485 1803 536 δράματα
1825 490 1859 525 ἓν
1885 491 2026 537 ταύταις
2046 496 2238 551 εἰσήγετο]
2259 507 2277 531 ⁵

1202 561 1241 566 —
1262 541 1317 591 ἄγ’.
1338 536 1392 578 εἶα
1417 556 1425 580 2
1448 544 1562 579 Τοῦτο
1582 541 1693 591 λέγει,
1710 544 1847 592 ἐπειδὴ,
1865 547 1920 585 ὅτε
1943 550 2071 599 ἔδευον,
2093 556 2163 593 ἀπὸ
2182 563 2240 595 τοῦ

1204 600 1424 649 Κεραμεικοῦ
1449 601 1496 642 εἷς
1515 599 1700 637 Ἐλευσῖνα
1726 602 1954 654 προέπεμπον
1978 609 2036 647 τὸν
2061 613 2239 653 Διόνυσον.

1203 662 1286 693 Vict.

1255 726 1318 751 396.
1349 713 1561 765 ξυνοδευτῆν.
1578 727 1617 756 V.

1228 784 1320 830 m‘³9⁵3.
1350 772 1491 826 [Ἴακχε
1515 791 1523 815 :
1550 778 1707 820 Εἴσθεσις
1732 777 1846 830 ἑτέρου
1877 780 2000 829 μέλους
2020 784 2243 837 διαιρεθέντος

1204 832 1299 872 αὐθις
1323 834 1383 867 τοῦ
1403 838 1525 884 χοροῦ,
1545 837 1582 873 ἐκ
1609 835 1730 873 κώλων
1757 837 2011 875 ὀκτωκαίδεκα·
2032 835 2078 878 ὧν
2107 843 2150 881 τὰ
2179 847 2241 895 μὲν

1204 892 1247 933 α’,
1271 891 1314 939 β’,
1334 890 1378 939 δ’,
1397 892 1441 937 ς’,
1460 892 1517 939 ιδ’,
1536 902 1592 945 ιγ’,
1618 895 1658 932 ιε’
1673 894 1840 947 τρίμετρα
1861 899 2121 943 καταληκτικά·
2139 903 2182 941 τὰ
2207 906 2242 943 δὲ

1203 951 1249 995 γ’,
1272 949 1317 992 η’,
1341 948 1381 993 θ’,
1410 950 1451 986 ιδ’
1479 951 1623 1004 δίμετρα
1651 953 1891 998 ἀκατάληκτα.
1918 955 1961 992 τὰ
1987 957 2021 994 δὲ
2045 959 2084 1006 ε’,
2112 963 2167 1008 ια’,
2199 965 2242 1007 ις’

1203 1003 1263 1040 καὶ
1288 1004 1326 1041 τὸ
1341 1006 1536 1046 τελευταῖον
1560 1010 1728 1062 τρίμετρα
1755 1011 1995 1058 ἀκατάληκτα.
2022 1017 2066 1054 τὰ
2086 1020 2111 1062 ζ’
2138 1020 2197 1057 καὶ
2221 1022 2242 1058 ι’

1204 1063 1435 1116 ἕφθημιμερῆ.
1462 1066 1500 1104 τὸ
1529 1067 1565 1105 δὲ
1595 1069 1635 1113 ιζ’
1662 1069 1893 1122 τετράμετρον
1920 1075 2188 1121 καταληκτικόν.
2208 1081 2243 1117 ἐν

1202 1122 1278 1163 ταῖς
1301 1122 1486 1161 ἇποθέσεσι
1502 1128 1570 1163 τῶν
1596 1127 1829 1177 συστημάτων
1848 1129 2110 1186 παράγραφος]

1258 1180 1480 1231 μεμιγμένως
1505 1183 1596 1234 λέγει
1625 1184 1670 1222 τὰ
1699 1184 1761 1235 μὲν
1787 1185 1873 1237 πρὸς
1895 1187 1953 1225 τὸν
1978 1191 2117 1242 Ζαγρέα
2143 1193 2244 1233 Ἴακ-

1202 1252 1277 1288 χον,
1299 1237 1342 1275 τὰ
1357 1238 1392 1276 δὲ
1411 1240 1498 1293 πρὸς
1513 1242 1569 1279 τὸν
1586 1242 1762 1281 Διόνυσον.
1781 1250 1820 1280 V.

1257 1308 1320 1335 399.
1351 1299 1594 1338 συνακολούθει
1611 1314 1618 1339 :
1636 1303 1774 1351 Τοῦτο,
1793 1301 1868 1339 ἐπεὶ
1890 1303 2064 1343 ὁδεύουσιν
2090 1309 2160 1347 ἀπὸ
2186 1315 2245 1349 τοῦ

1206 1355 1425 1406 Κεραμεικοῦ
1443 1358 1489 1400 εἷς
1506 1357 1690 1397 Ἐλευσῖνα
1710 1359 1973 1412 προπέμποντες
1990 1364 2047 1402 τὸν
2066 1367 2242 1409 Διόνυσον.

1205 1410 1262 1461 [τὸ
1289 1410 1323 1448 δὲ
1350 1412 1430 1451 ἄνευ
1457 1414 1562 1453 πόνου
1594 1415 1727 1462 πολλὴν
1752 1416 1830 1454 ὁδὸν
1849 1419 2039 1470 περαίνεις,
2065 1426 2141 1463 ἀντὶ
2169 1432 2245 1474 τοῦ,

1205 1469 1278 1518 μεθ’
1299 1472 1398 1520 ἡμῶν
1416 1470 1463 1509 ὢν
1482 1474 1602 1526 ῥᾳδίαν
1619 1474 1710 1512 πάνυ
1731 1474 1792 1521 τὴν
1813 1475 1889 1512 ὁδὸν
1910 1479 2076 1525 ποιήσεις.
2095 1482 2116 1529 ἢ
2142 1484 2193 1522 ὅτι
2211 1487 2245 1523 ἐν

2264 794 2296 818 10

2265 1389 2299 1413 20

1204 1527 1273 1569 τοῖς
1287 1534 1380 1572 ναοῖς
1395 1530 1594 1583 διατρίὲων,
1610 1535 1638 1570 εἷ
1654 1533 1794 1585 φανείης
1810 1536 1894 1582 ἡμῖν
1911 1535 2245 1590 ἐξαίφνηςέπιχαλε-

1205 1585 1386 1635 σαμένοις,
1417 1589 1562 1626 ἐνταῦθα
1589 1589 1705 1634 δείξεις
1729 1590 1790 1633 τὰς
1815 1591 1911 1636 ὁδοὺς
1937 1595 2016 1633 ἄνευ
2045 1598 2149 1637 πόνου
2178 1603 2247 1645 τοῖς

1204 1642 1289 1684 θεοῖς
1309 1649 1492 1683 ποιεῖσθαι.
1523 1646 1638 1684 πάντα
1666 1647 1734 1700 γὰρ
1761 1649 1876 1691 αὐτοῖς
1902 1653 2040 1701 εὐπετῆ.
2063 1678 2109 1683 —
2131 1658 2245 1698 πάντα

1203 1699 1269 1752 γὰρ
1289 1703 1415 1749 εὐπετῆ
1434 1704 1518 1755 φασὶ
1535 1711 1606 1748 τοῖς
1626 1710 1723 1751 θεοῖς.
1744 1715 1835 1746 Cant.
1856 1708 1906 1760 2.]

1256 1771 1321 1797 400.
1351 1759 1413 1806 τὴν
1428 1761 1634 1815 Δήμητραν.
1656 1773 1696 1802 V.

1257 1828 1322 1855 401.
1355 1819 1526 1870 περαίνεις
1551 1834 1559 1858 :
1581 1821 1729 1873 Εἴρηται
1757 1823 1823 1877 γὰρ
1852 1825 1902 1863 ὅτι
1932 1825 1966 1870 ἐξ
1987 1826 2117 1873 ἄστεως
2143 1831 2248 1886 μέγρι

1205 1873 1402 1918 Ἐλευσῖνος
1412 1876 1544 1922 πολλὴν
1556 1878 1633 1915 ὁδὸν
1643 1880 1838 1931 πορεύεται.
1854 1891 1893 1920 V.
1914 1884 1982 1922 ἀπὸ
1999 1885 2129 1931 ἄστεως
2143 1878 2247 1943 μέχρι

1205 1931 1410 1976 Ἐλευσῖνος.
1429 1942 1466 1971 R.
1483 1937 1608 1983 τελεῖς,
1628 1937 1759 1991 διέρχῃ.
1778 1941 1913 1992 εἴρηται
1929 1942 1996 1995 γὰρ
2011 1943 2063 1981 ὅτι
2077 1945 2111 1990 ἐξ
2126 1935 2246 1993 ἅστέος

1204 1991 1251 2032 εἷς
1265 1990 1449 2030 Ἐλευσῖνα
1469 1994 1681 2046 ἐπορεύοντο.
1713 2005 1795 2036 sict.

1255 2060 1319 2085 404.
1351 2047 1391 2085 σὺ
1412 2049 1478 2102 γὰρ
1498 2053 1698 2103 κατεσχίσω
1720 2068 1728 2093 :
1750 2053 1844 2094 Ἴσον
1868 2060 1918 2110 τῷ
1941 2058 1997 2096 διὰ
2019 2059 2056 2097 σὲ
2077 2063 2247 2114 κατεσχί-

1204 2108 1282 2152 σθη.
1310 2105 1443 2157 εἴρηται
1467 2108 1532 2161 γὰρ
1552 2112 1569 2147 ὃ
1599 2111 1699 2155 αὐτὸς
1730 2111 1871 2166 Ἴακχος
1898 2119 1947 2169 τῷ
1971 2118 2126 2171 Διονύσῳ
2155 2108 2246 2159 κατά

1203 2178 1308 2205 τινας.
1329 2166 1377 2216 τῷ
1392 2164 1426 2201 δὲ
1441 2167 1597 2220 Διονύσῳ
1615 2171 1648 2206 αἱ
1669 2172 1851 2220 κωμῳδίαι
1868 2173 2080 2213 ἀνάκεινται.
2099 2176 2189 2215 ἔοικε
2210 2179 2246 2217 δὲ

1203 2221 1455 2273 παρεμφαίνειν
1477 2223 1529 2261 ὅτι
1553 2226 1654 2269 λιτῶς
1670 2227 1736 2274 ἤδη
1764 2232 1965 2282 ἐχορηγεῖτο
1984 2234 2053 2276 τοῖς
2074 2237 2244 2282 ποιηταῖς.
2264 2262 2299 2287 35

1206 2279 1274 2328 (ἐπὶ
1294 2285 1374 2329 γοῦν
1400 2284 1460 2318 τοῦ
1487 2283 1642 2321 Καλλίου
1664 2286 1784 2324 τούτου
1809 2289 1912 2340 φησὶν
1931 2290 2168 2342 Ἀριστοτέλης
2194 2294 2246 2333 ὅτι

1204 2335 1327 2373 σύνδυο
1348 2336 1439 2381 ἔδοξε
1455 2344 1616 2392 χορηγεῖν
1639 2342 1683 2380 τὰ
1699 2345 1866 2383 Διονύσια
1887 2348 1956 2391 τοῖς
1980 2352 2169 2403 τραγῳδοῖς
2185 2353 2246 2390 καὶ

1203 2397 1397 2447 κωμῳδοῖς·
1427 2397 1516 2436 ὥστε
1542 2399 1623 2444 ἴσως
1645 2396 1686 2448 ἦν
1710 2419 1761 2446 τις
1788 2405 1847 2442 καὶ
1878 2406 1959 2458 περὶ
1985 2408 2043 2446 τὸν
2070 2411 2244 2456 Ληναῖκὸν

1204 2454 1321 2503 ἀγῶνα
1348 2456 1516 2503 συστολὴ,
1538 2458 1653 2510 χρόνῳ
1677 2460 1706 2497 δ’
1730 2460 1870 2515 ὕστερον
1897 2466 1934 2501 οὐ
1957 2467 2077 2519 πολλῷ
2102 2484 2168 2506 τινι
2186 2470 2245 2508 καὶ

1203 2511 1364 2556 καθάπαξ
1389 2516 1542 2566 περιεῖλε
1568 2518 1737 2564 Κινησίας
1759 2520 1820 2565 τὰς
1845 2523 2030 2574 χορηγίας·
2057 2525 2091 2570 ἐξ
2118 2522 2158 2564 οὗ
2183 2528 2242 2566 καὶ
2263 2558 2298 2583 40

1204 2569 1375 2622 Στράττις
1395 2573 1428 2609 ἐν
1444 2576 1494 2625 τῷ
1516 2573 1683 2623 εἷς’ἀύτὸν
1708 2578 1860 2630 δράματι
1881 2583 1945 2634 ἒφῆ
1971 2587 2082 2630 σκηνῆ
2100 2585 2162 2634 μὲν
2182 2591 2242 2624 τοῦ

1202 2629 1412 2680 χοροκτόνου
1446 2633 1640 2684 Κινησίου.)
1666 2658 1717 2664 -·
1748 2636 1769 2683 ἢ
1803 2637 1920 2682 οὕτως.
1954 2642 2154 2694 κατηρτίσω
2181 2644 2242 2681 καὶ

1203 2686 1331 2738 σχιστὰ
1350 2690 1560 2740 ὑποδήματα
1578 2693 1720 2746 φορέσαι
1740 2696 1919 2742 ἐποίησας.
1940 2705 1978 2735 R.

1255 2758 1319 2783 406.
1350 2746 1410 2783 καὶ
1429 2744 1472 2785 τὸ
1487 2749 1588 2801 ῥάκος
1607 2765 1615 2789 :
1639 2750 1721 2790 ’Έτι
1736 2753 1880 2791 δύναται
1893 2755 1952 2791 καὶ
1972 2760 2084 2794 ταῦτα
2101 2757 2162 2804 τὴν
2181 2761 2242 2796 αὐ-

1203 2801 1265 2847 τὴν
1282 2802 1419 2841 ἔννοιαν
1435 2805 1539 2857 ἔχειν.
1557 2803 1663 2859 ’ῥάκος
1688 2809 1722 2847 δὲ
1743 2813 1773 2848 οἱ
1793 2810 1855 2861 μὲν
1881 2812 1920 2849 τὸ
1942 2813 2133 2864 τριὸώνιον,
2154 2818 2185 2854 οἱ
2205 2816 2240 2854 δὲ

1202 2859 1240 2897 τὸ
1253 2868 1480 2912 προσωπεῖον,
1501 2862 1551 2902 ὅτι
1568 2866 1688 2916 ῥάκεσι
1703 2870 1975 2909 κατακολλᾶται.
1988 2893 2041 2899 —
2054 2872 2110 2910 ἐπὶ
2125 2874 2241 2911 εὐδαι-

1203 2918 1306 2970 μονίᾳ
1324 2919 1408 2971 πρὸς
1422 2921 1459 2958 τὸ
1473 2924 1635 2963 εὐτελεῖν.
1650 2932 1687 2961 R.
1701 2933 1741 2962 V.

1254 2988 1319 3015 407.
1349 2977 1400 3014 ὅτι
1421 2979 1561 3025 σύνηθες
1577 2976 1618 3027 ἦν
1637 2981 1676 3019 τὸ
1697 2983 1877 3033 ἐπιλέγειν,
1899 2985 2000 3022 ὁπότε
2017 2987 2187 3026 ἐπαινοῖέν
2207 3006 2239 3028 τι

1201 3032 1223 3079 ἢ
1246 3037 1519 3087 συνομολογοῖεν,
1532 3040 1592 3076 καὶ
1605 3040 1758 3084 Εὔπολις
1772 3041 1917 3086 Κόλαξι.
1936 3043 1995 3080 καὶ
2009 3046 2043 3082 ἐν
2063 3047 2133 3090 τοῖς
2152 3047 2238 3101 πρό-

1202 3100 1278 3134 σθεν
1302 3102 1425 3134 κεῖται.
1447 3103 1486 3132 V.
1506 3104 1547 3133 M.

1253 3168 1317 3193 408.
1348 3154 1416 3191 ἀπὸ
1436 3158 1494 3192 τοῦ
1512 3154 1641 3196 ἄστεως
1655 3155 1757 3209 μέχρι
1771 3157 1979 3202 Ἐλευσῖνος,
2000 3167 2039 3197 V.

1252 3225 1314 3249 410.
1344 3212 1419 3249 ἀντὶ
1435 3215 1494 3249 τοῦ
1511 3211 1578 3263 πρὸ
1595 3212 1710 3262 ὀλίγου
1723 3243 1732 3258 ,
1753 3214 1886 3265 ἀρτίως.
1907 3223 1944 3253 R.

1253 3282 1316 3307 411.
1349 3269 1570 3321 συνεχόρευον
1589 3269 1655 3322 γὰρ
1673 3271 1730 3307 καὶ
1746 3274 1780 3308 αἱ
1800 3274 1968 3321 γυναῖκες.
1996 3284 2032 3312 R.
2052 3284 2092 3313 V.

1251 3339 1314 3363 414.
1345 3326 1422 3378 [καὶ
1443 3326 1517 3376 μετ’
1537 3328 1642 3373 αὐτῆς
1660 3340 1667 3365 :
1689 3329 1802 3366 Τοῦτο
1819 3330 1903 3382 πρὸς
1916 3331 1953 3369 τὸ
1974 3332 2044 3369 ἅνω
2064 3333 2120 3381 τὸ,
2144 3349 2231 3384 συμ-

2265 1676 2299 1700 25

2266 1970 2301 1996 30

2259 2847 2294 2872 45

2257 3135 2292 3159 50
