2485 3808
877 191 1133 231 SCHOLIA
1169 191 1230 230 IN
1266 192 1529 241 EQUITES.

137 293 235 344 χανῶ
273 289 364 328 κατὰ
410 291 470 326 τοῦ
518 286 692 333 Κλέωνος,
743 285 800 323 ἵνα
843 287 950 324 αὐτοῦ
989 286 1168 338 περιγένῃ.

137 349 253 387 κοίλων
297 347 332 386 83
368 345 407 384 τὸ
451 345 615 397 σγοινίον.
653 346 824 396 τροπικῶς
858 343 894 381 δε
933 347 979 388 ὡς
1017 345 1073 383 ἐπὶ
1114 348 1174 382 τοῦ

137 409 235 446 ἱστου
265 406 369 456 λέγει.
401 405 531 442 ἄπλουν
567 419 605 441 σε
632 404 684 440 δεῖ
710 402 753 440 τὰ
782 402 933 474 ἄρμενα,
963 407 1031 442 οἷον
1064 403 1178 441 πάντα

138 468 242 504 κινεῖν
281 463 368 516 ὓπερ
401 479 461 502 του
495 460 734 514 περιγενέσθαι
780 463 898 500 αὐτοῦ.
942 461 1102 513 [θούριον
1145 460 1180 498 83

105 525 264 574 ελῆμα,
297 522 502 575 ὁρμητικὸν,
541 519 651 571 ταχὺ,
689 520 892 566 πηδητικὸν,
930 519 1179 570 πολεμικώτα-

137 597 210 622 τον.
254 580 314 619 καὶ
355 585 469 629 [soph.
504 589 550 627 Aj.
585 583 650 624 212]
703 577 834 630 Θούριος
884 577 988 625 Αἴας,
1046 577 1181 630 θούριος

137 639 253 693 Ἄρης.
273 638 427 680 ποικίλος
448 636 501 683 83,
519 638 536 673 ὁ
550 636 607 675 ἐπὶ
629 635 742 674 πολλὰ
763 636 825 682 τὴν
840 636 983 687 γνώμην
1004 636 1126 687 ἄγων]

191 711 256 736 759.
283 698 351 734 κάκ
374 697 443 733 τῶν
470 695 663 746 ἀμηχάνων
689 708 698 733 2
726 695 793 733 Ἐκ
818 697 886 732 τῶν
913 694 1053 746 ἀπόρων
1078 693 1182 731 εὐπό-

140 771 216 809 ρους
247 753 405 808 ἀφορμὰς
442 753 502 791 καὶ
536 753 751 806 εὐαφόρμους
781 753 841 790 καὶ
875 751 1089 799 εὐσυνέτους,
1113 751 1175 789 λό-

90 825 123 850 10
140 830 210 865 γων
249 813 424 866 εὐπορίας.
461 813 590 864 [ταῦτα
629 811 666 850 83
701 811 799 864 παρὰ
842 810 887 848 τὰ
923 812 958 848 ἐν
1000 813 1182 862 Προμηθεῖ

142 871 320 924 Αἰσχύλου
338 871 405 922 [59]

328 965 422 1000 δεινὸς
432 964 490 1004 γὰρ
505 965 600 1004 εὑρεῖν
611 963 667 998 κάξ
678 961 848 1003 ἀμηχάνων
859 960 998 1003 πόρους]

196 1060 262 1086 760.
291 1045 375 1099 πρὸς
414 1045 510 1082 ταυθ’
542 1043 634 1086 ὅπως
668 1042 738 1080 ἔσει
774 1041 884 1081 :Aah
921 1046 1032 1079 ταυτα
1074 1040 1180 1094 φρόν-

143 1107 215 1149 τιζε
254 1104 347 1146 ὅπως
381 1100 588 1152 ἐπεξελεύσῃ
631 1101 690 1138 καὶ
728 1073 891 1152 λαμπρὸς
929 1100 1027 1151 δόξῃς
1076 1105 1181 1147 εἰναι,

91 1181 122 1206 15
143 1162 304 1214 [πλήρης
323 1159 434 1212 λόγων
450 1159 512 1197 καὶ
541 1158 771 1212 φρονήματος.
786 1159 800 1210 ]
821 1157 911 1196 ἀλλὰ
928 1159 1105 1212 φυλάσσου
1122 1158 1182 1196 καὶ

141 1219 309 1273 ἐπιτήρει.

194 1291 259 1318 762.
289 1276 366 1321 τοὺς
399 1277 559 1330 δελφῖνας
590 1275 798 1329 μετεωρίζου
836 1289 845 1316 :
880 1275 1007 1329 Δελρις
1038 1275 1180 1337 ὄργανον

141 1335 314 1376 ναυτικόν.
349 1335 554 1388 μετεωρίζου
595 1335 651 1382 83,
680 1334 856 1373 τουτέστιν
893 1337 940 1378 εἷς
973 1334 1056 1388 υψος
1093 1339 1180 1388 αἶρε.

142 1395 218 1433 ἐπεὶ
252 1394 313 1432 καὶ
339 1410 407 1432 των
445 1393 643 1432 θαλασσίων
679 1392 845 1445 δελφίνων
884 1393 1081 1444 πηδήματα
1116 1410 1182 1444 με-

88 1470 124 1496 20
142 1453 267 1505 τέωρα.
296 1453 472 1505 μέμνηται
503 1452 540 1490 83
572 1452 633 1490 καὶ
660 1451 876 1498 Θουκυδίδης
908 1457 957 1500 [7,
978 1458 1040 1499 41].
1096 1431 1181 1491 ’Ᾰλ-

140 1515 220 1557 λως.
237 1513 352 1565 δελφὶς
367 1511 544 1565 εἶξάρτημα
561 1513 630 1549 τῶν
659 1513 757 1550 νεῶν.
786 1511 1038 1563 ἀγκυρώματα.
1094 1509 1182 1550 Ἄλ-

140 1574 222 1616 λως.
271 1572 432 1623 σιδηροῦν
485 1569 766 1620 κατασκεύασμα
817 1570 839 1616 ἢ
887 1569 1085 1620 μολίὸδινον
1135 1571 1182 1614 εἷς

141 1630 283 1682 δελφῖνα
317 1627 632 1680 ἐσχηματισμένον.
668 1631 769 1665 τοῦτο
801 1627 835 1665 83
873 1630 912 1666 ἐκ
947 1631 1010 1674 τῆς
1042 1627 1184 1681 κεραίας

140 1691 201 1726 τοῦ
238 1689 336 1726 ἱστοῦ
382 1689 419 1724 αἱ
467 1690 712 1738 ναυμαχοῧσαι
748 1686 895 1739 ἠφίεσαν
935 1688 982 1730 εἷς
1016 1686 1078 1730 τὰς
1114 1690 1181 1724 τῶν

87 1758 123 1784 25
139 1746 329 1797 πολεμίων,
354 1745 414 1783 καὶ
441 1744 660 1784 κατεδύοντο,
685 1746 849 1790 δηλοῦται
877 1743 912 1782 δὲ
938 1744 998 1782 καὶ
1026 1744 1091 1782 ὑπὸ
1109 1747 1182 1784 Φε-

141 1803 324 1858 ρεκράτους
364 1805 399 1842 ἕν
435 1804 506 1846 τοῖς
535 1803 702 1856 Ἀγρίοις,
742 1802 823 1841 ὅταν
854 1802 937 1855 λέγῃ
971 1821 986 1838 ιι
1023 1805 1041 1840 ὁ
1069 1801 1106 1841 83
1141 1802 1182 1850 δὴ

142 1861 258 1916 δελφίς
281 1864 355 1901 ἐστι
383 1861 585 1912 μολιὸδοῧς,
620 1861 858 1914 δελφινοφόρος
880 1877 918 1899 τε
942 1865 1126 1914 κεροῦχος,
1148 1861 1183 1906 ὃς

141 1922 298 1975 διακόψει
337 1921 505 1974 τοῦδαφος
543 1923 655 1959 αὐτῶν
701 1921 886 1972 ἐμπίπτων
930 1922 990 1959 καὶ
1024 1922 1182 1960 καταδύ-

139 1996 200 2020 ων.
227 1999 244 2014 n
268 1981 327 2019 καὶ
346 1980 563 2027 Θουκυδίδης
588 1979 832 2033 δελφινοφόρον
863 1979 986 2033 εἴρηκε
1014 1979 1077 2028 τὴν
1099 1985 1181 2018 ναῦν

86 2047 122 2073 30
140 2038 356 2092 ἐξηρτῆσθαι.

191 2098 255 2145 τὴν
289 2098 418 2136 ἄκατον
457 2097 690 2151 παραὸάλλου
725 2111 734 2136 :
776 2097 948 2148 Ἑτοίμην
982 2098 1095 2147 ποίει,
1137 2102 1183 2143 ὡς

141 2156 174 2195 εἴ
189 2173 240 2201 τις
254 2156 407 2200 κίνδυνος
423 2159 463 2195 ἐκ
476 2160 536 2194 τοῦ
556 2156 684 2207 ἀνέμου
703 2156 811 2203 αὐτὴν
831 2157 1084 2207 ἐμὸησόμενος.

194 2229 259 2254 765.
291 2215 467 2267 βέλτιστος
508 2214 596 2267 ἀνὴρ
630 2228 639 2253 :
679 2214 809 2258 Εὔνους
845 2215 905 2253 καὶ
941 2215 1089 2267 ἄριστος.
1125 2219 1180 2255 ἓν-

141 2278 258 2313 τευθεν
287 2275 380 2312 δοκεῖ
406 2289 464 2323 μοι
493 2289 553 2311 και
569 2273 795 2323 Δημοσθενης
826 2279 871 2321 [p.
905 2279 970 2319 225]
995 2276 1065 2327 ι’)ρε
1068 2275 1183 2321 ληθεις

87 2347 124 2373 35
141 2333 181 2372 τὸ
199 2332 376 2386 προοίμιον
397 2331 603 2384 εἷληφέναι’
588 2348 622 2370 εν
642 2348 691 2383 τῳ
709 2348 790 2403 περι
809 2348 868 2370 του
889 2332 1058 2370 στεοάνου
1075 2333 1180 2386 λόγῳ.

141 2392 226 2445 φησὶ
246 2390 313 2443 γὰρ
338 2407 445 2434 ουτως
461 2409 477 2424 ιι
496 2406 632 2443 πρωτον
651 2390 724 2440 μὲν,
748 2393 776 2427 ὠ
793 2390 988 2438 ἫΑθηναῖοι,
1006 2392 1075 2434 τοῖς
1096 2396 1181 2435 Θεοῖς

142 2468 158 2485 «ι
179 2449 432 2501 εὔχομαιπᾶσι
461 2449 520 2486 καὶ
545 2449 694 2499 πάσαις,
723 2449 807 2496 ὅσην
831 2448 965 2487 εὔνοιαν
995 2449 1087 2501 ἔχων
1114 2451 1182 2502 ἐγω

142 2527 159 2542 ιι
181 2509 328 2546 διατελῶ
344 2511 387 2560 τῇ
403 2507 513 2545 πόλει.
529 2526 545 2542 »

195 2566 284 2617 μετὰ
317 2565 495 2606 Λυσικλέα
534 2580 543 2604 :
579 2567 757 2612 Λυσικλῆς
787 2568 834 2608 ὥς
867 2565 1182 2618 προέατοκάπηλος

87 2635 124 2662 40
143 2625 355 2672 διεὸέὸλητο.
382 2624 502 2664 Κύννα
526 2623 562 2662 83
579 2625 638 2663 καὶ
662 2623 887 2676 Σαλαὸάκχα
909 2627 977 2662 τῶν
1001 2628 1180 2676 θαυμαζο-

142 2683 255 2735 μένων
274 2682 464 2736 ἑταιρίδων.

192 2756 260 2782 766.
290 2740 398 2792 μηδὲν
426 2740 557 2794 δράσας
585 2755 595 2781 ;
626 2740 746 2788 Μηδὲν
778 2741 1054 2793 διαπραξάμενος
1082 2743 1180 2796 ἔργον

142 2802 326 2838 σπουδαῖον
349 2801 408 2838 καὶ
434 2799 538 2851 μέγα.
567 2816 651 2853 φησι
676 2800 742 2853 γὰρ
767 2800 818 2837 ὅτι
851 2800 907 2838 επὶ
932 2802 1097 2851 μεγάλοις
1122 2819 1182 2840 κα-

140 2858 341 2910 τορθώμασι
362 2857 424 2904 τὴν
442 2857 548 2908 τιμὴν
567 2857 696 2904 ταύτην
723 2859 897 2905 Ἀθηναῖοι
883 2861 1083 2919 παρεῖχον
1104 2863 1176 2905 τοῖς

90 2929 126 2953 45
145 2915 271 2966 ἀγαθόν
286 2931 319 2953 τι
335 2916 600 2966 εὖεργετήσασιν
628 2916 763 2960 αὐτούς.
785 2921 843 2954 νῦν
864 2921 922 2954 οὖν
947 2918 1102 2956 σκώπτει
1122 2936 1179 2957 τον

143 2972 310 3019 Κλέωνα,
328 2974 372 3010 δι’
390 2977 438 3012 ων
464 2974 567 3012 αὐτὸν
595 2977 830 3025 ὁμολογοῦντα
857 2977 966 3022 ποιεῖ,
996 2992 1048 3014 οτι
1073 2977 1179 3027 μηδὲν

143 3030 417 3083 διαπραξάμενος
431 3036 590 3077 ,τοιοῦτον
615 3033 727 3086 ἔργον,
754 3036 815 3080 τῆς
841 3035 876 3071 ἐν
902 3035 1098 3087 πρυτανείῳ
1124 3052 1180 3074 σι-

144 3089 274 3137 τήσεως
293 3089 469 3140 μετέσχεν.

194 3161 260 3187 767.
290 3147 546 3194 ἀντιὸεὸληκὼς
571 3162 580 3188 2
601 3149 693 3187 Ἀντὶ
724 3154 804 3197 τοῦ,
831 3150 915 3203 πρὸς
943 3150 1022 3202 βίαν
1051 3153 1180 3202 ἀγωνι-

92 3215 128 3242 50
145 3205 295 3257 ζόμενος.
319 3205 454 3257 εἴρηται
481 3205 517 3243 83
536 3207 604 3244 ἀπὸ
625 3210 693 3245 τῶν
711 3208 789 3249 τοὺς
807 3209 936 3253 ἵππους
955 3210 1179 3258 ἐλαυνόντων,

142 3260 167 3310 ἢ
181 3266 249 3302 τῶν
265 3262 404 3306 τούτους
418 3263 562 3309 ἇὸηναις
573 3265 754 3305 ἑλκόντων.
811 3266 955 3311 Ἄλλως.
971 3269 1176 3319 ἀνθιστάμε-

143 3338 199 3366 νος
215 3325 286 3366 τοῖς
310 3322 438 3359 ἀδικεῖν
463 3337 500 3358 σε
519 3323 812 3374 προαιρουμένοις.
841 3327 1094 3379 διαπρισθείην,
1123 3329 1171 3370 εἷς

145 3380 233 3433 μέρη
252 3378 542 3433 λωροτομηθείην.

1203 3397 1211 3423 Ι

2225 213 2267 244 61

1288 302 1350 326 768.
1380 290 1571 328 λέπαδναῖ
1593 291 1638 329 Οἱ
1662 294 1761 336 στηθι
1765 297 1833 330 αῖοι
1860 294 1965 346 λῶροι
1980 294 2022 345 [ἢ
2043 297 2074 333 οἱ
2097 299 2278 358 μασχαλι-

1237 361 1340 398 στηρε
1326 363 1358 390 ς
1388 363 1455 384 τιιν
1474 347 1619 399 ἵππιμιν]
1642 352 1742 387 τοῦτο
1769 349 1804 388 δὲ
1835 353 1880 394 ὡς
1911 353 2140 404 βυρσοπώλης
2166 360 2275 396 εἶπεν.

1237 403 1380 448 Ἄλλως.
1412 406 1608 444 λεπτότατα
1636 423 1696 444 και
1729 410 1774 452 εἷς
1803 409 1918 447 πολλὰ
1951 411 2039 462 μέρη
2067 413 2272 465 διῃρημένα.

1238 462 1307 500 ἀπο
1328 462 1363 500 δὲ
1380 467 1438 500 τοῦ
1459 463 1672 515 τεμνομένου
1688 466 1824 516 χείλους
1844 470 1886 518 τῇ
1908 476 2088 522 αεταφορα
2111 474 2178 508 τῶν
2195 474 2275 509 ὀνο-

1239 520 1358 570 μάτων
1374 522 1570 573 εχοῆσατο,
1587 523 1720 568 παίζων
1742 527 1827 575 ὁμου
1848 526 1906 563 καὶ
1926 529 1971 570 εἰς
1988 544 2051 574 την
2070 528 2195 580 τέχνην
2215 535 2277 568 τοῦ
2296 547 2313 571 5

1239 577 1435 622 Κλέωνος
1417 580 1474 616 οιὰ
1494 596 1556 623 τας
1575 582 1881 632 κατατεμνομένας
1902 584 2043 637 βύρσας.
2066 587 2213 624 λείπει
2195 602 2230 626 03
2252 591 2275 635 ἡ

1239 637 1303 683 εἷς,
1318 635 1360 673 ιν’
1382 641 1422 688 ᾗ,
1444 639 1490 680 εἷς
1508 639 1676 678 λέπαδνα.

1293 708 1359 734 769.
1391 697 1419 733 εἷ
1443 696 1491 745 μή
1510 712 1548 734 σε
1569 699 1658 749 φιλῶ
1690 712 1699 736 :
1733 697 1884 743 Ἔπαιξε
1913 702 2088 739 κανταῧθα
2117 704 2280 751 τοιούτοις

1239 753 1385 803 ὀνόμασι
1411 752 1466 790 διὰ
1485 753 1524 791 τὸ
1552 754 1715 807 μάγειρον
1745 757 1845 794 αὐτὸν
1872 762 1971 794 εἶναι.
1989 767 2150 811 πειρᾶται
2178 762 2212 800 83
2234 766 2280 806 εἱς

1240 811 1384 855 ἕκαστος
1411 813 1523 850 αυτῶν
1555 815 1687 862 μαλ)οι
1710 817 1859 867 φανῆναι
1880 831 1938 853 τον
1959 817 2068 867 δῆμον
2095 820 2254 871 οιλων,’
2240 822 2280 858 ιν’

1240 869 1356 907 εὔνουν
1377 872 1490 908 ἑαυτῶ
1509 872 1771 924 κατασκευάσῃ.

2302 832 2333 856 ΙΟ

1293 942 1359 967 770.
1390 929 1539 981 ἐροίμην
1569 930 1603 966 ἐν
1646 953 1665 966 ι
1641 930 1958 1003 zptxosstLJJ-mn'mq:
1987 933 2071 975 Τοῖς
2099 937 2280 988 περιαιρέ-

1241 1002 1406 1036 μασιτων
1423 1002 1543 1035 κρεων.
1562 988 1722 1040 ἑψηθείην
1737 1004 1794 1026 ουν
1812 1005 1873 1026 συν
1891 992 2006 1034 αὐτοῖς
2025 993 2279 1043 περικόμμασι.

1293 1048 1346 1083 κεί
1377 1045 1425 1096 μὴ
1457 1045 1625 1083 τούτοισιν
1840 1047 1972 1092 τούτοις
2006 1053 2096 1102 ἀρχῇ
2128 1053 2181 1089 τοῖ’
2182 1069 2197 1095 ς
2221 1068 2282 1125 ρη-

1241 1119 1360 1154 μασιν,
1380 1103 1439 1142 καὶ
1460 1106 1490 1141 εἰ
1514 1104 1561 1155 μὴ
1587 1104 1780 1152 πιστεύεις,
1806 1107 1909 1159 φησὶ,
1930 1108 2041 1161 τούτῳ
2068 1125 2132 1159 μου
2155 1127 2204 1148 τιι)
2224 1113 2282 1165 ὅρ-

1239 1179 1301 1215 κω,
1317 1162 1471 1214 ὀμουμαί
1485 1179 1537 1201 σοι
1551 1163 1610 1201 καὶ
1627 1164 1741 1216 ε’τερον
1755 1164 1866 1238 ὅρκον
1871 1165 2021 1216 μείζονα.
2043 1168 2117 1218 [επὶ
2135 1171 2283 1217 ταυτησὶ

1242 1221 1279 1260 δε
1299 1226 1394 1269 εἰπε,
1411 1238 1474 1268 την
1489 1222 1663 1275 τράπεζαν
1684 1223 1813 1266 δεικνὺς
1831 1240 1892 1270 την
1912 1241 1962 1275 μα
1964 1241 2134 1277 κειρικην.
2138 1228 2151 1278 ]

1294 1294 1359 1319 771.
1391 1280 1695 1327 κατακνησθείην;
1718 1281 1978 1330 Καταξεσθείην
1996 1286 2043 1327 εἷς
2065 1285 2167 1336 ἷιτχανα
2194 1287 2282 1338 μέρη

1239 1338 1299 1377 καὶ
1316 1338 1541 1385 ἀναλωθείην.
1562 1338 1621 1376 καὶ
1641 1343 1740 1377 τοῦτο
1769 1339 1804 1377 δε
1831 1340 1900 1378 ἀπὸ
1929 1344 1991 1388 τῆς
2019 1342 2144 1393 τέχνης
2166 1345 2285 1397 παρεί-

1240 1399 1328 1450 ληὀε
1357 1413 1418 1444 της
1447 1399 1563 1435 αὐτου.
1593 1397 1668 1448 [καὶ
1692 1396 1855 1451 ”Ομηρος
1880 1404 1932 1445 [ΙΙ.
1963 1408 2009 1447 A,
2037 1406 2102 1448 639]
2123 1420 2138 1435 «
2158 1418 2282 1449 κνηστι

1239 1456 1434 1508 χαλκείῃ.»
1457 1456 1635 1506 μυττωτὸν
1653 1457 1688 1494 83
1708 1457 1747 1494 τὸ
1765 1460 1833 1494 τῶν
1851 1458 2024 1510 σκορόδων
2041 1459 2198 1512 τρίμμα
2193 1461 2282 1500 μετὰ

1239 1519 1343 1576 τυροῦ
1362 1530 1422 1552 και
1442 1514 1557 1553 ἐλαίου
1574 1531 1632 1553 και
1650 1516 1786 1565 μέλιτος
1800 1531 1860 1553 και
1876 1517 2022 1568 πράσου.
2027 1519 2064 1568 ]
2059 1534 2228 1557 μυττωτω
2244 1520 2281 1558 83

1241 1567 1484 1618 εἰπεπαίζων’
1471 1589 1551 1617 ισως
1561 1573 1690 1627 πρὸςτὸ
1705 1574 1912 1627 (Ομηρικόν.
1926 1574 2014 1626 [εστι
2027 1575 2089 1614 83
2075 1577 2281 1648 υπότριμαα

1241 1632 1298 1669 διὰ
1325 1632 1503 1685 σκορόδου.
1524 1633 1823 1677 κατασκευάζεται
1844 1632 1880 1670 83
1902 1633 1972 1671 ἀπὸ
1992 1650 2096 1687 τυρου
2117 1651 2176 1674 και
2196 1652 2282 1675 σκο-

1648 1060 1656 1085 :
1681 1048 1725 1085 Εἰ
1757 1047 1805 1098 μὴ

2303 1132 2334 1157 15

1242 1690 1340 1743 ρόδου
1365 1691 1424 1728 καὶ
1444 1692 1535 1741 ὠοῦ,
1556 1690 1615 1728 καὶ
1631 1692 1746 1729 ἐλαίου
1769 1691 1829 1729 καὶ
1848 1691 2014 1743 πράσου.]

1293 1763 1358 1788 772.
1388 1749 1544 1802 κρεάγρᾳ
1579 1763 1587 1788 ;
1620 1743 1722 1793 Εἶδος
1751 1749 1930 1802 ἐργαλείου
1957 1756 2160 1804 μαγειρικοῦ
2191 1755 2282 1807 χειρὶ

1240 1808 1444 1860 παρεοικὸς,
1469 1808 1572 1858 μόνον
1602 1807 1861 1858 ἐγκεκαμμένον
1886 1807 1964 1851 τοὺς
1981 1809 2188 1858 δακτύλους,
2209 1814 2284 1849 ἀνι-

1243 1858 1345 1916 placa
1362 1864 1406 1903 τὰ
1423 1865 1526 1910 ζεστὰ
1541 1864 1598 1903 διὰ
1614 1864 1653 1902 τὸ
1670 1864 1732 1908 τὰς
1751 1871 1871 1918 χεῖρας
1887 1865 2056 1904 καίεσθαι.
2074 1868 2227 1921 κρεάγρα
2247 1870 2284 1907 83

1241 1924 1376 1977 εἴρηται
1396 1923 1465 1961 ἀπὸ
1488 1927 1549 1962 τοῦ
1569 1923 1613 1962 τὰ
1633 1923 1718 1975 κρέα
1738 1923 1783 1960 τὰ
1801 1924 1858 1961 ἐπὶ
1877 1930 1947 1968 τοῖς
1965 1924 2110 1974 λέὸησιν
2128 1927 2283 1980 ἀγρεύειν

1240 1982 1300 2020 καὶ
1321 1985 1490 2020 ἀνασπᾶν.
2303 2016 2337 2041 m

1294 2040 1486 2093 ὀρχιπέδων
1512 2054 1520 2079 :
1545 2044 1657 2080 Τοῦτο
1685 2042 1751 2092 οὐχ
1771 2040 1906 2087 ἁπλῶς,
1931 2041 2008 2079 ἀλλ’
2036 2044 2093 2095 ἀφ’
2113 2045 2283 2096 ἱστορίας,

1241 2101 1287 2142 ὡς
1307 2099 1367 2137 καὶ
1389 2099 1497 2146 αὐτὴν
1522 2099 1584 2146 τὴν
1602 2099 1744 2137 κόλασιν
1766 2102 1834 2143 τοῖς
1851 2101 2013 2152 πονηροῖς
2033 2103 2282 2154 προσαγόντων

1240 2161 1308 2195 τῶν
1330 2158 1530 2205 Ἀθηναίων.

1294 2218 1340 2259 εἷς
1363 2216 1583 2269 Κεραμεικόν
1609 2230 1618 2255 :
1646 2217 1763 2260 Τόπος
1784 2216 1974 2263 Ἀθηναίων
1996 2219 2026 2255 οἱ
2049 2221 2279 2271 Κεραμεικοί.

1241 2277 1324 2312 θεῶν
1338 2274 1382 2312 τὰ
1393 2275 1581 2325 ἀγάλματα
1594 2277 1704 2313 ἐκεῖσε
1715 2275 1894 2327 ἱδρυμένα.
1936 2273 2081 2319 Ἄλλως.
2095 2279 2204 2328 δῆμος
2219 2284 2280 2327 τῆς

1242 2333 1410 2379 Ἀττικῆς.
1429 2333 1488 2371 δύο
1504 2334 1541 2371 83
1557 2333 1770 2386 Κεραμεικοὶ
1786 2333 1978 2380 Ἀθήνησιν·
1993 2335 2025 2385 [ὃ
2037 2335 2098 2385 μὲν
2111 2336 2204 2375 ἔνδον
2220 2342 2281 2385 τῆς

1240 2392 1389 2438 πόλεως,
1410 2394 1428 2428 ὃ
1449 2391 1483 2429 83
1508 2391 1585 2436 ἔξω.
1612 2392 1692 2430 ἔνθα
1718 2392 1777 2429 καὶ
1795 2390 1874 2434 τοὺς
1893 2393 1928 2428 ἓν
1954 2392 2099 2445 πολέμῳ
2115 2396 2282 2443 τελευτή-

2301 2307 2336 2332 35

1241 2466 1367 2493 σαντας
1387 2449 1534 2488 ἔθαπτον
1558 2450 1712 2502 δημοσία
1733 2450 1792 2488 καὶ
1819 2465 1897 2492 τους
1925 2451 2126 2502 ἐπιταρίους
2145 2467 2201 2491 εΛε
2203 2470 2279 2505 γον

1240 2509 1305 2546 εἰσὶ
1322 2508 1357 2545 δὲ
1378 2508 1468 2546 ἔνθεν
1486 2509 1546 2547 καὶ
1563 2509 1656 2547 ἔνθεν
1676 2509 1836 2555 στηλαι’
1822 2523 1879 2544 επι
1896 2510 1967 2551 τοῖς
1983 2509 2136 2562 δημοσία
2153 2515 2284 2562 τεθαμ-

1241 2566 1353 2616 μένοις
1371 2566 1513 2618 ἔχουσαι
1530 2568 1609 2604 ἓπιν
1597 2566 1723 2620 ραερὰς
1739 2582 1806 2604 που
1823 2566 1966 2609 ἕκαστος
1980 2566 2162 2606 τέθαπται.
2165 2570 2227 2620 ]ἐν
2247 2570 2282 2608 83
2300 2597 2340 2622 40

1239 2628 1319 2663 τω(
1305 2649 1321 2663 3
1323 2624 1412 2677 τέρῳ
1428 2626 1518 2672 ἠσάν
1533 2642 1570 2663 τε
1591 2642 1650 2663 και
1670 2641 1756 2677 προε
1761 2624 1948 2670 ιστῆκεσαν
1969 2627 2004 2662 αἱ
2024 2625 2160 2678 πόρναι.

1292 2697 1356 2723 775.
1385 2700 1462 2727 τους
1474 2684 1502 2722 δ’
1520 2684 1542 2722 ἅ
1544 2697 1662 2736 γγων;
1679 2684 1824 2731 Δηλοῖ
1807 2682 1862 2720 οιὰ
1875 2682 2004 2720 τούτων
2018 2700 2086 2721 των
2103 2686 2281 2735 ὀνομάτων

1239 2742 1278 2780 τὸ
1299 2742 1409 2793 βίαιον
1431 2759 1492 2789 της
1509 2758 1748 2789 απαιτησεως,
1770 2742 1800 2779 εἴ
1823 2757 1896 2784 πως
1910 2741 2048 2779 δύναιτο
2070 2749 2189 2781 πεῖσαι
2204 2745 2282 2789 τοὺς

1240 2801 1438 2847 Ἀθηναίους
1455 2801 1503 2851 μὴ
1519 2805 1606 2839 εἶναι
1620 2817 1700 2854 περι
1714 2800 1773 2844 τὰς
1791 2798 1996 2844 ἀπαιτησεις
2009 2802 2076 2837 των
2090 2803 2278 2841 πολιτικων

1238 2859 1432 2912 χρημάτων
1455 2863 1582 2912 βαρεῖς.

1294 2921 1469 2967 μεταιτῶν
1492 2930 1500 2956 2
1519 2916 1610 2959 Τοὺς
1636 2915 1684 2966 μὴ
1711 2914 1909 2967 ὀφείλοντας
1927 2914 2096 2959 δηλονότι.
2116 2918 2221 2969 λῆρον
2242 2920 2277 2957 δὲ

2297 2885 2332 2911 ⁴5

1240 2975 1381 3021 ἐποίησε
1398 2975 1453 3012 διὰ
1465 2979 1525 3021 τῆς
1536 2973 1797 3016 ἀνταποδόσεως
1810 2972 1849 3010 τὸ
1865 2971 1977 3022 νόημα
1989 3002 1998 3019 ,
2013 2973 2120 3011 εἰπὼν
2136 2975 2188 3013 ὅτι
2201 2977 2278 3021 τοὺς

1241 3033 1302 3084 μὲν
1327 3033 1414 3084 μετὰ
1444 3034 1520 3085 βίας
1542 3032 1768 3085 εἰσέπραττον
1788 3034 1856 3069 τῶν
1869 3046 1895 3082 7
1899 3032 2176 3082 ρεωστουμένων,
2201 3036 2278 3080 τοὺς

1239 3093 1274 3130 δὲ
1293 3091 1341 3142 μὴ
1359 3091 1559 3144 ὀφείλοντας
1579 3091 1761 3142 μετ-ᾔτουν.

1291 3164 1354 3190 776.
1384 3152 1421 3188 οὗ
1440 3150 1624 3203 φροντίζων
1642 3164 1650 3188 z
1673 3150 1725 3188 Τὸ
1744 3147 1929 3199 λεγόμενον
1946 3148 2096 3186 τοιοῦτόν
2116 3152 2219 3190 ἐστιν.
2238 3154 2272 3189 ἐν
2293 3174 2327 3198 50

1239 3208 1386 3261 δευτέρῳ
1403 3208 1465 3255 τὴν
1495 3208 1580 3261 πρὸς
1597 3207 1676 3251 τοὺς
1698 3206 1836 3250 ἰδιώτας
1855 3204 2044 3257 ἀπέχθειαν
2068 3209 2272 3260 ἐποιούμην,

1238 3267 1338 3305 ἕνεκα
1354 3271 1412 3305 τοῦ
1428 3269 1711 3319 ἀποθεραπεῦσαι
1730 3265 1793 3312 τὴν
1813 3263 1928 3302 πόλιν.

1291 3340 1353 3365 778.
1381 3326 1502 3378 ἄρτους
1512 3325 1732 3377 ἀλλοτρίουςε
1747 3322 1838 3366 Τοὺς
1853 3321 1972 3374 βιαίως
1988 3323 2269 3375 ἀφαιρουμένους.

1238 3384 1390 3423 σκώπτει
1414 3384 1449 3422 δὲ
1475 3384 1534 3422 τὸν
1554 3383 1722 3431 Κλέωνα,
1741 3380 1810 3420 ἀπὸ
1837 3382 1904 3419 τῶν
1932 3380 2121 3432 ἀλλοτρίων
2141 3384 2271 3434 φιλοτι-
