2533 3808
253 236 329 271 502>

296 316 484 355 intelligunt,
502 315 674 350 725—736‚
687 312 916 351 hortanturque
926 319 1034 342 senem
1051 312 1085 340 ut
1101 309 1140 340 ad
1154 317 1263 340 sanam

295 365 433 393 mentem
451 361 559 392 redeat
575 362 606 390 et
621 367 724 389 mores
741 360 856 394 mutet,
871 359 1044 389 743—749.
1061 360 1094 387 Iu
1109 355 1265 387 sacrificio

296 409 495 447 gratulantur
510 406 590 446 patri
606 408 636 435 et
654 404 718 435 filio
734 404 820 444 quod
843 405 876 435 in
892 404 1023 443 gratiam
1045 401 1216 440 redierint,
1234 403 1265 431 et

296 455 469 494 Apollinem
486 455 577 483 orant
593 454 628 483 ut
644 450 799 490 judicium
816 451 855 482 de
874 451 989 482 Labete
1006 459 1154 490 prospere
1175 447 1266 480 cedat

294 499 369 540 ipsis
383 500 422 530 ab
437 507 541 530 errore
557 497 695 528 liberatis
706 520 714 535 ,
733 500 893 530 863-874
909 522 917 536 ,
935 500 966 529 et
979 498 1043 536 jam
1059 494 1265 535 agnoscenti-

294 545 352 577 bus
368 554 441 576 vere
455 544 553 575 amari
567 545 721 584 populum
737 553 755 575 a
772 543 990 584 Bdelycleone,
1007 546 1181 575 885—890.
1195 545 1267 582 Spe·

294 596 429 624 ctatores
445 592 615 622 hortantur
630 593 664 622 ut
687 589 792 622 verbis
816 593 917 630 poetae
936 591 1120 630 attendant,
1148 594 1266 622 1009-

298 642 386 670 1014.
402 642 439 669 Se
464 639 562 669 fortes
585 637 661 668 olim
687 637 782 668 fuisse
805 640 835 669 et
857 637 1005 668 florentes
1022 638 1054 668 in
1069 637 1214 675 choreis,
1233 637 1264 668 iu

295 685 408 725 pugnis
422 698 428 715 ;
444 693 529 715 nunc
543 693 652 722 canos,
669 683 800 722 debiles,
815 683 1020 714 nihilominus
1030 682 1267 723 praestantiores

295 732 469 762 multorum
487 730 725 761 adolescentum
750 730 906 761 cincinnis
926 729 1116 770 impudicis,
1147 733 1265 760 1060-

299 780 386 809 1070.
406 781 581 817 vesparum
602 777 738 807 formam
756 778 788 808 et
809 776 955 808 aculeum
975 777 1156 816 explicant,
1174 776 1266 806 ninii—

296 833 366 855 rum
388 824 432 854 ita
456 833 489 854 se
518 824 604 854 favos
627 823 748 854 Atticos
769 827 881 855 contra
901 827 1027 854 Persam
1049 823 1220 854 fortissime
1237 824 1268 854 et

295 871 475 902 felicissime
489 870 668 901 defendisse
681 893 690 910 ,
709 874 920 903 1071-1090,
944 875 1025 902 Nam
1048 870 1101 901 illo
1125 873 1268 909 tempore

295 925 329 948 se
345 917 449 948 navali
471 916 572 955 bello,
590 925 654 947 non
677 917 812 948 orationi
832 920 864 949 et
884 917 1053 948 calumniae
1080 916 1241 948 studuisse
1259 926 1267 948 ε

296 972 394 1003 quare
410 963 526 994 multas
543 972 577 994 se
597 962 692 995 urbes
709 964 811 995 Persis
826 964 994 996 abstulisse
1006 988 1014 1003 ‚
1041 965 1125 995 unde
1147 964 1268 995 tributa

294 1008 425 1041 redeant
436 1018 509 1049 quae
527 1018 611 1040 nunc
624 1009 768 1047 juniores
786 1009 1032 1050 depeculentur,
1054 1014 1265 1042 1091—1100.

294 1056 546 1087 similitudinem
570 1065 660 1087 suam
682 1065 756 1087 cum
779 1057 884 1097 vespis
907 1059 1071 1096 exponunt
1087 1067 1094 1087 :
1109 1059 1185 1088 sunt
1203 1057 1267 1088 ira-

293 1103 408 1141 cundi,
428 1103 455 1134 si
471 1102 637 1134 irritentur
653 1113 661 1141 3
680 1111 736 1142 per
759 1103 895 1134 alvearia
923 1102 1120 1142 (tribunalia)
1145 1104 1268 1135 collecti

293 1149 442 1189 pungunt
467 1148 642 1188 quemlibet
662 1150 695 1180 et
709 1148 831 1179 victum
848 1148 923 1180 inde
942 1151 1057 1189 parant
1077 1159 1084 1179 :
1111 1150 1167 1181 sed
1193 1150 1266 1181 ode-

293 1198 367 1227 runt
385 1195 474 1226 fucos
494 1195 614 1227 tributa
627 1195 849 1234 comedentes,
873 1205 973 1236 quum
987 1196 1051 1228 sint
1071 1197 1140 1228 sine
1159 1198 1268 1230 aculeo
1299 1212 1303 1219 ·

293 1251 397 1282 neque
411 1242 520 1273 hostes
536 1250 678 1282 unquam
697 1242 892 1282 pupugerint
911 1252 918 1273 :
933 1243 965 1273 hi
981 1243 1078 1282 igitur
1093 1243 1267 1276 triobolum

293 1297 333 1320 ne
349 1289 542 1329 accipiunto,
560 1292 694 1319 1101—-1
706 1292 773 1320 121.
793 1289 954 1320 Philocleo
969 1289 1046 1320 dum
1068 1290 1182 1322 dexter
1197 1300 1270 1322 cou-

293 1335 367 1366 viva
383 1344 451 1366 esse
467 1335 612 1373 docetur,
629 1335 751 1366 Chorus
765 1337 871 1366 narrat
884 1344 918 1367 se
932 1336 1036 1367 visum
1054 1337 1115 1368 sibi
1129 1347 1197 1370 esse
1219 1348 1270 1369 ur-

293 1380 411 1412 banum
428 1384 459 1412 et
472 1380 625 1420 lepidum,
637 1389 801 1420 nunquam
818 1382 982 1422 inscitum,
998 1385 1034 1416 ut
1047 1384 1090 1416 sit
1105 1386 1267 1425 Amynias,

292 1436 366 1459 cum
386 1432 525 1468 Leogora
541 1436 684 1466 coeuans,
711 1428 887 1467 famelicus,
907 1429 1030 1469 legatus
1054 1431 1086 1461 in
1109 1432 1269 1464 Thessalia

293 1484 368 1507 cum
385 1476 461 1507 solis
475 1476 616 1515 penestis
632 1479 791 1514 versatus,
807 1479 941 1516 penesla
954 1477 1033 1516 ipse,
1056 1483 1267 1511 1265—1274.

294 1523 413 1554 Deinde
426 1525 637 1554 Automenem
650 1522 792 1562 (ironice)
808 1523 931 1553 felicem
949 1523 1124 1563 praedicant
1137 1526 1177 1556 ob
1188 1526 1269 1557 filios

291 1569 430 1600 artifices
445 1568 700 1607 sollerhsshnos,
722 1568 934 1600 citharoedum
948 1593 956 1607 ,
978 1570 1164 1603 histrionem
1176 1597 1186 1611 ‚
1206 1574 1270 1604 Ari·

293 1615 434 1655 phradeu
447 1624 504 1646 suo
517 1615 642 1655 ingenio
652 1616 885 1655 cunuilingum,
904 1617 1115 1650 1275—1283.
1128 1620 1271 1651 Laudant

293 1662 435 1692 fortunas
449 1662 658 1692 Philocleonis
673 1663 739 1693 tam
757 1663 916 1701 eleganter
939 1663 1042 1702 docti,
1055 1667 1119 1696 tam
1134 1667 1271 1698 molliter

294 1708 410 1747 curati,
425 1708 573 1739 videntes
590 1710 698 1738 tamen
711 1708 840 1740 difficile
853 1717 921 1740 esse
935 1712 969 1739 ut
983 1711 1143 1749 ingenium
1158 1713 1271 1752 aliquis

292 1757 403 1794 exuat,
422 1757 635 1786 1450-1461.
650 1755 790 1786 Summis
808 1756 977 1795 praeconiis
989 1760 1105 1789 ornant
1121 1759 1270 1799 pietatem

293 1805 327 1833 et
341 1811 465 1833 comem
483 1802 627 1832 animum
644 1802 875 1841 Bdelycleonis,
893 1805 1106 1837 1462—1473.
1121 1807 1271 1838 saltando

295 1849 491 1881 certantibus
509 1849 699 1880 Philocieoni
715 1851 746 1880 et
763 1850 885 1881 Carcini
902 1850 975 1882 filiis
991 1851 1092 1883 tribus
1109 1855 1271 1892 accinunt,

300 1897 514 1932 1516—1534,
531 1896 562 1925 et
579 1903 679 1934 quum
696 1895 740 1925 illi
758 1896 910 1927 saltantes
925 1900 1057 1936 exeant,
1076 1907 1160 1930 novo
1176 1900 1272 1931 modo

296 1942 418 1973 Chorus
435 1944 467 1972 et
483 1941 548 1980 ipse
563 1941 683 1971 saltans
696 1941 894 1973 orchestram
916 1943 1084 1983 relinquit,
1107 1949 1182 1977 1535
1199 1955 1269 1987 sqq.

256 1991 348 2019 vesta
361 2011 371 2026 ‚
386 1987 512 2025 Ἑστία,
528 1989 670 2018 Saturni
681 1987 766 2026 filia
777 2012 786 2026 ‚
802 1997 878 2028 quoe
896 1989 1009 2020 domos
1024 1992 1154 2023 incenit
1167 1995 1200 2024 et
1219 2003 1272 2024 ea-

296 2042 375 2064 rum
400 2033 703 2073 habitantiumque
736 2037 848 2066 custos
880 2038 929 2066 est
953 2060 963 2074 ‚
991 2037 1046 2068 Pl.
1068 2041 1138 2070 395.
1168 2043 1272 2072 Vestae

295 2080 376 2111 suile
391 2089 398 2109 :
414 2088 495 2110 nam
512 2079 691 2118 adsocum
707 2078 783 2111 erat
799 2081 899 2119 suile,
922 2083 1012 2122 Vesp.
1039 2086 1109 2115 844.
1128 2089 1153 2116 Α
1177 2089 1273 2117 Vesta

296 2127 454 2166 incipere,
468 2126 708 2166 proverbium,
733 2130 815 2167 quia
840 2128 1018 2160 libationes
1039 2140 1062 2162 a
1082 2134 1180 2163 lv'esta
1194 2134 1273 2164 inci-

291 2173 454 2213 piebant,
479 2174 534 2204 cui
552 2175 732 2213 primitias
759 2174 911 2213 dabant,
943 2178 1034 2216 Vcsp.
1059 2180 1128 2209 846.
1160 2181 1273 2215 Quare

295 2223 403 2261 πρῷρα
419 2220 521 2257 torem
539 2228 561 2250 a
577 2220 735 2260 Sophocle
748 2220 853 2252 dicta.
870 2224 907 2253 M
910 2222 1013 2262 ythus
1030 2227 1078 2256 est
1092 2226 1135 2257 ab
1149 2229 1272 2258 Aristo-

294 2269 380 2297 crito
405 2267 606 2306 compositus
628 2277 639 2298 :
669 2267 847 2299 Titanibus
871 2268 1009 2308 dejectis
1033 2271 1091 2302 ubi
1113 2274 1274 2313 Juppitcr

297 2315 479 2352 imperium
494 2315 697 2352 sumpserit,
714 2317 911 2353 permisisse
938 2319 1043 2348 l'estce
1066 2320 1106 2349 ut
1130 2319 1273 2352 honores

294 2368 377 2399 quos
396 2360 496 2390 vellet
511 2362 650 2399 optaret
666 2371 675 2391 .·
693 2361 831 2400 eleqisse
846 2364 1083 2402 virqinitatem
1103 2367 1136 2396 ct
1150 2368 1272 2405 primi-

298 2409 366 2437 tias
378 2406 638 2446 sacrificiorum,
652 2410 692 2438 ut
703 2408 766 2438 sibi
776 2411 901 2448 primoe
910 2410 953 2441 ab
967 2411 1155 2444 hominibus
1164 2413 1273 2452 osser-

298 2456 432 2493 rentur,
451 2454 532 2486 ibid.
549 2457 574 2486 A
587 2457 684 2486 vesta
696 2459 931 2496 auspicantur
953 2460 1123 2500 sacrificia
1140 2465 1272 2501 omnia,

296 2502 349 2533 vel
374 2503 454 2532 ante
478 2503 595 2532 lovem
624 2502 854 2543 etfacientes,
871 2508 930 2536 Ac.
949 2509 1026 2545 865,
1056 2507 1184 2539 Thesm.
1202 2512 1271 2541 299.

297 2551 356 2578 Per
373 2549 501 2578 vestam
513 2549 600 2586 jurat
616 2549 664 2579 vir
682 2549 737 2580 Pl.
758 2553 828 2581 395.

257 2595 376 2633 Viator,
398 2595 525 2634 κλητήρ,
548 2596 639 2634 resp.
659 2598 728 2634 189,
747 2600 842 2636 1310,
860 2597 919 2628 ubi
939 2597 1042 2630 schol.
1061 2608 1068 2629 τ
1085 2600 1145 2632 hoc
1163 2602 1274 2642 officio

298 2649 391 2672 senes
404 2641 610 2681 plerumque
619 2641 874 2681 funqebantur.

264 2688 432 2719 l'icesirnoe
453 2694 496 2717 ex
511 2687 679 2726 portubus
696 2690 726 2718 et
744 2689 868 2719 insulis
893 2690 1120 2730 exiqebantur
1139 2693 1183 2724 ab
1197 2696 1275 2726 εἰκο-

300 2733 456 2772 στολόγος
471 2735 504 2764 ct
517 2733 672 2772 ducibus,
687 2737 771 2765 Rau.
796 2738 866 2767 363.

258 2779 404 2811 Victimae
421 2780 489 2811 siue
503 2779 605 2810 cauda
618 2779 679 2811 diis
698 2781 806 2812 offerri
821 2790 884 2812 non
900 2783 1060 2822 poterant,
1074 2785 1152 2816 Ach.
1170 2788 1228 2817 785
1243 2787 1274 2817 et

299 2826 367 2857 sch.
390 2829 539 2857 l'ictz'moe
552 2829 658 2866 caput
675 2828 983 2868 concutiebaturrut
998 2838 1152 2862 annuere
1166 2834 1274 2863 sacri-

293 2872 375 2912 ficio
394 2873 577 2912 rideretur,
596 2876 676 2905 Pac.
699 2878 770 2906 960.
787 2875 999 2906 victimarum
1014 2877 1111 2916 pelles
1132 2879 1274 2911 sacerdo—

301 2919 386 2950 tibus
399 2919 568 2958 dabantur,
586 2920 713 2951 Thesm.
730 2924 789 2952 758
801 2923 834 2952 et
843 2921 947 2953 schol.
962 2922 1055 2953 Adde
1068 2924 1272 2957 Sacrificium.

260 2965 399 2996 victoria
414 2965 499 2996 volat
517 2966 620 2996 aureis
634 2965 691 2997 alis
708 2990 716 3005 ,
731 2967 822 3007 quod
839 2976 952 2999 recens
971 2969 1147 3008 artificum
1162 2973 1275 3003 inven-

304 3014 376 3043 tum
389 3036 397 3050 ,
412 3013 575 3044 Archenni
593 3015 656 3044 aut
669 3014 914 3054 Aqlaophontis
928 3039 937 3054 ,
960 3018 1016 3047 Αυ.
1042 3019 1112 3047 574.
1135 3018 1276 3051 victoria

302 3058 431 3089 domina
448 3059 613 3090 invocatur
628 3061 705 3099 Lys.
724 3064 780 3092 317
795 3071 803 3099 ;
820 3065 952 3102 χορικῶν
978 3063 1099 3104 ἑταίρα,
1124 3066 1186 3105 Eq.
1203 3069 1272 3097 589.

303 3107 359 3135 Ez
383 3107 496 3136 aureis
516 3107 667 3137 Victoriis
688 3109 784 3138 numi
805 3110 877 3138 cusi
898 3110 1063 3148 Antiqene
1090 3111 1274 3150 archonte;

305 3153 453 3182 testatur
467 3151 705 3192 Philochorus,
723 3157 808 3185 Ran.
824 3157 894 3185 720.

262 3197 377 3236 Vigiles
396 3199 525 3228 cantant
537 3222 545 3236 ‚
562 3203 687 3240 φρουρᾶς
707 3203 775 3233 sive
797 3201 925 3243 φρουρὰς
943 3201 1044 3242 ᾄδειν,
1058 3202 1148 3234 Nub.
1165 3206 1221 3236 721
1242 3207 1274 3236 et

305 3245 408 3275 schol.

264 3290 375 3328 Vigilia
388 3290 513 3321 urbium
528 3291 718 3323 describitur
734 3295 791 3325 Αυ.
814 3297 1026 3326 1159-1162.

266 3337 393 3366 vinum.
409 3337 480 3367 Vini
495 3337 614 3376 laudes,
632 3341 693 3380 Eq.
710 3342 863 3372 90-100,
890 3343 960 3372 l‘ini
975 3342 1048 3373 duae
1067 3344 1171 3381 partes
1186 3366 1194 3381 ,
1213 3346 1275 3374 tres

306 3390 418 3421 aquoe,
435 3384 668 3422 temperatura
681 3388 824 3425 optima,
844 3389 907 3427 Eq.
932 3390 1021 3419 1187.
1048 3391 1167 3420 l'mum
1185 3390 1276 3419 πολυ·

306 3428 407 3470 φόρον,
425 3429 514 3469 quod
529 3431 677 3463 multum
699 3441 798 3474 aquae
814 3433 1013 3465 admioetum
1026 3434 1125 3474 serre
1141 3438 1273 3475 possm

935 225 1085 264 INDEX
1119 221 1364 261 NOMINUM
1397 220 1458 259 ET
1488 219 1680 259 RERUM.

1364 307 1552 348 ὀ)ιγοφο’ρον,
1570 306 1660 347 quod
1670 312 1812 346 parum,
1830 306 1882 338 Pl.
1903 309 1973 339 853.
1997 307 2074 339 Vide
2097 307 2245 348 capnias,
2259 307 2337 339 Tha-

1365 354 1460 392 sium,
1479 355 1540 384 etc.

1323 399 1486 430 violarum
1502 399 1595 431 color
1610 400 1742 438 varius,
1761 401 1843 431 Pac.
1861 402 1930 431 577.

1324 445 1390 476 Vir.
1406 446 1491 477 Viris
1508 446 1670 477 inaccessa
1689 446 1777 485 orgia
1793 446 2058 487 Tliesmophorotv
2070 472 2080 487 ,
2105 447 2233 479 Thesm.
2261 450 2339 479 1150

1364 500 1412 532 sq.

1324 537 1430 577 Virgo.
1456 538 1621 578 virginum
1651 538 1806 569 nobilium
1823 538 1932 569 munia
1958 548 2049 570 sacra
2076 540 2207 571 Athenis
2235 548 2339 572 recen·

1365 586 1477 615 sentur
1491 587 1569 624 Lys.
1587 586 1749 615 641—647
1766 584 1844 615 coll.
1860 584 1964 616 schol.

1324 630 1431 661 Vitam
1449 631 1589 671 priscam
1609 630 1821 670 descripserat
1838 630 2066 671 Aristophanes
2083 634 2119 663 in
2141 634 2340 672 Tayem'stis,

1359 676 1414 715 fr.
1433 680 1503 709 444.
1521 676 1618 716 Conf.
1634 677 1853 715 Athenienses,
1870 677 1980 716 Λόγοι.

1327 724 1415 756 Vites
1431 735 1438 755 ε
1454 735 1492 757 ex
1507 733 1616 756 earum
1631 724 1801 755 sarmentis
1815 724 1899 755 faces
1912 724 2043 762 fiebant,
2060 726 2132 765 Lys.
2149 728 2208 757 308
2224 727 2258 758 et
2269 725 2340 758 sch.

1333 772 1431 803 l'ittoe
1446 773 1676 809 mortuorum,
1689 773 1768 810 LyS.
1785 773 1854 801 603.
1876 770 1955 801 Vide
1968 771 2094 802 Mortui.

1331 818 1478 857 Vitulus,
1492 820 1677 858 praemium
1691 816 1974 855 citharoedorum,
1988 817 2069 849 Ach.
2090 820 2138 849 13.

1331 863 1502 895 Vulcanus
1513 888 1521 903 ,
1535 865 1705 904 Ἥφαιστος
1719 887 1727 902 ,
1742 863 2020 902 qenulnusfilius
2034 865 2147 904 ,ἴοι-ἐς,
2170 866 2229 896 Αυ.
2254 867 2343 897 1653.

1374 912 1517 942 Γαῐεαηῐ
1533 910 1802 950 tmaqofiyulina
1819 909 1865 940 ad
1874 909 1972 948 socos
1993 911 2047 942 vel
2060 913 2210 943 caminos
2221 913 2344 952 posita,

1369 959 1409 988 ut
1423 959 1492 998 lym?
1505 957 1689 997 proesec‘tt',
1708 956 1894 995 ἐπιστάτου,
1922 959 1981 988 Ᾱυ.
2006 958 2078 988 436.
2108 958 2254 990 Vulcani
2269 957 2345 998 offi-

1367 1005 1445 1036 cina
1462 1005 1593 1042 Lemni,
1610 1005 1686 1043 Lys.
1704 1005 1772 1034 299.
1791 1002 1924 1034 Vulcani
1941 1002 2081 1041 flamma,
2100 1003 2155 1035 Pl.
2175 1008 2246 1035 661.
2269 1004 2346 1035 Vul-

1368 1059 1475 1083 canus
1499 1053 1652 1083 Martem
1665 1052 1704 1082 in
1731 1049 1904 1082 adulterio
1923 1049 2149 1090 deprehendit
2163 1073 2172 1089 ,
2193 1052 2254 1082 Av.
2272 1053 2343 1082 835.

1374 1098 1547 1129 Vulcanus
1572 1097 1704 1129 calidas
1727 1105 1839 1137 aquas
1860 1098 1956 1127 terra
1984 1099 2097 1128 emisit
2119 1099 2155 1128 in
2186 1097 2347 1129 Herculis

1368 1147 1534 1184 qratiam,
1549 1143 1738 1175 secandune.
1757 1143 1909 1182 Ibycum,
1933 1143 2024 1175 Nub.
2044 1147 2132 1174 1051.
2147 1146 2173 1175 A
2196 1144 2348 1176 Vulcano

1361 1191 1579 1231 fabricatum
1592 1190 1751 1230 qlaclium
1768 1189 1859 1230 quod
1872 1189 1919 1221 du·
1936 1190 2037 1221 Peleo
2052 1190 2244 1229 donarunt,
2255 1190 2347 1222 Nub.

1373 1241 1461 1269 1063.
1481 1238 1634 1269 Vulcano
1640 1236 1752 1276 fiebat
1777 1235 2074 1276 lampadedromia
2092 1238 2129 1268 in
2150 1239 2346 1277 Ceramico,

1369 1287 1453 1316 Rau.
1472 1287 1538 1316 131.
1555 1284 1650 1323 Conj.
1668 1282 1883 1323 Hephaestea.

1804 1350 1861 1391 X.

1328 1426 1490 1465 xanthias,
1506 1434 1625 1458 nomen
1639 1426 1775 1465 servile,
1793 1426 1872 1458 Ach.
1890 1429 1960 1463 243,
1977 1430 2049 1466 259,
2066 1426 2156 1459 Nub.
2175 1428 2266 1467 1485,
2288 1430 2348 1460 Av.

1370 1477 1441 1505 656.
1458 1476 1502 1504 In
1519 1475 1624 1505 Ranz's
1637 1473 1810 1512 Xanthiam,
1827 1482 1939 1504 servus
1964 1473 2077 1505 Bacchi
2104 1473 2145 1505 ad
2162 1474 2281 1506 inferos
2298 1475 2350 1506 de-

1368 1520 1562 1558 scendentis,
1575 1519 1714 1551 sarcinas
1740 1521 1846 1559 portat
1860 1520 1950 1550 asino
1967 1520 2119 1558 insidens,
2136 1523 2169 1552 et
2190 1522 2351 1553 verniliter

1370 1566 1409 1597 de
1419 1575 1514 1597 onere
1527 1565 1672 1606 queritur
1685 1589 1694 1604 ,
1713 1570 1727 1597 1
1744 1574 1816 1606 sqq.
1838 1566 1988 1597 Irascitur
2009 1567 2049 1597 de
2067 1568 2196 1597 mortuo
2220 1568 2276 1607 qni
2299 1577 2351 1598 no-

1370 1621 1445 1643 vem
1462 1612 1564 1643 obolis
1580 1612 1722 1643 sarcinas
1738 1612 1855 1644 vehere
1871 1621 1936 1643 non
1956 1613 2025 1644 vult
2036 1636 2045 1651 ,
2071 1615 2127 1645 178
2146 1622 2219 1655 sqq.
2242 1617 2351 1653 Quum

1371 1659 1481 1699 proelio
1497 1659 1601 1690 navali
1616 1659 1663 1690 ad
1676 1661 1881 1699 Arqinusam
1897 1668 1960 1690 uon
1975 1660 2167 1700 interfuerit,
2189 1669 2255 1692 non
2269 1669 2352 1693 rece-

1372 1709 1445 1746 ptus
1462 1707 1493 1737 in
1507 1706 1657 1746 cymbam
1674 1707 1841 1745 Charonis,
1860 1708 2006 1746 paludem
2024 1708 2249 1741 circumcurrit
2263 1712 2296 1741 et
2310 1710 2351 1741 ad

1371 1753 1484 1784 Auaeni
1505 1753 1646 1793 lapidem
1666 1753 1779 1784 herum
1799 1756 1980 1794 exspectat,
2002 1757 2058 1786 190
2079 1763 2152 1796 sqq.
2175 1759 2263 1787 Metu
2285 1756 2351 1787 heri

1371 1801 1561 1840 delectatur,
1578 1804 1635 1833 271
1654 1811 1740 1842 sqq„
1771 1805 1830 1834 478
1846 1811 1919 1843 sqq.
1947 1803 2097 1834 Precibus
2119 1803 2186 1835 heri
2206 1804 2352 1835 uei-culis

1372 1846 1518 1878 habitum
1543 1848 1700 1886 assumit3
1724 1847 1764 1878 ab
1793 1849 1906 1879 ancilla
1931 1849 2130 1888 Proserpiuae
2160 1849 2290 1881 nomine
2311 1850 2350 1880 ad

1373 1894 1477 1926 lautas
1499 1895 1610 1934 epulas
1628 1895 1782 1926 invitatus
1800 1895 1944 1935 deponit,
1960 1898 2136 1928 498-533,
2158 1899 2278 1928 lterum
2305 1906 2352 1928 as-

1372 1942 1471 1973 sumit
1487 1951 1540 1982 per
1554 1942 1725 1974 blanditias
1741 1943 1808 1973 heri
1821 1952 1839 1973 3
1854 1944 2008 1983 cauponis
2024 1944 2054 1974 in
2065 1943 2222 1982 judicium
2233 1944 2327 1975 tracti
2342 1967 2351 1982 ,

1375 1991 1547 2020 579-604.
1567 1989 1612 2019 Ab
1627 1994 1715 2020 AEaoo
1730 1991 1766 2019 ut
1781 1989 1933 2020 Hercules
1953 1989 2171 2029 prehenditur,
2188 1999 2351 2030 uunquam

1371 2043 1406 2066 se
1419 2036 1482 2066 huc
1495 2036 1622 2067 venisse
1644 2036 1802 2073 testatus;
1820 2044 1859 2066 ex
1881 2044 1975 2066 servo
1987 2059 1995 2075 ,
2021 2037 2165 2074 Baccho,
2183 2037 2352 2068 tormentis

1372 2082 1583 2121 quaestionem
1601 2081 1668 2113 fieri
1682 2090 1796 2122 posse;
1812 2081 1868 2113 sed
1889 2082 1950 2112 hoc
1966 2082 2063 2113 deum
2083 2082 2295 2113 immortalem
2316 2092 2352 2115 se

1371 2136 1442 2159 esse
1455 2128 1635 2159 affirmante
1647 2151 1656 2166 ,
1670 2130 1845 2168 utrumque
1874 2133 1982 2159 AEacus
2009 2127 2196 2159 verberibus
2223 2132 2323 2161 tentat
2341 2153 2350 2168 ,

1372 2182 1444 2213 quae
1455 2176 1582 2205 strenue
1590 2174 1650 2205 fert
1662 2175 1826 2213 Xanthias,
1839 2177 2012 2206 605-664.
2023 2175 2142 2206 Servile
2155 2175 2351 2216 colloquium

1372 2229 1446 2251 cum
1462 2227 1550 2252 AEaco
1563 2245 1571 2260 ,
1586 2230 1681 2261 quem
1696 2221 1777 2261 petit
1791 2224 1825 2252 ut
1842 2224 1949 2253 narret
1969 2221 2127 2253 tumultus
2146 2224 2178 2253 et
2204 2223 2353 2254 clamoris

1373 2267 1406 2298 in
1423 2268 1566 2299 Plutonis
1579 2267 1702 2299 aedibus
1717 2277 1790 2308 quae
1805 2276 1919 2299 caussa
1931 2268 1991 2307 sit,
2010 2268 2163 2299 nimimm
2189 2275 2351 2301 certamen

1372 2315 1590 2346 multitudinis
1604 2315 1643 2346 de
1655 2314 1804 2355 Euripide
1817 2318 1850 2346 et
1866 2315 2008 2354 AEschylo
2023 2315 2184 2355 judicium
2206 2316 2352 2356 flagitan-

1373 2362 1424 2399 tiS,
1445 2364 1617 2393 723—813.
1635 2362 1808 2401 Ξανθίδιον,
1828 2364 1912 2393 Ran.
1929 2364 1999 2393 582.
2012 2360 2158 2393 —Adde
2169 2362 2282 2393 Sosias.

1331 2409 1542 2448 Xanthippus.
1561 2408 1760 2448 Xanthippus
1774 2411 1841 2439 erat
1858 2416 1902 2438 ex
1915 2407 2227 2439 Alcmoeonidamm
2239 2410 2350 2448 qente,

1370 2457 1473 2496 pater
1487 2455 1644 2494 Periclis,
1667 2455 1754 2486 Ναὶ).
1770 2457 1820 2492 64,
1840 2456 1932 2494 Vesp.
1950 2457 2020 2485 283.

1334 2501 1498 2534 Xanthus
1512 2503 1648 2532 Boeotus
1662 2503 1699 2532 in
1715 2501 1801 2532 bello
1826 2500 2082 2532 Atheniensium
2107 2502 2141 2532 et
2155 2502 2352 2532 Boeotorum

1373 2549 1415 2581 de
1440 2549 1584 2580 Celcenis
1607 2548 1751 2579 illorum
1777 2556 1888 2588 reqem
1914 2547 2125 2587 Thymoetam
2137 2547 2217 2586 jam
2237 2556 2352 2580 senem

1374 2596 1419 2627 ad
1443 2598 1618 2626 certamen
1644 2594 1824 2633 sinqulare
1846 2595 2047 2633 provocavit
2066 2604 2077 2625 :
2094 2593 2155 2625 hoc
2180 2602 2247 2624 non
2266 2596 2352 2625 acci—

1368 2644 1484 2682 piente
1509 2641 1548 2672 ob
1572 2642 1804 2679 senectutem,
1840 2639 2056 2671 Melanthius
2084 2639 2220 2678 fraude
2245 2642 2352 2672 vincit

1374 2688 1556 2720 Xanthum
1568 2711 1576 2725 ‚
1590 2695 1614 2718 α.
1627 2687 1763 2718 Baccho
1780 2686 1923 2725 adjutus
1935 2709 1943 2723 ,
1957 2688 1989 2717 et
2010 2685 2129 2717 occidit
2143 2709 2153 2724 ,
2168 2688 2249 2718 Pac.
2265 2689 2326 2718 890
2339 2711 2349 2727 ‚

1377 2735 1451 2767 Ach.
1472 2736 1539 2765 146.

1334 2782 1508 2819 Xanthus,
1523 2780 1626 2812 herus
1645 2781 1759 2819 AEsopi
1777 2780 1855 2810 olim
1873 2781 1978 2817 servi,
1996 2781 2054 2810 Aa.
2073 2781 2143 2811 471.

1335 2826 1661 2866 Xenarchus,fitius
1678 2827 1824 2864 Carcini,
1840 2826 2000 2866 χορευτής,
2016 2828 2098 2857 Pac.
2115 2828 2184 2858 782.

1333 2873 1508 2911 Xenocles,
1523 2873 1647 2905 Carcini
1660 2872 1798 2903 tiliorum
1811 2876 1889 2902 natu
1907 2872 2071 2911 minimus,
2085 2875 2180 2912 poeta
2198 2872 2349 2912 tragicus,

1375 2920 1555 2960 piuuoteres
1568 2942 1576 2957 ,
1599 2928 1663 2960 quo
1679 2921 1930 2959 perstringitur
1954 2921 1995 2951 ut
2013 2928 2121 2950 vorax
2134 2942 2144 2957 ,
2163 2920 2254 2959 Velsp.
2274 2924 2350 2951 1510

1374 2976 1438 3007 sq„
1452 2966 1520 2998 sch.
1542 2970 1618 2998 1515
1631 2989 1638 3003 ,
1656 2969 1746 3005 1502,
1762 2965 1853 2997 Nub.
1873 2970 1970 3005 1261,
1984 2968 2071 2997 Ran.
2099 2969 2149 2998 86.
2171 2965 2350 2997 Machmas

1367 3013 1489 3052 fertur
1502 3016 1534 3044 et
1548 3013 1699 3053 τερατείας
1712 3015 1745 3043 in
1762 3012 1937 3052 traqoediis
1945 3015 2016 3044 suis
2026 3013 2230 3048 exhibui-ss&
2241 3021 2351 3053 quare

1375 3061 1629 3100 δωδεκαμήχανος
1658 3059 1771 3091 dictus
1788 3068 1809 3090 a
1832 3060 1978 3091 Platone
2002 3062 2125 3091 comico
2139 3083 2148 3098 ,
2168 3062 2249 3090 Pac.
2277 3062 2347 3091 782.

1375 3108 1526 3138 Xenocles
1539 3106 1663 3138 Carcini
1683 3106 1780 3145 tilius,
1803 3106 1934 3137 Tliesm.
1951 3108 2022 3145 441,
2037 3106 2142 3137 malus
2156 3106 2251 3136 honio
2262 3127 2270 3140 ‚
2285 3113 2350 3137 ma—

1375 3154 1424 3185 lus
1440 3157 1550 3194 poeta,
1569 3153 1611 3184 ib.
1632 3157 1701 3189 169,
1716 3152 1854 3191 tragicus
1871 3176 1879 3190 ,
1906 3155 1988 3183 Ran.
2019 3156 2068 3184 86.
2086 3154 2238 3184 Notatur
2260 3153 2300 3183 ut
2313 3160 2349 3183 m

1374 3204 1461 3240 poesi
1477 3201 1571 3240 ἀφυής
1587 3223 1595 3238 ,
1612 3201 1757 3235 ἁξεστος,
1777 3200 2001 3239 alleyoricus,
2019 3202 2105 3231 Rau.
2131 3202 2188 3238 86,
2217 3198 2346 3230 Thesm.

1374 3250 1444 3278 441.
1464 3249 1548 3286 EJ'us
1566 3247 1704 3285 fratres
1732 3248 1952 3277 recensentur
1973 3249 2060 3277 Ran.
2081 3249 2130 3278 86.
2158 3244 2349 3277 Secundum

1376 3295 1557 3325 nonnullos
1572 3293 1639 3325 (luo
1652 3295 1760 3332 poctoe
1778 3295 1901 3332 trayict'
1927 3301 1964 3324 eo
1977 3296 2110 3324 nomine
2124 3293 2224 3323 erant
2232 3303 2245 3330 ;
2259 3299 2346 3330 prm-

1375 3344 1466 3372 terea
1487 3343 1609 3372 tertius
1635 3341 1795 3371 Xenocles
1821 3339 2078 3379 Chalai-yemis,
2099 3337 2349 3377 rempublicam

1374 3388 1651 3424 administrans,
1676 3387 1759 3418 mali
1781 3388 1921 3426 patris,
1945 3385 2026 3417 ibid.
2042 3385 2198 3417 Xenoclis
2220 3384 2348 3416 drama

1375 3436 1584 3475 Licymnius,
1601 3433 1689 3465 Ναί).
1710 3437 1783 3465 1264
1796 3445 1808 3472 ,·
1823 3432 1921 3464 aliud
1933 3433 2036 3469 Μύεςῖ
2050 3434 2215 3465 Ραο.791.
2236 3432 2347 3463 Victus
