2533 3808
144 546 160 569 5

128 839 158 867 10

129 1131 160 1154 15

128 1426 161 1451 20

128 1714 162 1737 25

130 2003 164 2028 30

131 2300 165 2325 35

136 2588 171 2612 40

138 2876 173 2900 45

143 3187 177 3213 50

182 226 253 257 108

223 316 290 341 545.
334 301 384 351 (οὔ
401 300 528 348 κομῶε
561 296 651 335 Ἇντὶ
667 311 728 332 του
745 294 782 330 οὖ
814 290 904 342 μέγα
924 291 1036 342 φρονῶ
1056 288 1133 327 οὐδὲ
1154 304 1211 326 σε-

173 360 356 411 μνύνομαι.
377 355 567 408 χαριέντως
584 353 619 390 δὲ
643 351 758 402 λέγει
780 349 856 387 ἐπει
875 347 1051 400 φαλακρὸς
1075 342 1213 397 ἠν.-)

177 420 275 467 κομῶ
297 429 305 454 ζ
328 413 558 463 Επαίρομαι.
586 417 669 448 Vict.

232 487 295 511 546.
329 472 393 522 (δις
418 469 477 507 καὶ
477 468 590 539 τρὶς;
612 466 738 505 Καίτοι
755 481 816 503 και
837 464 924 510 αὕτη
948 461 1089 514 δευτέρα
1117 461 1214 507 εἰσή-

176 536 243 583 70⁷1
256 560 265 576 ‚
283 527 391 566 ἀλλ”
378 543 457 569 ισως
474 525 645 577 διάφορος.
663 525 800 561 δοκουσι
821 522 856 560 δε
879 524 909 559 οἱ
926 521 1048 558 πολλοὶ
1065 518 1215 569 κωμικοὶ

177 587 247 625 ἀπὸ
260 590 326 624 τΓ)ν
345 587 457 623 αὐτῶν
474 582 671 633 λημμάτων
691 582 734 619 τὰ
747 580 835 618 αὐτὰ
852 579 1002 630 εἰσάγειν
1020 578 1212 629 δράματα..)

229 658 292 683 547.
322 642 468 684 καινὰςε
491 641 580 679 Ἀντὶ
595 644 654 677 τοῦ
671 656 707 676 νε
711 655 750 682 ας
769 655 829 676 και
847 639 884 675 οὔ
905 637 965 679 τὰς
982 636 1087 679 αὐτὰς
1097 635 1214 673 πάλιν.

175 707 220 744 R.
241 702 329 745 νέας.
360 701 545 753 σοφίζομαι
566 713 574 738 z
598 698 710 751 Σοφὸς
727 697 916 750 φαίνομαι,
940 695 962 741 ἢ
985 698 1213 747 μηχανῶμαι.

183 769 268 800 Vact

230 834 293 859 549.
324 818 358 862 ὃς
379 816 538 868 μέγιστον
556 816 639 854 ὄντα
669 829 678 854 :
701 814 745 853 ‘O
774 813 895 853 Κλέων
918 812 1129 858 ἀποθνησκει
1160 810 1217 848 ἐπὶ

178 878 359 929 Αμεινίου.
388 875 466 928 (πρὸ
495 874 616 912 τούτου
647 873 683 910 δέ
707 875 799 910 ἐστιν
822 870 1005 924 Ἴσαργος,
1039 871 1089 923 ἐφ’
1112 886 1150 908 ου
1182 885 1217 906 αι

177 940 314 990 πρῶται
330 934 487 982 Νεφέλαι
507 932 735 983 εἷσηχθησαν
754 935 771 968 ὁ
792 931 908 981 μέντοι
926 929 1125 980 Ἀνδροτίων
1161 927 1217 965 ἐπὶ

178 994 337 1034 Αλκαίου
364 993 447 1046 φησὶ
468 996 526 1029 του
549 990 637 1041 μετὰ
661 989 834 1040 Ἀμεινίαν
855 989 912 1026 τὸν
936 988 1081 1026 Κλέωνα
1101 988 1219 1024 τελευ-

178 1070 283 1100 τησαι
304 1052 398 1090 δυσιν
416 1050 526 1088 ἔτεσιν
544 1049 684 1101 ὕστερον
704 1052 764 1094 τ’ἧς
775 1051 843 1085 τΓ)ν
863 1048 1026 1100 ΝεφελΓ)ν
1051 1047 1219 1083 διδασκα-

177 1112 278 1161 λίας.)
295 1109 432 1151 εἰκότως
449 1112 506 1146 οὐν
527 1110 571 1150 ὡς
592 1107 641 1144 ἔτι
659 1122 700 1143 πε
688 1106 810 1158 ..ριόντι
829 1108 878 1143 τΓ)
901 1104 1037 1144 Κλέωνι
1053 1105 1220 1155 λοιδορεῖ-

179 1186 237 1207 ται
257 1172 274 1206 ὃ
292 1166 537 1221 Ἀριστοφάνης
554 1167 591 1203 οὗ
611 1164 712 1215 μόνον
728 1166 762 1201 εἶν
780 1168 849 1207 τοῖς
861 1162 1110 1215 προκειμένοις,
1130 1161 1219 1199 ἀλλὰ

179 1244 239 1266 και
256 1229 289 1264 ἐν
308 1229 377 1269 τοῖς
397 1224 471 1270 ἑξῆς
490 1243 503 1257 «
524 1222 565 1269 ἢν
586 1223 731 1262 Κλέωνα
749 1223 805 1259 τὸν
826 1222 930 1273 λάρον
951 1220 1067 1272 δωρων
1089 1219 1221 1262 ἑλόντες

180 1301 240 1324 και
256 1286 399 1329 κλοπῆς.
421 1301 436 1316 2>
472 1282 611 1334 [ὥσπερ
637 1283 761 1324 ζῶντος
779 1282 882 1317 αὐτου
903 1278 1098 1329 διαλεζεται
1122 1279 1155 1314 εν
1173 1281 1222 1320 οἷς

181 1358 264 1396 φησι
283 1360 296 1375 «
321 1340 467 1380 Κλέωνα
487 1338 544 1376 τὸν
569 1338 727 1390 λάρον.»
747 1337 806 1374 καὶ
832 1335 1032 1387 Ἀνδροτίων
1061 1335 1096 1372 δέ
1117 1350 1221 1387 φησιν

181 1400 283 1437 αὐτὸν
297 1399 353 1437 ἐπὶ
367 1396 525 1435 Ἀλκαίου
544 1395 732 1432 τεθνάναι
715 1408 809 1431 ουσιν
826 1393 934 1430 ἐτεσιν
953 1392 1094 1444 ὕστερον
1103 1392 1222 1460 ΞΙσάρ-

179 1474 261 1510 χου,
284 1456 333 1509 ἐφ’
351 1459 389 1493 οὓ
409 1457 444 1491 αἱ
464 1456 600 1505 πρῶται
617 1452 772 1505 Νεφέλαι
801 1450 1046 1521 ἐδιδάχθησαν.
1072 1452 1144 1492 πῶς
1165 1454 1221 1487 οὐν

181 1515 323 1554 δύναται
347 1529 406 1551 και
426 1516 484 1549 τοῦ
503 1514 664 1561 Μαρικου
686 1513 901 1560 μεμνῆσθαι,
925 1508 960 1551 ος
976 1507 1140 1558 ἐδιδάχθη
1161 1507 1222 1557 μὲν

179 1573 246 1625 πρὸ
265 1575 332 1610 τΓ)ν
351 1571 532 1641 Νεφελῶν,
552 1571 599 1611 ὡς
625 1584 684 1606 και
702 1584 758 1605 νυν
780 1567 880 1609 αὐτός
901 1582 1023 1619 φησιν;
1045 1568 1115 1603 ἐκεῖ
1147 1565 1182 1603 δὲ
1206 1569 1224 1603 ὃ

180 1631 334 1672 Εὔπολις
352 1632 398 1672 ὡς
422 1626 623 1673 τεθνηκότος
650 1626 809 1669 Κλεωνος
830 1625 966 1696 μέανητ
955 1641 1017 1662 αι.
1043 1623 1065 1669 ἢ
1086 1624 1163 1661 ἐπει
1186 1627 1224 1662 03

180 1689 340 1742 φέρονται
359 1689 394 1724 αἱ
416 1684 637 1724 διδασκαλίαι
661 1687 729 1722 τΓ)ν
744 1683 910 1734 δευτέρων
929 1684 1106 1734 Νεφελῶν,
1128 1681 1223 1719 οὐδὲν

181 1747 355 1797 δυνάμεθα
371 1747 599 1797 διαρθρωσαι,
618 1745 647 1780 εἷ
663 1742 848 1785 Εὕπολιςε
836 1740 1013 1779 επλάσατο
1030 1739 1091 1786 τὴν
1111 1739 1182 1778 Κλ’
1167 1756 1225 1777 εω-

181 1822 235 1849 νος
257 1803 451 1849 τελευτ·Γ,ν’
437 1819 471 1840 εν
492 1801 667 1854 Maptxot]

236 1862 368 1915 [ἔπαιό
386 1863 417 1904 ἐς
439 1859 500 1906 τὴν
520 1858 673 1911 γαστέρα
695 1872 703 1896 :
726 1856 881 1910 ’Έτυφα.
904 1856 1034 1908 ἔγραψε
1039 1855 1122 1928 γαρ
1149 1855 1225 1893 κατ’

183 1923 286 1959 αὐτου
316 1935 394 1962 τους
418 1916 575 1959 Ιππέας.
597 1939 648 1944 -—
668 1915 797 1952 ἔπαισα
818 1929 826 1952 ;
850 1913 945 1952 Ἐτυ·
942 1913 1055 1966 φα,
1036 1931 1058 1959 η
1089 1913 1140 1951 ὁτι
1159 1929 1226 1963 γα-

184 1979 394 2031 στρίμαργος
426 1980 479 2022 ἠν,
513 1974 536 2020 ἢ
569 1973 624 2011 διὰ
653 1974 692 2011 τὸ
724 1972 979 2025 σφετερίζεσθαι
1013 1971 1128 2009 πολλὰ
1160 1974 1227 2009 τΓ)ν

183 2039 320 2075 κοινῶν
349 2034 453 2085 lici]

237 2108 301 2132 550.
333 2094 417 2130 κούκ
440 2090 604 2141 ἐτόλμησ’
631 2093 757 2132 αὐτις;

185 2159 249 2205 μιᾷ
269 2149 449 2203 κωμῳδία.

236 2208 496 2260 ἐπεμπήδησαε
521 2204 687 2258 Δεύτερον
705 2202 937 2256 ἐκωμώδησα.
966 2211 1048 2242 Vicc.

784 2088 876 2126 Ἀντὶ
900 2092 960 2126 τοῦ
990 2087 1161 2140 ἠρκέσθην
1185 2090 1228 2139 τῇ

239 2283 302 2306 551.
331 2265 445 2312 λαόὴν
468 2280 476 2304 ;
497 2263 636 2317 ’Apum-
659 2271 696 2300 R.
720 2262 877 2315 ἀφορμὴν
897 2262 1072 2315 μέμψεως.
1103 2269 1185 2299 Ποῖ.

238 2340 302 2364 552.
335 2323 519 2376 κολετρῶσ’
538 2322 591 2359 ἀεὶ
613 2335 621 2360 :
641 2321 732 2360 Ἀντὶ
749 2325 807 2358 τοῦ
835 2319 926 2358 κατὰ
953 2320 1055 2358 κόλου
1076 2319 1230 2357 τύπτου-

186 2399 252 2421 σιν.
320 2381 396 2418 ἆντὶ
427 2385 486 2418 τοῦ
519 2384 793 2424 καταπατοῒὲσιν,
825 2378 892 2415 ἀπὸ
927 2380 995 2415 τΓ)ν
1025 2377 1086 2420 τὰς
1113 2377 1232 2419 ἐλαίας

187 2438 492 2478 καταπατούντων.
525 2440 555 2475 οἱ
584 2437 618 2474 δὲ
644 2437 683 2474 τὸ
712 2436 916 2474 ἕνάλλεσθαι
941 2438 984 2486 τῇ
1011 2434 1125 2486 κοιλίᾳ
1153 2434 1232 2486 [καὶ

189 2497 327 2535 τύπτειν
344 2499 389 2539 εἷς
405 2496 468 2542 τΓ,ν
490 2494 656 2566 γαστέρα.
675 2494 774 2532 κόλον
794 2494 861 2545 γὰρ
880 2494 919 2530 τὸ
944 2509 1041 2543 παγυ
1062 2492 1229 2544 ἔντερον]

190 2557 290 2601 δ’ῆλον
313 2553 379 2591 35
367 2553 418 2590 ο’τι
438 2552 599 2604 πρότερος
619 2555 636 2589 ὃ
656 2555 820 2603 Μαρικας
836 2550 1000 2601 ἐδιδάχθη
1021 2552 1089 2587 τΓ)ν
1117 2549 1230 2587 δευτέ-

191 2628 257 2665 ρων
293 2613 469 2663 Νεφελῶν.
503 2610 533 2661 [
540 2608 774 2662 Ἐρατοσθένης
810 2608 846 2645 35
884 2623 967 2660 φησι
1000 2607 1231 2658 Καλλίμαχον

189 2671 346 2719 ἐγκαλεῖν
362 2671 437 2711 ταῖς
452 2666 689 2709 διδασκαλίαις
700 2696 710 2715 ,
724 2665 775 2702 ὅτι
791 2665 950 2718 φέρουσιν
970 2664 1109 2716 ὕστερον
1126 2665 1232 2716 τρίτι)

191 2727 259 2764 ἔτει
277 2726 333 2765 τὸν
359 2729 522 2778 Μαρικᾶν
544 2727 611 2761 τΓ)ν
633 2725 812 2775 Νεφελῶν,
836 2724 953 2774 σαφῶς
974 2723 1117 2758 ἐνταυθα
1140 2723 1232 2772 εἷρη·

192 2784 295 2832 μένου
316 2782 367 2821 ὅτι
383 2782 548 2836 πρότερον
562 2784 731 2820 καθεῖται.
752 2780 913 2818 λανθάνει
931 2780 959 2816 δ’
981 2778 1099 2828 αὐτὸν,
1116 2778 1232 2831 φησὶν,

193 2840 244 2879 ὅτι
264 2844 298 2878 ἐν
318 2840 379 2891 μὲν
399 2843 474 2882 ταῖς
493 2838 725 2890 διδαχθείσαις
744 2837 839 2875 οὐδὲν
858 2841 1009 2874 τοιοῦτον
1030 2836 1180 2887 εἴρηκεν,
1199 2838 1232 2873 ἓν

193 2899 228 2937 35
255 2915 331 2942 ταις
359 2898 499 2950 ὕστερον
535 2896 856 2939 διασκευασθείσαις
888 2897 916 2932 εἷ
944 2894 1102 2946 λέγεται,
1138 2893 1234 2931 οὖδεν

665 2955 691 2969 ΝΚ
727 2956 764 2967 &m

1237 300 1246 380 Ι

194 2957 332 2995 ἄτοπον.
359 2959 394 2994 αἱ
419 2955 639 2993 διδασκαλίαι
662 2970 696 2992 οε
723 2956 826 3001 οηλον
853 2953 904 2991 ὅτι
932 2954 993 2996 τὰς
1016 2953 1234 3004 διδαγθείσας
1262 2978 1268 2989 .

193 3030 234 3067 φε
227 3014 345 3066 ’ρουσι.
365 3018 438 3058 πῶς
465 3015 492 3051 δ’
509 3015 546 3050 03
563 3014 712 3051 συνεῖδεν
727 3013 778 3050 ὅτι
798 3012 857 3050 καὶ
873 3014 907 3049 εν
926 3015 973 3049 τΓ)
988 3014 1133 3063 Μαρικα
1150 3026 1234 3063 προ-

194 3071 414 3118 τετελεύτηκε
433 3071 567 3117 Κλέων,
589 3073 624 3108 ἐν
642 3071 677 3108 δὲ
690 3077 765 3114 ταῖς
780 3070 951 3122 Νεφέλαις
968 3071 1050 3120 [581]
1070 3070 1208 3120 λέγεται

319 3159 385 3189 εἶτα
397 3158 448 3188 τὸν
463 3158 573 3188 θεοῖσιν
587 3157 692 3198 ἐχθρὸν
708 3158 932 3209 βυρσοδέ·.ἷκην.]]

249 3230 434 3285 κολετρῶσ’
475 3247 482 3270 ;
517 3232 728 3284 Ὑδρίζουσι.
766 3241 826 3270 ΒΓ.
863 3232 880 3270 3
916 3233 1018 3285 φασὶν
1059 3233 1236 3275 ἰδιωτικῶς

197 3293 463 3335 κλοτζοκοποῧσι
490 3291 759 3340 (τζαλαπατοῦσι
780 3299 818 3327 D.
837 3292 1142 3335 κλοτζοκουποῦσιν
1163 3299 1193 3328 E
1198 3296 1232 3335 .).

202 3356 235 3385 C.

953 205 1208 243 SCHOLIA
1242 205 1303 243 IN
1339 204 1535 243 NUBES.

1328 302 1392 328 553.
1422 290 1461 327 τὸ
1481 292 1598 343 δρᾶμα
1627 292 1660 328 ἐν
1681 285 1709 343 ᾧ
1729 291 1784 329 τὸν
1813 291 2024 345 τΥπέρζῖολον
2048 294 2198 339 Εὔπολις
2225 297 2314 333 ε’κω-

1274 345 1381 399 μῴδει
1410 347 1572 399 Μαρικὰς
1598 350 1767 396 ἐκαλεῖτο,
1788 357 1887 387 Cant.
1910 364 1936 388 2.
1965 351 2193 403 παρείλκυσεν
2218 366 2226 392 2
2256 355 2315 396 Εἷς

1272 405 1311 442 τὸ
1328 404 1468 456 θέατρον
1487 405 1682 456 εἰσήγαγεν.
1703 414 1778 451 Β]’.,
1802 414 1884 445 Vict.

1327 475 1390 501 554.
1422 462 1612 514 ἐκστρέψας
1635 477 1643 501 :
1671 462 1832 501 Ἅπαντα
1860 464 1903 502 τὰ
1929 465 2015 515 ἐμὰ,
2048 467 2162 519 φησὶν,
2192 466 2315 514 ἔλαὸε,

1275 520 1435 572 προσθεὶς
1459 524 1566 572 γραῦν
1592 520 1756 570 μεθύσην,
1784 522 1846 568 τὴν
1877 524 2045 561 δοκοῦσαν
2069 524 2203 577 μητέρα
2229 519 2315 562 εΝἰναι

1274 582 1333 615 τοῦ
1349 577 1578 628 Ἱ“περὸόλου.
1596 578 1769 630 [Εὔπολις
1786 579 1821 616 δὲ
1842 582 1876 616 ἐν
1898 582 1968 624 τοῖς
1991 581 2148 625 Βάπταις
2170 585 2315 620 τούναν-

1274 636 1345 673 τίον
1370 635 1485 688 φησὶν,
1507 635 1558 673 ὅτι
1579 637 1801 683 συνεποίησεν
1824 638 2059 691 Ἀριστοφάνει
2076 639 2153 683 τοὺς
2171 640 2314 683 Ἱππεῗς.

1275 694 1368 744 λέγει
1389 694 1424 731 δὲ
1444 693 1506 740 τὴν
1525 695 1728 732 τελευταίαν
1752 695 1967 748 παράὸασιν.
1995 697 2079 749 φησὶ
2102 698 2138 735 δὲ
2159 717 2173 731 α
2194 698 2318 736 κάκεί-

1276 768 1350 795 νους
1366 751 1441 795 τοὺς
1461 751 1606 796 Ἱππέας
1627 754 1632 805 1
1653 752 1861 800 ξυνεποίησα
1877 757 1926 806 τῷ
1945 756 2113 808 φαλακρῷ
2128 756 2238 809 τούτῳ
2255 758 2317 793 κά-

1277 810 1503 861 δωρησάμην.
1522 810 1557 861 υ]
1579 834 1631 839 —
1648 811 1839 864 ἐκστρέψας
1861 837 1912 842 —
1928 816 2044 856 κακῶς
2066 826 2076 852 z
2095 813 2258 860 συλήσας.
2284 822 2316 852 V.

1279 867 1497 918 μεταόαλών.
1521 875 1603 905 I't'ct.

1331 939 1394 964 555.
1426 929 1533 977 γραῦν
1549 923 1700 976 μεθύσην
1721 940 1729 965 :
1748 925 1823 973 Τὴν
1843 926 1977 979 μητέρα
1998 927 2228 981 Ὑπερὸόλου.
2247 929 2289 975 ἣν
2309 942 2318 968 2

1280 986 1406 1035 Γραύν.
1435 992 1516 1021 liet.

1331 1056 1393 1079 556.
1424 1042 1480 1092 [ἢν
1501 1040 1709 1094 (Ι)ρύνιγος;
1733 1043 1967 1080 Κωμωδεῗται
1985 1042 2132 1089 ποιητης
2151 1046 2169 1081 ὃ
2189 1043 2322 1096 Φρύνι-

1279 1114 1357 1150 χος,
1384 1099 1419 1142 ὃς
1442 1099 1518 1145 εἴση
1520 1115 1605 1150 γαγε
1633 1115 1741 1152 γραυν
1767 1100 1969 1150 ἐσθιομένην
1995 1101 2061 1139 υπὸ
2081 1117 2205 1148 κητους
2230 1102 2321 1140 κατὰ

1282 1157 1429 1207 μίμησιν
1448 1157 1694 1209 Ανδρομέδας,
1714 1157 1769 1194 διὰ
1786 1157 1922 1209 γέλωτα
1939 1161 2008 1196 τῶν
2028 1158 2219 1209 θεωμένων.
2241 1159 2322 1203 ἴσως

1281 1214 1316 1252 35
1335 1220 1392 1252 νῦν
1413 1217 1447 1253 ἐν
1439 1215 1665 1275 ὑπερὲολῇ,
1688 1215 1794 1260 αὐτην
1814 1216 1852 1253 τὸ
1872 1232 1974 1262 κητος
1992 1217 2122 1264 ἤσθιεν.
2128 1219 2141 1268 ]

1333 1287 1395 1311 557.
1427 1266 1486 1310 εἶθ’
1514 1273 1721 1325 εἘρμιππος
1753 1287 1761 1312 :
1793 1272 2000 1326 (Ἕρμιππος
2028 1273 2090 1325 μὲν
2117 1276 2234 1328 δρᾶμα
2260 1276 2322 1312 οὐκ

1281 1330 1441 1376 ἐποίησεν
1459 1333 1505 1374 εἰς
1522 1330 1750 1383 Υπέρὸολον.
1772 1331 1860 1369 ἔοικε
1887 1331 1923 1369 δὲ
1943 1331 1987 1369 τὰ
2004 1334 2050 1375 εἰς
2069 1332 2130 1376 τὰς
2150 1332 2324 1385 Ἀρτοπώ-

1281 1389 1377 1431 λιδας
1393 1388 1561 1439 λεχθέντα
1578 1389 1656 1426 κατ’
1674 1390 1778 1426 αὐτοῦ
1794 1388 1989 1439 σημαίνειν.

1336 1460 1398 1483 558.
1430 1445 1614 1497 ἐρείδουσιν
1653 1460 1662 1484 :
1703 1445 1775 1484 Καὶ
1811 1445 1878 1497 γὰρ
1912 1445 2065 1483 Πλάτων
2095 1445 2175 1484 ὅλον
2207 1447 2325 1499 δρᾶμα

2338 838 2370 862 10

2343 1131 2375 1155 15

2343 1424 2378 1448 20

1283 1503 1431 1555 ἔγραψεν
1461 1505 1507 1547 εἷς
1531 1504 1761 1557 εΥπέρὲῗολον.
1783 1512 1821 1542 R.
1845 1512 1879 1541 V.
1902 1505 2077 1556 ἑδραιοῧσι
2103 1503 2164 1547 τὰς
2194 1507 2324 1543 ἑαυτῶν
2354 1534 2357 1536 -

1283 1560 1479 1614 κωμῳδίας.
1506 1570 1587 1599 Vict.

1339 1620 1427 1668 (559).
1449 1621 1517 1656 τΓ)ν
1538 1618 1738 1670 ἐγχέλεωνξ
1767 1619 1858 1657 Ἀντὶ
1875 1623 1936 1657 τοῧ
1957 1622 2025 1657 τΓ)ν
2050 1619 2175 1664 λέξεων
2205 1623 2326 1668 εἰπεῖν,

1285 1675 1454 1727 ἐγχέλειον
1481 1676 1564 1729 ἔφη,
1586 1677 1774 1730 παρόσον
1759 1693 1793 1715 εν
1810 1683 1881 1721 τοῖς
1905 1677 2086 1716 Ἱππεῦσιν
2113 1678 2195 1730 [864]
2220 1677 2329 1730 ἐμνή-

1286 1738 1349 1782 σθη
1369 1738 1437 1773 τῶν
1456 1736 1639 1788 ἐγχέλεων,

1410 1824 1484 1864 ὅπερ
1502 1824 1561 1864 γὰρ
1577 1826 1605 1855 οἱ
1619 1825 1672 1860 τὰς
1686 1825 1818 1865 ἐγχέλεις
1835 1825 2005 1866 θηρώμενοι
2015 1826 2178 1862 πέπονθας.

1286 1898 1375 1948 [τὸ
1358 1914 1392 1935 οε
1410 1898 1466 1936 διὰ
1480 1899 1683 1951 παραδολης
1699 1899 1846 1944 εἰκάζειν
1861 1916 1923 1946 της
1935 1899 2067 1943 πόλεως
2080 1900 2124 1938 τὰ
2137 1900 2330 1953 πράγματα

1288 1956 1321 2000 ἐξ
1343 1958 1446 1994 αὐτού
1468 1972 1570 2009 φησιν
1590 1957 1767 2010 εἰληφέναι
1782 1974 1860 2001 τους
1878 1957 2034 2001 ἄλλους(
2021 1975 2038 1996 ο
2056 1958 2330 2011 Ἀριστοφάνης]

1342 2028 1403 2052 560.
1433 2014 1583 2052 τούτοισι
1611 2017 1728 2068 γελᾶ;
1752 2019 1850 2062 Οἱον,
1878 2015 1910 2052 ει
1932 2031 1981 2059 τις
2004 2015 2144 2059 ἐκείνοις
2167 2016 2331 2067 τέρπεται

1289 2072 1348 2109 καὶ
1371 2071 1481 2117 ἡδέως
1505 2074 1639 2119 ἀκούει,
1659 2079 1728 2117 τοῖς
1754 2074 1849 2124 ἐμοις
1869 2073 1918 2123 μὴ
1939 2073 2106 2126 προσίτω.
2128 2098 2180 2103 —
2195 2074 2328 2121 ἥδεται.

1297 2139 1379 2169 Vict-

1343 2203 1403 2228 561.
1435 2189 1639 2241 εὑρήμασιε
1663 2189 1829 2239 Νοημασι
1846 2205 1906 2227 και
1925 2189 2112 2239 ποιήμασι
2140 2197 2222 2228 tice.

1343 2262 1406 2286 562.
1438 2242 1474 2284 εὖ
1501 2263 1600 2300 φρονε
1587 2253 1664 2286 -ῖν;
1691 2249 1784 2300 Παρ’
1806 2246 1980 2286 ὑπονοιαν.
2012 2247 2086 2286 δέον
2115 2246 2182 2299 γὰρ
2211 2249 2332 2295 εἰπεῖν,

1291 2305 1488 2351 ἐλεύσεσθε,
1516 2305 1716 2356 ἐπήνεγκεν,
1745 2304 1796 2342 ὅτι
1827 2304 1985 2357 φρόνιμοι
2013 2305 2126 2349 δόξετε
2155 2310 2242 2344 εἰναι
2272 2306 2332 2344 καὶ

1291 2359 1381 2401 εὖνοί
1401 2380 1459 2414 μοι
1479 2380 1538 2401 και
1566 2368 1602 2401 εὖ
1624 2363 1822 2416 φρονουντές
1848 2379 1920 2436 μοι.
1947 2363 2018 2416 [διὸ
2044 2367 2334 2415 επισημειοῦσθαι

1290 2422 1352 2468 τὴν
1371 2423 1460 2466 λέξιν
1481 2422 1549 2459 ἔδει
1567 2422 1604 2459 τὸ
1618 2438 1653 2473 7
1647 2421 1674 2473 ,Ἦ
1699 2445 1752 2450 --
1771 2423 1804 2465 ἐς
1821 2421 1883 2465 τὰς
1907 2421 2000 2474 ὥρας
2019 2422 2078 2466 τὰς
2102 2422 2251 2475 ἑτέραςτ
2273 2425 2335 2466 Εις

1291 2479 1368 2523 τοὺς
1386 2478 1474 2530 μετὰ
1494 2483 1603 2516 ταῦτα
1625 2479 1811 2522 ἐνιαυτούς.
1840 2487 1921 2517 Vict-

1344 2551 1407 2575 563.
1440 2537 1669 2589 [ὑψιμέδοντα
1687 2535 1749 2586 μὲν
1770 2551 1778 2574 :
1802 2539 1915 2574 Τοῦτο
1932 2537 2004 2588 ᾠδὴ
2029 2537 2090 2574 καὶ
2109 2535 2239 2589 στροφὴ
2258 2538 2334 2574 ὀνο-

1293 2595 1459 2645 μάζεται,
1481 2594 1537 2632 διὰ
1557 2594 1595 2632 τὸ
1616 2593 1766 2646 στροφήν
1785 2610 1861 2631 τινα
1881 2598 2053 2632 ποιεῖσθαι
2069 2594 2126 2631 τὸν
2144 2594 2247 2646 χορὸν
2265 2594 2336 2633 ἀπὸ

1292 2656 1350 2689 τοῦ
1371 2652 1456 2704 πρὸς
1477 2651 1556 2694 τοὺς
1582 2651 1704 2694 θεατὰς
1725 2655 1807 2703 ὁρᾶν
1827 2651 1887 2688 καὶ
1908 2651 2013 2704 ᾄδειν,
2035 2653 2081 2695 εἷς
2108 2651 2222 2703 ἕτερον
2245 2652 2334 2703 ἀφο-

2346 1706 2382 1730 25

2348 2048 2384 2073 30

2352 2343 2386 2367 :35

2356 2630 2387 2655 10

1294 2713 1405 2762 ρῶντα
1425 2710 1537 2762 μέρος.
1556 2709 1629 2746 ἔστι
1644 2708 1678 2746 δὲ
1693 2712 1737 2752 ὡς
1754 2711 2014 2747 ἐπιτοπλεῖστον
2036 2711 2082 2753 εἷς
2101 2708 2196 2752 θεοὺς
2208 2712 2230 2755 ἡ
2247 2709 2334 2762 ᾠδή.
2361 2749 2372 2759 ,

1293 2768 1367 2805 ἔστι
1391 2768 1425 2805 δὲ
1445 2771 1466 2814 ἡ
1489 2771 1649 2820 παροῦσα
1672 2766 1801 2819 στροφὴ
1830 2767 1951 2804 κώλων
1982 2768 2040 2805 ιδ’.
2066 2762 2113 2805 ὧν
2133 2767 2172 2805 τὸ
2196 2769 2334 2819 πρῶτον

1293 2825 1524 2878 χοριαμὲικὸν
1567 2825 1726 2876 δίμετρον
1766 2825 2023 2872 ἀκατάληκτον,
2061 2825 2333 2883 ἐπιμεμιγμένον

1294 2884 1457 2936 διιάμὸυ.)
1474 2884 1513 2921 τὸ
1533 2884 1563 2935 β’
1583 2882 1715 2933 ὅμοιον.
1741 2883 1780 2920 τὸ
1800 2883 1913 2935 τρίτον
1937 2884 2095 2936 δίμετρον
2116 2877 2335 2931 καταληκτι-

1293 2943 1365 2988 κὸν,
1384 2941 1656 2992 ἐπιαευιγμένον
1677 2945 1787 2992 βακγε
1792 2942 1849 2994 ίω,
1870 2941 1887 2979 δ
1907 2944 2066 2980 καλεῖται
2090 2941 2334 2995 ἓφθημιμερές.

1292 3000 1331 3037 τὸ
1346 2999 1508 3050 τέταρτον
1528 2998 1587 3035 καὶ
1605 2999 1643 3036 τὸ
1662 2998 1820 3049 πέμπτον
1838 3002 1886 3049 τῷ
1901 2999 2029 3052 πρώτῳ
2047 2999 2162 3049 ὅμοια.
2180 2999 2219 3037 τὸ
2235 2998 2333 3037 ἕκτον

1294 3057 1472 3109 τρίμετρον
1495 3058 1533 3094 ἐκ
1559 3056 1740 3106 διιάμὸου,
1770 3057 1966 3109 χοριάμὸου
1992 3057 2052 3096 καὶ
2083 3056 2260 3109 βακχείου.
2294 3056 2334 3095 τὸ

1294 3115 1439 3165 ἕὸδομον
1455 3114 1658 3151 δακτυλικὸν
1673 3115 1917 3167 τετράμετρον.
1939 3115 1977 3153 τὸ
1993 3115 2112 3165 ὄγδοον
2128 3113 2333 3152 δακτυλικὸν

1294 3172 1542 3224 πεντάμετρον.
1565 3172 1603 3210 τὸ
1626 3172 1743 3210 ἔνατον
1765 3173 1936 3225 δίμετρον,
1961 3173 1994 3217 ἐξ
2015 3172 2189 3225 ἐπιτρίτου
2216 3170 2333 3223 τρίτου

1294 3230 1353 3268 καὶ
1370 3230 1577 3282 χοριάμῧου.
1600 3230 1639 3267 τὸ
1655 3230 1797 3268 δέκατον
1821 3230 1952 3280 ὅμοιον,
1975 3233 2014 3269 ἐκ
2037 3229 2251 3268 δισπονδείου
2274 3244 2334 3267 και

1293 3288 1511 3340 χοριάμὸου,
1540 3288 1562 3334 ἢ
1592 3289 1795 3327 δακτυλικὸν
1822 3287 2073 3341 ἑφθημιμερὲς,
2105 3290 2166 3333 τῆς
2196 3302 2230 3324 σι
2258 3287 2335 3325 ἀντὶ

1298 3353 1433 3399 μακρᾶς
1449 3347 1678 3397 λογιζομένης.
1696 3347 1735 3385 τὸ
1750 3347 1928 3385 ἑνδέκατον
1949 3344 2214 3384 ἀντισπαστικὸν
2238 3343 2336 3395 δίμεγ

2321 3229 2331 3244 x
2354 3225 2385 3249 50
