<?xml version="1.0" encoding="UTF-8"?>
<!DOCTYPE html PUBLIC "-//W3C//DTD XHTML 1.0 Transitional//EN"
    "http://www.w3.org/TR/xhtml1/DTD/xhtml1-transitional.dtd">
<html xmlns="http://www.w3.org/1999/xhtml" xml:lang="en" lang="en">
 <head>
  <title>
</title>
<meta http-equiv="Content-Type" content="text/html;charset=utf-8" />
  <meta name='ocr-system' content='tesseract 3.04.00' />
  <meta name='ocr-capabilities' content='ocr_page ocr_carea ocr_par ocr_line ocrx_word'/>
</head>
<body>
  <div class='ocr_page' id='page_1' title='image "./scholiagraecaina00dbuoft_0067.png"; bbox 0 0 2453 3808; ppageno 0'>
   <div class='ocr_carea' id='block_1_1' title="bbox 807 218 1623 268">
    <p class='ocr_par' dir='ltr' id='par_1_1' title="bbox 807 218 1623 268">
     <span class='ocr_line' id='line_1_1' title="bbox 807 218 1623 268; baseline 0.015 -12"><span class='ocrx_word' id='word_1_1' title='bbox 807 218 1060 259; x_wconf 84' lang='lat' dir='ltr'>SCHOLIA</span> <span class='ocrx_word' id='word_1_2' title='bbox 1095 222 1154 260; x_wconf 85' lang='lat' dir='ltr'>IN</span> <span class='ocrx_word' id='word_1_3' title='bbox 1190 223 1623 268; x_wconf 86' lang='lat' dir='ltr'>ACHARNENSES.</span> 
     </span>
    </p>
   </div>
   <div class='ocr_carea' id='block_1_2' title="bbox 75 300 1185 1797">
    <p class='ocr_par' dir='ltr' id='par_1_2' title="bbox 75 300 1185 1797">
     <span class='ocr_line' id='line_1_2' title="bbox 149 300 1184 356; baseline 0.009 -18"><span class='ocrx_word' id='word_1_4' title='bbox 149 316 213 353; x_wconf 85' lang='grc' dir='ltr'>ριν,</span> <span class='ocrx_word' id='word_1_5' title='bbox 233 300 323 339; x_wconf 78' lang='grc' dir='ltr'>ἀλλὰ</span> <span class='ocrx_word' id='word_1_6' title='bbox 347 303 415 339; x_wconf 76' lang='grc' dir='ltr'>τῶν</span> <span class='ocrx_word' id='word_1_7' title='bbox 439 300 630 354; x_wconf 80' lang='grc' dir='ltr'>παρόντων,</span> <span class='ocrx_word' id='word_1_8' title='bbox 654 305 700 346; x_wconf 87' lang='grc' dir='ltr'>ὡς</span> <span class='ocrx_word' id='word_1_9' title='bbox 724 304 913 356; x_wconf 81' lang='grc' dir='ltr'>φιλόπολις.</span> <span class='ocrx_word' id='word_1_10' title='bbox 931 306 1011 356; x_wconf 86' lang='grc' dir='ltr'>(Εἷς</span> <span class='ocrx_word' id='word_1_11' title='bbox 1025 306 1064 344; x_wconf 75' lang='grc' dir='ltr'>τὸ</span> <span class='ocrx_word' id='word_1_12' title='bbox 1089 309 1184 347; x_wconf 82' lang='grc' dir='ltr'>αὐτό.</span> 
     </span>
     <span class='ocr_line' id='line_1_3' title="bbox 147 358 972 414; baseline 0.006 -18"><span class='ocrx_word' id='word_1_13' title='bbox 147 358 258 406; x_wconf 81' lang='grc' dir='ltr'>ἰδίως,</span> <span class='ocrx_word' id='word_1_14' title='bbox 279 360 383 412; x_wconf 86' lang='grc' dir='ltr'>φησὶ,</span> <span class='ocrx_word' id='word_1_15' title='bbox 407 360 529 412; x_wconf 80' lang='grc' dir='ltr'>φράσω</span> <span class='ocrx_word' id='word_1_16' title='bbox 546 359 601 397; x_wconf 72' lang='grc' dir='ltr'>διὰ</span> <span class='ocrx_word' id='word_1_17' title='bbox 621 377 698 404; x_wconf 85' lang='grc' dir='ltr'>τους</span> <span class='ocrx_word' id='word_1_18' title='bbox 713 377 952 413; x_wconf 86' lang='grc' dir='ltr'>παρεστωτας.</span> <span class='ocrx_word' id='word_1_19' title='bbox 961 365 972 414; x_wconf 92' lang='grc'>)</span> 
     </span>
     <span class='ocr_line' id='line_1_4' title="bbox 198 417 1184 475; baseline 0.009 -22"><span class='ocrx_word' id='word_1_20' title='bbox 198 429 259 454; x_wconf 84' lang='lat'>916.</span> <span class='ocrx_word' id='word_1_21' title='bbox 291 417 525 468; x_wconf 84' lang='grc' dir='ltr'>θρυαλλίδας;</span> <span class='ocrx_word' id='word_1_22' title='bbox 550 417 617 456; x_wconf 81' lang='grc' dir='ltr'>Διὰ</span> <span class='ocrx_word' id='word_1_23' title='bbox 650 418 694 455; x_wconf 88' lang='grc' dir='ltr'>τὰ</span> <span class='ocrx_word' id='word_1_24' title='bbox 714 419 892 470; x_wconf 85' lang='grc' dir='ltr'>ἐλλύχνια.</span> <span class='ocrx_word' id='word_1_25' title='bbox 912 424 958 464; x_wconf 82' lang='grc' dir='ltr'>ὡς</span> <span class='ocrx_word' id='word_1_26' title='bbox 986 423 1184 475; x_wconf 77' lang='grc' dir='ltr'>ἀπορρητου</span> 
     </span>
     <span class='ocr_line' id='line_1_5' title="bbox 144 473 1185 531; baseline 0.01 -21"><span class='ocrx_word' id='word_1_27' title='bbox 144 473 180 510; x_wconf 88' lang='lat'>63</span> <span class='ocrx_word' id='word_1_28' title='bbox 217 473 312 517; x_wconf 83' lang='grc' dir='ltr'>ὄντος</span> <span class='ocrx_word' id='word_1_29' title='bbox 341 475 400 512; x_wconf 85' lang='grc' dir='ltr'>καὶ</span> <span class='ocrx_word' id='word_1_30' title='bbox 438 477 565 522; x_wconf 83' lang='grc' dir='ltr'>δεινοῦ,</span> <span class='ocrx_word' id='word_1_31' title='bbox 595 478 688 528; x_wconf 85' lang='grc' dir='ltr'>εἷσφε</span> <span class='ocrx_word' id='word_1_32' title='bbox 694 493 762 530; x_wconf 89' lang='grc' dir='ltr'>ρειν</span> <span class='ocrx_word' id='word_1_33' title='bbox 803 480 1012 531; x_wconf 75' lang='grc' dir='ltr'>θρυαλλίδας</span> <span class='ocrx_word' id='word_1_34' title='bbox 1053 484 1099 525; x_wconf 88' lang='grc' dir='ltr'>εἷς</span> <span class='ocrx_word' id='word_1_35' title='bbox 1125 482 1185 525; x_wconf 78' lang='grc' dir='ltr'>τὰς</span> 
     </span>
     <span class='ocr_line' id='line_1_6' title="bbox 108 530 299 577; baseline -0.017 -7"><span class='ocrx_word' id='word_1_36' title='bbox 108 546 125 570; x_wconf 74' lang='lat'>5</span> <span class='ocrx_word' id='word_1_37' title='bbox 145 530 299 577; x_wconf 77' lang='grc' dir='ltr'>Ἀθηνας.</span> 
     </span>
     <span class='ocr_line' id='line_1_7' title="bbox 196 589 1182 645; baseline 0.006 -17"><span class='ocrx_word' id='word_1_38' title='bbox 196 602 260 628; x_wconf 77' lang='lat'>920.</span> <span class='ocrx_word' id='word_1_39' title='bbox 289 589 422 634; x_wconf 82' lang='grc' dir='ltr'>ἔνθεις</span> <span class='ocrx_word' id='word_1_40' title='bbox 406 607 447 628; x_wconf 91' lang='grc' dir='ltr'>αν</span> <span class='ocrx_word' id='word_1_41' title='bbox 465 592 497 634; x_wconf 85' lang='grc' dir='ltr'>ἐς</span> <span class='ocrx_word' id='word_1_42' title='bbox 511 591 638 644; x_wconf 73' lang='grc' dir='ltr'>τίφηνῖ</span> <span class='ocrx_word' id='word_1_43' title='bbox 663 593 778 645; x_wconf 82' lang='grc' dir='ltr'>Τίφην</span> <span class='ocrx_word' id='word_1_44' title='bbox 796 596 826 632; x_wconf 79' lang='grc' dir='ltr'>οἱ</span> <span class='ocrx_word' id='word_1_45' title='bbox 847 595 1020 640; x_wconf 77' lang='grc' dir='ltr'>Ἀθηναῖοι</span> <span class='ocrx_word' id='word_1_46' title='bbox 1038 597 1182 634; x_wconf 86' lang='grc' dir='ltr'>καλοῦσι</span> 
     </span>
     <span class='ocr_line' id='line_1_8' title="bbox 141 646 1182 705; baseline 0.008 -21"><span class='ocrx_word' id='word_1_47' title='bbox 141 646 204 693; x_wconf 74' lang='grc' dir='ltr'>τὴν</span> <span class='ocrx_word' id='word_1_48' title='bbox 216 648 439 698; x_wconf 83' lang='grc' dir='ltr'>καλουμένην</span> <span class='ocrx_word' id='word_1_49' title='bbox 455 650 628 702; x_wconf 66' lang='grc' dir='ltr'>σίλφην.”</span> <span class='ocrx_word' id='word_1_50' title='bbox 609 667 682 688; x_wconf 90' lang='grc' dir='ltr'>εστι</span> <span class='ocrx_word' id='word_1_51' title='bbox 700 652 734 689; x_wconf 86' lang='lat'>63</span> <span class='ocrx_word' id='word_1_52' title='bbox 748 652 831 704; x_wconf 81' lang='grc' dir='ltr'>ζώον</span> <span class='ocrx_word' id='word_1_53' title='bbox 847 655 1075 705; x_wconf 76' lang='grc' dir='ltr'>κανθαρῶδες.</span> <span class='ocrx_word' id='word_1_54' title='bbox 1090 654 1167 705; x_wconf 82' lang='grc' dir='ltr'>λέγε</span> <span class='ocrx_word' id='word_1_55' title='bbox 1173 671 1182 691; x_wconf 96' lang='grc' dir='ltr'>ι</span> 
     </span>
     <span class='ocr_line' id='line_1_9' title="bbox 143 704 1182 762; baseline 0.007 -20"><span class='ocrx_word' id='word_1_56' title='bbox 143 704 213 743; x_wconf 72' lang='lat'>63⁶</span> <span class='ocrx_word' id='word_1_57' title='bbox 192 721 243 743; x_wconf 89' lang='grc' dir='ltr'>οτι</span> <span class='ocrx_word' id='word_1_58' title='bbox 261 708 300 744; x_wconf 86' lang='grc' dir='ltr'>ἐκ</span> <span class='ocrx_word' id='word_1_59' title='bbox 316 707 444 754; x_wconf 86' lang='grc' dir='ltr'>ταύτης</span> <span class='ocrx_word' id='word_1_60' title='bbox 463 708 570 754; x_wconf 72' lang='grc' dir='ltr'>δήσας</span> <span class='ocrx_word' id='word_1_61' title='bbox 587 725 638 752; x_wconf 91' lang='grc' dir='ltr'>τις</span> <span class='ocrx_word' id='word_1_62' title='bbox 653 709 715 755; x_wconf 78' lang='grc' dir='ltr'>τὴν</span> <span class='ocrx_word' id='word_1_63' title='bbox 737 711 959 762; x_wconf 63' lang='grc' dir='ltr'>θρυαλλίδα“</span> <span class='ocrx_word' id='word_1_64' title='bbox 942 711 1105 761; x_wconf 73' lang='grc' dir='ltr'>ηαμένην</span> <span class='ocrx_word' id='word_1_65' title='bbox 1129 714 1182 749; x_wconf 78' lang='grc' dir='ltr'>εἰ-</span> 
     </span>
     <span class='ocr_line' id='line_1_10' title="bbox 141 763 1181 820; baseline 0.005 -20"><span class='ocrx_word' id='word_1_66' title='bbox 141 763 295 813; x_wconf 86' lang='grc' dir='ltr'>σπέμπει</span> <span class='ocrx_word' id='word_1_67' title='bbox 309 766 355 808; x_wconf 87' lang='grc' dir='ltr'>εἷς</span> <span class='ocrx_word' id='word_1_68' title='bbox 370 765 414 802; x_wconf 79' lang='grc' dir='ltr'>τὰ</span> <span class='ocrx_word' id='word_1_69' title='bbox 427 765 564 818; x_wconf 78' lang='grc' dir='ltr'>νεώρια,</span> <span class='ocrx_word' id='word_1_70' title='bbox 579 767 792 817; x_wconf 74' lang='grc' dir='ltr'>ἐπιτηρήσας</span> <span class='ocrx_word' id='word_1_71' title='bbox 804 768 952 806; x_wconf 83' lang='grc' dir='ltr'>πνέοντα</span> <span class='ocrx_word' id='word_1_72' title='bbox 969 768 1106 820; x_wconf 81' lang='grc' dir='ltr'>βορέαν,</span> <span class='ocrx_word' id='word_1_73' title='bbox 1122 769 1181 806; x_wconf 83' lang='grc' dir='ltr'>καὶ</span> 
     </span>
     <span class='ocr_line' id='line_1_11' title="bbox 89 821 1182 877; baseline 0.004 -18"><span class='ocrx_word' id='word_1_74' title='bbox 89 838 122 863; x_wconf 91' lang='lat'>10</span> <span class='ocrx_word' id='word_1_75' title='bbox 143 821 232 860; x_wconf 78' lang='grc' dir='ltr'>οὕτω</span> <span class='ocrx_word' id='word_1_76' title='bbox 251 822 374 861; x_wconf 81' lang='grc' dir='ltr'>καύσει</span> <span class='ocrx_word' id='word_1_77' title='bbox 396 823 459 866; x_wconf 84' lang='grc' dir='ltr'>τὰς</span> <span class='ocrx_word' id='word_1_78' title='bbox 477 828 569 867; x_wconf 88' lang='grc' dir='ltr'>ναῦς.</span> <span class='ocrx_word' id='word_1_79' title='bbox 596 825 735 877; x_wconf 80' lang='grc' dir='ltr'>νεώριον</span> <span class='ocrx_word' id='word_1_80' title='bbox 757 825 792 862; x_wconf 87' lang='lat'>63</span> <span class='ocrx_word' id='word_1_81' title='bbox 818 827 975 863; x_wconf 86' lang='grc' dir='ltr'>καλεῖται</span> <span class='ocrx_word' id='word_1_82' title='bbox 996 829 1014 863; x_wconf 84' lang='grc' dir='ltr'>ὁ</span> <span class='ocrx_word' id='word_1_83' title='bbox 1038 826 1138 869; x_wconf 83' lang='grc' dir='ltr'>τόπος</span> <span class='ocrx_word' id='word_1_84' title='bbox 1164 829 1182 863; x_wconf 85' lang='grc' dir='ltr'>ὁ</span> 
     </span>
     <span class='ocr_line' id='line_1_12' title="bbox 138 880 1178 933; baseline 0.005 -16"><span class='ocrx_word' id='word_1_85' title='bbox 138 880 310 933; x_wconf 74' lang='grc' dir='ltr'>περιέχων</span> <span class='ocrx_word' id='word_1_86' title='bbox 326 881 369 919; x_wconf 80' lang='grc' dir='ltr'>τὰ</span> <span class='ocrx_word' id='word_1_87' title='bbox 386 884 510 927; x_wconf 85' lang='grc' dir='ltr'>πλοῖα,</span> <span class='ocrx_word' id='word_1_88' title='bbox 527 882 628 928; x_wconf 81' lang='grc' dir='ltr'>ἡνίκα</span> <span class='ocrx_word' id='word_1_89' title='bbox 647 882 687 920; x_wconf 82' lang='grc' dir='ltr'>ἂν</span> <span class='ocrx_word' id='word_1_90' title='bbox 702 884 922 921; x_wconf 78' lang='grc' dir='ltr'>ἑλκυσθῶσιν.</span> <span class='ocrx_word' id='word_1_91' title='bbox 939 884 1015 933; x_wconf 85' lang='grc' dir='ltr'>(Εἷς</span> <span class='ocrx_word' id='word_1_92' title='bbox 1028 883 1066 921; x_wconf 85' lang='grc' dir='ltr'>τὸ</span> <span class='ocrx_word' id='word_1_93' title='bbox 1081 883 1178 922; x_wconf 72' lang='grc' dir='ltr'>αὐτό.</span> 
     </span>
     <span class='ocr_line' id='line_1_13' title="bbox 97 939 1073 992; baseline 0.001 -16"><span class='ocrx_word' id='word_1_94' title='bbox 97 964 100 966; x_wconf 90' lang='grc'>-</span> <span class='ocrx_word' id='word_1_95' title='bbox 138 939 314 986; x_wconf 74' lang='grc' dir='ltr'>ε’μὸαλὼν,</span> <span class='ocrx_word' id='word_1_96' title='bbox 334 940 477 986; x_wconf 74' lang='grc' dir='ltr'>ἐνδήσας</span> <span class='ocrx_word' id='word_1_97' title='bbox 491 940 552 985; x_wconf 81' lang='grc' dir='ltr'>τὴν</span> <span class='ocrx_word' id='word_1_98' title='bbox 569 939 754 991; x_wconf 84' lang='grc' dir='ltr'>θρυαλλίδα</span> <span class='ocrx_word' id='word_1_99' title='bbox 775 942 820 982; x_wconf 88' lang='grc' dir='ltr'>εἷς</span> <span class='ocrx_word' id='word_1_100' title='bbox 834 940 897 985; x_wconf 81' lang='grc' dir='ltr'>τὴν</span> <span class='ocrx_word' id='word_1_101' title='bbox 917 939 1066 992; x_wconf 86' lang='grc' dir='ltr'>σίλφην</span> <span class='ocrx_word' id='word_1_102' title='bbox 1063 942 1073 982; x_wconf 85' lang='grc'>)</span> 
     </span>
     <span class='ocr_line' id='line_1_14' title="bbox 189 997 1179 1051; baseline 0.001 -16"><span class='ocrx_word' id='word_1_103' title='bbox 189 1011 254 1036; x_wconf 79' lang='lat'>922.</span> <span class='ocrx_word' id='word_1_104' title='bbox 285 997 330 1034; x_wconf 89' lang='grc' dir='ltr'>δι’</span> <span class='ocrx_word' id='word_1_105' title='bbox 361 998 575 1050; x_wconf 73' lang='grc' dir='ltr'>ὑδρορρόαςε</span> <span class='ocrx_word' id='word_1_106' title='bbox 604 997 683 1047; x_wconf 76' lang='grc' dir='ltr'>(Διὰ</span> <span class='ocrx_word' id='word_1_107' title='bbox 706 1001 825 1035; x_wconf 78' lang='grc' dir='ltr'>στενοῦ</span> <span class='ocrx_word' id='word_1_108' title='bbox 852 997 1025 1048; x_wconf 70' lang='lat' dir='ltr'>‘ton-06.)‘</span> <span class='ocrx_word' id='word_1_109' title='bbox 1013 998 1179 1051; x_wconf 86' lang='grc' dir='ltr'>υδρορρόα</span> 
     </span>
     <span class='ocr_line' id='line_1_15' title="bbox 136 1055 1179 1107; baseline 0.002 -15"><span class='ocrx_word' id='word_1_110' title='bbox 136 1056 296 1092; x_wconf 87' lang='grc' dir='ltr'>καλεῖται</span> <span class='ocrx_word' id='word_1_111' title='bbox 309 1055 348 1092; x_wconf 88' lang='grc' dir='ltr'>τὸ</span> <span class='ocrx_word' id='word_1_112' title='bbox 362 1055 463 1107; x_wconf 84' lang='grc' dir='ltr'>μέρος</span> <span class='ocrx_word' id='word_1_113' title='bbox 479 1058 539 1100; x_wconf 80' lang='grc' dir='ltr'>τῆς</span> <span class='ocrx_word' id='word_1_114' title='bbox 555 1055 772 1107; x_wconf 75' lang='grc' dir='ltr'>στεφανίδος,</span> <span class='ocrx_word' id='word_1_115' title='bbox 787 1055 829 1092; x_wconf 82' lang='grc' dir='ltr'>δι’</span> <span class='ocrx_word' id='word_1_116' title='bbox 846 1058 884 1092; x_wconf 77' lang='grc' dir='ltr'>οὗ</span> <span class='ocrx_word' id='word_1_117' title='bbox 898 1055 937 1093; x_wconf 85' lang='grc' dir='ltr'>τὸ</span> <span class='ocrx_word' id='word_1_118' title='bbox 953 1055 1023 1093; x_wconf 80' lang='grc' dir='ltr'>ἀπὸ</span> <span class='ocrx_word' id='word_1_119' title='bbox 1039 1060 1099 1094; x_wconf 90' lang='grc' dir='ltr'>τοῦ</span> <span class='ocrx_word' id='word_1_120' title='bbox 1115 1056 1179 1107; x_wconf 86' lang='grc' dir='ltr'>ὄμ-</span> 
     </span>
     <span class='ocr_line' id='line_1_16' title="bbox 85 1112 823 1165; baseline 0 -15"><span class='ocrx_word' id='word_1_121' title='bbox 85 1129 117 1154; x_wconf 82' lang='lat'>15</span> <span class='ocrx_word' id='word_1_122' title='bbox 137 1112 221 1165; x_wconf 74' lang='grc' dir='ltr'>ὅρου</span> <span class='ocrx_word' id='word_1_123' title='bbox 238 1112 328 1165; x_wconf 87' lang='grc' dir='ltr'>υδωρ</span> <span class='ocrx_word' id='word_1_124' title='bbox 348 1112 579 1163; x_wconf 84' lang='grc' dir='ltr'>συναγόμενον</span> <span class='ocrx_word' id='word_1_125' title='bbox 599 1112 823 1164; x_wconf 85' lang='grc' dir='ltr'>κατέρχεται.</span> 
     </span>
     <span class='ocr_line' id='line_1_17' title="bbox 187 1169 1177 1224; baseline 0.003 -17"><span class='ocrx_word' id='word_1_126' title='bbox 187 1183 250 1208; x_wconf 72' lang='lat'>92¹3.</span> <span class='ocrx_word' id='word_1_127' title='bbox 274 1170 409 1221; x_wconf 90' lang='grc' dir='ltr'>(κεῖπερ</span> <span class='ocrx_word' id='word_1_128' title='bbox 436 1169 579 1208; x_wconf 76' lang='grc' dir='ltr'>λάὸοιτο</span> <span class='ocrx_word' id='word_1_129' title='bbox 604 1184 613 1208; x_wconf 77' lang='lat' dir='ltr'><em>z</em></span> <span class='ocrx_word' id='word_1_130' title='bbox 643 1169 729 1209; x_wconf 83' lang='grc' dir='ltr'>Ἐὰν</span> <span class='ocrx_word' id='word_1_131' title='bbox 759 1169 910 1222; x_wconf 76' lang='grc' dir='ltr'>ἅψηται,</span> <span class='ocrx_word' id='word_1_132' title='bbox 938 1171 1040 1224; x_wconf 79' lang='grc' dir='ltr'>φησὶ,</span> <span class='ocrx_word' id='word_1_133' title='bbox 1062 1171 1177 1222; x_wconf 89' lang='grc' dir='ltr'>μόνον,</span> 
     </span>
     <span class='ocr_line' id='line_1_18' title="bbox 133 1227 1034 1277; baseline 0.002 -12"><span class='ocrx_word' id='word_1_134' title='bbox 133 1227 231 1271; x_wconf 78' lang='grc' dir='ltr'>εὐθὺς</span> <span class='ocrx_word' id='word_1_135' title='bbox 242 1227 426 1277; x_wconf 83' lang='grc' dir='ltr'>καίονται.)</span> <span class='ocrx_word' id='word_1_136' title='bbox 1028 1232 1034 1240; x_wconf 76' lang='lat'>‘</span> 
     </span>
     <span class='ocr_line' id='line_1_19' title="bbox 184 1285 1175 1337; baseline 0.003 -13"><span class='ocrx_word' id='word_1_137' title='bbox 184 1298 248 1324; x_wconf 78' lang='grc'>924.</span> <span class='ocrx_word' id='word_1_138' title='bbox 281 1285 484 1337; x_wconf 83' lang='grc' dir='ltr'>(σελαγοῖντ’</span> <span class='ocrx_word' id='word_1_139' title='bbox 501 1285 541 1323; x_wconf 85' lang='grc' dir='ltr'>ἄν</span> <span class='ocrx_word' id='word_1_140' title='bbox 557 1300 566 1325; x_wconf 79' lang='lat' dir='ltr'><strong><em>z</em></strong></span> <span class='ocrx_word' id='word_1_141' title='bbox 587 1288 630 1324; x_wconf 80' lang='grc' dir='ltr'>Αἱ</span> <span class='ocrx_word' id='word_1_142' title='bbox 646 1290 728 1330; x_wconf 92' lang='grc' dir='ltr'>ναῦς</span> <span class='ocrx_word' id='word_1_143' title='bbox 745 1286 912 1333; x_wconf 82' lang='grc' dir='ltr'>δηλονότι.</span> <span class='ocrx_word' id='word_1_144' title='bbox 930 1291 1041 1326; x_wconf 88' lang='grc' dir='ltr'>ταῦτα</span> <span class='ocrx_word' id='word_1_145' title='bbox 1060 1289 1096 1326; x_wconf 83' lang='lat'>63</span> <span class='ocrx_word' id='word_1_146' title='bbox 1115 1289 1175 1327; x_wconf 89' lang='grc' dir='ltr'>λέ-</span> 
     </span>
     <span class='ocr_line' id='line_1_20' title="bbox 130 1343 1175 1397; baseline 0.004 -17"><span class='ocrx_word' id='word_1_147' title='bbox 130 1357 184 1394; x_wconf 90' lang='grc' dir='ltr'>γει</span> <span class='ocrx_word' id='word_1_148' title='bbox 199 1343 474 1393; x_wconf 82' lang='grc' dir='ltr'>ἐκπληττόμενος</span> <span class='ocrx_word' id='word_1_149' title='bbox 484 1346 502 1381; x_wconf 83' lang='grc' dir='ltr'><strong><em>ὃ</em></strong></span> <span class='ocrx_word' id='word_1_150' title='bbox 515 1343 737 1387; x_wconf 82' lang='grc' dir='ltr'>Δικαιόπολις</span> <span class='ocrx_word' id='word_1_151' title='bbox 749 1344 807 1382; x_wconf 80' lang='grc' dir='ltr'>τὸν</span> <span class='ocrx_word' id='word_1_152' title='bbox 821 1345 1051 1397; x_wconf 77' lang='grc' dir='ltr'>συκοφάντην.</span> <span class='ocrx_word' id='word_1_153' title='bbox 1066 1350 1175 1384; x_wconf 88' lang='grc' dir='ltr'>ταῦτα</span> 
     </span>
     <span class='ocr_line' id='line_1_21' title="bbox 78 1399 1172 1454; baseline 0.003 -15"><span class='ocrx_word' id='word_1_154' title='bbox 78 1417 114 1442; x_wconf 84' lang='lat'>20</span> <span class='ocrx_word' id='word_1_155' title='bbox 132 1402 168 1439; x_wconf 88' lang='lat'>63</span> <span class='ocrx_word' id='word_1_156' title='bbox 189 1399 294 1439; x_wconf 87' lang='grc' dir='ltr'>εἰπὼν</span> <span class='ocrx_word' id='word_1_157' title='bbox 316 1401 438 1439; x_wconf 83' lang='grc' dir='ltr'>τύπτει</span> <span class='ocrx_word' id='word_1_158' title='bbox 467 1401 561 1445; x_wconf 79' lang='grc' dir='ltr'>εὐθὺς</span> <span class='ocrx_word' id='word_1_159' title='bbox 591 1401 648 1440; x_wconf 78' lang='grc' dir='ltr'>τὸν</span> <span class='ocrx_word' id='word_1_160' title='bbox 669 1402 876 1454; x_wconf 64' lang='grc' dir='ltr'>Νίκαρχον.)</span> <span class='ocrx_word' id='word_1_161' title='bbox 906 1404 981 1441; x_wconf 82' lang='grc' dir='ltr'>ἀντὶ</span> <span class='ocrx_word' id='word_1_162' title='bbox 1006 1407 1066 1441; x_wconf 85' lang='grc' dir='ltr'>τοῦ</span> <span class='ocrx_word' id='word_1_163' title='bbox 1090 1405 1172 1442; x_wconf 87' lang='grc' dir='ltr'>καί-</span> 
     </span>
     <span class='ocr_line' id='line_1_22' title="bbox 130 1467 293 1498; baseline -0.012 0"><span class='ocrx_word' id='word_1_164' title='bbox 130 1474 232 1498; x_wconf 88' lang='grc' dir='ltr'>οιντο.</span> <span class='ocrx_word' id='word_1_165' title='bbox 255 1467 293 1497; x_wconf 92' lang='lat' dir='ltr'>R.</span> 
     </span>
     <span class='ocr_line' id='line_1_23' title="bbox 183 1518 547 1571; baseline 0.003 -15"><span class='ocrx_word' id='word_1_166' title='bbox 183 1532 248 1557; x_wconf 78' lang='lat'>926.</span> <span class='ocrx_word' id='word_1_167' title='bbox 278 1518 500 1571; x_wconf 88' lang='grc' dir='ltr'>μαρτύρομαι</span> <span class='ocrx_word' id='word_1_168' title='bbox 538 1532 547 1557; x_wconf 90' lang='lat'>:</span> 
     </span>
     <span class='ocr_line' id='line_1_24' title="bbox 129 1576 829 1630; baseline 0.003 -17"><span class='ocrx_word' id='word_1_169' title='bbox 129 1579 190 1613; x_wconf 87' lang='grc' dir='ltr'>τοῦ</span> <span class='ocrx_word' id='word_1_170' title='bbox 204 1576 467 1619; x_wconf 82' lang='grc' dir='ltr'>Δικαιοπόλιδος</span> <span class='ocrx_word' id='word_1_171' title='bbox 486 1576 578 1628; x_wconf 87' lang='grc' dir='ltr'>λέγει</span> <span class='ocrx_word' id='word_1_172' title='bbox 596 1577 829 1630; x_wconf 85' lang='grc' dir='ltr'>μαρτύρομαι.</span> 
     </span>
     <span class='ocr_line' id='line_1_25' title="bbox 182 1634 1170 1689; baseline 0.001 -16"><span class='ocrx_word' id='word_1_173' title='bbox 182 1648 246 1673; x_wconf 75' lang='grc'>927.</span> <span class='ocrx_word' id='word_1_174' title='bbox 277 1634 420 1687; x_wconf 82' lang='grc' dir='ltr'>φορυτόν</span> <span class='ocrx_word' id='word_1_175' title='bbox 445 1648 453 1673; x_wconf 89' lang='lat'>:</span> <span class='ocrx_word' id='word_1_176' title='bbox 474 1635 672 1687; x_wconf 84' lang='grc' dir='ltr'>Φρύγανον,</span> <span class='ocrx_word' id='word_1_177' title='bbox 691 1636 855 1687; x_wconf 71' lang='grc' dir='ltr'>σχοινίον,</span> <span class='ocrx_word' id='word_1_178' title='bbox 878 1636 1010 1686; x_wconf 82' lang='grc' dir='ltr'>δέσμην</span> <span class='ocrx_word' id='word_1_179' title='bbox 1042 1637 1170 1689; x_wconf 80' lang='grc' dir='ltr'>χόρτου</span> 
     </span>
     <span class='ocr_line' id='line_1_26' title="bbox 75 1690 1170 1744; baseline 0.005 -16"><span class='ocrx_word' id='word_1_180' title='bbox 75 1709 110 1734; x_wconf 82' lang='lat'>25</span> <span class='ocrx_word' id='word_1_181' title='bbox 128 1691 374 1744; x_wconf 70' lang='grc' dir='ltr'>συρφετώδους.</span> <span class='ocrx_word' id='word_1_182' title='bbox 391 1690 424 1741; x_wconf 80' lang='grc' dir='ltr'>(ἢ</span> <span class='ocrx_word' id='word_1_183' title='bbox 443 1692 649 1744; x_wconf 81' lang='grc' dir='ltr'>φρυγανώδη</span> <span class='ocrx_word' id='word_1_184' title='bbox 670 1693 946 1744; x_wconf 79' lang='grc' dir='ltr'>ἀκαθαρσίαν.ὡς</span> <span class='ocrx_word' id='word_1_185' title='bbox 959 1694 998 1731; x_wconf 84' lang='grc' dir='ltr'>τὸ</span> <span class='ocrx_word' id='word_1_186' title='bbox 1015 1700 1170 1741; x_wconf 83' lang='lat' dir='ltr'>[Callima-</span> 
     </span>
     <span class='ocr_line' id='line_1_27' title="bbox 127 1754 536 1797; baseline 0.002 -10"><span class='ocrx_word' id='word_1_187' title='bbox 127 1754 179 1787; x_wconf 89' lang='lat' dir='ltr'>chi</span> <span class='ocrx_word' id='word_1_188' title='bbox 194 1756 227 1787; x_wconf 89' lang='lat' dir='ltr'>in</span> <span class='ocrx_word' id='word_1_189' title='bbox 240 1755 339 1787; x_wconf 88' lang='lat' dir='ltr'>schol.</span> <span class='ocrx_word' id='word_1_190' title='bbox 353 1757 451 1795; x_wconf 77' lang='lat' dir='ltr'>vesp.</span> <span class='ocrx_word' id='word_1_191' title='bbox 472 1755 536 1797; x_wconf 80' lang='lat'><strong>832]</strong></span> 
     </span>
    </p>
   </div>
   <div class='ocr_carea' id='block_1_3' title="bbox 578 1519 1174 1571">
    <p class='ocr_par' dir='ltr' id='par_1_3' title="bbox 578 1519 1174 1571">
     <span class='ocr_line' id='line_1_28' title="bbox 578 1519 1174 1571; baseline 0 -13"><span class='ocrx_word' id='word_1_192' title='bbox 578 1519 622 1558; x_wconf 82' lang='lat' dir='ltr'>‘O</span> <span class='ocrx_word' id='word_1_193' title='bbox 659 1519 836 1571; x_wconf 73' lang='grc' dir='ltr'>Νίκαρχος</span> <span class='ocrx_word' id='word_1_194' title='bbox 864 1520 1074 1571; x_wconf 84' lang='grc' dir='ltr'>τυπτόμενος</span> <span class='ocrx_word' id='word_1_195' title='bbox 1108 1521 1174 1558; x_wconf 78' lang='grc' dir='ltr'>ὑπὸ</span> 
     </span>
    </p>
   </div>
   <div class='ocr_carea' id='block_1_4' title="bbox 248 1837 1042 1880">
    <p class='ocr_par' dir='ltr' id='par_1_4' title="bbox 248 1837 1042 1880">
     <span class='ocr_line' id='line_1_29' title="bbox 248 1837 1042 1880; baseline 0.001 -12"><span class='ocrx_word' id='word_1_196' title='bbox 248 1837 304 1868; x_wconf 85' lang='grc' dir='ltr'>σὺν</span> <span class='ocrx_word' id='word_1_197' title='bbox 313 1837 340 1868; x_wconf 82' lang='grc' dir='ltr'>δ’</span> <span class='ocrx_word' id='word_1_198' title='bbox 355 1837 462 1877; x_wconf 80' lang='grc' dir='ltr'>ἄμυδις</span> <span class='ocrx_word' id='word_1_199' title='bbox 476 1837 603 1878; x_wconf 85' lang='grc' dir='ltr'>φορυτόν</span> <span class='ocrx_word' id='word_1_200' title='bbox 616 1848 648 1868; x_wconf 87' lang='grc' dir='ltr'>τε</span> <span class='ocrx_word' id='word_1_201' title='bbox 655 1837 915 1878; x_wconf 78' lang='grc' dir='ltr'>καὶῖπνιαλύματ’</span> <span class='ocrx_word' id='word_1_202' title='bbox 929 1838 1042 1880; x_wconf 79' lang='grc' dir='ltr'>ἀείρας.</span> 
     </span>
    </p>
   </div>
   <div class='ocr_carea' id='block_1_5' title="bbox 114 1907 1167 2657">
    <p class='ocr_par' dir='ltr' id='par_1_5' title="bbox 124 1907 1167 2024">
     <span class='ocr_line' id='line_1_30' title="bbox 125 1907 1167 1966; baseline 0.002 -15"><span class='ocrx_word' id='word_1_203' title='bbox 125 1912 182 1951; x_wconf 82' lang='grc' dir='ltr'>διὰ</span> <span class='ocrx_word' id='word_1_204' title='bbox 200 1916 260 1950; x_wconf 86' lang='grc' dir='ltr'>τοῦ</span> <span class='ocrx_word' id='word_1_205' title='bbox 280 1928 298 1951; x_wconf 92' lang='grc' dir='ltr'>ο</span> <span class='ocrx_word' id='word_1_206' title='bbox 315 1916 451 1965; x_wconf 87' lang='grc' dir='ltr'>μικροῦ.</span> <span class='ocrx_word' id='word_1_207' title='bbox 475 1912 497 1959; x_wconf 87' lang='grc' dir='ltr'>ἢ</span> <span class='ocrx_word' id='word_1_208' title='bbox 517 1914 687 1965; x_wconf 82' lang='grc' dir='ltr'>ψιαθῶδες</span> <span class='ocrx_word' id='word_1_209' title='bbox 702 1913 864 1964; x_wconf 83' lang='grc' dir='ltr'>πλέγμα,</span> <span class='ocrx_word' id='word_1_210' title='bbox 889 1916 923 1952; x_wconf 88' lang='grc' dir='ltr'>ἐν</span> <span class='ocrx_word' id='word_1_211' title='bbox 940 1907 968 1966; x_wconf 72' lang='grc' dir='ltr'><em>ᾧ</em></span> <span class='ocrx_word' id='word_1_212' title='bbox 985 1914 1062 1957; x_wconf 82' lang='grc' dir='ltr'>τοὺς</span> <span class='ocrx_word' id='word_1_213' title='bbox 1078 1915 1167 1953; x_wconf 90' lang='grc' dir='ltr'>στά-</span> 
     </span>
     <span class='ocr_line' id='line_1_31' title="bbox 124 1971 1084 2024; baseline 0.002 -16"><span class='ocrx_word' id='word_1_214' title='bbox 124 1986 211 2023; x_wconf 87' lang='grc' dir='ltr'>χυας</span> <span class='ocrx_word' id='word_1_215' title='bbox 231 1971 476 2022; x_wconf 75' lang='grc' dir='ltr'>ἐμὸάλλουσιν.</span> <span class='ocrx_word' id='word_1_216' title='bbox 497 1971 519 2017; x_wconf 84' lang='grc' dir='ltr'>ἢ</span> <span class='ocrx_word' id='word_1_217' title='bbox 539 1971 601 2017; x_wconf 80' lang='grc' dir='ltr'>τὴν</span> <span class='ocrx_word' id='word_1_218' title='bbox 619 1973 658 2008; x_wconf 87' lang='grc' dir='ltr'>ἐκ</span> <span class='ocrx_word' id='word_1_219' title='bbox 674 1971 854 2024; x_wconf 85' lang='grc' dir='ltr'>φρυγάνων</span> <span class='ocrx_word' id='word_1_220' title='bbox 873 1972 1084 2023; x_wconf 77' lang='grc' dir='ltr'>στρωμνήν.)</span> 
     </span>
    </p>

    <p class='ocr_par' dir='ltr' id='par_1_6' title="bbox 121 2027 1166 2139">
     <span class='ocr_line' id='line_1_32' title="bbox 179 2027 1166 2081; baseline 0.003 -15"><span class='ocrx_word' id='word_1_221' title='bbox 179 2042 244 2068; x_wconf 79' lang='lat'>928.</span> <span class='ocrx_word' id='word_1_222' title='bbox 274 2027 392 2081; x_wconf 90' lang='grc' dir='ltr'>ωσπερ</span> <span class='ocrx_word' id='word_1_223' title='bbox 413 2028 602 2080; x_wconf 87' lang='grc' dir='ltr'>κέραμον.</span> <span class='ocrx_word' id='word_1_224' title='bbox 627 2031 674 2067; x_wconf 80' lang='grc' dir='ltr'>Οἱ</span> <span class='ocrx_word' id='word_1_225' title='bbox 703 2028 770 2080; x_wconf 88' lang='grc' dir='ltr'>γὰρ</span> <span class='ocrx_word' id='word_1_226' title='bbox 798 2031 912 2072; x_wconf 87' lang='grc' dir='ltr'>καλῶς</span> <span class='ocrx_word' id='word_1_227' title='bbox 940 2030 1166 2081; x_wconf 86' lang='grc' dir='ltr'>δεσμούμενοι</span> 
     </span>
     <span class='ocr_line' id='line_1_33' title="bbox 121 2085 848 2146; baseline 0 -22"><span class='ocrx_word' id='word_1_228' title='bbox 121 2085 268 2139; x_wconf 87' lang='grc' dir='ltr'>κέραμοι</span> <span class='ocrx_word' id='word_1_229' title='bbox 284 2088 469 2146; x_wconf 72' lang='grc' dir='ltr'>δυσχερῶς</span> <span class='ocrx_word' id='word_1_230' title='bbox 472 2087 543 2137; x_wconf 90' lang='grc' dir='ltr'>(και</span> <span class='ocrx_word' id='word_1_231' title='bbox 560 2086 669 2137; x_wconf 81' lang='grc' dir='ltr'>μόλις)</span> <span class='ocrx_word' id='word_1_232' title='bbox 684 2087 754 2124; x_wconf 76' lang='grc' dir='ltr'>κλ“’</span> <span class='ocrx_word' id='word_1_233' title='bbox 729 2103 848 2126; x_wconf 74' lang='grc' dir='ltr'>ιιινται.</span> 
     </span>
    </p>

    <p class='ocr_par' dir='ltr' id='par_1_7' title="bbox 120 2145 1165 2310">
     <span class='ocr_line' id='line_1_34' title="bbox 173 2145 1165 2196; baseline 0.001 -13"><span class='ocrx_word' id='word_1_234' title='bbox 173 2157 236 2184; x_wconf 84' lang='lat'>929.</span> <span class='ocrx_word' id='word_1_235' title='bbox 268 2145 424 2196; x_wconf 86' lang='grc' dir='ltr'>(ἔνδησον</span> <span class='ocrx_word' id='word_1_236' title='bbox 444 2147 472 2182; x_wconf 89' lang='grc' dir='ltr'>ὠ</span> <span class='ocrx_word' id='word_1_237' title='bbox 497 2146 608 2182; x_wconf 81' lang='grc' dir='ltr'>λῶστε</span> <span class='ocrx_word' id='word_1_238' title='bbox 632 2146 786 2190; x_wconf 70' lang='grc' dir='ltr'>εΔιπλῆ</span> <span class='ocrx_word' id='word_1_239' title='bbox 815 2145 874 2182; x_wconf 87' lang='grc' dir='ltr'>καὶ</span> <span class='ocrx_word' id='word_1_240' title='bbox 901 2145 1093 2194; x_wconf 70' lang='grc' dir='ltr'>μετάὸασις</span> <span class='ocrx_word' id='word_1_241' title='bbox 1119 2149 1165 2190; x_wconf 85' lang='grc' dir='ltr'>εἷς</span> 
     </span>
     <span class='ocr_line' id='line_1_35' title="bbox 121 2200 1163 2254; baseline 0.002 -15"><span class='ocrx_word' id='word_1_242' title='bbox 121 2201 391 2254; x_wconf 80' lang='grc' dir='ltr'>μονοστροφικὴν</span> <span class='ocrx_word' id='word_1_243' title='bbox 420 2200 549 2248; x_wconf 85' lang='grc' dir='ltr'>δυάδα,</span> <span class='ocrx_word' id='word_1_244' title='bbox 574 2200 784 2252; x_wconf 79' lang='grc' dir='ltr'>διστιχεῖς”</span> <span class='ocrx_word' id='word_1_245' title='bbox 765 2217 916 2253; x_wconf 89' lang='grc' dir='ltr'>εχουσαν</span> <span class='ocrx_word' id='word_1_246' title='bbox 943 2202 1007 2245; x_wconf 81' lang='grc' dir='ltr'>τὰς</span> <span class='ocrx_word' id='word_1_247' title='bbox 1045 2203 1163 2254; x_wconf 86' lang='grc' dir='ltr'>περιό-</span> 
     </span>
     <span class='ocr_line' id='line_1_36' title="bbox 120 2260 223 2310; baseline -0.01 -13"><span class='ocrx_word' id='word_1_248' title='bbox 120 2260 208 2302; x_wconf 87' lang='grc' dir='ltr'>δους.</span> <span class='ocrx_word' id='word_1_249' title='bbox 212 2261 223 2310; x_wconf 97' lang='grc'>)</span> 
     </span>
    </p>

    <p class='ocr_par' dir='ltr' id='par_1_8' title="bbox 117 2315 516 2426">
     <span class='ocr_line' id='line_1_37' title="bbox 172 2315 516 2366; baseline -0.009 -11"><span class='ocrx_word' id='word_1_250' title='bbox 172 2330 236 2355; x_wconf 77' lang='grc'>930.</span> <span class='ocrx_word' id='word_1_251' title='bbox 265 2316 327 2362; x_wconf 70' lang='grc' dir='ltr'>τὴν</span> <span class='ocrx_word' id='word_1_252' title='bbox 359 2315 516 2366; x_wconf 82' lang='grc' dir='ltr'>ἐμπολήν</span> 
     </span>
     <span class='ocr_line' id='line_1_38' title="bbox 117 2372 506 2426; baseline 0 -14"><span class='ocrx_word' id='word_1_253' title='bbox 117 2374 361 2426; x_wconf 88' lang='grc' dir='ltr'>πραγματείας</span> <span class='ocrx_word' id='word_1_254' title='bbox 373 2372 506 2426; x_wconf 75' lang='grc' dir='ltr'>κέρδος.</span> 
     </span>
    </p>

    <p class='ocr_par' dir='ltr' id='par_1_9' title="bbox 114 2430 1159 2609">
     <span class='ocr_line' id='line_1_39' title="bbox 170 2430 1158 2484; baseline 0.001 -14"><span class='ocrx_word' id='word_1_255' title='bbox 170 2445 234 2470; x_wconf 86' lang='grc'>933.</span> <span class='ocrx_word' id='word_1_256' title='bbox 252 2430 465 2483; x_wconf 88' lang='grc' dir='ltr'>πυρορραγές</span> <span class='ocrx_word' id='word_1_257' title='bbox 484 2444 492 2469; x_wconf 87' lang='lat'>:</span> <span class='ocrx_word' id='word_1_258' title='bbox 515 2432 726 2482; x_wconf 79' lang='grc' dir='ltr'>Πυρορραγῆ</span> <span class='ocrx_word' id='word_1_259' title='bbox 750 2430 901 2484; x_wconf 90' lang='grc' dir='ltr'>κεράμια</span> <span class='ocrx_word' id='word_1_260' title='bbox 918 2434 1075 2470; x_wconf 74' lang='grc' dir='ltr'>καλεῖται</span> <span class='ocrx_word' id='word_1_261' title='bbox 1095 2433 1158 2472; x_wconf 77' lang='grc' dir='ltr'>ὅσα</span> 
     </span>
     <span class='ocr_line' id='line_1_40' title="bbox 115 2488 1159 2544; baseline 0.002 -17"><span class='ocrx_word' id='word_1_262' title='bbox 115 2491 149 2527; x_wconf 85' lang='grc' dir='ltr'>ἐν</span> <span class='ocrx_word' id='word_1_263' title='bbox 165 2492 214 2542; x_wconf 83' lang='grc' dir='ltr'>τῷ</span> <span class='ocrx_word' id='word_1_264' title='bbox 234 2489 318 2542; x_wconf 83' lang='grc' dir='ltr'>πυρὶ</span> <span class='ocrx_word' id='word_1_265' title='bbox 342 2490 526 2542; x_wconf 72' lang='grc' dir='ltr'>ῥήγνυνται</span> <span class='ocrx_word' id='word_1_266' title='bbox 548 2491 595 2531; x_wconf 89' lang='grc' dir='ltr'>εἷς</span> <span class='ocrx_word' id='word_1_267' title='bbox 616 2488 655 2526; x_wconf 84' lang='grc' dir='ltr'>τὸ</span> <span class='ocrx_word' id='word_1_268' title='bbox 683 2491 867 2528; x_wconf 81' lang='grc' dir='ltr'>ὀπτᾶσθαι.</span> <span class='ocrx_word' id='word_1_269' title='bbox 901 2493 918 2527; x_wconf 86' lang='grc' dir='ltr'>ὃ</span> <span class='ocrx_word' id='word_1_270' title='bbox 948 2489 982 2528; x_wconf 88' lang='lat'>63</span> <span class='ocrx_word' id='word_1_271' title='bbox 1008 2491 1159 2544; x_wconf 82' lang='grc' dir='ltr'>κέραμος</span> 
     </span>
     <span class='ocr_line' id='line_1_41' title="bbox 114 2546 1115 2609; baseline -0.003 -24"><span class='ocrx_word' id='word_1_272' title='bbox 114 2547 339 2600; x_wconf 76' lang='grc' dir='ltr'>πυρορραγὴς</span> <span class='ocrx_word' id='word_1_273' title='bbox 358 2547 539 2597; x_wconf 87' lang='grc' dir='ltr'>γενόμενος</span> <span class='ocrx_word' id='word_1_274' title='bbox 559 2546 683 2598; x_wconf 78' lang='grc' dir='ltr'>σαθρὸν</span> <span class='ocrx_word' id='word_1_275' title='bbox 701 2549 795 2598; x_wconf 80' lang='grc' dir='ltr'>ἠχεῖ,</span> <span class='ocrx_word' id='word_1_276' title='bbox 1095 2601 1115 2609; x_wconf 45' lang='grc' dir='ltr'><strong><em>Ν</em></strong></span> 
     </span>
    </p>

    <p class='ocr_par' dir='ltr' id='par_1_10' title="bbox 166 2603 1156 2657">
     <span class='ocr_line' id='line_1_42' title="bbox 166 2603 1156 2657; baseline 0.001 -14"><span class='ocrx_word' id='word_1_277' title='bbox 166 2619 229 2644; x_wconf 82' lang='lat'>936.</span> <span class='ocrx_word' id='word_1_278' title='bbox 259 2604 416 2657; x_wconf 81' lang='grc' dir='ltr'>(τριπτὴρ</span> <span class='ocrx_word' id='word_1_279' title='bbox 437 2606 539 2642; x_wconf 84' lang='grc' dir='ltr'>δικῶν</span> <span class='ocrx_word' id='word_1_280' title='bbox 559 2618 567 2643; x_wconf 89' lang='lat'>:</span> <span class='ocrx_word' id='word_1_281' title='bbox 586 2603 671 2642; x_wconf 84' lang='grc' dir='ltr'>Δέον</span> <span class='ocrx_word' id='word_1_282' title='bbox 696 2605 801 2642; x_wconf 78' lang='grc' dir='ltr'>εἰπεῖν</span> <span class='ocrx_word' id='word_1_283' title='bbox 827 2606 956 2653; x_wconf 82' lang='grc' dir='ltr'>ἐλαῶν,</span> <span class='ocrx_word' id='word_1_284' title='bbox 975 2608 992 2643; x_wconf 85' lang='grc' dir='ltr'><em>ὃ</em></span> <span class='ocrx_word' id='word_1_285' title='bbox 1018 2605 1053 2644; x_wconf 86' lang='lat'>63</span> <span class='ocrx_word' id='word_1_286' title='bbox 1083 2611 1156 2645; x_wconf 86' lang='grc' dir='ltr'>εἰπε</span> 
     </span>
    </p>
   </div>
   <div class='ocr_carea' id='block_1_6' title="bbox 70 2047 106 2074">
    <p class='ocr_par' dir='ltr' id='par_1_11' title="bbox 70 2047 106 2074">
     <span class='ocr_line' id='line_1_43' title="bbox 70 2047 106 2074; baseline 0 0"><span class='ocrx_word' id='word_1_287' title='bbox 70 2047 106 2074; x_wconf 77' lang='grc'>30</span> 
     </span>
    </p>
   </div>
   <div class='ocr_carea' id='block_1_7' title="bbox 65 2315 1162 2368">
    <p class='ocr_par' dir='ltr' id='par_1_12' title="bbox 65 2315 1162 2368">
     <span class='ocr_line' id='line_1_44' title="bbox 65 2315 1162 2368; baseline 0.004 -16"><span class='ocrx_word' id='word_1_288' title='bbox 65 2342 100 2368; x_wconf 85' lang='lat'>35</span> <span class='ocrx_word' id='word_1_289' title='bbox 547 2328 555 2354; x_wconf 74' lang='grc' dir='ltr'>ζ</span> <span class='ocrx_word' id='word_1_290' title='bbox 581 2315 743 2365; x_wconf 82' lang='grc' dir='ltr'>Ἐμπολή</span> <span class='ocrx_word' id='word_1_291' title='bbox 771 2316 909 2367; x_wconf 87' lang='grc' dir='ltr'>λέγεται</span> <span class='ocrx_word' id='word_1_292' title='bbox 938 2317 976 2355; x_wconf 83' lang='grc' dir='ltr'>τὸ</span> <span class='ocrx_word' id='word_1_293' title='bbox 1003 2318 1072 2356; x_wconf 79' lang='grc' dir='ltr'>ἀπὸ</span> <span class='ocrx_word' id='word_1_294' title='bbox 1103 2321 1162 2365; x_wconf 65' lang='grc' dir='ltr'>τῆς</span> 
     </span>
    </p>
   </div>
   <div class='ocr_carea' id='block_1_8' title="bbox 61 2634 1156 2718">
    <p class='ocr_par' dir='ltr' id='par_1_13' title="bbox 61 2634 1156 2718">
     <span class='ocr_line' id='line_1_45' title="bbox 61 2634 1156 2718; baseline 0.002 -14"><span class='ocrx_word' id='word_1_295' title='bbox 61 2634 96 2660; x_wconf 64' lang='grc' dir='ltr'>ω</span> <span class='ocrx_word' id='word_1_296' title='bbox 114 2667 230 2712; x_wconf 85' lang='grc' dir='ltr'>δικῶν,</span> <span class='ocrx_word' id='word_1_297' title='bbox 247 2665 304 2703; x_wconf 82' lang='grc' dir='ltr'>διὰ</span> <span class='ocrx_word' id='word_1_298' title='bbox 322 2665 361 2705; x_wconf 80' lang='grc' dir='ltr'>τὸ</span> <span class='ocrx_word' id='word_1_299' title='bbox 377 2665 564 2718; x_wconf 73' lang='grc' dir='ltr'>ἐπιτρίὸειν</span> <span class='ocrx_word' id='word_1_300' title='bbox 582 2664 686 2703; x_wconf 81' lang='grc' dir='ltr'>αὐτὸν</span> <span class='ocrx_word' id='word_1_301' title='bbox 703 2664 746 2702; x_wconf 75' lang='grc' dir='ltr'>τὰ</span> <span class='ocrx_word' id='word_1_302' title='bbox 762 2665 879 2703; x_wconf 88' lang='grc' dir='ltr'>πάντα</span> <span class='ocrx_word' id='word_1_303' title='bbox 897 2667 1080 2711; x_wconf 82' lang='grc' dir='ltr'>δικάζοντα</span> <span class='ocrx_word' id='word_1_304' title='bbox 1096 2669 1156 2706; x_wconf 81' lang='grc' dir='ltr'>καὶ</span> 
     </span>
    </p>
   </div>
   <div class='ocr_carea' id='block_1_9' title="bbox 67 2725 1176 3413">
    <p class='ocr_par' dir='ltr' id='par_1_14' title="bbox 112 2725 414 2775">
     <span class='ocr_line' id='line_1_46' title="bbox 112 2725 414 2775; baseline 0.003 -15"><span class='ocrx_word' id='word_1_305' title='bbox 112 2725 414 2775; x_wconf 73' lang='grc' dir='ltr'>συκοφαντοῦντα.)</span> 
     </span>
    </p>

    <p class='ocr_par' dir='ltr' id='par_1_15' title="bbox 110 2782 1155 3010">
     <span class='ocr_line' id='line_1_47' title="bbox 164 2782 1155 2837; baseline 0.004 -16"><span class='ocrx_word' id='word_1_306' title='bbox 164 2797 226 2822; x_wconf 86' lang='grc'>937.</span> <span class='ocrx_word' id='word_1_307' title='bbox 257 2783 387 2836; x_wconf 75' lang='grc' dir='ltr'>φαίνειν</span> <span class='ocrx_word' id='word_1_308' title='bbox 412 2783 618 2827; x_wconf 81' lang='grc' dir='ltr'>ὑπευθύνους</span> <span class='ocrx_word' id='word_1_309' title='bbox 638 2796 647 2822; x_wconf 85' lang='lat'>:</span> <span class='ocrx_word' id='word_1_310' title='bbox 666 2782 733 2822; x_wconf 74' lang='grc' dir='ltr'>Διὰ</span> <span class='ocrx_word' id='word_1_311' title='bbox 751 2784 789 2821; x_wconf 81' lang='grc' dir='ltr'>τὸ</span> <span class='ocrx_word' id='word_1_312' title='bbox 812 2785 944 2837; x_wconf 76' lang='grc' dir='ltr'>φαίνειν</span> <span class='ocrx_word' id='word_1_313' title='bbox 962 2785 1080 2831; x_wconf 82' lang='grc' dir='ltr'>ἔπαιξε</span> <span class='ocrx_word' id='word_1_314' title='bbox 1099 2789 1155 2825; x_wconf 92' lang='grc' dir='ltr'>λυ-</span> 
     </span>
     <span class='ocr_line' id='line_1_48' title="bbox 110 2841 1151 2897; baseline 0.005 -19"><span class='ocrx_word' id='word_1_315' title='bbox 110 2845 258 2892; x_wconf 77' lang='grc' dir='ltr'>χνοῦχον</span> <span class='ocrx_word' id='word_1_316' title='bbox 273 2841 388 2879; x_wconf 79' lang='grc' dir='ltr'>εἰπών.</span> <span class='ocrx_word' id='word_1_317' title='bbox 406 2850 444 2880; x_wconf 88' lang='lat' dir='ltr'>R.</span> <span class='ocrx_word' id='word_1_318' title='bbox 463 2841 502 2879; x_wconf 81' lang='grc' dir='ltr'>τὸ</span> <span class='ocrx_word' id='word_1_319' title='bbox 524 2841 654 2894; x_wconf 86' lang='grc' dir='ltr'>φαίνειν</span> <span class='ocrx_word' id='word_1_320' title='bbox 685 2841 746 2879; x_wconf 80' lang='grc' dir='ltr'>καὶ</span> <span class='ocrx_word' id='word_1_321' title='bbox 769 2843 826 2879; x_wconf 82' lang='grc' dir='ltr'>ἐπὶ</span> <span class='ocrx_word' id='word_1_322' title='bbox 843 2847 902 2880; x_wconf 79' lang='grc' dir='ltr'>τοῦ</span> <span class='ocrx_word' id='word_1_323' title='bbox 927 2847 1151 2897; x_wconf 79' lang='grc' dir='ltr'>συκοφαντεῖν</span> 
     </span>
     <span class='ocr_line' id='line_1_49' title="bbox 111 2898 1152 2966; baseline 0.005 -30"><span class='ocrx_word' id='word_1_324' title='bbox 111 2904 238 2938; x_wconf 88' lang='grc' dir='ltr'>νοεῖται</span> <span class='ocrx_word' id='word_1_325' title='bbox 253 2898 312 2936; x_wconf 84' lang='grc' dir='ltr'>καὶ</span> <span class='ocrx_word' id='word_1_326' title='bbox 328 2899 387 2936; x_wconf 80' lang='grc' dir='ltr'>ἐπὶ</span> <span class='ocrx_word' id='word_1_327' title='bbox 408 2904 468 2937; x_wconf 89' lang='grc' dir='ltr'>τοῦ</span> <span class='ocrx_word' id='word_1_328' title='bbox 484 2903 594 2937; x_wconf 88' lang='grc' dir='ltr'>ποιεῖν</span> <span class='ocrx_word' id='word_1_329' title='bbox 614 2902 694 2952; x_wconf 81' lang='grc' dir='ltr'>φῶς.</span> <span class='ocrx_word' id='word_1_330' title='bbox 714 2899 783 2950; x_wconf 78' lang='grc' dir='ltr'>(διὰ</span> <span class='ocrx_word' id='word_1_331' title='bbox 801 2904 901 2949; x_wconf 85' lang='grc' dir='ltr'>τοῦτο</span> <span class='ocrx_word' id='word_1_332' title='bbox 921 2901 980 2938; x_wconf 88' lang='grc' dir='ltr'>καὶ</span> <span class='ocrx_word' id='word_1_333' title='bbox 1002 2904 1152 2966; x_wconf 84' lang='grc' dir='ltr'>λυχνοῦ-</span> 
     </span>
     <span class='ocr_line' id='line_1_50' title="bbox 110 2955 1015 3011; baseline 0.003 -18"><span class='ocrx_word' id='word_1_334' title='bbox 110 2969 172 3006; x_wconf 84' lang='grc' dir='ltr'>χον</span> <span class='ocrx_word' id='word_1_335' title='bbox 190 2955 379 3006; x_wconf 65' lang='grc' dir='ltr'>ἐτι-ἤγαγεν,</span> <span class='ocrx_word' id='word_1_336' title='bbox 396 2956 432 2994; x_wconf 86' lang='grc' dir='ltr'>ὃν</span> <span class='ocrx_word' id='word_1_337' title='bbox 451 2957 595 3008; x_wconf 89' lang='grc' dir='ltr'>λέγομεν</span> <span class='ocrx_word' id='word_1_338' title='bbox 614 2958 732 3010; x_wconf 83' lang='grc' dir='ltr'>φανὸν,</span> <span class='ocrx_word' id='word_1_339' title='bbox 752 2958 774 3004; x_wconf 86' lang='grc' dir='ltr'>ἢ</span> <span class='ocrx_word' id='word_1_340' title='bbox 795 2959 1000 3011; x_wconf 77' lang='grc' dir='ltr'>λαμπτῆρα.</span> <span class='ocrx_word' id='word_1_341' title='bbox 1006 2961 1015 3009; x_wconf 88' lang='grc'>)</span> 
     </span>
    </p>

    <p class='ocr_par' dir='ltr' id='par_1_16' title="bbox 107 3013 1176 3412">
     <span class='ocr_line' id='line_1_51' title="bbox 162 3013 1150 3070; baseline 0.007 -21"><span class='ocrx_word' id='word_1_342' title='bbox 162 3025 228 3051; x_wconf 91' lang='grc'>940.</span> <span class='ocrx_word' id='word_1_343' title='bbox 247 3015 322 3055; x_wconf 80' lang='grc' dir='ltr'>πῶς</span> <span class='ocrx_word' id='word_1_344' title='bbox 345 3013 407 3050; x_wconf 57' lang='grc' dir='ltr'>δ’*</span> <span class='ocrx_word' id='word_1_345' title='bbox 390 3029 431 3050; x_wconf 89' lang='grc' dir='ltr'>αν</span> <span class='ocrx_word' id='word_1_346' title='bbox 447 3015 652 3061; x_wconf 70' lang='grc' dir='ltr'>πεποιθοίηε</span> <span class='ocrx_word' id='word_1_347' title='bbox 677 3015 758 3066; x_wconf 82' lang='grc' dir='ltr'>(Διὰ</span> <span class='ocrx_word' id='word_1_348' title='bbox 776 3015 815 3053; x_wconf 84' lang='grc' dir='ltr'>τὸ</span> <span class='ocrx_word' id='word_1_349' title='bbox 830 3016 966 3068; x_wconf 78' lang='grc' dir='ltr'>κράζειν</span> <span class='ocrx_word' id='word_1_350' title='bbox 985 3018 1045 3055; x_wconf 89' lang='grc' dir='ltr'>καὶ</span> <span class='ocrx_word' id='word_1_351' title='bbox 1066 3022 1150 3070; x_wconf 80' lang='grc' dir='ltr'>βοαν</span> 
     </span>
     <span class='ocr_line' id='line_1_52' title="bbox 67 3069 1147 3148; baseline 0.008 -42.316"><span class='ocrx_word' id='word_1_352' title='bbox 67 3069 166 3107; x_wconf 87' lang='grc' dir='ltr'>τὸν</span> <span class='ocrx_word' id='word_1_353' title='bbox 187 3069 403 3121; x_wconf 82' lang='grc' dir='ltr'>συκοφάντην</span> <span class='ocrx_word' id='word_1_354' title='bbox 418 3071 543 3122; x_wconf 62' lang='grc' dir='ltr'>λέγειε</span> <span class='ocrx_word' id='word_1_355' title='bbox 529 3088 547 3109; x_wconf 91' lang='grc' dir='ltr'>ο</span> <span class='ocrx_word' id='word_1_356' title='bbox 562 3073 664 3126; x_wconf 76' lang='grc' dir='ltr'>χορὸς</span> <span class='ocrx_word' id='word_1_357' title='bbox 683 3089 734 3111; x_wconf 90' lang='grc' dir='ltr'>οτι</span> <span class='ocrx_word' id='word_1_358' title='bbox 752 3077 826 3117; x_wconf 82' lang='grc' dir='ltr'>πῶς</span> <span class='ocrx_word' id='word_1_359' title='bbox 846 3073 887 3111; x_wconf 82' lang='grc' dir='ltr'>ἂν</span> <span class='ocrx_word' id='word_1_360' title='bbox 911 3077 1052 3148; x_wconf 83' lang='grc' dir='ltr'>θαρροίη</span> <span class='ocrx_word' id='word_1_361' title='bbox 1073 3093 1147 3114; x_wconf 80' lang='grc' dir='ltr'>τοι·</span> 
     </span>
     <span class='ocr_line' id='line_1_53' title="bbox 107 3126 1147 3185; baseline 0.008 -21"><span class='ocrx_word' id='word_1_362' title='bbox 107 3126 198 3165; x_wconf 82' lang='grc' dir='ltr'>ούτιο</span> <span class='ocrx_word' id='word_1_363' title='bbox 218 3126 346 3178; x_wconf 85' lang='grc' dir='ltr'>ἀγγείῳ</span> <span class='ocrx_word' id='word_1_364' title='bbox 369 3127 545 3180; x_wconf 85' lang='grc' dir='ltr'>ἄνθρωπός</span> <span class='ocrx_word' id='word_1_365' title='bbox 570 3130 620 3173; x_wconf 89' lang='grc' dir='ltr'>τίς</span> <span class='ocrx_word' id='word_1_366' title='bbox 644 3146 746 3178; x_wconf 87' lang='grc' dir='ltr'>ποτε,</span> <span class='ocrx_word' id='word_1_367' title='bbox 775 3136 928 3170; x_wconf 87' lang='grc' dir='ltr'>τοιοῦτον</span> <span class='ocrx_word' id='word_1_368' title='bbox 954 3137 1040 3185; x_wconf 83' lang='grc' dir='ltr'>ἦχον</span> <span class='ocrx_word' id='word_1_369' title='bbox 1067 3150 1147 3172; x_wconf 85' lang='grc' dir='ltr'>ποι-</span> 
     </span>
     <span class='ocr_line' id='line_1_54' title="bbox 107 3183 1148 3240; baseline 0.007 -18"><span class='ocrx_word' id='word_1_370' title='bbox 107 3199 220 3231; x_wconf 84' lang='grc' dir='ltr'>ουντι;</span> <span class='ocrx_word' id='word_1_371' title='bbox 239 3183 392 3236; x_wconf 91' lang='grc' dir='ltr'>παρόσον</span> <span class='ocrx_word' id='word_1_372' title='bbox 411 3185 471 3222; x_wconf 80' lang='grc' dir='ltr'>καὶ</span> <span class='ocrx_word' id='word_1_373' title='bbox 494 3201 524 3223; x_wconf 92' lang='grc' dir='ltr'>οι</span> <span class='ocrx_word' id='word_1_374' title='bbox 545 3186 717 3239; x_wconf 86' lang='grc' dir='ltr'>ἄνθρωποι</span> <span class='ocrx_word' id='word_1_375' title='bbox 735 3193 987 3240; x_wconf 85' lang='grc' dir='ltr'>παραιτοῦνται</span> <span class='ocrx_word' id='word_1_376' title='bbox 1009 3191 1067 3228; x_wconf 83' lang='grc' dir='ltr'>ἐπὶ</span> <span class='ocrx_word' id='word_1_377' title='bbox 1082 3207 1148 3229; x_wconf 87' lang='grc' dir='ltr'>τοι-</span> 
     </span>
     <span class='ocr_line' id='line_1_55' title="bbox 107 3240 1147 3297; baseline 0.007 -18"><span class='ocrx_word' id='word_1_378' title='bbox 107 3240 215 3279; x_wconf 85' lang='grc' dir='ltr'>ούτων</span> <span class='ocrx_word' id='word_1_379' title='bbox 228 3240 390 3294; x_wconf 89' lang='grc' dir='ltr'>κεράμων</span> <span class='ocrx_word' id='word_1_380' title='bbox 410 3242 597 3292; x_wconf 85' lang='grc' dir='ltr'>ἀναγκαῖόν</span> <span class='ocrx_word' id='word_1_381' title='bbox 613 3260 646 3281; x_wconf 87' lang='grc' dir='ltr'>τι</span> <span class='ocrx_word' id='word_1_382' title='bbox 661 3247 790 3295; x_wconf 85' lang='grc' dir='ltr'>βαλεῖν,</span> <span class='ocrx_word' id='word_1_383' title='bbox 806 3246 1012 3297; x_wconf 70' lang='grc' dir='ltr'>φοὲούμενοι</span> <span class='ocrx_word' id='word_1_384' title='bbox 1028 3248 1066 3286; x_wconf 84' lang='grc' dir='ltr'>τὸ</span> <span class='ocrx_word' id='word_1_385' title='bbox 1083 3265 1147 3285; x_wconf 87' lang='grc' dir='ltr'>σα-</span> 
     </span>
     <span class='ocr_line' id='line_1_56' title="bbox 107 3296 1146 3369; baseline 0.007 -33"><span class='ocrx_word' id='word_1_386' title='bbox 107 3298 184 3351; x_wconf 85' lang='grc' dir='ltr'>θρὸν</span> <span class='ocrx_word' id='word_1_387' title='bbox 198 3300 323 3337; x_wconf 83' lang='grc' dir='ltr'>αὐτῶν.</span> <span class='ocrx_word' id='word_1_388' title='bbox 364 3296 508 3369; x_wconf 63' lang='lat' dir='ltr'>Ach.</span> <span class='ocrx_word' id='word_1_389' title='bbox 513 3302 522 3369; x_wconf 84' lang='grc'>)</span> <span class='ocrx_word' id='word_1_390' title='bbox 535 3315 584 3351; x_wconf 83' lang='grc' dir='ltr'>τῳ</span> <span class='ocrx_word' id='word_1_391' title='bbox 596 3301 791 3353; x_wconf 82' lang='grc' dir='ltr'>συκοφάντῃ</span> <span class='ocrx_word' id='word_1_392' title='bbox 805 3303 898 3354; x_wconf 88' lang='grc' dir='ltr'>λέγει</span> <span class='ocrx_word' id='word_1_393' title='bbox 889 3305 1024 3353; x_wconf 77' lang='grc' dir='ltr'>ι(πὶ“)ς</span> <span class='ocrx_word' id='word_1_394' title='bbox 1008 3322 1048 3342; x_wconf 90' lang='grc' dir='ltr'>αν</span> <span class='ocrx_word' id='word_1_395' title='bbox 1063 3309 1146 3357; x_wconf 85' lang='grc' dir='ltr'>θαρ-</span> 
     </span>
     <span class='ocr_line' id='line_1_57' title="bbox 108 3355 1176 3413; baseline 0.007 -20"><span class='ocrx_word' id='word_1_396' title='bbox 108 3355 182 3408; x_wconf 82' lang='grc' dir='ltr'>ροίη</span> <span class='ocrx_word' id='word_1_397' title='bbox 195 3357 273 3407; x_wconf 86' lang='grc' dir='ltr'>τις,)</span> <span class='ocrx_word' id='word_1_398' title='bbox 287 3358 342 3394; x_wconf 84' lang='grc' dir='ltr'>διὰ</span> <span class='ocrx_word' id='word_1_399' title='bbox 356 3356 394 3394; x_wconf 78' lang='grc' dir='ltr'>τὸ</span> <span class='ocrx_word' id='word_1_400' title='bbox 411 3356 470 3394; x_wconf 83' lang='grc' dir='ltr'>καὶ</span> <span class='ocrx_word' id='word_1_401' title='bbox 484 3357 586 3394; x_wconf 80' lang='grc' dir='ltr'>αὐτὸν</span> <span class='ocrx_word' id='word_1_402' title='bbox 602 3358 769 3408; x_wconf 84' lang='grc' dir='ltr'>κράζοντα</span> <span class='ocrx_word' id='word_1_403' title='bbox 789 3376 898 3411; x_wconf 86' lang='grc' dir='ltr'>μεγαν</span> <span class='ocrx_word' id='word_1_404' title='bbox 912 3365 998 3413; x_wconf 85' lang='grc' dir='ltr'>ἠχον</span> <span class='ocrx_word' id='word_1_405' title='bbox 1015 3370 1138 3402; x_wconf 87' lang='grc' dir='ltr'>ποιεῖν.</span> <span class='ocrx_word' id='word_1_406' title='bbox 1170 3363 1176 3389; x_wconf 87' lang='lat'><em>¹</em></span> 
     </span>
    </p>
   </div>
   <div class='ocr_carea' id='block_1_10' title="bbox 57 2932 92 2956">
    <p class='ocr_par' dir='ltr' id='par_1_17' title="bbox 57 2932 92 2956">
     <span class='ocr_line' id='line_1_58' title="bbox 57 2932 92 2956; baseline 0 0"><span class='ocrx_word' id='word_1_407' title='bbox 57 2932 92 2956; x_wconf 81' lang='lat'>45</span> 
     </span>
    </p>
   </div>
   <div class='ocr_carea' id='block_1_11' title="bbox 55 3226 90 3252">
    <p class='ocr_par' dir='ltr' id='par_1_18' title="bbox 55 3226 90 3252">
     <span class='ocr_line' id='line_1_59' title="bbox 55 3226 90 3252; baseline 0 -2"><span class='ocrx_word' id='word_1_408' title='bbox 55 3226 90 3252; x_wconf 75' lang='lat' dir='ltr'>fio</span> 
     </span>
    </p>
   </div>
   <div class='ocr_carea' id='block_1_12' title="bbox 2233 248 2280 280">
    <p class='ocr_par' dir='ltr' id='par_1_19' title="bbox 2233 248 2280 280">
     <span class='ocr_line' id='line_1_60' title="bbox 2233 248 2280 280; baseline 0.021 -1"><span class='ocrx_word' id='word_1_409' title='bbox 2233 248 2280 280; x_wconf 82' lang='lat'>25</span> 
     </span>
    </p>
   </div>
   <div class='ocr_carea' id='block_1_13' title="bbox 1237 315 2334 1291">
    <p class='ocr_par' dir='ltr' id='par_1_20' title="bbox 1250 315 2281 420">
     <span class='ocr_line' id='line_1_61' title="bbox 1300 315 2281 376; baseline 0.015 -27"><span class='ocrx_word' id='word_1_410' title='bbox 1300 325 1364 351; x_wconf 71' lang='lat'>945.</span> <span class='ocrx_word' id='word_1_411' title='bbox 1394 315 1583 367; x_wconf 82' lang='grc' dir='ltr'>κατωκάρα</span> <span class='ocrx_word' id='word_1_412' title='bbox 1607 330 1615 355; x_wconf 91' lang='lat'><strong>:</strong></span> <span class='ocrx_word' id='word_1_413' title='bbox 1640 317 1743 356; x_wconf 85' lang='grc' dir='ltr'>Κατὰ</span> <span class='ocrx_word' id='word_1_414' title='bbox 1762 320 1925 372; x_wconf 77' lang='grc' dir='ltr'>κεφαλήν.</span> <span class='ocrx_word' id='word_1_415' title='bbox 1947 321 2053 365; x_wconf 78' lang='grc' dir='ltr'>οὕτως</span> <span class='ocrx_word' id='word_1_416' title='bbox 2072 323 2140 360; x_wconf 85' lang='lat'>63‘</span> <span class='ocrx_word' id='word_1_417' title='bbox 2128 325 2183 376; x_wconf 89' lang='grc' dir='ltr'>υφ’</span> <span class='ocrx_word' id='word_1_418' title='bbox 2204 324 2237 363; x_wconf 86' lang='grc' dir='ltr'>ἓν</span> <span class='ocrx_word' id='word_1_419' title='bbox 2251 329 2281 363; x_wconf 74' lang='grc' dir='ltr'>οἱ</span> 
     </span>
     <span class='ocr_line' id='line_1_62' title="bbox 1247 368 1558 420; baseline 0.01 -14.031"><span class='ocrx_word' id='word_1_420' title='bbox 1247 368 1391 407; x_wconf 78' lang='grc' dir='ltr'>Ἀττικοὶ</span> <span class='ocrx_word' id='word_1_421' title='bbox 1409 370 1558 420; x_wconf 86' lang='grc' dir='ltr'>λέγουσι.</span> 
     </span>
    </p>

    <p class='ocr_par' dir='ltr' id='par_1_21' title="bbox 1243 428 2334 596">
     <span class='ocr_line' id='line_1_63' title="bbox 1297 428 2280 488; baseline 0.013 -24"><span class='ocrx_word' id='word_1_422' title='bbox 1297 428 1457 474; x_wconf 56' lang='lat' dir='ltr'>snm-1²:6³0</span> <span class='ocrx_word' id='word_1_423' title='bbox 1478 430 1637 473; x_wconf 69' lang='grc' dir='ltr'>καλῶς’</span> <span class='ocrx_word' id='word_1_424' title='bbox 1617 447 1690 482; x_wconf 87' lang='grc' dir='ltr'>εχει</span> <span class='ocrx_word' id='word_1_425' title='bbox 1711 447 1763 470; x_wconf 88' lang='grc' dir='ltr'>σοι</span> <span class='ocrx_word' id='word_1_426' title='bbox 1786 446 1794 470; x_wconf 87' lang='lat'><strong>:</strong></span> <span class='ocrx_word' id='word_1_427' title='bbox 1815 432 1909 486; x_wconf 81' lang='grc' dir='ltr'>’Ὴδη</span> <span class='ocrx_word' id='word_1_428' title='bbox 1940 438 2054 479; x_wconf 74' lang='grc' dir='ltr'>καλιιις</span> <span class='ocrx_word' id='word_1_429' title='bbox 2081 439 2280 488; x_wconf 76' lang='grc' dir='ltr'>ἐδεσμεύθη.</span> 
     </span>
     <span class='ocr_line' id='line_1_64' title="bbox 1245 484 2334 549; baseline 0.016 -30"><span class='ocrx_word' id='word_1_430' title='bbox 1245 484 1360 532; x_wconf 72' lang='grc' dir='ltr'>(διπλη</span> <span class='ocrx_word' id='word_1_431' title='bbox 1371 501 1429 521; x_wconf 86' lang='grc' dir='ltr'>και</span> <span class='ocrx_word' id='word_1_432' title='bbox 1444 485 1562 524; x_wconf 79' lang='grc' dir='ltr'>ἕπεται</span> <span class='ocrx_word' id='word_1_433' title='bbox 1577 488 1708 537; x_wconf 81' lang='grc' dir='ltr'>ὁμοία</span> <span class='ocrx_word' id='word_1_434' title='bbox 1693 505 1731 527; x_wconf 92' lang='grc' dir='ltr'>εκ</span> <span class='ocrx_word' id='word_1_435' title='bbox 1743 493 2141 547; x_wconf 50' lang='grc' dir='ltr'>ιιιεσθτιιιιιερωντη</span> <span class='ocrx_word' id='word_1_436' title='bbox 2131 496 2265 549; x_wconf 84' lang='grc' dir='ltr'>πρώτη.</span> <span class='ocrx_word' id='word_1_437' title='bbox 2270 501 2279 547; x_wconf 95' lang='grc'>)</span> <span class='ocrx_word' id='word_1_438' title='bbox 2324 509 2334 522; x_wconf 78' lang='lat'><strong><em>³</em></strong></span> 
     </span>
     <span class='ocr_line' id='line_1_65' title="bbox 1243 542 2319 596; baseline 0.018 -19"><span class='ocrx_word' id='word_1_439' title='bbox 1243 542 1280 578; x_wconf 87' lang='grc' dir='ltr'>τὸ</span> <span class='ocrx_word' id='word_1_440' title='bbox 1301 543 1404 587; x_wconf 83' lang='grc' dir='ltr'>δησαι</span> <span class='ocrx_word' id='word_1_441' title='bbox 1421 543 1477 580; x_wconf 72' lang='grc' dir='ltr'>τοι</span> <span class='ocrx_word' id='word_1_442' title='bbox 1498 545 1726 596; x_wconf 85' lang='grc' dir='ltr'>συκοφάντην.</span> <span class='ocrx_word' id='word_1_443' title='bbox 1749 556 1787 585; x_wconf 79' lang='lat' dir='ltr'>R.</span> <span class='ocrx_word' id='word_1_444' title='bbox 2303 574 2319 596; x_wconf 88' lang='lat'>5</span> 
     </span>
    </p>

    <p class='ocr_par' dir='ltr' id='par_1_22' title="bbox 1239 599 2332 945">
     <span class='ocr_line' id='line_1_66' title="bbox 1295 599 2280 662; baseline 0.016 -28"><span class='ocrx_word' id='word_1_445' title='bbox 1295 610 1359 636; x_wconf 81' lang='grc'>947.</span> <span class='ocrx_word' id='word_1_446' title='bbox 1392 599 1510 648; x_wconf 86' lang='grc' dir='ltr'>μέλλω</span> <span class='ocrx_word' id='word_1_447' title='bbox 1526 601 1566 650; x_wconf 86' lang='grc' dir='ltr'>γέ</span> <span class='ocrx_word' id='word_1_448' title='bbox 1584 617 1635 639; x_wconf 90' lang='grc' dir='ltr'>τοι</span> <span class='ocrx_word' id='word_1_449' title='bbox 1653 604 1843 654; x_wconf 72' lang='grc' dir='ltr'>θερίδδεινζ</span> <span class='ocrx_word' id='word_1_450' title='bbox 1861 609 2201 649; x_wconf 70' lang='grc' dir='ltr'>1(ατα6άλλειν.ἇπὸ</span> <span class='ocrx_word' id='word_1_451' title='bbox 2219 629 2280 662; x_wconf 90' lang='grc' dir='ltr'>με-</span> 
     </span>
     <span class='ocr_line' id='line_1_67' title="bbox 1241 658 2279 716; baseline 0.019 -28"><span class='ocrx_word' id='word_1_452' title='bbox 1241 660 1393 705; x_wconf 80' lang='grc' dir='ltr'>ταφορᾶς</span> <span class='ocrx_word' id='word_1_453' title='bbox 1412 671 1478 692; x_wconf 75' lang='grc' dir='ltr'>τιον</span> <span class='ocrx_word' id='word_1_454' title='bbox 1500 658 1713 708; x_wconf 82' lang='grc' dir='ltr'>θεριζόντων,</span> <span class='ocrx_word' id='word_1_455' title='bbox 1731 661 1782 698; x_wconf 78' lang='grc' dir='ltr'>ὅτι</span> <span class='ocrx_word' id='word_1_456' title='bbox 1774 678 1842 699; x_wconf 89' lang='grc' dir='ltr'>ιτα</span> <span class='ocrx_word' id='word_1_457' title='bbox 1861 665 2045 715; x_wconf 80' lang='grc' dir='ltr'>δράγματα</span> <span class='ocrx_word' id='word_1_458' title='bbox 2072 669 2236 709; x_wconf 79' lang='grc' dir='ltr'>τιθέασιν.</span> <span class='ocrx_word' id='word_1_459' title='bbox 2257 671 2279 716; x_wconf 87' lang='grc' dir='ltr'>ἢ</span> 
     </span>
     <span class='ocr_line' id='line_1_68' title="bbox 1241 710 2281 779; baseline 0.018 -33"><span class='ocrx_word' id='word_1_460' title='bbox 1241 710 1326 747; x_wconf 83' lang='grc' dir='ltr'>διότι</span> <span class='ocrx_word' id='word_1_461' title='bbox 1345 713 1475 750; x_wconf 83' lang='grc' dir='ltr'>πολλοῦ</span> <span class='ocrx_word' id='word_1_462' title='bbox 1503 715 1649 766; x_wconf 84' lang='grc' dir='ltr'>εθέριζον</span> <span class='ocrx_word' id='word_1_463' title='bbox 1673 717 1729 754; x_wconf 76' lang='grc' dir='ltr'>διὰ</span> <span class='ocrx_word' id='word_1_464' title='bbox 1747 719 1804 756; x_wconf 82' lang='grc' dir='ltr'>τὸν</span> <span class='ocrx_word' id='word_1_465' title='bbox 1821 720 1985 771; x_wconf 86' lang='grc' dir='ltr'>πόλεμον.</span> <span class='ocrx_word' id='word_1_466' title='bbox 2004 747 2053 752; x_wconf 89' lang='lat'>-—</span> <span class='ocrx_word' id='word_1_467' title='bbox 2073 727 2118 768; x_wconf 83' lang='grc' dir='ltr'>ὡς</span> <span class='ocrx_word' id='word_1_468' title='bbox 2131 728 2281 779; x_wconf 83' lang='grc' dir='ltr'>γεωργός</span> 
     </span>
     <span class='ocr_line' id='line_1_69' title="bbox 1241 768 2280 830; baseline 0.018 -27"><span class='ocrx_word' id='word_1_469' title='bbox 1241 782 1344 819; x_wconf 83' lang='grc' dir='ltr'>φησι,</span> <span class='ocrx_word' id='word_1_470' title='bbox 1362 768 1478 817; x_wconf 86' lang='grc' dir='ltr'>μέλλω</span> <span class='ocrx_word' id='word_1_471' title='bbox 1495 772 1634 823; x_wconf 84' lang='grc' dir='ltr'>θερίζειν</span> <span class='ocrx_word' id='word_1_472' title='bbox 1655 774 1713 811; x_wconf 83' lang='grc' dir='ltr'>καὶ</span> <span class='ocrx_word' id='word_1_473' title='bbox 1734 775 1852 824; x_wconf 84' lang='grc' dir='ltr'>μέλλω</span> <span class='ocrx_word' id='word_1_474' title='bbox 1879 779 2066 830; x_wconf 74' lang='grc' dir='ltr'>κερδαίνειν</span> <span class='ocrx_word' id='word_1_475' title='bbox 2086 783 2200 820; x_wconf 87' lang='grc' dir='ltr'>πολλα</span> <span class='ocrx_word' id='word_1_476' title='bbox 2221 786 2280 822; x_wconf 86' lang='grc' dir='ltr'>καὶ</span> 
     </span>
     <span class='ocr_line' id='line_1_70' title="bbox 1240 829 2332 892; baseline 0.017 -32"><span class='ocrx_word' id='word_1_477' title='bbox 1240 829 1466 876; x_wconf 85' lang='grc' dir='ltr'>καρποῦσθαι.</span> <span class='ocrx_word' id='word_1_478' title='bbox 1484 835 1522 865; x_wconf 87' lang='lat' dir='ltr'>R.</span> <span class='ocrx_word' id='word_1_479' title='bbox 1544 830 1677 879; x_wconf 82' lang='grc' dir='ltr'>(τινὲς</span> <span class='ocrx_word' id='word_1_480' title='bbox 1659 832 1695 868; x_wconf 88' lang='grc' dir='ltr'>οέ</span> <span class='ocrx_word' id='word_1_481' title='bbox 1714 848 1797 884; x_wconf 83' lang='grc' dir='ltr'>φασι</span> <span class='ocrx_word' id='word_1_482' title='bbox 1821 834 1878 871; x_wconf 78' lang='grc' dir='ltr'>τὸν</span> <span class='ocrx_word' id='word_1_483' title='bbox 1902 837 2123 875; x_wconf 82' lang='grc' dir='ltr'>Δικαιόπολιν</span> <span class='ocrx_word' id='word_1_484' title='bbox 2147 842 2279 892; x_wconf 84' lang='grc' dir='ltr'>εἷρηκέ-</span> <span class='ocrx_word' id='word_1_485' title='bbox 2302 859 2332 883; x_wconf 87' lang='lat'>10</span> 
     </span>
     <span class='ocr_line' id='line_1_71' title="bbox 1239 883 2113 945; baseline 0.017 -27"><span class='ocrx_word' id='word_1_486' title='bbox 1239 897 1314 928; x_wconf 91' lang='grc' dir='ltr'>ναι,</span> <span class='ocrx_word' id='word_1_487' title='bbox 1334 883 1504 933; x_wconf 85' lang='grc' dir='ltr'>μέλλοντα</span> <span class='ocrx_word' id='word_1_488' title='bbox 1521 887 1641 925; x_wconf 57' lang='lat' dir='ltr'>&gt;uem</span> <span class='ocrx_word' id='word_1_489' title='bbox 1657 905 1700 926; x_wconf 86' lang='grc' dir='ltr'>τα</span> <span class='ocrx_word' id='word_1_490' title='bbox 1719 894 1778 927; x_wconf 89' lang='grc' dir='ltr'>τοῦ</span> <span class='ocrx_word' id='word_1_491' title='bbox 1796 893 1946 930; x_wconf 85' lang='grc' dir='ltr'>Βοιωτοῦ</span> <span class='ocrx_word' id='word_1_492' title='bbox 1964 895 2113 945; x_wconf 88' lang='grc' dir='ltr'>φορτία.)</span> 
     </span>
    </p>

    <p class='ocr_par' dir='ltr' id='par_1_23' title="bbox 1238 943 2281 1176">
     <span class='ocr_line' id='line_1_72' title="bbox 1293 943 2281 1019; baseline 0.016 -42"><span class='ocrx_word' id='word_1_493' title='bbox 1293 953 1358 978; x_wconf 82' lang='grc'>948.</span> <span class='ocrx_word' id='word_1_494' title='bbox 1367 943 1469 997; x_wconf 77' lang='grc' dir='ltr'>(ἀλλ’</span> <span class='ocrx_word' id='word_1_495' title='bbox 1490 947 1517 981; x_wconf 86' lang='grc' dir='ltr'>ὠ</span> <span class='ocrx_word' id='word_1_496' title='bbox 1540 944 1640 988; x_wconf 82' lang='grc' dir='ltr'>ξένων</span> <span class='ocrx_word' id='word_1_497' title='bbox 1659 946 1837 1019; x_wconf 34' lang='lat' dir='ltr'>fissttxrscve</span> <span class='ocrx_word' id='word_1_498' title='bbox 1856 952 1971 996; x_wconf 80' lang='grc' dir='ltr'>Διπλῆ</span> <span class='ocrx_word' id='word_1_499' title='bbox 1992 967 2051 989; x_wconf 87' lang='grc' dir='ltr'>και</span> <span class='ocrx_word' id='word_1_500' title='bbox 2068 953 2155 1000; x_wconf 77' lang='grc' dir='ltr'>ἄλλη</span> <span class='ocrx_word' id='word_1_501' title='bbox 2170 971 2281 1007; x_wconf 83' lang='grc' dir='ltr'>περιο-</span> 
     </span>
     <span class='ocr_line' id='line_1_73' title="bbox 1240 998 2279 1063; baseline 0.017 -29"><span class='ocrx_word' id='word_1_502' title='bbox 1240 998 1294 1040; x_wconf 84' lang='grc' dir='ltr'>δος</span> <span class='ocrx_word' id='word_1_503' title='bbox 1309 1002 1368 1036; x_wconf 86' lang='grc' dir='ltr'>τοῦ</span> <span class='ocrx_word' id='word_1_504' title='bbox 1388 1004 1512 1052; x_wconf 86' lang='grc' dir='ltr'>χοροῦ,</span> <span class='ocrx_word' id='word_1_505' title='bbox 1534 1003 1682 1052; x_wconf 72' lang='grc' dir='ltr'>ἷαμὸικὴ</span> <span class='ocrx_word' id='word_1_506' title='bbox 1705 1021 1764 1042; x_wconf 91' lang='grc' dir='ltr'>και</span> <span class='ocrx_word' id='word_1_507' title='bbox 1785 1005 1895 1054; x_wconf 83' lang='grc' dir='ltr'>αύτη,</span> <span class='ocrx_word' id='word_1_508' title='bbox 1914 1009 1953 1045; x_wconf 84' lang='grc' dir='ltr'>ἐκ</span> <span class='ocrx_word' id='word_1_509' title='bbox 1974 1025 2107 1061; x_wconf 87' lang='grc' dir='ltr'>τριων</span> <span class='ocrx_word' id='word_1_510' title='bbox 2102 1027 2162 1048; x_wconf 76' lang='grc' dir='ltr'>μεν</span> <span class='ocrx_word' id='word_1_511' title='bbox 2184 1014 2279 1063; x_wconf 80' lang='grc' dir='ltr'>διμέ-</span> 
     </span>
     <span class='ocr_line' id='line_1_74' title="bbox 1238 1057 2280 1124; baseline 0.017 -33"><span class='ocrx_word' id='word_1_512' title='bbox 1238 1071 1327 1107; x_wconf 89' lang='grc' dir='ltr'>τρων</span> <span class='ocrx_word' id='word_1_513' title='bbox 1350 1057 1604 1105; x_wconf 78' lang='grc' dir='ltr'>ἄκαταλήκτων</span> <span class='ocrx_word' id='word_1_514' title='bbox 1633 1078 1692 1099; x_wconf 87' lang='grc' dir='ltr'>και</span> <span class='ocrx_word' id='word_1_515' title='bbox 1710 1063 1874 1116; x_wconf 88' lang='grc' dir='ltr'>τετάρτου</span> <span class='ocrx_word' id='word_1_516' title='bbox 1897 1069 2166 1114; x_wconf 85' lang='grc' dir='ltr'>καταληκτικοῦ.</span> <span class='ocrx_word' id='word_1_517' title='bbox 2196 1072 2280 1124; x_wconf 82' lang='grc' dir='ltr'>πρὸς</span> 
     </span>
     <span class='ocr_line' id='line_1_75' title="bbox 1238 1115 2094 1176; baseline 0.015 -27"><span class='ocrx_word' id='word_1_518' title='bbox 1238 1113 1352 1150; x_wconf 87' lang='grc' dir='ltr'>πάντα</span> <span class='ocrx_word' id='word_1_519' title='bbox 1369 1115 1404 1152; x_wconf 87' lang='lat'>63</span> <span class='ocrx_word' id='word_1_520' title='bbox 1422 1117 1636 1170; x_wconf 82' lang='grc' dir='ltr'>συκοφάντην</span> <span class='ocrx_word' id='word_1_521' title='bbox 1655 1120 1730 1157; x_wconf 85' lang='grc' dir='ltr'>ἀντὶ</span> <span class='ocrx_word' id='word_1_522' title='bbox 1750 1125 1809 1158; x_wconf 87' lang='grc' dir='ltr'>τοῦ</span> <span class='ocrx_word' id='word_1_523' title='bbox 1830 1124 1938 1160; x_wconf 86' lang='grc' dir='ltr'>εἰπεῖν</span> <span class='ocrx_word' id='word_1_524' title='bbox 1959 1124 2079 1176; x_wconf 85' lang='grc' dir='ltr'>σωρόν.</span> <span class='ocrx_word' id='word_1_525' title='bbox 2087 1138 2094 1173; x_wconf 77' lang='lat' dir='ltr'>J</span> 
     </span>
    </p>

    <p class='ocr_par' dir='ltr' id='par_1_24' title="bbox 1237 1173 2279 1291">
     <span class='ocr_line' id='line_1_76' title="bbox 1291 1173 2279 1231; baseline 0.015 -23"><span class='ocrx_word' id='word_1_526' title='bbox 1291 1186 1355 1211; x_wconf 78' lang='lat'>952.</span> <span class='ocrx_word' id='word_1_527' title='bbox 1387 1173 1485 1223; x_wconf 81' lang='grc' dir='ltr'>μόλις</span> <span class='ocrx_word' id='word_1_528' title='bbox 1503 1177 1534 1225; x_wconf 88' lang='grc' dir='ltr'>γ’</span> <span class='ocrx_word' id='word_1_529' title='bbox 1550 1176 1723 1223; x_wconf 71' lang='grc' dir='ltr'>ἐνέδησαξ</span> <span class='ocrx_word' id='word_1_530' title='bbox 1744 1178 1788 1217; x_wconf 78' lang='lat' dir='ltr'>‘O</span> <span class='ocrx_word' id='word_1_531' title='bbox 1803 1181 2027 1224; x_wconf 87' lang='grc' dir='ltr'>Δικαιόπολις</span> <span class='ocrx_word' id='word_1_532' title='bbox 2043 1182 2133 1231; x_wconf 81' lang='grc' dir='ltr'>λέγει</span> <span class='ocrx_word' id='word_1_533' title='bbox 2149 1185 2206 1222; x_wconf 84' lang='grc' dir='ltr'>τὸν</span> <span class='ocrx_word' id='word_1_534' title='bbox 2224 1202 2279 1224; x_wconf 74' lang='grc' dir='ltr'>συ·</span> 
     </span>
     <span class='ocr_line' id='line_1_77' title="bbox 1237 1229 2186 1291; baseline 0.014 -25"><span class='ocrx_word' id='word_1_535' title='bbox 1237 1229 1422 1282; x_wconf 83' lang='grc' dir='ltr'>κοφάντην.</span> <span class='ocrx_word' id='word_1_536' title='bbox 1442 1233 1560 1281; x_wconf 80' lang='grc' dir='ltr'>(διπλη</span> <span class='ocrx_word' id='word_1_537' title='bbox 1579 1234 1614 1272; x_wconf 89' lang='lat'>63</span> <span class='ocrx_word' id='word_1_538' title='bbox 1631 1235 1691 1272; x_wconf 83' lang='grc' dir='ltr'>καὶ</span> <span class='ocrx_word' id='word_1_539' title='bbox 1710 1235 1855 1280; x_wconf 81' lang='grc' dir='ltr'>εἴσθεσις</span> <span class='ocrx_word' id='word_1_540' title='bbox 1873 1240 1919 1281; x_wconf 87' lang='grc' dir='ltr'>εἷς</span> <span class='ocrx_word' id='word_1_541' title='bbox 1939 1238 2118 1288; x_wconf 67' lang='grc' dir='ltr'>ἷάμὲους</span> <span class='ocrx_word' id='word_1_542' title='bbox 2101 1242 2171 1280; x_wconf 78' lang='grc' dir='ltr'>ούο.</span> <span class='ocrx_word' id='word_1_543' title='bbox 2176 1245 2186 1291; x_wconf 96' lang='grc'>)</span> 
     </span>
    </p>
   </div>
   <div class='ocr_carea' id='block_1_14' title="bbox 2300 1144 2331 1168">
    <p class='ocr_par' dir='ltr' id='par_1_25' title="bbox 2300 1144 2331 1168">
     <span class='ocr_line' id='line_1_78' title="bbox 2300 1144 2331 1168; baseline 0.032 -1"><span class='ocrx_word' id='word_1_544' title='bbox 2300 1144 2331 1168; x_wconf 89' lang='lat'>15</span> 
     </span>
    </p>
   </div>
   <div class='ocr_carea' id='block_1_15' title="bbox 1219 1288 2328 2575">
    <p class='ocr_par' dir='ltr' id='par_1_26' title="bbox 1233 1288 2328 1573">
     <span class='ocr_line' id='line_1_79' title="bbox 1289 1288 2276 1353; baseline 0.014 -29"><span class='ocrx_word' id='word_1_545' title='bbox 1289 1300 1353 1326; x_wconf 90' lang='grc'>954.</span> <span class='ocrx_word' id='word_1_546' title='bbox 1376 1288 1450 1338; x_wconf 89' lang='grc' dir='ltr'>(ταν</span> <span class='ocrx_word' id='word_1_547' title='bbox 1467 1289 1603 1330; x_wconf 71' lang='grc' dir='ltr'>τύλανῖ</span> <span class='ocrx_word' id='word_1_548' title='bbox 1625 1293 1694 1331; x_wconf 82' lang='grc' dir='ltr'>Τὸν</span> <span class='ocrx_word' id='word_1_549' title='bbox 1714 1293 1814 1332; x_wconf 82' lang='grc' dir='ltr'>τύλον</span> <span class='ocrx_word' id='word_1_550' title='bbox 1831 1295 1888 1332; x_wconf 79' lang='grc' dir='ltr'>τὸν</span> <span class='ocrx_word' id='word_1_551' title='bbox 1909 1296 1977 1334; x_wconf 76' lang='grc' dir='ltr'>ἀπὸ</span> <span class='ocrx_word' id='word_1_552' title='bbox 1996 1301 2054 1334; x_wconf 86' lang='grc' dir='ltr'>τοῦ</span> <span class='ocrx_word' id='word_1_553' title='bbox 2075 1300 2260 1353; x_wconf 74' lang='grc' dir='ltr'>ἀχθοφορει</span> <span class='ocrx_word' id='word_1_554' title='bbox 2259 1317 2276 1338; x_wconf 94' lang='grc' dir='ltr'>ν</span> 
     </span>
     <span class='ocr_line' id='line_1_80' title="bbox 1235 1347 2277 1407; baseline 0.014 -27"><span class='ocrx_word' id='word_1_555' title='bbox 1235 1347 1475 1396; x_wconf 86' lang='grc' dir='ltr'>γεγενημένον.</span> <span class='ocrx_word' id='word_1_556' title='bbox 1503 1347 1649 1393; x_wconf 84' lang='grc' dir='ltr'>Αλλως.</span> <span class='ocrx_word' id='word_1_557' title='bbox 1677 1366 1739 1396; x_wconf 90' lang='grc' dir='ltr'>την</span> <span class='ocrx_word' id='word_1_558' title='bbox 1761 1352 1829 1389; x_wconf 77' lang='grc' dir='ltr'>ἀπὸ</span> <span class='ocrx_word' id='word_1_559' title='bbox 1848 1356 1908 1389; x_wconf 89' lang='grc' dir='ltr'>τοῦ</span> <span class='ocrx_word' id='word_1_560' title='bbox 1940 1355 2142 1407; x_wconf 80' lang='grc' dir='ltr'>ἀχθοφορεῖν</span> <span class='ocrx_word' id='word_1_561' title='bbox 2168 1359 2202 1394; x_wconf 84' lang='grc' dir='ltr'>ἐν</span> <span class='ocrx_word' id='word_1_562' title='bbox 2227 1374 2277 1395; x_wconf 85' lang='grc' dir='ltr'>τω</span> 
     </span>
     <span class='ocr_line' id='line_1_81' title="bbox 1234 1405 2328 1471; baseline 0.013 -32"><span class='ocrx_word' id='word_1_563' title='bbox 1234 1405 1402 1457; x_wconf 74' lang='grc' dir='ltr'>τραγηλῳ</span> <span class='ocrx_word' id='word_1_564' title='bbox 1422 1421 1603 1456; x_wconf 85' lang='grc' dir='ltr'>γινομενην</span> <span class='ocrx_word' id='word_1_565' title='bbox 1619 1412 1679 1446; x_wconf 90' lang='grc' dir='ltr'>τοῦ</span> <span class='ocrx_word' id='word_1_566' title='bbox 1692 1409 1869 1460; x_wconf 85' lang='grc' dir='ltr'>τραχηλου</span> <span class='ocrx_word' id='word_1_567' title='bbox 1887 1412 2108 1471; x_wconf 78' lang='grc' dir='ltr'>σκληρότητα</span> <span class='ocrx_word' id='word_1_568' title='bbox 2121 1443 2129 1459; x_wconf 90' lang='grc'>,</span> <span class='ocrx_word' id='word_1_569' title='bbox 2152 1416 2190 1452; x_wconf 82' lang='grc' dir='ltr'>ἐκ</span> <span class='ocrx_word' id='word_1_570' title='bbox 2209 1432 2274 1465; x_wconf 88' lang='grc' dir='ltr'>με-</span> <span class='ocrx_word' id='word_1_571' title='bbox 2293 1437 2328 1461; x_wconf 80' lang='lat'>20</span> 
     </span>
     <span class='ocr_line' id='line_1_82' title="bbox 1233 1465 2276 1523; baseline 0.012 -25"><span class='ocrx_word' id='word_1_572' title='bbox 1233 1469 1414 1514; x_wconf 88' lang='grc' dir='ltr'>ταφορας</span> <span class='ocrx_word' id='word_1_573' title='bbox 1398 1479 1465 1500; x_wconf 82' lang='grc' dir='ltr'>τιον</span> <span class='ocrx_word' id='word_1_574' title='bbox 1484 1465 1682 1517; x_wconf 78' lang='grc' dir='ltr'>ἀχθοφόρων</span> <span class='ocrx_word' id='word_1_575' title='bbox 1704 1465 1810 1518; x_wconf 80' lang='grc' dir='ltr'>ζῴιι.)ν</span> <span class='ocrx_word' id='word_1_576' title='bbox 1815 1467 1862 1516; x_wconf 91' lang='lat'><em>)</em></span> <span class='ocrx_word' id='word_1_577' title='bbox 1846 1483 1881 1505; x_wconf 82' lang='lat' dir='ltr'>ov</span> <span class='ocrx_word' id='word_1_578' title='bbox 1900 1468 1934 1506; x_wconf 88' lang='lat'>63</span> <span class='ocrx_word' id='word_1_579' title='bbox 1952 1473 2044 1507; x_wconf 81' lang='grc' dir='ltr'>εἶπεν</span> <span class='ocrx_word' id='word_1_580' title='bbox 2067 1470 2136 1508; x_wconf 84' lang='grc' dir='ltr'>ἄνω</span> <span class='ocrx_word' id='word_1_581' title='bbox 2156 1472 2276 1523; x_wconf 75' lang='grc' dir='ltr'>Ἰσμη-</span> 
     </span>
     <span class='ocr_line' id='line_1_83' title="bbox 1233 1519 1949 1573; baseline 0.01 -17"><span class='ocrx_word' id='word_1_582' title='bbox 1233 1536 1262 1556; x_wconf 93' lang='grc' dir='ltr'>ν.</span> <span class='ocrx_word' id='word_1_583' title='bbox 1257 1519 1319 1566; x_wconf 83' lang='grc' dir='ltr'>ἀν,</span> <span class='ocrx_word' id='word_1_584' title='bbox 1339 1524 1396 1557; x_wconf 92' lang='grc' dir='ltr'>νῦν</span> <span class='ocrx_word' id='word_1_585' title='bbox 1414 1521 1614 1573; x_wconf 79' lang='grc' dir='ltr'>Ἰσμήνιχον</span> <span class='ocrx_word' id='word_1_586' title='bbox 1629 1526 1646 1560; x_wconf 82' lang='grc' dir='ltr'>ὁ</span> <span class='ocrx_word' id='word_1_587' title='bbox 1665 1524 1747 1570; x_wconf 85' lang='grc' dir='ltr'>Θηο</span> <span class='ocrx_word' id='word_1_588' title='bbox 1726 1530 1821 1567; x_wconf 84' lang='grc' dir='ltr'>οαῖος</span> <span class='ocrx_word' id='word_1_589' title='bbox 1837 1527 1949 1565; x_wconf 78' lang='grc' dir='ltr'>καλεῖ.</span> 
     </span>
    </p>

    <p class='ocr_par' dir='ltr' id='par_1_27' title="bbox 1231 1579 2274 1753">
     <span class='ocr_line' id='line_1_84' title="bbox 1279 1579 2274 1637; baseline 0.011 -22"><span class='ocrx_word' id='word_1_590' title='bbox 1279 1591 1343 1617; x_wconf 85' lang='lat'>955.</span> <span class='ocrx_word' id='word_1_591' title='bbox 1373 1579 1501 1630; x_wconf 83' lang='grc' dir='ltr'>χῶπως</span> <span class='ocrx_word' id='word_1_592' title='bbox 1523 1581 1693 1624; x_wconf 73' lang='grc' dir='ltr'>κατοίσεις</span> <span class='ocrx_word' id='word_1_593' title='bbox 1712 1581 1814 1620; x_wconf 90' lang='grc' dir='ltr'>αυτόν</span> <span class='ocrx_word' id='word_1_594' title='bbox 1842 1596 1851 1622; x_wconf 90' lang='lat'>:</span> <span class='ocrx_word' id='word_1_595' title='bbox 1874 1584 1976 1623; x_wconf 80' lang='grc' dir='ltr'>Ἐπεὶ</span> <span class='ocrx_word' id='word_1_596' title='bbox 1996 1588 2026 1623; x_wconf 87' lang='grc' dir='ltr'>οἱ</span> <span class='ocrx_word' id='word_1_597' title='bbox 2048 1587 2274 1637; x_wconf 86' lang='grc' dir='ltr'>βαστάζοντες</span> 
     </span>
     <span class='ocr_line' id='line_1_85' title="bbox 1231 1635 2267 1694; baseline 0.012 -23"><span class='ocrx_word' id='word_1_598' title='bbox 1231 1635 1402 1687; x_wconf 90' lang='grc' dir='ltr'>κεράμους</span> <span class='ocrx_word' id='word_1_599' title='bbox 1422 1638 1574 1682; x_wconf 72' lang='grc' dir='ltr'>εὐ)α6ως</span> <span class='ocrx_word' id='word_1_600' title='bbox 1597 1639 1686 1676; x_wconf 87' lang='grc' dir='ltr'>πάνυ</span> <span class='ocrx_word' id='word_1_601' title='bbox 1707 1640 1766 1677; x_wconf 86' lang='grc' dir='ltr'>καὶ</span> <span class='ocrx_word' id='word_1_602' title='bbox 1786 1641 2025 1693; x_wconf 84' lang='grc' dir='ltr'>προσεχόντως</span> <span class='ocrx_word' id='word_1_603' title='bbox 2047 1644 2267 1694; x_wconf 83' lang='grc' dir='ltr'>βαστάζουσι.</span> 
     </span>
     <span class='ocr_line' id='line_1_86' title="bbox 1283 1695 2270 1753; baseline 0.011 -24"><span class='ocrx_word' id='word_1_604' title='bbox 1283 1706 1345 1730; x_wconf 84' lang='grc'>956.</span> <span class='ocrx_word' id='word_1_605' title='bbox 1376 1695 1547 1740; x_wconf 80' lang='grc' dir='ltr'>διαπαίζει</span> <span class='ocrx_word' id='word_1_606' title='bbox 1573 1696 1629 1734; x_wconf 78' lang='grc' dir='ltr'>τὸν</span> <span class='ocrx_word' id='word_1_607' title='bbox 1656 1698 1871 1750; x_wconf 82' lang='grc' dir='ltr'>συκοφάντην</span> <span class='ocrx_word' id='word_1_608' title='bbox 1897 1701 1944 1742; x_wconf 83' lang='grc' dir='ltr'>ὡς</span> <span class='ocrx_word' id='word_1_609' title='bbox 1967 1701 2063 1737; x_wconf 79' lang='grc' dir='ltr'>οὐδὲν</span> <span class='ocrx_word' id='word_1_610' title='bbox 2092 1702 2188 1753; x_wconf 82' lang='grc' dir='ltr'>ὀρθὸν</span> <span class='ocrx_word' id='word_1_611' title='bbox 2209 1707 2270 1751; x_wconf 78' lang='grc' dir='ltr'>ἠν,</span> 
     </span>
    </p>

    <p class='ocr_par' dir='ltr' id='par_1_28' title="bbox 1231 1750 1833 1807">
     <span class='ocr_line' id='line_1_87' title="bbox 1231 1750 1833 1807; baseline 0.013 -22"><span class='ocrx_word' id='word_1_612' title='bbox 1231 1765 1284 1786; x_wconf 87' lang='grc' dir='ltr'>ινα</span> <span class='ocrx_word' id='word_1_613' title='bbox 1307 1750 1355 1795; x_wconf 77' lang='grc' dir='ltr'>μὴ</span> <span class='ocrx_word' id='word_1_614' title='bbox 1376 1751 1464 1789; x_wconf 82' lang='grc' dir='ltr'>ου’τω</span> <span class='ocrx_word' id='word_1_615' title='bbox 1484 1752 1618 1804; x_wconf 79' lang='grc' dir='ltr'>κούφως</span> <span class='ocrx_word' id='word_1_616' title='bbox 1638 1755 1833 1807; x_wconf 51' lang='lat' dir='ltr'><strong>01733&#39;p7nstz</strong></span> 
     </span>
    </p>

    <p class='ocr_par' dir='ltr' id='par_1_29' title="bbox 1281 1786 2002 1865">
     <span class='ocr_line' id='line_1_88' title="bbox 1281 1786 2002 1865; baseline 0.007 -19"><span class='ocrx_word' id='word_1_617' title='bbox 1281 1822 1342 1846; x_wconf 83' lang='grc'>958.</span> <span class='ocrx_word' id='word_1_618' title='bbox 1366 1811 1412 1852; x_wconf 84' lang='grc' dir='ltr'>εἷς</span> <span class='ocrx_word' id='word_1_619' title='bbox 1430 1809 1468 1847; x_wconf 80' lang='grc' dir='ltr'>τὸ</span> <span class='ocrx_word' id='word_1_620' title='bbox 1487 1811 1577 1848; x_wconf 79' lang='grc' dir='ltr'>κατὰ</span> <span class='ocrx_word' id='word_1_621' title='bbox 1598 1813 1812 1864; x_wconf 82' lang='grc' dir='ltr'>συκοφάντας</span> <span class='ocrx_word' id='word_1_622' title='bbox 1829 1786 1941 1865; x_wconf 79' lang='grc' dir='ltr'>μέρος.</span> <span class='ocrx_word' id='word_1_623' title='bbox 1962 1821 2002 1851; x_wconf 90' lang='lat' dir='ltr'>R.</span> 
     </span>
    </p>

    <p class='ocr_par' dir='ltr' id='par_1_30' title="bbox 1225 1866 2322 2147">
     <span class='ocr_line' id='line_1_89' title="bbox 1281 1866 2269 1952; baseline 0.009 -50"><span class='ocrx_word' id='word_1_624' title='bbox 1281 1879 1346 1904; x_wconf 85' lang='grc'>959.</span> <span class='ocrx_word' id='word_1_625' title='bbox 1393 1866 1597 1905; x_wconf 87' lang='grc' dir='ltr'>Δικαιόπολι</span> <span class='ocrx_word' id='word_1_626' title='bbox 1641 1883 1651 1908; x_wconf 76' lang='lat'><em>2</em></span> <span class='ocrx_word' id='word_1_627' title='bbox 1691 1868 1866 1952; x_wconf 53' lang='grc' dir='ltr'>ζΕρχεται</span> <span class='ocrx_word' id='word_1_628' title='bbox 1898 1871 2073 1924; x_wconf 85' lang='grc' dir='ltr'>Λαμάχου</span> <span class='ocrx_word' id='word_1_629' title='bbox 2108 1872 2269 1924; x_wconf 82' lang='grc' dir='ltr'>ἅγγελος,</span> 
     </span>
     <span class='ocr_line' id='line_1_90' title="bbox 1226 1922 2270 1983; baseline 0.01 -24"><span class='ocrx_word' id='word_1_630' title='bbox 1226 1922 1336 1973; x_wconf 87' lang='grc' dir='ltr'>λέγων</span> <span class='ocrx_word' id='word_1_631' title='bbox 1359 1940 1408 1962; x_wconf 86' lang='grc' dir='ltr'>τιι)</span> <span class='ocrx_word' id='word_1_632' title='bbox 1428 1925 1708 1963; x_wconf 66' lang='grc' dir='ltr'>Δικαιοπόλιδι”</span> <span class='ocrx_word' id='word_1_633' title='bbox 1687 1943 1738 1964; x_wconf 87' lang='grc' dir='ltr'>οτι</span> <span class='ocrx_word' id='word_1_634' title='bbox 1759 1927 1893 1979; x_wconf 61' lang='grc' dir='ltr'>ἔπεμὺε</span> <span class='ocrx_word' id='word_1_635' title='bbox 1913 1929 2084 1981; x_wconf 66' lang='grc' dir='ltr'>Λάμαχος</span> <span class='ocrx_word' id='word_1_636' title='bbox 2104 1947 2165 1968; x_wconf 89' lang='grc' dir='ltr'>συν</span> <span class='ocrx_word' id='word_1_637' title='bbox 2180 1933 2270 1983; x_wconf 81' lang='grc' dir='ltr'>τρισὶ</span> 
     </span>
     <span class='ocr_line' id='line_1_91' title="bbox 1227 1981 2322 2041; baseline 0.01 -24"><span class='ocrx_word' id='word_1_638' title='bbox 1227 1981 1400 2032; x_wconf 80' lang='grc' dir='ltr'>δραχμαῖς</span> <span class='ocrx_word' id='word_1_639' title='bbox 1429 1982 1486 2020; x_wconf 87' lang='grc' dir='ltr'>καὶ</span> <span class='ocrx_word' id='word_1_640' title='bbox 1515 1982 1614 2036; x_wconf 78' lang='grc' dir='ltr'>ἑτέρα</span> <span class='ocrx_word' id='word_1_641' title='bbox 1646 2000 1728 2038; x_wconf 90' lang='grc' dir='ltr'>μια,</span> <span class='ocrx_word' id='word_1_642' title='bbox 1755 1985 1846 2029; x_wconf 80' lang='grc' dir='ltr'>ὅπως</span> <span class='ocrx_word' id='word_1_643' title='bbox 1877 1988 1923 2029; x_wconf 87' lang='grc' dir='ltr'>εἷς</span> <span class='ocrx_word' id='word_1_644' title='bbox 1956 2003 2019 2034; x_wconf 88' lang='grc' dir='ltr'>την</span> <span class='ocrx_word' id='word_1_645' title='bbox 2051 1988 2172 2041; x_wconf 88' lang='grc' dir='ltr'>εορτην</span> <span class='ocrx_word' id='word_1_646' title='bbox 2201 2006 2268 2027; x_wconf 83' lang='grc' dir='ltr'>των</span> <span class='ocrx_word' id='word_1_647' title='bbox 2287 2009 2322 2034; x_wconf 82' lang='lat'>30</span> 
     </span>
     <span class='ocr_line' id='line_1_92' title="bbox 1226 2039 2268 2096; baseline 0.009 -20"><span class='ocrx_word' id='word_1_648' title='bbox 1226 2039 1368 2076; x_wconf 81' lang='grc' dir='ltr'>Χοῶν</span> <span class='ocrx_word' id='word_1_649' title='bbox 1349 2042 1414 2091; x_wconf 81' lang='grc' dir='ltr'>οῶς</span> <span class='ocrx_word' id='word_1_650' title='bbox 1435 2055 1494 2090; x_wconf 90' lang='grc' dir='ltr'>μοι</span> <span class='ocrx_word' id='word_1_651' title='bbox 1513 2056 1574 2086; x_wconf 87' lang='grc' dir='ltr'>της</span> <span class='ocrx_word' id='word_1_652' title='bbox 1599 2040 1661 2091; x_wconf 82' lang='grc' dir='ltr'>μὲν</span> <span class='ocrx_word' id='word_1_653' title='bbox 1690 2058 1771 2093; x_wconf 88' lang='grc' dir='ltr'>μιας</span> <span class='ocrx_word' id='word_1_654' title='bbox 1794 2045 1954 2096; x_wconf 72' lang='grc' dir='ltr'>δραχμῆς</span> <span class='ocrx_word' id='word_1_655' title='bbox 1973 2045 2117 2096; x_wconf 88' lang='grc' dir='ltr'>κίχλας,</span> <span class='ocrx_word' id='word_1_656' title='bbox 2141 2063 2209 2085; x_wconf 88' lang='grc' dir='ltr'>των</span> <span class='ocrx_word' id='word_1_657' title='bbox 2233 2047 2268 2085; x_wconf 87' lang='lat'>63</span> 
     </span>
     <span class='ocr_line' id='line_1_93' title="bbox 1225 2076 1506 2147; baseline 0.011 -16"><span class='ocrx_word' id='word_1_658' title='bbox 1225 2111 1328 2147; x_wconf 87' lang='grc' dir='ltr'>τριων</span> <span class='ocrx_word' id='word_1_659' title='bbox 1349 2076 1506 2147; x_wconf 47' lang='grc' dir='ltr'>ἔγχεᾷυν.</span> 
     </span>
    </p>

    <p class='ocr_par' dir='ltr' id='par_1_31' title="bbox 1219 2155 2316 2558">
     <span class='ocr_line' id='line_1_94' title="bbox 1278 2155 2265 2232; baseline 0.009 -41"><span class='ocrx_word' id='word_1_660' title='bbox 1278 2167 1342 2192; x_wconf 83' lang='lat'>961.</span> <span class='ocrx_word' id='word_1_661' title='bbox 1373 2156 1419 2197; x_wconf 86' lang='grc' dir='ltr'>εἷς</span> <span class='ocrx_word' id='word_1_662' title='bbox 1450 2171 1528 2198; x_wconf 86' lang='grc' dir='ltr'>τους</span> <span class='ocrx_word' id='word_1_663' title='bbox 1554 2155 1688 2199; x_wconf 79' lang='grc' dir='ltr'>Χόας;</span> <span class='ocrx_word' id='word_1_664' title='bbox 1714 2159 1776 2201; x_wconf 87' lang='grc' dir='ltr'>Εἷς</span> <span class='ocrx_word' id='word_1_665' title='bbox 1805 2158 1868 2204; x_wconf 71' lang='grc' dir='ltr'>τὴν</span> <span class='ocrx_word' id='word_1_666' title='bbox 1901 2159 2022 2232; x_wconf 52' lang='lat' dir='ltr'>{ofrkv</span> <span class='ocrx_word' id='word_1_667' title='bbox 2057 2163 2124 2198; x_wconf 81' lang='grc' dir='ltr'>τῶν</span> <span class='ocrx_word' id='word_1_668' title='bbox 2148 2163 2265 2202; x_wconf 86' lang='grc' dir='ltr'>Χοων.</span> 
     </span>
     <span class='ocr_line' id='line_1_95' title="bbox 1229 2211 2266 2272; baseline 0.01 -25.01"><span class='ocrx_word' id='word_1_669' title='bbox 1229 2211 1386 2248; x_wconf 80' lang='grc' dir='ltr'>ἐπετελεῖ</span> <span class='ocrx_word' id='word_1_670' title='bbox 1374 2227 1424 2249; x_wconf 72' lang='grc' dir='ltr'>’το</span> <span class='ocrx_word' id='word_1_671' title='bbox 1444 2211 1479 2248; x_wconf 86' lang='lat'>63</span> <span class='ocrx_word' id='word_1_672' title='bbox 1501 2215 1747 2266; x_wconf 78' lang='grc' dir='ltr'>Πυανεψιωνος</span> <span class='ocrx_word' id='word_1_673' title='bbox 1767 2216 1895 2268; x_wconf 78' lang='grc' dir='ltr'>(ὀγδόῃ.</span> <span class='ocrx_word' id='word_1_674' title='bbox 1915 2219 1945 2254; x_wconf 84' lang='grc' dir='ltr'>οἱ</span> <span class='ocrx_word' id='word_1_675' title='bbox 1966 2217 2000 2254; x_wconf 86' lang='lat'>63</span> <span class='ocrx_word' id='word_1_676' title='bbox 2018 2218 2266 2272; x_wconf 85' lang='grc' dir='ltr'>Ἀνθεστηριω-</span> 
     </span>
     <span class='ocr_line' id='line_1_96' title="bbox 1222 2267 2316 2327; baseline 0.011 -24"><span class='ocrx_word' id='word_1_677' title='bbox 1222 2282 1275 2310; x_wconf 88' lang='grc' dir='ltr'>νος</span> <span class='ocrx_word' id='word_1_678' title='bbox 1291 2267 1433 2319; x_wconf 81' lang='grc' dir='ltr'>δεκάτη.</span> <span class='ocrx_word' id='word_1_679' title='bbox 1462 2269 1547 2320; x_wconf 85' lang='grc' dir='ltr'>φησὶ</span> <span class='ocrx_word' id='word_1_680' title='bbox 1566 2270 1602 2307; x_wconf 82' lang='lat'>63</span> <span class='ocrx_word' id='word_1_681' title='bbox 1623 2271 1877 2324; x_wconf 73' lang='grc' dir='ltr'>Ἀπολλόδωρος</span> <span class='ocrx_word' id='word_1_682' title='bbox 1898 2274 2119 2327; x_wconf 82' lang='grc' dir='ltr'>Ἀνθεστηρια</span> <span class='ocrx_word' id='word_1_683' title='bbox 2143 2278 2244 2314; x_wconf 89' lang='grc' dir='ltr'>καλει</span> <span class='ocrx_word' id='word_1_684' title='bbox 2244 2301 2264 2306; x_wconf 88' lang='grc'>-</span> <span class='ocrx_word' id='word_1_685' title='bbox 2283 2295 2316 2320; x_wconf 85' lang='lat'>35</span> 
     </span>
     <span class='ocr_line' id='line_1_97' title="bbox 1222 2327 2263 2383; baseline 0.011 -22"><span class='ocrx_word' id='word_1_686' title='bbox 1222 2328 1300 2362; x_wconf 88' lang='grc' dir='ltr'>σθαι</span> <span class='ocrx_word' id='word_1_687' title='bbox 1319 2328 1438 2369; x_wconf 84' lang='grc' dir='ltr'>κοινῶς</span> <span class='ocrx_word' id='word_1_688' title='bbox 1459 2343 1522 2372; x_wconf 85' lang='grc' dir='ltr'>την</span> <span class='ocrx_word' id='word_1_689' title='bbox 1545 2327 1662 2374; x_wconf 65' lang='grc' dir='ltr'>ὅληνε</span> <span class='ocrx_word' id='word_1_690' title='bbox 1649 2344 1703 2380; x_wconf 85' lang='grc' dir='ltr'>εορ</span> <span class='ocrx_word' id='word_1_691' title='bbox 1706 2345 1767 2375; x_wconf 75' lang='grc' dir='ltr'>την</span> <span class='ocrx_word' id='word_1_692' title='bbox 1786 2330 1941 2368; x_wconf 78' lang='grc' dir='ltr'>Διονύσιι)</span> <span class='ocrx_word' id='word_1_693' title='bbox 1966 2333 2151 2383; x_wconf 84' lang='grc' dir='ltr'>ἀγομένην·</span> <span class='ocrx_word' id='word_1_694' title='bbox 2172 2334 2263 2372; x_wconf 79' lang='grc' dir='ltr'>κατὰ</span> 
     </span>
     <span class='ocr_line' id='line_1_98' title="bbox 1221 2366 2262 2439; baseline 0.01 -19"><span class='ocrx_word' id='word_1_695' title='bbox 1221 2382 1323 2435; x_wconf 87' lang='grc' dir='ltr'>μέρος</span> <span class='ocrx_word' id='word_1_696' title='bbox 1352 2383 1387 2421; x_wconf 89' lang='lat'>63</span> <span class='ocrx_word' id='word_1_697' title='bbox 1418 2385 1612 2435; x_wconf 86' lang='grc' dir='ltr'>Πιθοιγίαν,</span> <span class='ocrx_word' id='word_1_698' title='bbox 1642 2366 1753 2434; x_wconf 77' lang='grc' dir='ltr'>Χόας,</span> <span class='ocrx_word' id='word_1_699' title='bbox 1785 2387 1882 2439; x_wconf 88' lang='grc' dir='ltr'>Χύτρ</span> <span class='ocrx_word' id='word_1_700' title='bbox 1867 2404 1940 2428; x_wconf 89' lang='grc' dir='ltr'>αν.</span> <span class='ocrx_word' id='word_1_701' title='bbox 1975 2390 2034 2427; x_wconf 84' lang='grc' dir='ltr'>καὶ</span> <span class='ocrx_word' id='word_1_702' title='bbox 2067 2395 2181 2437; x_wconf 78' lang='grc' dir='ltr'>αὖθις,</span> <span class='ocrx_word' id='word_1_703' title='bbox 2210 2409 2262 2430; x_wconf 88' lang='grc' dir='ltr'>οτι</span> 
     </span>
     <span class='ocr_line' id='line_1_99' title="bbox 1221 2440 2262 2499; baseline 0.008 -20.087"><span class='ocrx_word' id='word_1_704' title='bbox 1221 2440 1410 2493; x_wconf 83' lang='grc' dir='ltr'>Ορέστης</span> <span class='ocrx_word' id='word_1_705' title='bbox 1406 2442 1492 2480; x_wconf 77' lang='grc' dir='ltr'>μετὰ</span> <span class='ocrx_word' id='word_1_706' title='bbox 1511 2443 1569 2480; x_wconf 77' lang='grc' dir='ltr'>τὸν</span> <span class='ocrx_word' id='word_1_707' title='bbox 1590 2444 1689 2496; x_wconf 84' lang='grc' dir='ltr'>φόνον</span> <span class='ocrx_word' id='word_1_708' title='bbox 1708 2447 1754 2488; x_wconf 87' lang='grc' dir='ltr'>εἷς</span> <span class='ocrx_word' id='word_1_709' title='bbox 1773 2446 1950 2492; x_wconf 76' lang='grc' dir='ltr'>Αθηνας’</span> <span class='ocrx_word' id='word_1_710' title='bbox 1932 2447 2153 2499; x_wconf 88' lang='grc' dir='ltr'>αφικόμενος,</span> <span class='ocrx_word' id='word_1_711' title='bbox 2171 2454 2212 2496; x_wconf 77' lang='grc' dir='ltr'>ἦν</span> <span class='ocrx_word' id='word_1_712' title='bbox 2226 2450 2262 2488; x_wconf 88' lang='lat'>63</span> 
     </span>
     <span class='ocr_line' id='line_1_100' title="bbox 1219 2499 2262 2575; baseline 0.009 -39"><span class='ocrx_word' id='word_1_713' title='bbox 1219 2499 1318 2552; x_wconf 79' lang='grc' dir='ltr'>ἑορτὴ</span> <span class='ocrx_word' id='word_1_714' title='bbox 1335 2501 1500 2539; x_wconf 84' lang='grc' dir='ltr'>Διονύσου</span> <span class='ocrx_word' id='word_1_715' title='bbox 1512 2502 1685 2550; x_wconf 77' lang='grc' dir='ltr'>Ληναίου,</span> <span class='ocrx_word' id='word_1_716' title='bbox 1697 2506 1743 2546; x_wconf 80' lang='grc' dir='ltr'>ὡς</span> <span class='ocrx_word' id='word_1_717' title='bbox 1759 2503 1809 2575; x_wconf 55' lang='grc' dir='ltr'>μη</span> <span class='ocrx_word' id='word_1_718' title='bbox 1822 2504 1952 2554; x_wconf 88' lang='grc' dir='ltr'>γένοιτο</span> <span class='ocrx_word' id='word_1_719' title='bbox 1966 2506 2078 2558; x_wconf 84' lang='grc' dir='ltr'>σφίσιν</span> <span class='ocrx_word' id='word_1_720' title='bbox 2093 2507 2262 2556; x_wconf 84' lang='grc' dir='ltr'>ὁμόσπον-</span> 
     </span>
    </p>
   </div>
   <div class='ocr_carea' id='block_1_16' title="bbox 2291 1724 2325 1749">
    <p class='ocr_par' dir='ltr' id='par_1_32' title="bbox 2291 1724 2325 1749">
     <span class='ocr_line' id='line_1_101' title="bbox 2291 1724 2325 1749; baseline 0 -18"><span class='ocrx_word' id='word_1_721' title='bbox 2291 1724 2325 1749; x_wconf 66' lang='lat'>25</span> 
     </span>
    </p>
   </div>
   <div class='ocr_carea' id='block_1_17' title="bbox 1211 2558 2313 3074">
    <p class='ocr_par' dir='ltr' id='par_1_33' title="bbox 1211 2558 2313 3074">
     <span class='ocr_line' id='line_1_102' title="bbox 1218 2558 2313 2614; baseline 0.008 -20"><span class='ocrx_word' id='word_1_722' title='bbox 1218 2559 1272 2600; x_wconf 79' lang='grc' dir='ltr'>δος</span> <span class='ocrx_word' id='word_1_723' title='bbox 1296 2558 1493 2602; x_wconf 77' lang='grc' dir='ltr'>ἀπεκτονιιις</span> <span class='ocrx_word' id='word_1_724' title='bbox 1521 2575 1583 2606; x_wconf 88' lang='grc' dir='ltr'>την</span> <span class='ocrx_word' id='word_1_725' title='bbox 1611 2563 1763 2614; x_wconf 77' lang='grc' dir='ltr'>μητέρα,</span> <span class='ocrx_word' id='word_1_726' title='bbox 1794 2562 2045 2614; x_wconf 74' lang='grc' dir='ltr'>ἐμηχανήσατο</span> <span class='ocrx_word' id='word_1_727' title='bbox 2072 2564 2201 2602; x_wconf 80' lang='grc' dir='ltr'>τοιόνδε</span> <span class='ocrx_word' id='word_1_728' title='bbox 2226 2582 2258 2603; x_wconf 84' lang='grc' dir='ltr'>τι</span> <span class='ocrx_word' id='word_1_729' title='bbox 2277 2582 2313 2607; x_wconf 84' lang='lat'>40</span> 
     </span>
     <span class='ocr_line' id='line_1_103' title="bbox 1217 2616 2259 2675; baseline 0.006 -21"><span class='ocrx_word' id='word_1_730' title='bbox 1217 2616 1391 2656; x_wconf 78' lang='grc' dir='ltr'>Πανδίων.</span> <span class='ocrx_word' id='word_1_731' title='bbox 1412 2632 1479 2668; x_wconf 84' lang='grc' dir='ltr'>χοα</span> <span class='ocrx_word' id='word_1_732' title='bbox 1501 2617 1590 2656; x_wconf 85' lang='grc' dir='ltr'>οἴνου</span> <span class='ocrx_word' id='word_1_733' title='bbox 1608 2622 1676 2656; x_wconf 84' lang='grc' dir='ltr'>τῶν</span> <span class='ocrx_word' id='word_1_734' title='bbox 1694 2621 1906 2670; x_wconf 79' lang='grc' dir='ltr'>δαιτυμόνων</span> <span class='ocrx_word' id='word_1_735' title='bbox 1921 2621 2058 2659; x_wconf 80' lang='grc' dir='ltr'>ἑκάστω</span> <span class='ocrx_word' id='word_1_736' title='bbox 2077 2623 2259 2675; x_wconf 73' lang='grc' dir='ltr'>παραστή-</span> 
     </span>
     <span class='ocr_line' id='line_1_104' title="bbox 1216 2674 2253 2730; baseline 0.007 -19"><span class='ocrx_word' id='word_1_737' title='bbox 1216 2689 1296 2721; x_wconf 91' lang='grc' dir='ltr'>σας,</span> <span class='ocrx_word' id='word_1_738' title='bbox 1315 2674 1348 2719; x_wconf 83' lang='grc' dir='ltr'>ἐξ</span> <span class='ocrx_word' id='word_1_739' title='bbox 1365 2677 1469 2713; x_wconf 85' lang='grc' dir='ltr'>αὐτοῦ</span> <span class='ocrx_word' id='word_1_740' title='bbox 1489 2676 1598 2714; x_wconf 88' lang='grc' dir='ltr'>πίνειν</span> <span class='ocrx_word' id='word_1_741' title='bbox 1617 2677 1774 2716; x_wconf 88' lang='grc' dir='ltr'>ἐκέλευσε</span> <span class='ocrx_word' id='word_1_742' title='bbox 1791 2678 1899 2728; x_wconf 81' lang='grc' dir='ltr'>μηδὲν</span> <span class='ocrx_word' id='word_1_743' title='bbox 1908 2679 2170 2750; x_wconf 82' lang='grc' dir='ltr'>ὑπομιγνύν-ας</span> <span class='ocrx_word' id='word_1_744' title='bbox 2187 2683 2253 2718; x_wconf 77' lang='grc' dir='ltr'>ἀλ-</span> 
     </span>
     <span class='ocr_line' id='line_1_105' title="bbox 1213 2732 2257 2790; baseline 0.008 -22"><span class='ocrx_word' id='word_1_745' title='bbox 1213 2732 1280 2778; x_wconf 84' lang='grc' dir='ltr'>λτλ</span> <span class='ocrx_word' id='word_1_746' title='bbox 1283 2748 1346 2777; x_wconf 87' lang='grc' dir='ltr'>οις,</span> <span class='ocrx_word' id='word_1_747' title='bbox 1364 2750 1410 2776; x_wconf 85' lang='grc' dir='ltr'>ως</span> <span class='ocrx_word' id='word_1_748' title='bbox 1430 2733 1517 2783; x_wconf 77' lang='grc' dir='ltr'>μήτε</span> <span class='ocrx_word' id='word_1_749' title='bbox 1536 2734 1604 2772; x_wconf 79' lang='grc' dir='ltr'>ἀπὸ</span> <span class='ocrx_word' id='word_1_750' title='bbox 1622 2739 1681 2772; x_wconf 90' lang='grc' dir='ltr'>τοῦ</span> <span class='ocrx_word' id='word_1_751' title='bbox 1694 2737 1798 2773; x_wconf 82' lang='grc' dir='ltr'>αὐτοῦ</span> <span class='ocrx_word' id='word_1_752' title='bbox 1818 2752 2015 2789; x_wconf 80' lang='grc' dir='ltr'>κρατηρος</span> <span class='ocrx_word' id='word_1_753' title='bbox 2005 2737 2076 2775; x_wconf 90' lang='grc' dir='ltr'>πίοι</span> <span class='ocrx_word' id='word_1_754' title='bbox 2088 2738 2257 2790; x_wconf 82' lang='grc' dir='ltr'>Ὀρέστης</span> 
     </span>
     <span class='ocr_line' id='line_1_106' title="bbox 1214 2790 2254 2843; baseline 0.006 -16"><span class='ocrx_word' id='word_1_755' title='bbox 1214 2790 1303 2839; x_wconf 78' lang='grc' dir='ltr'>μήτε</span> <span class='ocrx_word' id='word_1_756' title='bbox 1321 2792 1447 2834; x_wconf 79' lang='grc' dir='ltr'>ἐκεῖνος</span> <span class='ocrx_word' id='word_1_757' title='bbox 1468 2792 1608 2843; x_wconf 80' lang='grc' dir='ltr'>ἄχθοιτο</span> <span class='ocrx_word' id='word_1_758' title='bbox 1627 2793 1704 2830; x_wconf 82' lang='grc' dir='ltr'>καθ’</span> <span class='ocrx_word' id='word_1_759' title='bbox 1724 2794 1827 2831; x_wconf 80' lang='grc' dir='ltr'>αὑτὸν</span> <span class='ocrx_word' id='word_1_760' title='bbox 1846 2793 1952 2831; x_wconf 87' lang='grc' dir='ltr'>πίνων</span> <span class='ocrx_word' id='word_1_761' title='bbox 1975 2794 2085 2843; x_wconf 83' lang='grc' dir='ltr'>μόνος.</span> <span class='ocrx_word' id='word_1_762' title='bbox 2112 2796 2171 2832; x_wconf 83' lang='grc' dir='ltr'>καὶ</span> <span class='ocrx_word' id='word_1_763' title='bbox 2193 2798 2254 2833; x_wconf 76' lang='grc' dir='ltr'>ἀπ’</span> 
     </span>
     <span class='ocr_line' id='line_1_107' title="bbox 1213 2848 2304 2902; baseline 0.007 -18"><span class='ocrx_word' id='word_1_764' title='bbox 1213 2848 1342 2886; x_wconf 86' lang='grc' dir='ltr'>ἐκείνου</span> <span class='ocrx_word' id='word_1_765' title='bbox 1369 2849 1559 2894; x_wconf 82' lang='grc' dir='ltr'>Ἀθηναίοις</span> <span class='ocrx_word' id='word_1_766' title='bbox 1588 2849 1687 2902; x_wconf 83' lang='grc' dir='ltr'>ἑορτὴ</span> <span class='ocrx_word' id='word_1_767' title='bbox 1720 2850 1882 2900; x_wconf 80' lang='grc' dir='ltr'>ἐνομίσθη</span> <span class='ocrx_word' id='word_1_768' title='bbox 1910 2853 1940 2888; x_wconf 82' lang='grc' dir='ltr'>οἱ</span> <span class='ocrx_word' id='word_1_769' title='bbox 1970 2852 2070 2895; x_wconf 89' lang='grc' dir='ltr'>Χόες.</span> <span class='ocrx_word' id='word_1_770' title='bbox 2097 2857 2196 2890; x_wconf 87' lang='grc' dir='ltr'>τοῦτο</span> <span class='ocrx_word' id='word_1_771' title='bbox 2223 2853 2252 2891; x_wconf 89' lang='grc' dir='ltr'>δ’</span> <span class='ocrx_word' id='word_1_772' title='bbox 2271 2867 2304 2893; x_wconf 78' lang='grc'>45</span> 
     </span>
     <span class='ocr_line' id='line_1_108' title="bbox 1211 2906 2253 2961; baseline 0.006 -19"><span class='ocrx_word' id='word_1_773' title='bbox 1211 2907 1294 2955; x_wconf 71' lang='grc' dir='ltr'>ἡμῖν</span> <span class='ocrx_word' id='word_1_774' title='bbox 1310 2906 1369 2943; x_wconf 77' lang='grc' dir='ltr'>καὶ</span> <span class='ocrx_word' id='word_1_775' title='bbox 1385 2908 1418 2944; x_wconf 84' lang='grc' dir='ltr'>ἐν</span> <span class='ocrx_word' id='word_1_776' title='bbox 1434 2910 1503 2950; x_wconf 81' lang='grc' dir='ltr'>τοῖς</span> <span class='ocrx_word' id='word_1_777' title='bbox 1517 2906 1664 2959; x_wconf 86' lang='grc' dir='ltr'>πρόσθεν</span> <span class='ocrx_word' id='word_1_778' title='bbox 1683 2912 1737 2953; x_wconf 84' lang='lat' dir='ltr'>[ad</span> <span class='ocrx_word' id='word_1_779' title='bbox 1751 2916 1809 2953; x_wconf 84' lang='lat' dir='ltr'>Eq.</span> <span class='ocrx_word' id='word_1_780' title='bbox 1823 2913 1870 2954; x_wconf 85' lang='grc'>95]</span> <span class='ocrx_word' id='word_1_781' title='bbox 1886 2908 2048 2960; x_wconf 87' lang='grc' dir='ltr'>εἴρηται.)</span> <span class='ocrx_word' id='word_1_782' title='bbox 2067 2909 2105 2947; x_wconf 83' lang='grc' dir='ltr'>τὸ</span> <span class='ocrx_word' id='word_1_783' title='bbox 2120 2911 2154 2948; x_wconf 84' lang='lat'>63</span> <span class='ocrx_word' id='word_1_784' title='bbox 2168 2917 2253 2961; x_wconf 70' lang='grc' dir='ltr'>χοᾶς</span> 
     </span>
     <span class='ocr_line' id='line_1_109' title="bbox 1211 2962 2242 3019; baseline 0.006 -19"><span class='ocrx_word' id='word_1_785' title='bbox 1211 2962 1265 3000; x_wconf 78' lang='grc' dir='ltr'>ὅτε</span> <span class='ocrx_word' id='word_1_786' title='bbox 1289 2964 1345 3001; x_wconf 82' lang='grc' dir='ltr'>ἐπὶ</span> <span class='ocrx_word' id='word_1_787' title='bbox 1361 2966 1430 3001; x_wconf 81' lang='grc' dir='ltr'>τῶν</span> <span class='ocrx_word' id='word_1_788' title='bbox 1447 2963 1582 3016; x_wconf 86' lang='grc' dir='ltr'>μέτρων</span> <span class='ocrx_word' id='word_1_789' title='bbox 1597 2965 1746 3012; x_wconf 85' lang='grc' dir='ltr'>τίθεται,</span> <span class='ocrx_word' id='word_1_790' title='bbox 1761 2972 1991 3016; x_wconf 79' lang='grc' dir='ltr'>περισπᾶται,</span> <span class='ocrx_word' id='word_1_791' title='bbox 2010 2969 2068 3019; x_wconf 85' lang='grc' dir='ltr'>(ὡς</span> <span class='ocrx_word' id='word_1_792' title='bbox 2086 2967 2125 3005; x_wconf 87' lang='grc' dir='ltr'>τὸ</span> <span class='ocrx_word' id='word_1_793' title='bbox 2147 2973 2242 3014; x_wconf 81' lang='lat' dir='ltr'>[Nub.</span> 
     </span>
     <span class='ocr_line' id='line_1_110' title="bbox 1212 3017 2122 3074; baseline 0.004 -15"><span class='ocrx_word' id='word_1_794' title='bbox 1212 3027 1291 3068; x_wconf 80' lang='lat'>1238]</span> <span class='ocrx_word' id='word_1_795' title='bbox 1314 3041 1328 3055; x_wconf 90' lang='lat'>«</span> <span class='ocrx_word' id='word_1_796' title='bbox 1344 3021 1377 3065; x_wconf 83' lang='grc' dir='ltr'>ἓξ</span> <span class='ocrx_word' id='word_1_797' title='bbox 1396 3028 1480 3073; x_wconf 75' lang='grc' dir='ltr'>χοᾶς</span> <span class='ocrx_word' id='word_1_798' title='bbox 1498 3022 1708 3074; x_wconf 79' lang='grc' dir='ltr'>χωρήσεται.</span> <span class='ocrx_word' id='word_1_799' title='bbox 1731 3041 1745 3056; x_wconf 78' lang='grc' dir='ltr'><strong>υ</strong></span> <span class='ocrx_word' id='word_1_800' title='bbox 1762 3022 1822 3060; x_wconf 85' lang='grc' dir='ltr'>καὶ</span> <span class='ocrx_word' id='word_1_801' title='bbox 1840 3017 1934 3066; x_wconf 60' lang='grc' dir='ltr'>αὖθις</span> <span class='ocrx_word' id='word_1_802' title='bbox 1954 3029 2058 3070; x_wconf 87' lang='lat' dir='ltr'>[Eccl.</span> <span class='ocrx_word' id='word_1_803' title='bbox 2076 3030 2122 3072; x_wconf 86' lang='grc'>45]</span> 
     </span>
    </p>
   </div>
   <div class='ocr_carea' id='block_1_18' title="bbox 1332 3112 1964 3155">
    <p class='ocr_par' dir='ltr' id='par_1_34' title="bbox 1332 3112 1964 3155">
     <span class='ocr_line' id='line_1_111' title="bbox 1332 3112 1964 3155; baseline 0.005 -13"><span class='ocrx_word' id='word_1_804' title='bbox 1332 3113 1386 3149; x_wconf 77' lang='grc' dir='ltr'>τὴν</span> <span class='ocrx_word' id='word_1_805' title='bbox 1397 3112 1531 3149; x_wconf 68' lang='grc' dir='ltr'>ὑστάτην</span> <span class='ocrx_word' id='word_1_806' title='bbox 1544 3113 1683 3149; x_wconf 84' lang='grc' dir='ltr'>ἥκουσαν</span> <span class='ocrx_word' id='word_1_807' title='bbox 1700 3113 1783 3144; x_wconf 82' lang='grc' dir='ltr'>οἴνου</span> <span class='ocrx_word' id='word_1_808' title='bbox 1797 3117 1874 3155; x_wconf 81' lang='grc' dir='ltr'>τρεῖς</span> <span class='ocrx_word' id='word_1_809' title='bbox 1887 3117 1964 3155; x_wconf 82' lang='grc' dir='ltr'>χοᾶς</span> 
     </span>
    </p>
   </div>
   <div class='ocr_carea' id='block_1_19' title="bbox 1330 3158 2296 3203">
    <p class='ocr_par' dir='ltr' id='par_1_35' title="bbox 1330 3158 2296 3203">
     <span class='ocr_line' id='line_1_112' title="bbox 1330 3158 2296 3203; baseline 0.005 -15"><span class='ocrx_word' id='word_1_810' title='bbox 1330 3160 1402 3198; x_wconf 83' lang='grc' dir='ltr'>ἡμῖν</span> <span class='ocrx_word' id='word_1_811' title='bbox 1417 3158 1588 3198; x_wconf 75' lang='grc' dir='ltr'>ἀποτίσειν,</span> <span class='ocrx_word' id='word_1_812' title='bbox 1602 3159 1788 3200; x_wconf 76' lang='grc' dir='ltr'>κᾶρεὸίνθων</span> <span class='ocrx_word' id='word_1_813' title='bbox 1801 3160 1935 3201; x_wconf 76' lang='grc' dir='ltr'>χοίνικα.</span> <span class='ocrx_word' id='word_1_814' title='bbox 2262 3179 2296 3203; x_wconf 88' lang='lat'>50</span> 
     </span>
    </p>
   </div>
   <div class='ocr_carea' id='block_1_20' title="bbox 1207 3232 2241 3344">
    <p class='ocr_par' dir='ltr' id='par_1_36' title="bbox 1207 3232 2241 3344">
     <span class='ocr_line' id='line_1_113' title="bbox 1207 3232 2241 3287; baseline 0.004 -17"><span class='ocrx_word' id='word_1_815' title='bbox 1207 3232 1330 3285; x_wconf 88' lang='grc' dir='ltr'>μέτρον</span> <span class='ocrx_word' id='word_1_816' title='bbox 1354 3232 1390 3269; x_wconf 88' lang='lat'>63&#39;</span> <span class='ocrx_word' id='word_1_817' title='bbox 1415 3234 1506 3269; x_wconf 85' lang='grc' dir='ltr'>ἐστιν</span> <span class='ocrx_word' id='word_1_818' title='bbox 1532 3232 1697 3281; x_wconf 72' lang='grc' dir='ltr'>Ἀττικὸν,</span> <span class='ocrx_word' id='word_1_819' title='bbox 1724 3238 1860 3287; x_wconf 89' lang='grc' dir='ltr'>χωροῦν</span> <span class='ocrx_word' id='word_1_820' title='bbox 1885 3234 2032 3279; x_wconf 85' lang='grc' dir='ltr'>κοτύλας</span> <span class='ocrx_word' id='word_1_821' title='bbox 2055 3234 2156 3275; x_wconf 79' lang='grc' dir='ltr'>ὀκτώ.</span> <span class='ocrx_word' id='word_1_822' title='bbox 2182 3236 2241 3274; x_wconf 81' lang='grc' dir='ltr'>καὶ</span> 
     </span>
     <span class='ocr_line' id='line_1_114' title="bbox 1207 3291 1849 3344; baseline 0.002 -16"><span class='ocrx_word' id='word_1_823' title='bbox 1207 3292 1362 3342; x_wconf 81' lang='grc' dir='ltr'>ἀλλαχοῦ</span> <span class='ocrx_word' id='word_1_824' title='bbox 1379 3296 1474 3337; x_wconf 80' lang='lat' dir='ltr'>[infra</span> <span class='ocrx_word' id='word_1_825' title='bbox 1506 3291 1588 3341; x_wconf 83' lang='lat'>1035]</span> <span class='ocrx_word' id='word_1_826' title='bbox 1607 3291 1849 3344; x_wconf 83' lang='grc' dir='ltr'>Ἀριστοφάνης</span> 
     </span>
    </p>
   </div>
   <div class='ocr_carea' id='block_1_21' title="bbox 1330 3377 2023 3416">
    <p class='ocr_par' dir='ltr' id='par_1_37' title="bbox 1330 3377 2023 3416">
     <span class='ocr_line' id='line_1_115' title="bbox 1330 3377 2023 3416; baseline 0.003 -10"><span class='ocrx_word' id='word_1_827' title='bbox 1330 3377 1378 3406; x_wconf 79' lang='grc' dir='ltr'>ἐπὶ</span> <span class='ocrx_word' id='word_1_828' title='bbox 1393 3377 1514 3406; x_wconf 82' lang='grc' dir='ltr'>δεῖπνον</span> <span class='ocrx_word' id='word_1_829' title='bbox 1526 3377 1606 3416; x_wconf 65' lang='grc' dir='ltr'>ταχὺ</span> <span class='ocrx_word' id='word_1_830' title='bbox 1621 3377 1722 3416; x_wconf 76' lang='grc' dir='ltr'>βάδιζε</span> <span class='ocrx_word' id='word_1_831' title='bbox 1734 3379 1787 3414; x_wconf 72' lang='grc' dir='ltr'>τὴν</span> <span class='ocrx_word' id='word_1_832' title='bbox 1802 3377 1900 3408; x_wconf 86' lang='grc' dir='ltr'>κίστιν</span> <span class='ocrx_word' id='word_1_833' title='bbox 1911 3378 2023 3408; x_wconf 50' lang='lat' dir='ltr'>laeam.</span> 
     </span>
    </p>
   </div>
  </div>
 </body>
</html>
