2485 3808
903 222 1154 262 SCHOLIA
1192 224 1250 262 IN
1287 225 1550 272 EQUITES.
2246 244 2293 273 67

163 314 372 367 ἐπηγγείλω.
395 313 497 364 [(937)
522 310 666 363 μεθήκοι
685 309 739 358 δὲ,
758 310 931 361 μετέλθοι,
951 312 1068 348 καλῶν
1088 326 1126 349 σε
1147 312 1202 358 δη·

162 374 302 425 λονότι.]

214 445 278 471 935.
308 447 334 468 π
358 429 496 473 ολάὸοις
512 429 562 466 ἔτι
583 431 629 472 εἷς
645 427 832 473 ἐκκλησίαν
849 427 968 466 ἐλθών.
989 435 1029 465 V.

213 504 276 529 941.
306 505 342 527 ευ
373 504 411 539 γε
437 487 479 533 νὴ
506 487 563 525 τὸν
593 486 658 525 Δία
691 499 698 525 :
727 487 842 531 Διπλῆ
869 486 927 523 καὶ
959 489 1017 523 τοῦ
1034 489 1137 537 χοροῦ
1165 487 1199 524 ἐν

126 565 142 589 5
162 547 362 586 ἐπεισθέσει.
387 541 434 584 ὧν
465 546 504 583 τὸ
533 548 669 596 πρῶτον
702 547 740 582 ἐκ
761 546 948 595 τροχαϊκῆς
983 543 1116 594 βάσεως
1141 542 1199 580 καὶ

161 608 439 654 ἂναπαιστικῆς,
467 604 526 642 καὶ
548 602 780 656 ἑφθημιμερὲς
807 601 828 646 ἢ
856 601 1016 647 Ἰωνικὸν,
1037 599 1106 637 ἀπὸ
1136 599 1198 650 μὲν

160 664 345 717 τριμέτρου
380 662 650 708 καταληκτικόν.
688 660 916 712 ἀτακτότερον
954 659 990 696 δὲ
1023 659 1097 710 ἔχει
1133 657 1196 704 τὴν

160 722 350 776 τροχαῖκὴν
374 721 474 773 βάσιν
501 721 715 770 ἑπτάσημον.
752 719 790 756 τὸ
823 718 857 756 δὲ
887 717 1042 769 δεύτερον
1069 720 1194 762 πενθη-

162 781 304 834 μιμερὲς
339 779 450 818 κοινὸν
489 778 695 817 δακτυλικὸν
728 777 786 814 καὶ
818 775 1082 814 ἀναπαιστικόν.
1116 775 1191 812 ἐπί-

110 852 142 877 Ιο
161 841 261 886 τηδες
291 837 543 888 διαλελυμένως
570 837 628 874 τὸν
656 836 756 880 πεζὸν
781 834 892 886 λόγον.
914 833 987 872 ἔστι
1016 834 1051 871 δὲ
1081 833 1195 871 πολλὰ

159 899 218 936 καὶ
237 898 319 951 παρ’
346 897 513 936 Εὐπόλιδι
533 893 808 946 σεσημειωμένα.

211 970 275 995 94³.
306 955 382 1006 [και
413 970 471 1005 μοι
502 955 595 991 δοκεῖ
626 967 635 991 :
676 951 829 1003 Κορωνὶς
864 949 988 1000 ἑτέρως
1020 949 1193 987 εἰσιόντων

158 1030 226 1051 των
261 1016 467 1066 ὑποκριτῶν.
482 1014 533 1071 ωοἱ
579 1010 614 1048 63.
654 1009 767 1060 στίχοι
806 1007 966 1058 ἷαμὸικοὶ
1013 1008 1193 1060 τρίυ.ετροι

157 1072 393 1119 ἀκατάληκτοι
409 1071 454 1108 λ.
477 1073 525 1107 ὡν
545 1069 739 1110 τελευταῖος

104 1194 136 1219 ¹5
388 1163 455 1196 ἰδοὺ
468 1163 545 1195 ἰδού.
558 1162 594 1200 νή
607 1162 660 1193 τὸν
675 1161 724 1194 Δί’
742 1161 828 1193 οὐδὲν
842 1161 964 1193 κωλύει.

154 1238 211 1276 ἐπὶ
225 1239 275 1291 τῷ
294 1237 386 1275 τέλει
404 1235 572 1290 κορωνίς.]

206 1309 270 1336 944.
300 1295 426 1347 ἀγαθὸς
452 1293 634 1340 πολίτης.
625 1307 633 1315 ·
661 1293 706 1332 ‘O
729 1293 1002 1340 ἀλλαντοπώλης
1031 1293 1191 1341 δηλονότι

153 1356 246 1393 δοκεῖ
273 1370 350 1405 μοι,
373 1353 479 1407 φησὶ,
506 1352 613 1396 καλὸς
638 1346 724 1390 εῖναι
749 1352 916 1403 πολίτης,
944 1354 1058 1396 ὁποῖος
1086 1353 1189 1398 ἄλλος

152 1412 260 1457 οὐδεὶς
280 1412 410 1464 γένοιτο
430 1411 471 1450 ἂν
489 1413 524 1449 ἐν
542 1411 648 1448 παντὶ
664 1410 791 1462 χρόνῳ.

99 1495 133 1521 20
205 1484 269 1509 945.
298 1470 437 1513 πολλοῖς
456 1472 516 1506 τοῦ
535 1468 648 1506 ’ὅολοῦ
682 1482 691 1506 :
712 1471 796 1511 Τοῖς
815 1467 969 1515 εὐώνοις,
995 1475 1065 1513 τοῖς
1086 1469 1189 1516 Ἀθη-

151 1528 267 1572 ναίοις.
288 1528 396 1571 οὕτως
415 1527 481 1580 γὰρ
500 1527 640 1578 λέγεται
657 1526 715 1565 ἐπὶ
735 1529 803 1564 τῶν
823 1528 963 1564 πολλῶν
983 1531 1044 1566 τοῦ
1062 1528 1188 1567 ὄὸολοῦ

149 1586 396 1638 πωλουμένων.

202 1658 265 1684 916.
293 1644 513 1698 ἐσκορόδισας
539 1657 548 1682 :
571 1642 732 1689 Ἀήδισας
759 1642 781 1689 ἢ
811 1643 1016 1696 ἐπίκρανας,
1044 1644 1067 1691 ἢ
1098 1645 1186 1698 ἐδρί-

150 1703 278 1754 μυξας,
301 1703 324 1750 ἢ
351 1705 503 1742 κλαῦσαι
530 1701 735 1749 πεποίηκας.
763 1701 831 1740 ἀπὸ
861 1704 930 1740 τῶν
946 1701 1021 1753 [τὰ]
1036 1702 1186 1757 σκόροδα

95 1786 130 1812 25
148 1761 349 1814 τριὸόντων.

199 1834 263 1860 948.
293 1819 371 1871 ἐμοὶ
395 1818 597 1870 ταμιεύσεις
621 1832 630 1858 2
658 1818 719 1862 Ὡς
747 1818 862 1857 οὐκέτι
889 1820 1086 1874 ἐπιμελήσῃ
1116 1825 1184 1861 τῶν

147 1880 238 1929 ἐμῶν
261 1878 468 1932 χρημάτων,
485 1876 563 1915 οὐδὲ
585 1876 716 1928 ταμίας
741 1892 800 1926 μοι
823 1876 904 1928 ἔσῃ,
921 1879 1078 1917 τουτέστι
1102 1881 1186 1919 διοι-

145 1937 263 1984 κήσεις
278 1937 322 1987 τᾷ
337 1937 540 1989 πρυτανεῖα.

197 2010 261 2036 950.
292 1997 375 2046 ἐμοῦ
409 1993 679 2047 πανουργότερος
712 2007 721 2033 2
758 1993 909 2033 Ἑαυτὸν
951 1996 1134 2036 διαὸάλλει
1167 2001 1184 2037 6

91 2075 127 2101 ³0
145 2054 278 2102 Κλέων,
309 2053 428 2105 ἐκείνῳ
458 2052 564 2106 ψόγον
590 2052 763 2106 ἐπιφέρειν
797 2052 1016 2104 βουλόμενος.
1047 2057 1081 2107 [6
1116 2058 1181 2095 δα-

143 2113 278 2156 κτύλιος
297 2112 351 2160 δὲ,
371 2111 408 2150 ὃν
426 2111 539 2165 ἐφόρει
557 2114 618 2158 τῆς
632 2114 743 2163 ἀρχῆς
755 2111 837 2150 ὄντα
854 2114 1025 2165 σημεῖον.]

195 2184 258 2210 954.
289 2172 400 2221 δημοῦ
446 2169 557 2222 βοείου
599 2183 608 2208 t
646 2169 754 2222 Παρὰ
788 2170 846 2208 τὸν
895 2172 1005 2221 δῆμον
1040 2172 1181 2220 ἐποίησε

144 2228 254 2279 δημὸν
281 2228 463 2275 ὀξυτόνως,
499 2226 618 2273 ἐπειδὴ
647 2243 698 2279 τῳ
727 2227 810 2280 θρίῳ
840 2228 1108 2279 περιοοὶλλοντες
1142 2231 1180 2268 τὸ

143 2286 242 2329 λίπος
268 2285 408 2324 ὤπτων.
436 2286 527 2338 θρῖον
556 2285 591 2322 δὲ
622 2284 661 2322 τὸ
688 2301 750 2331 της
767 2301 873 2331 συκης
859 2285 1040 2338 ςφύλ.λον
1067 2287 1180 2338 ὀλίγον

90 2363 124 2388 35
142 2337 200 2382 ουν
239 2345 288 2382 δεῖ
320 2347 370 2382 τῶ
402 2343 490 2396 τόνῳ
520 2342 761 2395 παρεγκλίνειν
789 2345 827 2380 οὔ
858 2344 898 2381 τὸ
926 2343 1050 2394 ὄνομα.
1087 2346 1138 2383 λέ
1128 2362 1181 2397 γει

142 2401 178 2440 δὲ
207 2402 267 2440 καὶ
294 2407 428 2449 ταῦτα,
451 2401 570 2448 ἐπειδὴ
599 2404 645 2445 ὡς
670 2401 879 2448 ἀναίσθητον
913 2402 1093 2441 διαδάλλει
1121 2404 1179 2442 τὸν

141 2461 263 2512 δῆμον.
343 2460 489 2504 Ἄλλως.
512 2460 635 2504 λίπους
661 2461 786 2512 βοείου.
816 2464 927 2498 ταῦτα
953 2460 989 2499 δὲ
1012 2464 1060 2505 εἷς
1080 2464 1179 2501 ἀναι-

141 2519 287 2566 σθησίαν
309 2522 369 2557 τοῦ
390 2519 514 2569 δήμου.
541 2518 601 2557 καὶ
625 2519 660 2556 ἐν
689 2518 821 2571 Σφηξὶν
847 2524 908 2565 [40]
931 2539 945 2553 «
966 2519 1046 2567 ἵστη
1068 2521 1178 2572 βόειον

140 2577 262 2628 δημόν.
291 2595 305 2611 1·
336 2578 428 2630 θρῖον
457 2576 493 2615 δὲ
519 2576 704 2628 σκεύασμά
730 2593 763 2615 τι
792 2577 881 2628 μετὰ
907 2579 1100 2631 ἐγκεφάλου
1124 2596 1178 2632 γι-

86 2656 122 2681 40
139 2650 293 2685 νομενον.

192 2694 315 2746 θρῖον;
339 2692 537 2754 Χόνδρος““
517 2710 540 2739 η
562 2693 666 2746 ὄρυζα
687 2693 876 2746 ἑ’ψεται,*
856 2711 879 2740 η
909 2695 1091 2745 σεμίδαλις
1114 2699 1177 2750 ἀρ-

138 2749 298 2794 κούντως.
331 2755 406 2789 εἶτα
447 2752 620 2803 ἐπιχεῖται
650 2752 690 2789 τὸ
724 2751 828 2805 υδωρ,
857 2752 917 2790 καὶ
949 2760 1101 2806 φυρᾶται
1135 2755 1175 2794 τὸ

136 2809 314 2860 ἡψημένον
342 2808 431 2859 μετὰ
453 2810 591 2848 ἁπαλοῦ
620 2814 722 2863 τυροῦ
746 2811 806 2848 καὶ
834 2812 911 2848 ὠι)ν
937 2811 1076 2863 ὀλίγων.
1101 2808 1175 2852 εῖτα

138 2866 436 2918 περιλαμὸάνεται
470 2868 612 2921 φύλλοις
643 2869 792 2913 συκίνοις
827 2869 906 2907 ὅλον
943 2871 1004 2909 καὶ
1045 2887 1175 2923 περιει-

85 2941 120 2967 45
137 2924 248 2960 λεῖται
267 2923 470 2977 καννοίὸῳ
450 2942 473 2971 η
495 2926 666 2979 παπύρῳ,
687 2925 708 2973 ἢ
733 2926 833 2979 λίνῳ,
853 2927 913 2964 καὶ
941 2928 1100 2967 καθίεται
1127 2932 1174 2974 εἰς

139 2979 253 3030 ζωμὸν
267 2983 376 3032 κρεῶν
399 2982 600 3034 ἡψημένων,
619 2984 703 3053 &791
719 2988 778 3022 τοῦ
801 2985 951 3023 λαὸεῖν
943 3002 1062 3032 ικανην
1083 2986 1170 3039 ἕψη-

138 3053 202 3075 σιν.
225 3041 300 3074 εἶτα
330 3038 514 3090 ἐξαιρεῖται
538 3043 598 3080 καὶ
621 3045 688 3080 τῶν
714 3042 852 3095 φύλλων
882 3044 1171 3097 περιαιρεθέντων

137 3097 184 3138 εἷς
218 3095 359 3133 λοπάδα
393 3096 471 3135 νέαν
508 3099 639 3143 ζέοντος
673 3082 811 3151 μέλιτος
857 3101 1075 3151 ἐμὸάλλεται
1112 3119 1171 3141 και

137 3151 268 3204 ἕψεται.
290 3153 517 3206 στρεφόμενον
547 3156 601 3203 δὲ,
621 3157 704 3195 ὅταν
729 3161 856 3202 ικανῶς
880 3158 945 3211 ἔχῃ
971 3176 1032 3198 και
1053 3160 1170 3204 ξανθον

84 3241 119 3267 5⁰
135 3208 296 3259 γένηται,
313 3210 483 3264 ἐξαιρεθὲν
507 3214 736 3264 παρατίθεται
758 3217 896 3266 μέλιτος
910 3218 1076 3270 περιχυθέ
1078 3235 1168 3266 ντος,

136 3266 158 3313 ἢ
178 3267 248 3305 ἀπο
276 3272 335 3306 τοῦ
358 3269 518 3338 {³¹⁰⁰U’„
499 3286 521 3315 η
539 3271 607 3308 ἀπο
626 3277 684 3310 τοῦ
701 3273 821 3312 ἄλλου.
845 3277 974 3327 θρῖον
955 3276 990 3314 οὲ
1010 3278 1168 3315 καλεῖται

136 3324 205 3362 ἀπὸ
221 3327 289 3362 τῶν
305 3325 442 3379 φύλλων
458 3330 520 3372 τῆς
537 3343 660 3375 συκης,
678 3330 776 3368 ἅτινα
793 3332 883 3370 οὕτω
903 3334 1075 3373 καλεῖται.

186 3396 250 3422 956.
275 3383 377 3434 λάρος
407 3383 561 3435 κεχηνὼς
590 3399 599 3424 2
632 3387 702 3425 Γὸν
734 3388 879 3427 Κλέωνα
913 3390 1006 3441 λέγει
1039 3391 1095 3429 διὰ
1128 3391 1198 3430 τὸΙ

1264 311 1492 364 ἇρπακτικόν.
1529 314 1598 352 ἀπὸ
1631 314 1750 352 τούτου
1776 315 1811 353 δὲ
1831 318 1876 359 ὡς
1900 317 2052 364 κλέπτην
2072 335 2128 356 τον
2153 321 2294 359 Κλέωνα

1260 371 1452 410 διαὸάλλει.
1474 373 1534 410 καὶ
1556 375 1573 410 6
1593 373 1695 425 λάρος
1717 390 1783 445 γαρ
1807 374 1924 427 ζι)όν’
1909 391 2000 413 εστιν
2022 377 2211 430 ἀδηφάγον.
2233 396 2294 426 την

1259 428 1295 466 δὲ
1312 430 1441 482 πέτραν
1459 430 1513 468 διὰ
1530 432 1568 468 τὸ
1590 434 1686 482 βῆμα
1707 432 1745 469 τὸ
1765 433 1799 469 ἐν
1819 436 1861 483 τῇ
1879 434 1995 474 πνυκί.

1311 500 1376 526 958.
1415 488 1626 539 Κλεωνύμου
1660 502 1668 527 :

1259 546 1369 588 ζῶντα
1399 547 1560 598 κωμῳδεῖ
1594 546 1653 584 καὶ
1688 547 1853 586 διαίάλλε
1859 565 1868 585 ι
1895 549 1952 586 τὸν
1992 550 2202 602 Κλεώνυμον
2236 570 2294 592 και
2314 562 2330 585 5

1258 600 1412 652 ἅρπαγα.
1429 604 1534 640 εἰπων
1553 603 1620 655 γὰρ
1638 604 1772 655 λάρος’
1757 621 1861 651 επηνε
1864 622 1925 656 γκε
1941 623 1998 645 τον
2015 610 2239 659 Κλεωνύμου.

1309 672 1373 697 959.
1398 661 1481 712 παρ’
1504 661 1588 709 ἐμοῦ
1616 659 1650 698 δὲ
1671 677 1803 699 τουτονι
1829 663 1984 704 Medma.
1977 679 1985 687 ·
2015 668 2156 705 Δακτυ)
2161 685 2207 706 ιον
2228 670 2296 707 ἄλ-

1255 715 1313 752 λον
1335 715 1465 755 δίδωσι.
1484 717 1543 754 καὶ
1563 717 1637 754 ἔστι
1656 721 1917 772 παρεπιγραφη

1307 787 1372 812 963.
1403 774 1530 824 μολγὸν
1557 775 1754 825 γενέσθαι;
1781 778 1950 825 Φαεινὸς,
1975 780 2102 831 μολγὸν
2136 783 2211 820 ἀντι
2236 788 2294 822 τοῦ

1254 831 1393 883 τυφλόν.
1431 831 1616 884 Ἡρόδοτος
1650 832 1705 893 δὲΜ
1720 836 1847 887 ἱστορεῖ
1878 851 1956 879 τους
1981 838 2140 887 Μολγους
2159 840 2295 884 τούτους
2318 855 2349 879 10

1254 889 1373 926 ἐπάνω
1398 893 1460 936 τῆς
1489 890 1639 934 Σκυθίας
1673 895 1771 929 εἰναι.
1854 892 1997 937 Ἄλλως.
2020 895 2175 944 πένητα,
2199 915 2295 951 παρα

1252 948 1292 985 τὸ
1309 948 1520 998 ἀμέλγεσθαι
1536 949 1596 986 καὶ
1624 951 1843 999 ζημιοῦσθαι.
1925 951 2071 997 Ἄλλως.
2090 955 2294 1028 Σύμμαχος·

1252 1005 1344 1044 ἔοικε
1370 1006 1530 1059 ιχρησμός
1554 1023 1605 1051 τις
1633 1011 1733 1047 εἰναι.
1761 1011 1796 1046 ἐν
1822 1008 1889 1062 γὰρ
1908 1017 1977 1054 τοῖς
1997 1013 2167 1065 Γεωργοῖς
2187 1015 2295 1059 οὕτως

1252 1067 1325 1116 ἔχει

1354 1139 1416 1180 ὅτῳ
1430 1139 1516 1170 δοκεῖ
1527 1151 1577 1171 σοι
1591 1141 1652 1172 δεῖν
1667 1141 1804 1180 μάλιστα
1817 1146 1854 1183 τῇ
1868 1143 1966 1175 πόλει.

1355 1186 1422 1226 ἐμοὶ
1437 1187 1491 1227 μὲν
1506 1187 1556 1218 ἐπὶ
1569 1189 1620 1219 τὸν
1634 1189 1746 1228 μολγὸν
1762 1189 1838 1220 εἶναι
1853 1191 1911 1221 οὐκ
1926 1191 2075 1229 ἀκήκοας.
2317 1189 2348 1213 ¹5

1701 489 1759 532 Ὡς
1795 491 1993 544 δαπανηρον
2025 508 2084 530 και
2112 495 2146 531 ἐν
2183 511 2294 549 τρυφτ

1251 1248 1512 1301 Ἐρατοσθένης·
1534 1250 1661 1301 μολγὸν
1684 1251 1743 1289 καὶ
1767 1253 1920 1304 ἀμολγὸν
1956 1253 2015 1291 τὸν
2043 1254 2158 1294 αὐτόν.
2185 1257 2295 1306 ἀμολ-

1250 1306 1330 1357 γοὺς
1358 1308 1394 1345 δὲ
1418 1308 1516 1360 παρὰ
1534 1308 1664 1352 τούτοις
1688 1310 1774 1362 φησὶ
1793 1310 1954 1362 λέγεσθαι
1980 1312 2058 1356 τοὺς
2078 1313 2293 1364 ἀμέλγοντας

1249 1365 1293 1402 τὰ
1309 1366 1419 1404 κοινά.
1439 1366 1597 1411 Ἡσίοδος
1619 1367 1654 1405 δὲ
1674 1373 1747 1417 [Op.
1769 1374 1834 1416 583]
1860 1388 1875 1403 τι
1897 1370 1991 1420 μᾶζά
2011 1374 2041 1408 τ’
2064 1372 2253 1423 ἀμολγαίη.
2277 1392 2291 1407 υ

1249 1426 1279 1462 οἱ
1296 1424 1352 1471 δὲ,
1382 1424 1457 1462 ἀντὶ
1479 1429 1539 1463 τοῦ
1559 1427 1721 1475 ἀκμαῖον.
1743 1427 1840 1479 παρὰ
1866 1427 1901 1465 δὲ
1921 1432 1991 1472 τοῖς
2016 1433 2184 1479 κωμικοῖς
2203 1431 2293 1481 μόλ-

1249 1500 1310 1534 γης
1326 1486 1343 1521 6
1361 1483 1591 1537 μοχθηρος,“’
1566 1501 1662 1523 ωσπε
1648 1501 1684 1538 ρ
1701 1486 1793 1537 γόης.
1815 1486 1904 1524 ούτω
1930 1488 2136 1541 Σωκράτης.
2215 1489 2293 1528 Ἄλ-
2312 1502 2347 1527 20

1248 1542 1327 1585 λως.
1355 1541 1482 1592 μολγον
1512 1558 1599 1586 τινες
1631 1543 1692 1593 μὲν
1724 1544 1889 1596 γλαυκὸν,
1926 1548 1958 1584 οἱ
1991 1545 2027 1584 δὲ
2056 1547 2115 1585 τὸν
2149 1549 2291 1600 βραδύν.

1248 1594 1330 1647 οἷον,
1349 1599 1499 1650 ἀμολγον
1513 1601 1572 1639 καὶ
1593 1601 1746 1649 κλέπτην
1766 1605 1834 1640 τῶν
1856 1603 2043 1654 δημοσίων.
2062 1605 2210 1657 μολγους
2225 1606 2292 1658 γὰρ

1247 1657 1363 1709 ἔλεγον
1383 1658 1460 1702 τοὺς
1482 1659 1733 1711 ἐξαμέλγοντας
1755 1662 1815 1699 καὶ
1835 1661 1896 1699 κλέ
1881 1678 2047 1707 επτοντας
2065 1663 2108 1701 τὰ
2125 1665 2237 1704 κοινά.

1299 1729 1361 1755 964.
1392 1716 1496 1790 μέχρι
1533 1721 1593 1755 τοῦ
1632 1719 1841 1771 μυρρίνου.
1833 1720 1992 1773 ’Μέχρι
2022 1737 2084 1768 της
2125 1724 2290 1774 κεφαλης.

1247 1773 1366 1821 ἐπειδὴ
1393 1776 1423 1812 οι
1453 1775 1616 1828 ἄρχοντες
1641 1776 1788 1830 μυρρίνῃ
1810 1780 2068 1831 εστεφανοῦντο.
2093 1779 2115 1826 ἢ
2138 1781 2206 1818 ἀπὸ
2230 1785 2289 1819 τοῦ
2311 1795 2344 1820 25

1247 1832 1457 1886 ἐσκολύφθαι
1475 1834 1514 1871 τὸ
1537 1835 1665 1872 αἰδοῖον
1683 1836 1728 1879 εἷς
1747 1835 1844 1879 τέλος
1862 1836 1922 1874 καὶ
1939 1836 2141 1891 ὁλόκληρον.
2161 1838 2288 1892 μύρτον

1246 1890 1282 1929 δὲ
1300 1891 1567 1942 πεποικιλμένον
1590 1893 1735 1931 ἐκάλουν
1750 1895 1781 1932 οι
1797 1895 1942 1933 παλαιοὶ
1960 1894 1999 1933 τὸ
2017 1899 2210 1946 γυναικεῖον
2229 1899 2288 1935 αἷ-

1246 1944 1348 1983 δοῖον.
1501 1953 1508 1964 “
1601 1950 1639 1964 ’““

1296 2015 1362 2041 967.
1399 2001 1588 2054 ἁλουργίδα
1620 2015 1629 2041 :
1666 2004 1856 2057 Πορφυραν
1887 2005 2050 2057 χλανίδα.
2091 2007 2210 2054 ἐπειδὴ
2248 2007 2287 2044 τὸ

1245 2059 1342 2113 ῥόδον
1367 2064 1574 2113 πορφυροῦν,
1602 2077 1652 2114 τῳ
1673 2062 1832 2116 στεφάνῳ
1854 2080 1923 2101 των
1949 2064 2056 2117 ῥόδων
2079 2065 2142 2112 τὴν
2161 2065 2289 2118 ἆλουρ-
2307 2072 2344 2097 30

1242 2134 1275 2169 γι
1267 2118 1321 2156 ίδα
1342 2118 1544 2170 ἐπήνεγκεν.

1313 2191 1364 2215 98
1426 2177 1671 2228 [κατάπαστον
1710 2191 1719 2216 :
1764 2179 2019 2227 Κατάπαστος,
2054 2181 2289 2231 κατάμεστος,

1241 2234 1398 2287 πληρης,
1429 2235 1799 2286 καταπεποικιλμένος.
1825 2238 1998 2290 στεφάνην
2024 2239 2124 2278 εΤὸν
2155 2239 2286 2299 στέφα-

1240 2308 1308 2330 νον·
1329 2292 1492 2343 σημαίνει
1516 2292 1551 2330 δὲ
1571 2293 1631 2330 καὶ
1649 2293 1746 2345 ὄρους
1765 2294 1900 2345 ἐςοχην.
1926 2297 2064 2348 Victor]

1292 2364 1357 2389 969.
1387 2354 1518 2402 χρυσοῦ
1536 2349 1691 2394 διώξεις·
1710 2353 1772 2389 Τῶ
1796 2352 1960 2396 διώξεις”
1941 2368 2056 2404 εχοντι
2077 2353 2176 2404 λόγον
2196 2355 2285 2407 πρὸς
2305 2371 2339 2396 35

1238 2407 1282 2444 τὰ
1313 2408 1525 2461 προκείμενα
1547 2408 1720 2459 ’ἐπήνεγκε
1743 2409 1840 2462 παρὰ
1859 2409 1924 2456 τὴν
1946 2410 2061 2462 φωνὴν
2087 2412 2126 2450 τὸ
2159 2413 2288 2458 διώξεις
2328 2434 2333 2439 ·

1239 2465 1420 2515 Σμικύθην
1440 2465 1500 2503 καὶ
1526 2465 1654 2517 κύριον,
1674 2466 1793 2519 ὥσπερ
1818 2469 1852 2505 ἐν
1878 2470 1953 2512 ταῖς
1986 2471 2196 2521 εἰσαγωγαῖς
2214 2474 2283 2508 τῶν

1238 2524 1468 2574 ἐγκλημάτων
1513 2524 1694 2577 κηρύττειν
1743 2524 1920 2574 εἰώθασιν,
1959 2528 2100 2565 ἐπειδὰν
2144 2530 2284 2579 γυναικὶ

1238 2580 1443 2633 ἐπιφέρηται
1459 2581 1632 2632 ἔγκλημα.
1651 2581 1740 2620 οὕτω
1760 2582 1827 2636 γὰρ
1847 2586 2098 2637 προκαλεῖσθαι
2120 2586 2282 2624 εἰώθασιν
2320 2627 2324 2629 λ

1237 2640 1272 2676 ἐν
1293 2655 1342 2676 τω
1374 2640 1607 2700 δικαστηρίῳ,
1634 2643 1655 2687 ἡ
1681 2641 1775 2678 δεῖνα
1795 2642 1854 2680 καὶ
1874 2645 1892 2680 6
1912 2643 2046 2695 κύριος,
2068 2643 2243 2683 τουτέστιν
2264 2648 2282 2684 6
2300 2657 2336 2684 40

1237 2697 1337 2749 ἀνηρ.
1362 2698 1436 2748 ἅμα
1464 2702 1522 2735 οὖν
1544 2715 1590 2742 ως
1609 2699 1805 2748 γυναικώδη
1835 2699 1893 2738 τὸν
1914 2701 2095 2751 Σμικύθην
2117 2704 2283 2755 κωμῳδεῖ

1235 2755 1295 2793 καὶ
1323 2755 1448 2807 ἔχοντα
1480 2756 1597 2808 κύριον
1626 2759 1671 2800 ὡς
1702 2760 1738 2796 αἱ
1773 2759 1920 2805 θηλειαι.
1951 2762 1968 2797 ὃ
2002 2760 2038 2798 δὲ
2072 2740 2253 2810 Σμικύθης

1234 2814 1385 2865 Θρᾳκῶν
1411 2815 1583 2865 βασιλεύς.
1602 2814 1731 2867 Κύριον
1749 2815 1785 2853 δὲ
1804 2816 1882 2854 ἀντὶ
1901 2821 1961 2854 τοῦ
1984 2817 2101 2869 Κύρου
2117 2822 2177 2856 τοῦ
2198 2819 2279 2871 Ἀρ-

1233 2871 1394 2924 ταξέρξου
1413 2876 1473 2910 τοῦ
1496 2874 1644 2924 Περσῶν
1669 2873 1858 2924 βασιλέως,
1875 2874 1911 2917 ὃς
1929 2875 2006 2912 κατ’
2032 2875 2181 2920 ἐκείνους
2199 2877 2277 2920 τοὺς

1232 2929 1379 2981 χρόνους
1397 2933 1459 2976 τῆς
1474 2931 1605 2974 Λυδίας
1627 2931 1794 3003 πεμφθεὶς
1815 2932 2046 2984 σατραπεύειν
2059 2962 2069 2980 ,
2093 2935 2274 2973 Λακεδαι-
2293 2950 2329 2977 45

1233 2987 1360 3037 μονίοις
1386 2988 1630 3040 προσθεμένοις
1654 2991 1701 3032 εἷς
1726 2990 1879 3039 πόλεμον
1899 2990 1943 3028 τὰ
1977 2992 2063 3042 πρὸς
2083 2992 2281 3040 Ἀθηναίους

1232 3044 1426 3096 ἐχορήγησε
1441 3045 1622 3097 χρήματα.
1707 3047 1746 3086 Ἄ
1759 3026 1862 3091 λλως.
1878 3048 1936 3086 τὸν
1954 3049 2136 3099 Σμικύθην
2157 3067 2281 3104 κωμω-

1231 3103 1315 3140 δεῖ
1297 3118 1342 3145 ως
1361 3102 1528 3142 κίναιδον.
1554 3103 1670 3156 κύριον
1688 3104 1724 3142 63.
1772 3105 1843 3156 ε’γει
1871 3106 1928 3144 τὸν
1947 3106 2068 3160 ἄνδρα.
2102 3108 2191 3147 οὔτω
2205 3109 2272 3161 γὰρ

1229 3162 1462 3214 ἐπεγράφοντο
1487 3165 1522 3201 ἐν
1553 3169 1623 3207 τοῖς
1648 3165 1899 3218 δικαστηρίοις,
1924 3166 2098 3206 Ἀσπασία
2117 3169 2177 3206 καὶ
2199 3168 2265 3206 κύ-

1230 3235 1316 3272 ριος,
1332 3220 1506 3258 τουτέστιν
1524 3223 1542 3258 6
1563 3223 1749 3275 Περικλῆς.
2287 3251 2323 3277 5⁰

1280 3290 1344 3316 973.
1375 3277 1515 3324 ηδιστον
1535 3278 1649 3331 φάος;
1667 3281 1831 3353 Κορωνίς.
1853 3282 1962 3326 εξίασι
1984 3282 2051 3335 γὰρ
2071 3283 2265 3335 ὑποκριταί.

1226 3350 1284 3373 και
1305 3336 1340 3372 ἐν
1361 3335 1506 3374 εἷσθέσει
1521 3340 1582 3374 τοῦ
1598 3341 1703 3389 χοροῦ
1720 3338 1796 3382 ἑξας
1820 3339 2071 3393 μονοστροφικὴ
2089 3339 2265 3392 τετράκω-

1190 3377 1284 3436 λος
1303 3397 1392 3431 οὖσα
1412 3392 1474 3436 τὰς
1490 3394 1668 3446 περιόδους
1687 3397 1725 3432 ἐκ
1739 3398 1842 3447 τριῶν
1856 3396 2071 3447 γλυκι-ι)νείι)ι
2090 3395 2186 3447 [ποτὲ
2201 3395 2262 3447 μὲν

2095 3471 2119 3491 5.
