2485 3808
906 174 1155 216 SCHOLIA
1189 178 1247 216 IN
1287 180 1490 220 RANAS.

711 271 720 296 ζ
750 257 853 297 Ὣσεὶ
881 255 986 308 εἶπεν,
1006 263 1171 314 ὀργισθεὶς
1230 265 1286 302 ἐπὶ
1303 268 1352 318 τῷ
1371 267 1461 304 τέλει
1478 267 1655 321 κορωνίς.]
1675 287 1721 295 —
1738 269 1823 322 πρὸς
1842 270 1900 309 τὸν
1921 272 2096 324 Αἰσχύλον
2116 275 2264 327 Εὐριπί-

191 268 254 294 ⁸22.
283 255 400 308 φρίξας
430 256 458 294 δ’
483 255 677 307 αὐτοκόμου

138 311 256 366 ὥσπερ
272 317 330 356 σῦς
342 329 350 337 ·

261 402 321 431 πᾶν
337 400 369 430 δέ
381 401 407 431 τ’
425 400 599 432 ἐπισκύνιον
614 402 699 433 κάτω
713 401 843 435 ἕλκεται.

140 475 199 524 (εἰς
224 473 257 512 ἓν
279 474 314 512 δὲ
342 475 532 527 συνήγαγεν
565 479 650 525 ὁμοῦ
677 479 872 531 ἀμφοτέρας
897 479 1172 534 τὰς-Ὁμηρικὰς

105 555 121 579 5
140 530 289 579 εἰκόνας,
311 532 373 579 τήν
395 549 431 571 τε
450 534 507 571 ἐπὶ
534 539 592 572 τοῦ
613 535 765 585 λέοντος,
792 538 851 587 [ἐν
871 541 937 590 τῷ,
957 538 1170 590 λασιαύχενα

138 589 303 641 χαίταν,]
323 591 383 628 καὶ
402 593 464 637 τὴν
482 592 539 629 ἐπὶ
558 596 616 630 τοῦ
640 595 742 642 συός.)

189 661 254 688 813.
285 648 503 700 [ἐπισκύνιον
524 650 674 702 ξυνάγων
699 665 708 691 2
729 651 888 706 εΌμηρος
903 659 953 700 [n.
973 664 1015 700 P,
1035 659 1102 700 1³6]

259 739 321 767 πᾶν
334 737 366 768 δέ
378 737 405 768 τ’
417 737 590 769 ἐπισκύνιον
604 738 689 773 κάτω
707 740 843 778 ἕλκεται,
860 740 934 770 ὄσσε
949 740 1129 771 καλύπτων

135 811 174 848 τὸ
195 811 274 864 περὶ
299 811 360 855 τὰς
382 814 484 865 ὀφρῦς
501 812 628 865 δέρμα·
647 813 736 851 κατὰ
758 814 937 863 μετάθεσιν
955 818 1012 851 τοῦ
1033 816 1054 851 λ
1078 816 1124 857 εἷς
1141 831 1146 836 ·
1162 845 1169 852 .

86 892 118 916 1⁰
137 871 259 913 σκῦλος
271 869 337 923 γὰρ
351 870 487 920 λέγεται
503 871 540 908 τὸ
558 870 684 923 δέρμα·
703 872 793 908 ἔνθεν
808 872 867 908 καὶ
884 871 1112 923 σκυλοδέψης,
1126 875 1171 915 ὡς

138 928 362 980 βυρσοδέψης.
430 928 468 966 τὸ
482 928 597 966 ἐπάνω
610 931 676 969 τῶν
691 930 874 980 ὀφθαλμῶν
890 929 991 981 μέρος
1003 930 1080 974 ἤτοι
1094 929 1171 981 δέρ-

136 1001 197 1034 μα.
208 985 247 1023 τὸ
261 985 490 1038 συνοφρύωμα
500 990 558 1024 τοῦ
571 986 744 1036 μετώπου.
756 985 829 1023 ὅθεν
842 987 899 1023 καὶ
911 987 1091 1030 σκύζεσθαι
1104 1017 1113 1032 ,
1131 987 1170 1024 τὸ

127 1045 345 1095 ὀργίζεσθαι,
371 1043 426 1081 διὰ
449 1044 486 1081 τὸ
510 1043 700 1081 ἐνδιάθετον
721 1043 873 1094 γίνεσθαι
894 1048 996 1082 τοῦτο
1012 1044 1051 1082 τὸ
1069 1044 1170 1094 μέρος

133 1107 204 1145 τοῖς
227 1102 473 1154 ὀργιζομένοις,
496 1102 554 1140 καὶ
575 1100 760 1139 ἐπισκύσαι
773 1131 782 1148 ,
801 1102 840 1140 τὸ
859 1104 1075 1153 χαλεπῆναι·
1101 1103 1169 1140 ἀπὸ

83 1184 118 1209 15
134 1163 192 1196 τοῦ
211 1159 250 1196 τὸ
269 1159 464 1197 ἐπισκύνιον
482 1160 661 1198 καθέλκειν
676 1158 755 1203 τοὺς
772 1160 1058 1211 χαλεπαίνοντας.
1077 1168 1166 1198 Junt.

132 1216 326 1255 ἐπισκύνιον
347 1217 498 1268 ξυνάγων
526 1231 536 1256 :
556 1217 774 1256 Συστέλλων.
799 1226 833 1256 C.
857 1217 1051 1256 ἐπισκύνιον
1071 1218 1168 1263 ξυνέ-

130 1290 203 1326 χων
230 1288 239 1314 :
261 1275 440 1326 Συνάγων,
457 1274 574 1328 ὥσπερ
593 1277 623 1312 οἱ
641 1275 847 1325 θυμούμενοι
867 1279 975 1329 θῆρες.
997 1276 1061 1328 D]

185 1333 291 1383 [θαι]
317 1337 527 1385 γομφοπαγῆ
565 1346 574 1371 2
606 1333 638 1371 Ἀ
646 1332 875 1386 κριὸέστατα,
908 1334 1165 1384 πολυσύνθετα,

134 1389 306 1443 (σκληρὰ,
325 1391 385 1428 καὶ
399 1385 484 1442 ἦχον
504 1394 686 1438 ποιοῦντα,
707 1389 825 1443 ὥσπερ
845 1394 880 1428 αἱ
902 1392 1167 1444 κεκαρφωμέναι

78 1475 114 1500 20
132 1447 294 1497 σανίδες).

185 1504 372 1551 πινακηδὸν
405 1505 570 1542 ἀποσπῶν
607 1518 616 1544 :
651 1504 833 1544 Ἀποσπῶν
861 1505 905 1543 τὰ
931 1505 1071 1558 ῥήματα
1097 1505 1167 1544 ὥσ-

130 1578 196 1614 περ
212 1563 360 1606 πίνακας
380 1562 448 1600 ἀπὸ
465 1562 605 1610 πλοίων,
626 1565 691 1614 οὐχ
709 1566 754 1606 ὡς
773 1564 980 1615 Εὐριπίδης,
1001 1565 1166 1602 σκινδαλ-

133 1619 229 1669 μούς.
260 1620 434 1663 πινακίδες
462 1619 498 1658 δὲ
528 1623 563 1657 αἱ
591 1621 742 1670 μεγάλαι
768 1622 901 1664 σανίδες
926 1625 993 1659 τῶν
1022 1622 1165 1669 πλοίων,

133 1677 255 1729 [δίκην
276 1678 421 1716 σανίδων
445 1680 512 1716 τῶν
536 1679 575 1715 ἐκ
598 1678 680 1722 νεὼς
708 1678 971 1729 ἀποσπωμένων
994 1682 1027 1718 ἐν
1048 1695 1166 1732 τρικυ-

133 1734 230 1786 viz]-

183 1806 248 1831 825.
279 1798 417 1843 γηγενεῖ
444 1793 623 1846 φυσήματι
653 1807 661 1832 :
690 1793 779 1832 Ἀντὶ
802 1797 862 1831 τοῦ
887 1794 1053 1846 μεγάλῳ,
1076 1794 1164 1832 ὥστε

130 1849 290 1901 σεισμοὺς
305 1851 427 1889 ποιεῖν.
448 1851 578 1902 ἀρχαία
598 1850 664 1903 γὰρ
689 1851 830 1889 ὑπόνοια
854 1851 893 1890 τὸ
912 1851 979 1889 ὑπὸ
999 1851 1160 1902 πνευμά-

128 1924 196 1946 των
216 1907 493 1960 (κατεχομένην)
519 1908 668 1947 σείεσθαι
684 1908 747 1955 τὴν
765 1912 841 1961 γῆν.

181 1979 244 2005 826.
271 1966 379 2013 λίσπη
407 1980 417 2005 t
445 1969 508 2018 Τῷ
538 1966 626 2019 τόνῳ
648 1969 694 2010 ὡς
722 1967 836 2014 κίστη.
870 1967 1097 2012 Ἀπολλώνιος
1127 1967 1163 2006 δὲ

76 2049 111 2075 30
129 2023 237 2068 ὄξύνει
264 2015 321 2067 ὡς’
338 2023 436 2076 ψιλή.
463 2024 572 2071 λίσπη
603 2024 638 2062 δὲ
659 2028 680 2070 ἡ
705 2024 954 2077 ἐκτετριμμένη
986 2026 1045 2063 καὶ
1063 2026 1161 2085 λεία.

128 2081 217 2119 οὕτω
236 2081 303 2134 γὰρ
321 2081 480 2133 λέγονται
499 2084 529 2119 οἱ
547 2086 693 2120 τοιοῦτοι
719 2082 950 2134 ἀστράγαλοι·
968 2083 1024 2136 ἀφ’
1046 2087 1084 2120 οὗ
1103 2085 1163 2122 καὶ

127 2142 158 2177 οἱ
184 2140 300 2178 λίσποι
316 2139 360 2177 τὰ
380 2138 490 2190 ἰσχία.
518 2139 779 2190 Καλλίστρατος
802 2140 836 2177 δὲ
862 2140 1010 2192 θηρίδιον
1038 2142 1163 2180 λεπτὸν

128 2197 259 2249 σφόδρα
271 2213 279 2220 ·
297 2197 355 2248 ἀφ’
370 2191 409 2233 οὗ
424 2196 483 2233 καὶ
499 2199 529 2233 οἱ
545 2196 588 2233 τὰ
606 2197 704 2247 ἰσχία
721 2196 840 2233 λεπτοὶ
857 2197 974 2235 λίσποι
989 2198 1160 2249 λέγονται.

127 2254 271 2298 Ἄλλως.
293 2254 371 2291 λίαν
390 2253 638 2304 ἐκτετριμμένη
667 2254 726 2291 καὶ
745 2254 910 2305 ὀλισθηρὰ
926 2257 1084 2306 γλῶσσα·
1107 2257 1162 2295 διὰ

125 2312 165 2350 τὸ
179 2314 213 2349 ἐν
229 2313 297 2354 τοῖς
311 2312 422 2361 λόγοις
432 2311 679 2363 εὐαπόφυκτον.
763 2310 825 2363 [Ἄ
831 2313 930 2355 λλως.
948 2313 1090 2357 λίσπους
1099 2331 1162 2352 κα-

125 2372 223 2408 λοῦσι
249 2369 326 2412 τοὺς
347 2369 400 2421 ὑφ’
422 2371 521 2419 ἡμῶν
549 2369 780 2419 καλουμένους
817 2370 1001 2422 στρυφνούς
1032 2374 1160 2422 ἀστρα-

124 2427 261 2478 γάλους.
282 2429 313 2464 οἱ
326 2431 472 2465 τοιοῦτοι
488 2427 524 2464 δὲ
541 2427 762 2479 δυστροπικοί
784 2429 867 2464 εἰσιν
890 2430 924 2465 ἐν
941 2431 991 2480 τῷ
1009 2429 1157 2474 παίζειν.

79 2502 85 2506 ·
124 2484 217 2535 λέγει
238 2484 273 2523 δὲ
301 2485 363 2528 τὴν
384 2485 588 2537 Εὐριπίδου.
618 2485 703 2537 πρὸς
723 2485 758 2522 δὲ
778 2485 816 2522 τὸ
834 2485 1081 2535 ἱπποδάμονα,
1103 2487 1162 2524 καὶ

123 2543 168 2581 τὰ
184 2542 308 2590 λοιπὰ,
327 2543 367 2581 τὸ
399 2547 528 2581 ιινοῦσα
553 2542 715 2594 χαλινοὺς
735 2537 821 2581 εἷπε.
841 2543 1018 2596 φθονεροὺς
1037 2544 1091 2591 δὲ,
1116 2548 1161 2588 ὡς

27 2594 30 2597 ⁴
71 2631 106 2656 ⁴0
124 2601 350 2653 φθονουμένου
381 2605 439 2639 τοῦ
468 2601 658 2653 Εὐριπίδου
681 2601 737 2638 ἐπὶ
763 2601 879 2654 σοφία.
908 2602 1071 2650 δαιομένη
1105 2602 1159 2650 δὲ,

124 2658 387 2710 διαμερίζουσα,
415 2659 612 2712 διαιροῦσα,
633 2657 898 2708 κατατέμνουσα
918 2659 962 2696 τὰ
982 2660 1159 2712 Αἰσχύλου

125 2713 276 2766 ῥήματα.
301 2715 640 2766 καταλεπτολογήσει
664 2715 718 2762 δὲ,
746 2715 808 2762 τὴν
828 2721 887 2754 τοῦ
907 2717 1083 2769 Αἰσχύλου
1100 2720 1159 2756 λε-

123 2772 309 2822 πτολογίαν
327 2773 461 2816 λεπτῶς
482 2774 661 2824 βασανίσει
678 2776 695 2811 6
713 2774 946 2827 Εὐριπίδης]

177 2841 242 2867 828.
273 2829 537 2880 διαμερίζουσα,
559 2832 750 2883 διαιροῦσα.
768 2839 806 2869 R.

70 2914 106 2940 45
176 2884 239 2931 τὴν
260 2889 321 2923 τοῦ
348 2886 526 2938 Αἰσχύλου
551 2888 778 2938 λεπτολογίαν
819 2891 1159 2942 καταλεπτολογήσει

123 2945 142 2980 6
157 2943 357 2994 Εὐριπίδης.
373 2949 410 2980 R.

175 3013 239 3038 829.
271 3000 486 3049 (πλευμόνων
520 3001 624 3039 πολὺν
659 3002 763 3041 πόνον
791 3018 800 3043 :
827 3004 886 3044 Τὰ
915 3004 983 3058 γὰρ
1014 3010 1157 3045 τοιαῦτα

124 3057 264 3110 ῥήματα
282 3057 371 3107 μετὰ
389 3059 517 3096 πολλοῦ
536 3059 731 3110 ἐξέρχονται
753 3061 889 3113 πόνου.)

175 3128 238 3154 880.
261 3117 323 3153 οὗκ
342 3114 384 3152 ἂν
405 3115 541 3164 μεθείην
562 3130 570 3154 :
594 3116 797 3170 [Γράφεται
817 3120 876 3157 καὶ
894 3121 1075 3171 μεθείμην.
1093 3138 1155 3160 κο-

71 3205 106 3230 50
125 3172 222 3224 ρωνίς
238 3171 274 3210 δὲ
294 3172 466 3210 εἰσιόντων
484 3176 552 3210 τῶν
569 3175 777 3234 ὑποκριτῶν.
797 3178 828 3213 οἱ
848 3177 884 3214 δὲ
902 3178 1015 3230 στίχοι
1036 3179 1156 3229 ἰαμὸι-

122 3229 177 3268 κοὶ
188 3230 364 3282 τρίμετροι
383 3229 618 3276 ἀκατάληκτοι
635 3231 702 3280 με’.
722 3236 770 3269 ὢν
789 3235 981 3278 τελευταῖος

79 1765 113 1789 25

74 2346 108 2371 ³5

246 3317 330 3355 ὑμεῖς
342 3315 374 3347 δὲ
387 3318 452 3351 ταῖς
466 3316 605 3351 Μούσαις
617 3327 646 3347 τι
659 3318 747 3356 μέλος
761 3318 907 3358 ἐπᾲσατε.

2186 196 2261 230 299

1231 323 1303 368 δης.
1323 331 1360 361 R.

1283 401 1346 427 832.
1377 388 1555 440 [αἰσθάνει
1568 390 1634 443 γὰρ
1649 395 1707 429 τοῦ
1725 392 1825 443 λόγου
1845 406 1854 432 :
1871 393 1939 433 ‘’Ov
1958 396 2069 446 λέγει,
2086 399 2131 440 ὡς
2146 398 2183 435 οὗ
2199 414 2264 436 πα-

1232 446 1429 497 ραχωρήσει
1455 463 1507 484 σοι
1539 452 1597 485 τοῦ
1622 449 1756 501 θρόνου,
1783 451 1925 502 φάσκων
1955 447 2040 491 εἶναί
2062 469 2123 492 σου
2149 456 2264 508 κρείτ-

1230 503 1340 554 των]
2281 531 2298 555 6

1283 573 1345 598 838.
1376 563 1665 612 ἀποσεμνυνεῖται
1680 579 1689 603 1
1706 567 1793 603 Ἀντὶ
1807 571 1866 605 τοῦ
1877 598 1886 614 ,
1899 570 2094 608 ἀπονοεῖται
2109 575 2262 611 σιωπῶν.

1231 619 1442 670 ὑπερηφανεῖ
1459 621 1576 668 πάλιν,
1595 622 1677 674 ὅπερ
1698 624 1804 661 ἐποίει
1822 628 1900 669 ζῶν.
1976 626 2118 671 Ἄλλως.
2135 630 2264 679 σεμνό-

1230 690 1330 720 τητος
1354 675 1420 728 γὰρ
1451 679 1551 716 ἕνεκα
1580 681 1726 719 ἐπιπολὺ
1753 683 1886 720 ἐσιώπα
1917 686 2109 735 Αἰσχύλος,
2141 689 2174 724 ἐν
2195 694 2264 731 τοῖς

1231 733 1382 785 θεάτροις
1408 735 1536 775 εἰσιών.
1554 763 1598 768 -
1615 742 1746 788 σεμνῶς
1770 740 1891 777 ἑαυτὸν
1913 743 2133 792 σχηματίσει.
2150 753 2210 782 Br.

1282 809 1345 834 83⁴.
1374 800 1419 840 ὡς
1436 803 1496 836 τοῦ
1518 801 1693 852 Αἰσχύλου
1709 804 1977 855 τερατευομένου
1998 808 2032 843 ἐν
2051 809 2125 851 ταῖς
2142 811 2264 862 ἀρχαῖς

1230 855 1296 890 τῶν
1318 855 1517 905 δραμάτων.
1540 865 1578 895 R.

1282 924 1346 949 835.
1375 912 1486 951 λείπει
1502 916 1578 952 κατ’
1598 917 1715 956 αὐτοῦ.
1737 925 1774 954 R.

2286 837 2316 862 10

1281 987 1344 1013 837.
1375 977 1570 1029 ἀγριοποιὸν
1590 978 1766 1032 εἈγρίους
1783 982 1965 1034 εἰσάγοντα
1983 986 2042 1023 καὶ
2061 986 2176 1037 ὠμοὺς
2187 988 2264 1032 τοὺς

1229 1031 1358 1083 ἥρωας.

1281 1103 1345 1129 838.
1383 1092 1578 1141 (ἀπύλωτον
1613 1095 1726 1145 στόμα
1761 1109 1769 1135 :
1800 1098 1993 1150 Φρύνιχος,
2015 1101 2201 1154 ἀθύρωτον.
2232 1106 2263 1142 οἱ

1229 1146 1264 1184 δὲ
1301 1148 1490 1201 γράφουσιν
1522 1150 1716 1199 ἀπύλωτον,
1751 1155 1826 1192 ἀντὶ
1859 1160 1918 1193 τοῦ
1957 1159 2173 1210 ἀνεῳγμένον
2204 1161 2264 1199 καὶ

1227 1205 1339 1252 πύλην
1358 1206 1406 1257 μὴ
1427 1207 1520 1260 ἔχον,
1546 1209 1594 1260 μὴ
1615 1212 1976 1264 χαλιναγωγούμενον,
2001 1216 2088 1266 μηδὲ
2111 1219 2263 1271 κρατού-

1229 1266 1358 1314 μενον.)

2285 1133 2317 1158 15

1279 1341 1343 1367 83⁹.
1373 1330 1626 1381 ἀπεριλάλητον
1651 1345 1660 1371 :
1682 1330 1785 1372 Ἤτοι
1798 1335 1859 1372 οὐκ
1871 1335 1983 1374 εἰδότα
1999 1338 2132 1389 λαλεῖν,
2153 1339 2174 1385 ἢ
2194 1334 2262 1378 οἷον

1227 1385 1288 1422 οὐκ
1314 1386 1355 1423 ἄν
1385 1402 1434 1430 τις
1460 1389 1705 1440 περιλαλήσαι.
1735 1392 2160 1448 (κομποφακελορρήμονα
2185 1398 2260 1447 δὲ,)
2282 1421 2317 1445 20

1229 1444 1493 1496 βαρυρρήμονα,
1511 1446 1666 1499 [σκληρὰ
1681 1448 1739 1486 καὶ
1757 1451 1984 1500 συνδεδεμένα
2004 1453 2070 1500 ἔπη
2087 1454 2262 1508 λέγοντα].

1227 1501 1369 1549 φάκελοι
1392 1502 1458 1555 γὰρ
1484 1504 1528 1542 τὰ
1550 1505 1658 1557 βαρέα
1677 1505 1756 1558 [καὶ
1783 1509 2032 1562 συνδεδεμένα]
2053 1512 2174 1563 φορτία
2194 1515 2262 1550 τῶν

1228 1557 1348 1601 ξύλων.
1378 1582 1423 1586 -
1445 1561 1580 1614 σκληρὰ
1599 1563 1659 1600 καὶ
1679 1565 1908 1614 συνδεδεμένα
1935 1566 2001 1613 ἔπη
2021 1567 2181 1618 λέγοντα.
2202 1577 2262 1607 Br.

1279 1630 1341 1655 8⁴0.
1373 1618 1496 1664 ἄληθες
1509 1613 1537 1657 ὦ
1551 1623 1618 1657 παῖ
1633 1634 1641 1659 ;
1666 1621 1741 1671 (Ἐν
1760 1622 1951 1674 ἐρωτήσει.-’
1972 1625 2046 1663 ἀντὶ
2063 1629 2140 1673 τοῦ,
2158 1627 2263 1670 ὄντως

1227 1672 1266 1718 δὴ
1300 1675 1428 1725 σύ.(ό-.·ι
1452 1676 1487 1714 δὲ
1515 1679 1799 1728 λαχανοπώλιδος
1816 1681 1885 1724 υἱὸς
1905 1676 1945 1727 ἦν
1967 1684 2132 1727 Κλειτοῦς
2151 1687 2168 1721 6
2190 1686 2260 1723 Εὖ-
2281 1714 2316 1739 25

1227 1731 1377 1782 ριπίδης,
1402 1733 1632 1787 (Ἀλέξανδρός
1651 1752 1766 1787 φησιν.
1787 1738 1921 1790 εἴρηται
1937 1738 1973 1777 δὲ
1993 1743 2010 1778 6
2030 1741 2146 1793 στίχος
2165 1742 2262 1794 παρὰ

1225 1787 1268 1826 τὰ
1290 1791 1492 1843 Εὐριπίδου)
1772 1797 1775 1799 ’

1460 1890 1566 1927 ἄληθες
1583 1892 1609 1922 ὦ
1622 1895 1681 1924 παῖ
1693 1897 1748 1931 τῆς
1765 1895 1934 1932 θαλασσίας
1948 1896 2028 1927 θεοῦ.

1226 1975 1476 2026 βαρυτονητέον
1504 1975 1540 2014 δὲ
1569 1977 1608 2015 τὸ
1639 1979 1775 2025 ἄληθες.
1798 1981 2006 2034 [ἀρουραίας
2022 1983 2077 2031 δὲ,
2100 1985 2184 2024 διότι
2216 1989 2260 2025 τὰ

1223 2031 1362 2083 λάχανα
1383 2035 1422 2072 ἐκ
1437 2038 1498 2081 τ’ῆς
1518 2039 1581 2085 γῆς
1597 2036 1754 2090 fistuca]

1275 2111 1338 2135 842.
1368 2098 1586 2150 (πτωχοποιὲ
1617 2115 1625 2139 ;
1659 2101 1701 2139 Ὁ
1730 2103 1788 2140 τὸν
1823 2103 1983 2156 Τήλεφον
2015 2106 2072 2143 τὸν
2111 2111 2258 2158 βασιλέα

1224 2156 1354 2192 Μυσῶν
1384 2157 1524 2207 πτωχὸν
1553 2158 1714 2203 ποιήσας.
1747 2161 2140 2210 στωμυὶιοσυλλεκτάδη
2162 2166 2218 2213 δὲ,
2240 2171 2258 2205 ὁ

1223 2212 1430 2264 πολυλογίας
1457 2215 1650 2267 συνάγων.])
1672 2241 1715 2246 —-
1742 2218 1818 2254 ἀντὶ
1837 2222 1897 2255 τοῦ
1922 2219 2089 2269 στωμύλα
2117 2222 2257 2274 ῥήματα

1223 2270 1409 2319 συλλέγων.
1428 2279 1464 2308 R.
1487 2280 1523 2310 Θ.
1546 2274 1753 2323 πολυλογίας
1771 2275 1958 2327 συλλέγων.
1979 2284 2039 2314 Br.
2058 2279 2258 2335 [ῥακιοσυρ-

1224 2327 1382 2377 ραπτάδη
1405 2327 1462 2374 δὲ,
1485 2332 1502 2366 6
1528 2328 1572 2366 τὰ
1603 2330 1691 2382 ῥάκη
1719 2332 1925 2384 συρράπτων
1954 2336 2012 2374 καὶ
2029 2336 2154 2375 ἐνδύων
2178 2339 2258 2384 τοὺς
2276 2372 2310 2398 35

1224 2386 1388 2434 βασιλεῖς.
1414 2385 1435 2431 ἢ
1463 2389 1480 2423 6
1505 2386 1549 2423 τὰ
1575 2390 1643 2425 τῶν
1671 2389 1785 2426 ἄλλων
1815 2395 1966 2437 ποιητῶν
1993 2395 2167 2446 συλλέγων
2196 2398 2256 2435 καὶ

1222 2443 1331 2479 οἰκεῖα
1351 2445 1473 2480 ἑαυτοῦ
1493 2444 1745 2499 λογιζόμενος]
1766 2471 1816 2476 -
1836 2447 1880 2485 τὰ
1902 2450 1989 2501 ῥάκη
2011 2452 2198 2503 συλλέγων.
2217 2463 2254 2492 Β.

1274 2513 1337 2537 844.
1367 2500 1572 2553 [σπλάγχνα
1602 2504 1773 2556 θερμήνῃς
1794 2519 1802 2544 :
1825 2507 1947 2556 Θυμὸς
1978 2509 2046 2562 γάρ
2072 2512 2146 2548 ἐστι
2168 2511 2257 2556 ζέσις

1219 2561 1278 2594 τοῦ
1295 2559 1373 2610 περὶ
1391 2558 1451 2605 τὴν
1474 2560 1619 2612 καρδίαν
1632 2561 1797 2612 αἵματος,
1813 2564 1855 2601 δι’
1872 2564 1980 2615 ὄρεξιν
1998 2569 2257 2615 ἀντιλυπήσεως

1219 2615 1429 2666 κινούμενος.
1456 2617 1478 2663 ἢ
1499 2617 1582 2669 ὀργὴ
1605 2620 1835 2671 ἐναρχομένη.
1857 2623 1954 2666 κότος
1973 2624 2033 2674 δὲ,
2050 2626 2134 2678 ὀργὴ
2151 2629 2255 2678 θυμὸν
2274 2659 2310 2685 40

1220 2675 1444 2726 ἐπιτηροῦσα.
1463 2679 1562 2725 μῆνις
1583 2676 1618 2714 δὲ
1638 2678 1721 2729 ὀργὴ
1741 2681 1786 2722 εἰς
1800 2682 1995 2719 παλαίωσιν
2013 2685 2253 2735 ἀποτιθεμένη.

1219 2731 1321 2782 χόλος
1341 2731 1397 2779 δὲ,
1417 2733 1501 2785 ὀργὴ
1520 2735 1706 2775 διοιδοῦσα.
1728 2737 1812 2789 ὀργὴ
1833 2738 1886 2786 δὲ,
1904 2740 2068 2789 ἐπιθυμία
2088 2744 2259 2795 τιμωρίας

1219 2794 1277 2827 τοῦ
1299 2791 1500 2837 ἠδικηκέναι
1520 2793 1696 2837 δοκοῦντος
1716 2795 1836 2844 (ἤγουν
1848 2797 2104 2848 προσηκόντως.
2119 2800 2254 2852 vict.).]

1218 2846 1240 2893 ἢ
1259 2847 1352 2894 λύπη
1378 2849 1452 2898 μεθ’
1470 2850 1674 2902 ὑπολήψεως
1690 2856 1749 2889 τοῦ
1774 2854 2026 2905 ὀλιγωρεῖσθαι.

2278 2071 2315 2097 30

1270 2923 1332 2948 846.
1362 2911 1420 2948 τὸν
1434 2913 1626 2962 χωλοποιὸν
1645 2927 1654 2952 ;
1673 2914 1741 2952 Διὰ
1756 2915 1834 2958 τοὺς
1849 2917 1951 2967 τρεῖς,
1964 2918 2254 2971 Βελλεροφόντην,
2272 2952 2312 2978 45

1218 2969 1455 3015 Φιλοκτήτην,
1476 2970 1648 3023 Τήλεφον.

1269 3039 1332 3064 847.
1363 3026 1436 3077 ἄρν’
1458 3027 1545 3078 ἄρνα
1576 3029 1742 3077 μέλαιναν
1769 3043 1777 3067 :
1801 3029 1861 3073 Ὡς
1880 3030 2042 3078 τοιαύτης
2071 3035 2254 3085 γινομένης

1217 3083 1334 3125 θυσίας
1363 3085 1411 3134 τῷ
1431 3085 1573 3135 Τυφῶνι
1595 3085 1652 3121 ἐπὶ
1679 3088 1728 3136 τῷ
1754 3086 1856 3132 λῆξαι
1883 3087 1944 3132 τὰς
1971 3091 2187 3141 καταιγίδας.
2207 3114 2253 3119 —

1218 3140 1292 3191 ἄρν’
1309 3140 1395 3191 ἄρνα
1418 3139 1584 3189 μέλαιναν
1607 3155 1615 3180 :
1636 3144 1791 3181 Τοιαῦτα
1819 3143 1886 3198 γὰρ
1903 3145 1998 3184 ἔθυον
2018 3151 2067 3200 τῷ
2087 3151 2251 3201 Τυφῶνι,

1215 3196 1319 3234 ὁπότε
1343 3197 1578 3249 στροὸιλώδης
1598 3199 1737 3245 ἐκινήθη
1757 3201 1894 3252 ἄνεμος.
1918 3206 1986 3242 τῶν
2007 3205 2074 3258 γὰρ
2089 3206 2250 3245 τοιούτων

1215 3249 1312 3297 οῧτός
1328 3256 1419 3292 ἐστιν
1436 3254 1566 3308 ἔφορος.
1585 3256 1723 3301 εἰκότως
1735 3257 1770 3296 δὲ
1787 3259 1967 3309 μέλαιναν,
1985 3262 2043 3300 καὶ
2059 3265 2096 3301 οὐ
2110 3264 2248 3313 λευκὴν,

1217 3311 1335 3357 ἐπειδὴ
1355 3313 1414 3350 καὶ
1433 3315 1450 3350 6
1468 3313 1593 3365 Τυφὼς
1616 3314 1735 3364 μέλας.
1756 3326 1808 3357 Br.

2269 3242 2308 3266 50
