2517 3792
864 231 1015 271 lxm-:x
1051 235 1286 274 NOMINUM
1332 240 1394 278 ET
1425 241 1615 283 RERUM.

170 310 300 348 Septem
325 311 495 350 sapientes
519 319 528 339 :
551 311 677 352 sinquti
698 314 828 354 'nessanl
851 325 885 347 se
908 326 978 349 esse
1004 322 1188 360 sapientes,

212 355 266 386 Pl.
283 360 291 376 (
307 380 314 387 .

168 360 356 442 &prutina
370 403 510 442 publica
526 405 559 435 in
576 405 753 437 Ceramico
768 416 885 440 eorum
899 413 957 451 qui
979 413 1012 442 in
1031 412 1118 444 bello
1128 422 1193 454 pro

205 449 331 487 patria
351 449 595 490 occubuerant,
613 454 672 483 Δι’.
691 457 762 484 395.

2197 268 2267 300 (291

1296 331 1351 362 ubi
1366 332 1470 364 schol.
1488 335 1594 374 plura
1609 338 1738 371 (1(1834.
1755 344 1835 374 natu
1849 345 2017 385 silphium,
2033 351 2273 390 Cyrenaicum,

1290 380 1473 416 proverbio
1502 387 1716 423 usurpatum
1741 387 1783 419 de
1813 389 1995 433 honorifico
2024 405 2183 437 munere,
2218 401 2272 432 t‘i.

1295 427 1363 454 925).
1389 426 1465 456 l'irle
1483 430 1606 460 Battus.

1252 469 1403 502 siinrrtha
1431 476 1579 505 meretrix
1612 479 1786 518 Ji'eqarica
1819 485 1940 524 rapitur
1956 488 1996 519 al)
2019 490 2276 526 adolescentibus

1294 516 1389 548 ebriis
1406 520 1666 561 Atheniensibus,
1679 526 1757 557 Ach.
1778 533 1847 560 324.
1870 533 1955 564 Eam
1979 537 2167 570 Alcibiades
2183 549 2277 572 (iniu-

1295 562 1364 602 bat,
1383 568 1440 605 qui
1458 571 1598 607 raptum
1615 571 1715 603 illum
1733 579 2082 623 parasseferebatur,
2099 586 2178 618 ibid.

1251 610 1439 643 Simermon
1459 613 1581 646 histrio
1598 619 1782 660 Hermippi
1809 628 1925 656 comici
1943 631 2068 670 μορίω,
2087 633 2176 664 Ναί).
2202 638 2273 666 539.

1294 657 1391 695 Cons.
1414 661 1578 700 Hermon,
1594 665 1626 694 et
1643 667 1702 696 542
1719 670 1809 699 wir.

1249 702 1377 735 Simius.
1404 706 1507 745 simii,
1543 709 1668 740 eusiuiu
1711 713 1802 752 lalui,
1832 719 1959 755 pactum
1986 729 2060 752 cum
2090 733 2199 764 uxore,
2232 736 2273 758 ex

1291 751 1452 790 AEsopica
1469 754 1624 792 quadam
1653 759 1706 789 vel
1726 763 1893 800 populari
1905 765 2049 806 sabula,
2068 771 2123 802 vel
2152 774 2186 803 in
2209 775 2275 804 Pu-

1290 798 1447 832 metium,
1465 800 1557 838 quod
1575 809 1693 834 nomen
1709 813 1752 843 tn,
1770 809 1827 838 Αυ.
1846 811 1906 840 440
1922 821 1994 852 sqq.

1248 841 1347 881 Simo,
1365 844 1447 874 inter
1461 846 1591 884 Equites
1609 851 1642 880 in
1660 852 1723 890 Eq.
1745 855 1816 891 242,
1834 855 1987 898 ἵππαρχος
2002 860 2105 892 schol.

162 868 286 899 Servus
308 877 420 909 nuper
438 873 768 912 eniptusferebatur
783 875 981 917 adsocum,
997 878 1041 910 ibi
1057 879 1187 912 sedenti
1248 887 1346 926 Simo,
1370 889 1529 931 perjurus,
1545 895 1635 926 Nub.
1656 900 1734 937 399;
1751 899 1955 939 depeculator
1973 907 2098 944 ενι-1011,
2121 911 2274 950 sophista

203 923 309 955 super
329 919 435 957 caput
466 918 752 957 desundebantur
769 922 932 962 bellaria,
946 927 1186 966 καταχύσματα,
1289 944 1361 966 rem
1374 937 1549 975 publicam
1567 941 1889 985 administran.5,ab
1902 952 2068 991 Eupolide
2090 957 2125 986 in
2141 956 2274 995 fabula

204 970 282 1002 quae
302 965 406 994 ceteri
422 967 513 996 servi
533 967 728 1006 rapiebant,
747 970 800 1000 Pl.
822 972 893 1001 768.
912 974 983 1008 Quo
1003 976 1188 1013 respicitur
1291 983 1434 1014 Urbibus
1458 993 1502 1016 ex
1516 989 1691 1020 Heraclea
1716 995 1899 1032 amentum
1931 998 2118 1033 abstulisse
2145 1002 2268 1040 dictus,

202 1016 226 1039 a
248 1012 353 1049 poeta
377 1019 407 1042 v.
428 1015 488 1044 789
513 1022 577 1053 sq„
594 1016 664 1045 795.
691 1017 874 1048 Servorum
898 1018 1002 1060 ἔφορος
1023 1021 1188 1061 ,luppiter
1288 1029 1380 1060 Νιιρ,
1403 1034 1474 1062 351.

202 1055 336 1095 δούλως,
352 1059 440 1089 Ran.
471 1062 542 1090 756.
561 1062 734 1092 Servorum
762 1071 869 1094 mores
898 1066 1074 1105 pinguntur
1100 1071 1184 1101 Ran.
1247 1073 1419 1107 Simoentis
1438 1081 1533 1114 terra,
1558 1081 1675 1121 Troja,
1696 1083 1825 1116 Thesm.
1848 1091 1915 1119 110.

202 1103 260 1133 741
280 1111 351 1144 sqq.
371 1105 594 1144 inquisitionis
613 1107 645 1138 in
660 1117 768 1140 servos
783 1119 839 1150 per
854 1114 1012 1144 tormenta
1032 1115 1119 1146 modi
1138 1126 1186 1148 re·
1246 1121 1431 1154 Simoniden
1448 1127 1604 1166 carmina,
1620 1131 1680 1159 Av.
1701 1134 1773 1163 919.

201 1147 351 1179 feruntur
370 1151 458 1182 Ran.
477 1156 652 1185 616—622.
671 1157 853 1188 Servorum
873 1167 990 1199 poena,
1014 1163 1094 1192 Pac.
1112 1165 1183 1194 452.

198 1194 341 1234 Asylum
367 1204 550 1229 servorum
583 1201 753 1241 templum
792 1204 907 1236 Thesei
924 1209 957 1237 et
981 1209 1185 1247 Furiarum,

199 1241 264 1281 Eq.
291 1244 378 1273 1320.
397 1245 512 1275 Servos
525 1246 680 1286 castigare
696 1257 760 1280 non
776 1250 891 1283 licebat
905 1252 1035 1285 domino
1050 1257 1083 1286 in
1099 1256 1186 1288 bello

198 1288 498 1329 Peloponnesiaco,
514 1300 554 1323 ne
571 1293 618 1324 ad
634 1296 911 1329 Lacedaemonios
925 1301 1187 1342 transsuqerent

197 1333 276 1365 Nub
306 1337 337 1374 7,
359 1339 389 1366 6.
406 1338 501 1368 Servi
521 1344 723 1373 manumissi
741 1343 781 1374 ob
803 1348 974 1385 cqreqiam
993 1356 1131 1387 operam
1151 1353 1184 1382 in

192 1381 320 1421 proelio
345 1387 562 1425 proestitam,
596 1388 671 1419 vide
696 1390 860 1430 Arginusa.
886 1395 1068 1427 Servorum
1089 1400 1187 1429 comi-

197 1435 316 1459 corum
336 1432 488 1470 nomina,
514 1433 732 1475 Acti.243fin.

155 1474 355 1507 sesaminum
375 1477 475 1510 libum
493 1482 662 1520 nuptiale,
685 1483 725 1514 ob
742 1486 866 1516 sesami
882 1485 917 1516 τὸ
937 1489 1120 1530 πολυγόνον,
1139 1500 1185 1523 se-

197 1521 352 1553 cundum
366 1525 612 1566 Menandrum,
633 1530 715 1561 Pac.
738 1533 808 1561 869.
824 1533 1004 1565 Sesamidis
1017 1535 1118 1574 foliis
1135 1546 1186 1569 co·
1247 1545 1454 1578 simulacra.
1480 1549 1558 1580 I'icle
1575 1552 1750 1585 Dedicatio.

197 1571 371 1601 ronantur
387 1574 517 1612 sponsi,
530 1572 610 1605 ibid.
1243 1591 1378 1632 simum,
1395 1595 1430 1624 τὸ
1453 1596 1558 1635 muria,
1579 1598 1734 1636 fortasse
1757 1611 1879 1634 nomen
1901 1609 2081 1646 propr-ium
2107 1618 2268 1642 ascensus

154 1615 365 1648 sesonchosis
383 1618 579 1660 (Sesostris),
598 1631 662 1654 rex
677 1625 833 1665 aliq-illiti,
858 1630 915 1667 qui
931 1631 1001 1661 sint
1024 1633 1183 1665 vetustis-
1283 1640 1319 1669 in
1341 1648 1457 1671 arcem
1482 1643 1719 1686 Athenarum,·
1744 1649 1806 1681 loci
1832 1652 2067 1694 Coiizicorum‚
2088 1657 2166 1696 Lys.
2194 1661 2265 1689 288.

195 1663 272 1692 simi
286 1662 464 1696 hominum
477 1668 678 1708 explorans,
699 1674 769 1703 not.
789 1673 879 1705 Ναὶ).
896 1677 967 1707 398.
1285 1686 1451 1724 Confsr.
1471 1693 1521 1719 55.

154 1709 282 1748 Sextus,
300 1712 365 1750 Eq.
379 1713 427 1742 84.
1240 1732 1339 1769 Sinis,
1356 1733 1471 1765 lochus
1494 1737 1840 1782 Lacedaemoniorum,
1863 1747 1934 1783 [με.
1951 1749 1989 1777 45

153 1755 281 1795 Sibylla,
301 1759 383 1789 Pac.
408 1762 494 1798 1095,
514 1764 601 1794 1116.
619 1765 736 1797 Erant
753 1767 894 1806 Sibyltae
922 1772 990 1802 tres
1007 1780 1018 1801 .·
1037 1777 1063 1804 1.
1082 1775 1180 1814 Apol·
1244 1780 1377 1818 Sinope,
1396 1784 1517 1819 patria
1533 1785 1680 1823 Diphili,
1698 1789 1792 1820 Prot.
1814 1793 1886 1829 Ill,
1905 1795 1955 1823 84.

195 1802 277 1834 linis
300 1812 410 1845 soror,
451 1808 548 1847 apud
575 1810 752 1844 Philetam
779 1815 993 1857 Ephesium;
1032 1825 1062 1851 2.
1096 1824 1183 1862 Ery·
1241 1826 1372 1864 Sinope,
1394 1828 1573 1861 Corinthia
1589 1836 1756 1866 meretrix
1773 1837 1826 1868 Pl.
1852 1841 1921 1869 149.

197 1849 332 1890 thraea;
356 1855 385 1884 3.
415 1854 605 1896 sardiana,
634 1861 694 1891 Av.
712 1863 785 1893 962.
813 1863 946 1904 Sibylla
972 1867 1177 1907 Erythroea,
1239 1870 1389 1911 Siplmus,
1405 1875 1640 1916 σιφιιάζειν,,ᾐ·.
1657 1883 1728 1911 558.

196 1895 367 1937 lonyaeva,
385 1902 448 1940 Eq.
472 1905 522 1933 61.
1237 1918 1372 1949 Sirenes
1386 1930 1397 1950 .·
1414 1929 1492 1951 cum
1505 1923 1546 1953 iis
1560 1926 1707 1956 certavit
1726 1926 1932 1969 Thamyras,
1953 1933 2038 1963 Ran.
2058 1936 2136 1975 Arq.
2157 1939 2220 1968 IV.

152 1941 320 1982 Sibyrtius‚
348 1948 438 1985 pater
459 1948 642 1991 Clisthenis,
668 1951 747 1985 Ach.
779 1957 850 1996 118,
871 1956 942 1989 sch.
972 1960 1053 2000 Lys.
1087 1965 1178 2002 1092,
1237 1963 1392 2004 Sisyphus
1418 1976 1425 1997 z
1456 1967 1524 2007 ejus
1552 1970 1774 2004 callidissimi
1796 1977 1973 2016 machinae,
2003 1980 2082 2011 Acti.
2113 1986 2183 2014 391.
2214 1987 2264 2016 De

195 1990 280 2020 Rau.
299 1992 360 2022 48.·
1280 2012 1429 2051 quodam
1444 2016 1516 2053 ejus
1531 2018 1689 2049 instituto
1706 2023 1775 2051 not.
1800 2023 1893 2062 I'esp.
1916 2027 2003 2056 1414.

151 2036 276 2066 sicarii
291 2039 434 2069 asacris
447 2041 672 2082 arcebantur,
692 2046 793 2086 Vesp.
812 2050 885 2080 654.
1237 2058 1380 2098 Sitalces,
1400 2070 1454 2092 rex
1473 2063 1651 2104 Thracium
1671 2067 1710 2097 ad
1728 2076 1802 2098 eum
1822 2071 2031 2104 Athenienses
2056 2074 2177 2114 legatos
2200 2078 2262 2109 mi-

152 2082 312 2114 Siceliota
327 2084 473 2124 Alcaeus,
490 2089 632 2128 Eupolis
649 2091 779 2124 Thesm.
800 2099 867 2126 162.
1278 2111 1385 2137 serant
1402 2108 1439 2138 ad
1455 2111 1572 2140 auxilia
1595 2112 1780 2153 obtinenda,
1810 2117 1888 2148 Ach.
1924 2121 1992 2158 134,
2022 2123 2090 2154 141.
2117 2124 2262 2155 Ret‘ertu:

150 2127 269 2167 sicilia,
288 2129 342 2168 fr.
377 2134 449 2170 527,
483 2134 554 2165 sch.
593 2138 687 2177 resp.
713 2142 783 2171 240.
805 2143 922 2174 Sicilia
947 2143 1176 2189 ἀγλαόκαρπος,
1278 2152 1319 2183 ab
1344 2153 1446 2193 legato
1474 2156 1624 2189 deaniare
1655 2161 1873 2202 Athenienses,
1908 2166 1951 2196 ib.
1994 2169 2046 2198 141
2080 2178 2153 2210 sqq.
2188 2172 2260 2210 Ejus

192 2175 372 2208 Pindarus
388 2180 472 2210 Pac.
491 2182 547 2221 733
563 2191 727 2222 pecorosa
743 2189 794 2219 est
811 2199 821 2219 .·
842 2198 950 2230 quare
971 2192 1068 2225 dives
1088 2199 1177 2228 casei
1279 2199 1379 2231 lilium
1396 2203 1501 2233 civem
1519 2213 1612 2234 suuni
1639 2206 1779 2239 fecerant
1805 2210 2023 2250 Athenienses,
2037 2223 2143 2254 quum
2156 2220 2261 2256 pater

190 2224 407 2262 praestantis,
428 2227 523 2266 Vesp.
541 2232 614 2269 838,
631 2232 689 2263 ubi
706 2235 740 2264 et
759 2236 816 2267 897
839 2237 967 2269 Siculus
984 2248 1106 2273 caseus.
1131 2245 1178 2275 In
1277 2248 1325 2276 eis
1351 2249 1490 2280 ciiixilia
1514 2252 1673 2283 misisset.
1703 2255 1818 2286 Filius
1846 2258 1907 2288 ille
1935 2259 1978 2289 ab
2004 2261 2086 2292 aliis
2114 2266 2260 2295 vocatur

192 2270 285 2300 Pace
294 2268 427 2308 sabula
447 2273 599 2306 Siciliain
616 2280 806 2311 mortarium
836 2283 1024 2317 immittitur
1047 2297 1064 2318 a
1078 2290 1176 2329 Bello,
1281 2294 1391 2332 Teres,
1414 2294 1457 2326 ab
1472 2296 1551 2327 aliis
1567 2299 1723 2339 Sitalces,
1744 2310 1766 2332 a
1786 2302 1979 2343 Thucydide
1995 2307 2155 2348 sedocus,
2173 2310 2255 2342 ibid.

192 2322 332 2347 caseum
353 2318 541 2360 injicienti,
562 2324 645 2354 Pac.
673 2329 744 2357 250.
763 2330 855 2360 Nam
876 2339 965 2370 pars
988 2334 1101 2373 major
1127 2339 1177 2368 Si·
1281 2342 1348 2371 145.

193 2361 286 2392 ciliae
314 2362 443 2401 infesta
465 2367 736 2411 Atheniensibus,
767 2374 846 2406 ibid.
872 2378 1115 2417 Expeditionem
1144 2383 1174 2413 in
1234 2386 1418 2419 sinici-ines
1435 2398 1570 2429 nomen,
1593 2394 1673 2423 Rari.
1700 2396 1770 2426 308.

193 2405 333 2439 Siciliain
368 2409 600 2452 intempestive
627 2418 742 2450 suadet
781 2425 1002 2456 Demostratus
1037 2430 1173 2468 orator,
1234 2434 1431 2474 Smicythes‚
1455 2445 1517 2468 rex
1537 2438 1724 2480 Thracum,
1745 2444 1892 2482 aequalis
1922 2447 2007 2485 Cyro
2033 2448 2169 2488 minori,
2194 2451 2254 2490 Eq.

193 2453 268 2492 Lys.
289 2457 344 2486 391
373 2465 421 2497 sq.
451 2461 502 2490 De
525 2462 781 2498 Atheniensium
796 2470 1012 2509 expeditione
1037 2476 1071 2505 in
1097 2478 1173 2507 Sici·
1275 2484 1347 2512 969.

194 2499 282 2532 liam
296 2504 460 2542 quaedam
478 2508 514 2538 in
531 2510 629 2550 Arqq.
646 2515 705 2544 Ae.
1233 2523 1411 2567 Sinicyt'hes
1425 2533 1674 2572 perstrinqitur
1698 2537 1738 2566 ut
1764 2537 1937 2574 cintedus,·
1956 2548 2065 2580 quare
2089 2545 2254 2574 mentioni

151 2546 235 2586 sico,
251 2557 374 2590 servuS,
390 2554 482 2586 Eccl.
498 2558 568 2588 867.
587 2559 671 2597 (sico
685 2562 905 2604 Aristophanis
919 2566 950 2597 in
969 2568 1172 2611 AEolosicone,
1273 2575 1345 2612 ejus
1360 2578 1606 2617 Aristophanes
1620 2580 1718 2612 addit
1732 2583 1785 2613 καὶ
1800 2584 1852 2614 τὸν
1876 2586 1978 2626 κύριον
1994 2589 2199 2628 (maritum),
2216 2594 2256 2623 ut

187 2603 225 2634 1²-
242 2598 314 2635 463,
332 2597 378 2638 ὁ·)
1265 2619 1376 2659 siebat
1398 2625 1433 2654 in
1448 2623 1668 2662 seminarum
1698 2630 1892 2662 nominibus
1909 2640 1977 2671 pro
1997 2634 2250 2677 tribunali,Eq.

149 2642 266 2673 Siculi.
289 2646 419 2677 Eorum
436 2648 615 2683 inventum
631 2656 757 2688 cottabi
772 2657 883 2698 lusus,
900 2663 958 2692 cui
982 2662 1085 2695 valde
1100 2667 1171 2697 stu·
1201 2676 1206 2709 l
1273 2670 1344 2698 969.

192 2687 332 2729 debant,
353 2694 435 2724 Pac.
459 2698 546 2728 1244.
1201 2711 1206 2753 Ι
1231 2713 1420 2754 5011031010,
1438 2725 1532 2749 senex
1546 2718 1648 2758 judex
1666 2722 1703 2751 in
1729 2723 1838 2762 I'espis
1849 2726 1965 2755 401.—
1976 2725 2064 2757 Alius
2081 2727 2141 2766 vir,
2157 2730 2239 2761 Eccl

149 2735 302 2767 Siculum
318 2745 427 2778 mare,
456 2743 548 2783 Vesp.
567 2747 638 2778 924,
664 2747 791 2782 siculus
816 2761 948 2794 caseus,
979 2756 1070 2797 l'esp.
1099 2760 1170 2796 838,
1201 2756 1205 2793 l
1272 2762 1323 2792 46.

193 2783 266 2821 897,
281 2783 350 2815 Sssll·
365 2788 398 2816 9¹
413 2790 437 2816 Ι·
1230 2808 1427 2848 5011031005,
1447 2820 1562 2843 nomen
1577 2814 1663 2845 senis
1680 2816 1808 2854 rustici,
1825 2819 1917 2849 Eccl.
1942 2822 2013 2851 293.

150 2827 291 2866 Sicyon:
305 2830 349 2861 ibi
366 2833 612 2868 Lac-edivinonu'
626 2839 759 2873 collecti
779 2844 814 2875 in
835 2844 922 2877 bello
941 2849 1168 2893 Corinthiaco,
1230 2858 1357 2886 snm-us
1371 2857 1511 2895 equestri
1529 2859 1623 2896 pallio
1636 2860 1767 2892 indutus
1782 2864 1952 2894 mulierum
1967 2865 2099 2905 detergit
2112 2867 2246 2906 patinas;

192 2873 248 2904 Pl.
268 2878 336 2906 173.
360 2878 439 2910 Vide
460 2881 643 2915 Corinthus.
1269 2902 1500 2941 cunnilinqus,
1515 2907 1617 2943 prius
1631 2908 1723 2937 inter
1737 2910 1877 2947 equites,
1893 2910 2012 2942 deinde
2025 2915 2143 2943 nautis
2152 2917 2247 2953 pati-

150 2919 320 2960 sicyonia,
338 2925 425 2955 Ran.
445 2928 496 2957 78.
510 2929 668 2969 Sicyonia
684 2932 867 2975 dialectics,
882 2941 968 2970 Ran.
985 2943 1054 2972 507.
1269 2956 1333 2978 nas
1351 2948 1515 2986 clicutens,
1531 2952 1622 2982 Eccl.
1641 2956 1700 2983 846
1713 2962 1762 2994 sq.

149 2965 247 2997 Sidon
265 2969 301 2998 in
339 2970 507 3012 Phoenice,
526 2976 699 3010 celebrata
726 2985 939 3016 suavissimis
962 2991 1169 3023 carminibus
1227 2995 1384 3032 Smyr-nte
1397 2995 1479 3026 obiit
1494 2997 1667 3036 Diphilus,
1682 3000 1776 3030 Prot.
1794 3002 1868 3040 III,
1885 3005 1935 3033 85.

193 3013 382 3053 Phrynichi
402 3019 436 3049 in
458 3020 655 3062 l’hoenissiS,
683 3027 775 3066 I'esp.
796 3033 864 3060 220.
882 3035 924 3062 Ex
946 3033 1074 3066 Sidonia
1092 3038 1169 3069 urbe
1228 3042 1450 3079 Smyrnaicus
1464 3042 1550 3080 ὀπός,
1570 3045 1664 3075 Eccl.
1681 3047 1751 3076 404.

192 3059 330 3092 Cadmus
349 3063 480 3097 Thebas
496 3071 599 3108 venit,
616 3071 784 3111 Euripides
803 3076 929 3108 Phrixo
943 3080 1066 3121 attero,
1079 3086 1165 3115 Itan.
1227 3087 1355 3118 Sociale
1371 3087 1509 3118 bellum.
1531 3089 1611 3120 Vide
1633 3092 1890 3124 Corinthiacum
1908 3095 2046 3127 bellum.

196 3109 273 3138 1225
287 3116 338 3148 sq·
1227 3132 1309 3163 socii
1341 3133 1462 3164 tributa
1491 3135 1630 3166 Athenas
1652 3137 1795 3168 serebant
1814 3142 1986 3180 Dionysus
2009 3145 2133 3184 vernis,
2161 3146 2241 3178 Ach.

151 3153 274 3192 Siqittis
295 3156 560 3194 imponebantur
580 3163 727 3200 conchae,
754 3166 800 3197 ad
817 3169 979 3203 tutandos
1003 3175 1099 3214 typos
1119 3186 1169 3208 eo-
1269 3183 1326 3209 505
1342 3188 1404 3219 sq„
1420 3181 1490 3211 sch.
1509 3183 1583 3213 378.

194 3208 285 3239 rum,
308 3202 400 3241 Vesp.
417 3206 488 3236 589.
1226 3226 1378 3256 Socrates
1395 3235 1416 3256 a
1426 3229 1529 3265 patre
1547 3228 1770 3266 Sophronisco
1791 3229 1961 3264 didicerat
1975 3236 2085 3266 artem
2111 3237 2243 3276 lapides

151 3245 280 3284 Signum
297 3248 461 3280 concionis
476 3252 654 3293 ostensum,
677 3256 806 3289 Thesm.
821 3261 879 3291 277
889 3270 938 3302 sq.
1267 3271 1458 3311 sculpendi,
1473 3275 1505 3304 et
1523 3275 1590 3304 tres
1611 3276 1750 3306 Gratias
1773 3278 1807 3307 in
1831 3286 1928 3309 muro
1941 3289 2030 3319 pone
2048 3284 2242 3315 Minervam

153 3291 299 3330 Silenus,
316 3294 404 3325 Nub.
431 3299 522 3335 1070,
539 3300 750 3341 colloquitur
771 3313 848 3336 cum
866 3308 1007 3349 Olympo
1026 3315 1165 3345 mortali
1266 3318 1424 3357 sculpsit,
1443 3319 1530 3350 Nub.
1547 3322 1617 3351 773.
1633 3323 1723 3352 Erat
1743 3324 1849 3354 simus
1870 3327 1904 3356 et
1920 3327 2050 3365 calvus,
2066 3329 2240 3368 Silenisa-

191 3338 516 3417 αραάᾶΙέηάανάηι,
534 3346 622 3377 Nub.
650 3352 720 3380 223.
737 3352 779 3381 Ei
795 3351 892 3390 sacie
912 3356 1032 3388 similis
1051 3360 1166 3391 Socra-
1265 3365 1325 3401 cie,
1349 3365 1438 3395 Nub.
1467 3369 1537 3404 223,
1565 3369 1632 3398 146.
1662 3369 1851 3401 oraculum
1874 3371 1914 3402 de
1936 3381 1973 3403 eo
1996 3374 2240 3415 Choerephonti-

194 3385 254 3423 tes,
274 3387 284 3415 i
308 3387 317 3416 i
347 3411 353 3417 .

1266 3409 1398 3449 (latum,
1415 3411 1455 3442 ib.
1476 3415 1541 3443 144.
1562 3414 1648 3452 Ejus
1665 3423 1723 3445 ars
1742 3415 1952 3457 obstetricia,
1969 3419 2012 3450 z'b.
2036 3423 2103 3453 137.
2118 3424 2234 3453 Socra-

1266 3459 1314 3488 tes
1333 3466 1366 3488 sc
1384 3459 1471 3490 nihil
1492 3461 1580 3491 scire
1596 3460 1710 3492 aiebat
1724 3472 1735 3492 .-
1751 3470 1859 3502 quare
1878 3463 1921 3495 ab
1935 3466 2089 3504 Apolline
2104 3471 2236 3508 sapien-

169 494 353 533 Serangium
368 495 468 530 (locus
486 497 597 528 Piroeei
616 501 813 540 portus),sr.
834 505 900 533 173.

168 540 323 580 Seriphii3
342 549 386 572 ex
408 543 560 582 seripho,
575 546 768 578 mitissima
798 549 915 580 insula
940 549 1075 582 ditionis
1099 553 1193 584 Athe-

209 587 381 626 niensium,
397 597 413 620 e
430 592 564 630 reqionc
591 593 757 633 Thi-acite,
773 596 852 628 Aeli.
869 599 940 629 542.

165 634 316 674 seriphus
348 635 416 675 (uhi
447 637 619 670 difficulter
649 641 780 683 sititur)
806 644 891 675 dicta
917 646 1123 677 Lacedaunou
1153 647 1192 678 ab

206 681 427 722 Aristophane,
439 683 495 722 fr.
512 688 582 716 676.

165 729 303 768 serpens
319 728 472 769 aedituus,
489 740 589 762 sacer
612 732 718 765 draco
742 736 919 776 Minorem,
937 739 1102 778 templum
1118 740 1190 779 ejics

206 776 241 805 in
255 783 336 807 arce
352 776 558 816 custodiens,
576 781 652 819 Lys.
674 783 744 813 759.

163 820 345 861 serpillum,
364 823 447 854 Pac.
471 828 526 856 108
544 828 577 857 et
589 827 695 861 schol.

1245 1169 1424 1202 Simonides
1452 1181 1526 1204 cuni
1551 1177 1631 1206 Laso
1669 1179 1907 1214 Hermionensi
1942 1185 2084 1218 carmine
2119 1188 2272 1227 certabat,

1293 1219 1388 1257 I'esp·
1404 1221 1488 1251 1410.
1507 1223 1651 1254 Mercede
1665 1225 1793 1266 scripsit
1807 1231 1946 1261 carmina
1958 1234 2092 1271 primus
2105 1239 2272 1276 omnium,

1286 1265 1492 1305 Xenophani
1513 1268 1616 1308 κίμὸιξ
1634 1271 1758 1311 dictus,
1781 1277 1864 1307 Pac.
1883 1281 1957 1309 697.
1976 1280 2104 1312 Ibidem
2119 1282 2163 1313 de
2186 1283 2271 1315 dua-

1288 1310 1348 1342 bus
1375 1313 1450 1351 eJ'us
1471 1316 1579 1354 cistiS,
1599 1318 1709 1356 plena
1739 1321 1872 1355 altera,
1902 1325 2017 1357 attera
2044 1329 2159 1368 inani,
2184 1330 2272 1369 quod

1287 1365 1352 1389 non
1382 1368 1425 1390 (ἰ
1450 1360 1596 1393 historia
1618 1373 1688 1396 csse
1712 1367 1925 1401 observatur.
1954 1373 2123 1405 Simonidis
2143 1385 2271 1408 carmen

1285 1407 1474 1444 epinieium
1492 1408 1532 1440 de
1549 1410 1622 1441 Crio
1638 1412 1810 1447 luctatore
1826 1419 2002 1458 AEqineta,
2021 1422 2162 1462 celebre,
2179 1425 2268 1456 Nub.

1289 1454 1381 1483 1356.
1402 1454 1488 1492 Esus
1500 1459 1613 1495 poeue
1639 1463 1798 1493 carmina
1829 1465 1863 1494 in
1886 1469 2051 1498 conviviis
2076 1473 2224 1502 cantata
2247 1480 2270 1503 a

1286 1498 1427 1530 laurum
1445 1502 1496 1533 rel
1509 1506 1662 1541 myrtum
1680 1508 1882 1546 tenentibus,
1907 1514 1995 1553 l'esp.
2014 1518 2102 1546 1222.

149 3428 326 3469 silphium:
342 3442 405 3465 usu
426 3437 609 3477 multiplici
622 3443 826 3483 pretiosum,
842 3447 899 3477 Αυ.
916 3451 986 3487 534,
1006 3452 1069 3490 Eq.
1088 3455 1161 3492 835,
1193 3480 1198 3489 .

2049 3540 2102 3569 44·
