2533 3808
200 210 270 241 343

218 288 259 322 εἰς
275 286 326 316 τὸν
343 286 477 325 χαλκοῦν
493 283 716 323 ἐμβαλλόμενον
733 282 820 313 πῖλον
836 281 953 316 λέκιθον
972 282 1055 322 παρὰ
1077 281 1195 321 γραός.)

247 400 497 438 λεκυθόπωλιν;
510 397 809 450 Ὀσπριοπώλιδα.
824 396 963 439 λέκυθος
975 390 1060 439 εἶδος
1070 395 1225 447 ὀσπρίου.

195 458 217 504 ἢ
238 457 435 495 ὠοπώλιδα.
461 456 600 499 λέκυθος
625 455 691 508 γὰρ
715 455 774 493 καὶ
795 458 812 492 ὃ
831 455 952 507 κροκὸς
982 459 1041 492 τοῦ
1070 456 1150 491 ὠοῦ.
1180 455 1226 492 Θ.

194 514 441 566 ὀσπριόπιιιλιν.
453 523 517 553 Dv.
539 514 771 566 ὂσπριόπωλιν
788 512 876 562 μετὰ
893 513 959 549 ὠοῧ
973 513 1170 549 πωλοῧσαν.
1187 515 1226 544 P-

162 583 177 606 5
194 574 427 616 λεκυθόπωλις
457 574 596 625 λέγεται
617 577 637 614 ἦ
658 574 700 609 τὰ
722 572 837 609 ὑέλινα
860 572 983 622 ἀγγεῖα
1005 571 1130 623 κυρίως
1149 586 1227 607 πω-

192 633 311 670 λοῧσα.
334 640 369 668 Ρ.
388 632 561 670 τοσουτονὶ
582 646 590 670 :
615 631 729 681 Μέγα.
753 640 814 668 Βυ.

575 696 799 747 Ἐλοιδόρεις,
826 694 944 745 ὥσπερ
974 696 1008 730 αἱ
1027 692 1124 735 κύνες
1148 709 1225 730 ποι-

302 754 487 807 ἀνέκραγες
513 769 521 794 ;
549 755 735 797 Ἠπείλεις.
755 756 838 803 ἡμῖν
871 767 878 790 :
908 752 998 804 Παρ’
1027 753 1139 801 ἡμῶν.
1161 760 1224 789 Dv.

191 812 307 865 ὥσπερ
332 817 458 852 ἐκεῖναι
484 818 638 851 ποιοῦσιν
665 814 799 863 ἀλόγως
825 811 883 849 καὶ
913 811 995 862 δίχα
1020 809 1223 862 προφάσεως

244 709 307 734 423.
338 697 516 749 ἐνέκραγες
538 711 546 736 ἰ

191 759 278 793 οῧσι.

139 893 170 917 10
190 872 241 910 ἀεὶ
259 872 400 924 θόρυίῗον
421 872 623 925 ἐγείρουσαι.
644 873 690 910 Θ.

241 951 304 975 429.
336 936 457 983 ἄληθες
479 950 487 975 :
510 936 657 981 Ἀληθῶς
673 938 772 972 τοῦτο
796 933 922 984 λέγετε·
941 933 1012 970 ἐστὶ
1033 933 1068 969 δὲ
1089 934 1223 984 εἰρωνι-

191 995 260 1033 κόν.
282 1003 319 1033 Θ.
333 1003 397 1033 Βυ.
417 999 515 1031 τοῦτο
531 993 666 1044 λέγετε,
685 992 736 1030 ὅτι
753 994 814 1030 οὐκ
832 991 1021 1038 ἠδικήσατε
1039 989 1100 1040 ἐμὲ
1121 991 1224 1041 μεγά-

187 1054 266 1096 λως.
289 1061 327 1090 Ρ.
349 1052 464 1103 τὸμὲν
485 1050 780 1105 προπαροῖύτονον
800 1049 922 1096 ἄληθες
939 1047 1014 1086 ἀντὶ
1034 1049 1224 1101 ἐπιρρήμα-

185 1128 240 1155 τος
259 1111 495 1161 λαμέάνεται,
521 1113 566 1153 ὡς
583 1112 770 1148 κάνταῦθα.
794 1108 832 1146 τὸ
850 1107 884 1145 δὲ
905 1107 1061 1152 ὂξύτονον
1075 1107 1113 1144 τὸ
1132 1109 1222 1153 ἀλη-

135 1187 166 1211 15
187 1169 238 1212 θὲς
249 1200 259 1220 ,
273 1165 341 1208 οἷον
355 1168 499 1215 τάληθὲς
509 1168 576 1220 γὰρ
590 1170 650 1206 οὒκ
665 1167 788 1210 ἐθέλεις
799 1166 950 1219 φράσαι,
962 1165 1070 1216 ὄνομά
1083 1167 1168 1204 ἐστι.
1182 1173 1218 1202 Ρ.

237 1243 300 1267 430.
325 1228 442 1281 χώρας
456 1228 614 1265 ἒκὲαλεῖν
630 1240 638 1265 :
657 1229 737 1265 Τῶν
753 1225 939 1273 Ἀθηναίων
958 1223 1158 1268 ἀποδιῶξαι.
1178 1233 1218 1261 P.

238 1288 395 1325 ἓκῧαλεῖν
417 1301 426 1326 :
448 1285 662 1329 Ἀποδιωξαι.
681 1293 744 1323 DU.

236 1365 300 1390 431.
331 1351 370 1389 τὸ
389 1351 582 1403 βάραθρονε
599 1349 734 1399 Χάσμα
753 1365 785 1386 τι
799 1349 991 1401 φρεατῶδες
1010 1363 1068 1384 και
1088 1361 1222 1383 σκοτει-

185 1410 239 1448 νὸν
261 1412 295 1447 ἐν
314 1413 356 1461 τῇ
384 1410 519 1459 ἩΑττικῇ
532 1438 542 1480 ,
562 1410 596 1444 ἐν
617 1411 644 1445 ὧ
664 1406 741 1450 τους
768 1406 979 1458 κακούργους
1003 1404 1162 1442 ἐὸαλλον.
1185 1406 1218 1441 ἐν

130 1481 165 1506 2ο
185 1468 219 1506 δε
239 1472 288 1506 τῶ
308 1468 466 1520 χάσματι
485 1466 595 1505 τούτω
610 1469 765 1517 υπῆρχον
783 1465 930 1515 ὀγκίνοι,
951 1466 981 1500 οἱ
999 1462 1060 1512 μὲν
1078 1462 1169 1511 ἄνω,
1189 1466 1218 1499 οἱ

147 1520 153 1524 ”
183 1526 217 1564 δὲ
239 1526 345 1564 κάτω.
363 1528 518 1574 (ἐνταῦθα
538 1524 594 1562 τὸν
613 1524 740 1577 Φρύγα
757 1524 814 1561 τὸν
829 1526 889 1569 τῆς
905 1521 1033 1573 μητρὸς
1050 1523 1116 1558 τῶν
1135 1523 1216 1558 θεῶν

182 1584 343 1622 ἓνέέαλον
371 1586 415 1626 ὡς
438 1583 635 1633 μεμηνότα,
661 1581 778 1626 ἐπειδὴ
801 1581 984 1632 προέλεγεν
1004 1579 1055 1617 ὅτι
1079 1578 1218 1631 ἔρχεται

181 1646 201 1689 ἡ
224 1642 395 1694 Δημήτηρ
417 1644 462 1684 εἷς
482 1640 680 1687 ἐπιζήτησιν
705 1643 765 1685 τῆς
782 1639 907 1692 Κόρης.
927 1642 948 1684 ἦ
974 1637 1007 1675 δὲ
1029 1638 1101 1680 θεὸς
1125 1640 1218 1689 ὄργι-

182 1704 299 1739 σθεῒσα
331 1700 503 1752 ἀκαρπίας
537 1700 668 1751 ἔπεμψε
698 1701 740 1749 τῇ
769 1697 880 1750 χώρᾳ·
910 1697 969 1734 καὶ
994 1697 1129 1747 γνόντες
1155 1696 1217 1742 τὴν

126 1777 160 1801 25
182 1760 294 1797 αἰτίαν
316 1758 371 1796 διὰ
387 1762 566 1811 χρησμοῦ,
584 1757 622 1794 τὸ
641 1756 701 1807 μὲν
721 1756 845 1807 χάσμα
861 1755 1084 1807 κατέχωσαν,
1099 1754 1161 1801 τὴν
1183 1755 1218 1792 δὲ

180 1818 253 1856 θεὸν
274 1817 405 1860 θυσίαις
428 1816 526 1854 ἵλαον
544 1816 735 1864 ἐποίησαν.)
758 1839 805 1843 —
826 1813 1011 1851 ὑπόλοιπον
1032 1829 1039 1852 :
1067 1815 1215 1866 Περιλε-

181 1876 376 1926 λειμμένον.
397 1884 436 1913 Ρ.
453 1875 492 1913 τὸ
505 1875 675 1926 βάραθρον
691 1888 698 1911 z
717 1873 761 1911 ‘O
777 1872 870 1925 ᾅδης.
890 1881 953 1910 D1).
973 1872 1161 1923 ὃκρημνός.
1175 1880 1215 1909 P.

232 1954 293 1978 432.
325 1939 449 1976 αὐτίκα
480 1938 575 1989 μάλα
602 1952 610 1976 :
631 1936 763 1988 ’Ἡγουν
783 1936 861 1974 λίαν
882 1936 1069 1986 συντόμως.
1090 1945 1153 1975 Dv.
1178 1935 1217 1973 τὸ

180 2006 327 2051 πρᾶγμα
344 1998 468 2049 λέγειν,
489 1999 526 2035 οὗ
544 1997 581 2034 τὸ
601 1996 723 2046 ὄνομα.
746 2003 784 2032 R.

126 2084 161 2108 30
233 2077 297 2101 433.
328 2063 440 2109 ἐκείνη
478 2062 549 2112 εἰμὶ
575 2063 652 2108 δηλ.
674 2061 695 2107 ἢ
718 2063 792 2103 κτλ.
811 2059 913 2112 σφὼξ
942 2059 1059 2109 Ἵ“μῖν.
1079 2059 1176 2106 δίκην
1203 2074 1213 2099 .·

178 2121 372 2174 Τιμωρίαν.
391 2129 430 2158 Ρ.

230 2193 295 2219 434.
326 2179 438 2218 ἐνθάδ’
457 2192 465 2218 :
484 2179 558 2217 Ἀπ’
580 2179 742 2215 ἐντεῦθεν.
761 2185 801 2214 Ρ.

230 2259 293 2283 435.
324 2243 504 2290 καπηλιςῑ
528 2242 690 2287 Κάπηλις
714 2239 1019 2293 προπαροξυτόνως
1028 2245 1062 2314 σὴ
1086 2257 1143 2278 τον
1163 2235 1213 2279 οἷ-

178 2303 492 2373 vov‘ttmpo‘wxouxw
513 2300 618 2352 γυνὴ,
649 2300 716 2337 ἀπὸ
742 2315 800 2337 του
827 2299 999 2347 κακύνειν,
1023 2316 1041 2337 ο
1061 2301 1134 2337 ἐστι
1161 2301 1216 2338 δο·

125 2382 159 2407 35
178 2364 272 2409 λουν,
291 2378 347 2399 τον
367 2361 451 2407 πηλ
443 2376 497 2407 ον,
511 2360 587 2406 ἤτοι
607 2359 663 2397 τὸν
681 2363 781 2397 οἶνον·
803 2381 854 2387 -
875 2361 920 2401 ὡς
941 2359 999 2396 καὶ
1017 2359 1171 2409 ἁμπελος
1193 2363 1214 2406 ἡ

179 2420 333 2470 ἔμπηλος
353 2414 450 2457 οῧσα.
468 2427 504 2456 P.
525 2418 653 2464 κατ-η)
649 2434 675 2461 ις
693 2417 727 2455 δὲ
745 2417 938 2461 ι’)ξυτοίκωςε
926 2421 1214 2470 υποκοριστικῶς,

179 2482 199 2524 ἡ
217 2479 343 2524 ταύτης
359 2477 519 2529 ὑπηρετὶς
534 2479 594 2522 τ·7,ς
613 2476 808 2522 καπήλειυς.
825 2484 915 2513 Junt.
932 2479 953 2521 ἡ
972 2476 1122 2523 κάπηλις
1138 2490 1147 2515 :
1168 2477 1213 2516 ‘H

177 2538 367 2579 οἷνοπῶλις.
383 2544 421 2574 Θ.
442 2544 502 2572 Dv.
523 2538 545 2580 ἡ
563 2535 596 2571 ’κ
615 2537 683 2572 τῶν
700 2539 859 2584 γειτόνων
878 2547 886 2572 ε
904 2531 1007 2572 ’Ἤτοι
1027 2537 1047 2581 ἡ
1066 2535 1213 2581 πλησίον

177 2589 274 2633 οῧσα.
296 2607 336 2636 P.

124 2682 160 2706 40
229 2679 292 2704 436.
327 2664 358 2714 (ἢ
375 2666 449 2706 ταῖς
466 2663 623 2705 κοτύλαις
645 2675 653 2701 :
672 2662 762 2699 Ἀντὶ
779 2665 837 2699 τοῦ
854 2661 1150 2714 παρακλέπτουσοί
1171 2679 1213 2713 με

176 2727 251 2767 ταῖς
269 2722 437 2765 κοτύλαις·
455 2721 548 2768 ἥτις,
568 2720 669 2773 φησὶ,
690 2720 965 2771 κοντομετροῧσά
987 2736 1029 2770 με
1055 2721 1212 2767 βλάπτει·

176 2776 244 2820 οἷον
259 2785 333 2825 ταῖς
348 2785 557 2833 μεταφοραῖς
572 2782 640 2816 τῶν
660 2778 791 2851 μέτριον
807 2778 976 2815 ἀπατωσά
995 2794 1037 2828 με
1049 2808 1058 2824 ,
1072 2778 1107 2829 [ἢ
1125 2779 1211 2828 μετὰ

176 2840 297 2883 ὕδατος
318 2839 507 2890 μιγνύουσα
528 2838 692 2887 δίδωσιν]
716 2839 761 2879 ὡς
776 2852 836 2873 του
858 2837 925 2873 Βλε
928 2836 1079 2908 ψιδημου
1099 2853 1214 2874 πεπω-

175 2898 272 2941 κότος
297 2898 357 2936 καὶ
380 2896 565 2939 δεδωκότος
587 2895 760 2947 ἀργύριον.
782 2893 909 2940 κοτύλη
939 2893 976 2931 δέ
1007 2895 1099 2932 ἐστιν
1127 2897 1212 2938 εἰοος

124 2972 201 3006 45μ
191 2973 319 3016 ετρου,
338 2956 355 2993 ὃ
370 2956 430 2993 λέ
419 2971 514 3006 (ομεν
531 2955 631 3005 ἡμεις
646 2953 746 3003 ἧμίξε
752 2968 842 2990 στον.
848 2953 859 3003 )
877 2975 927 2980 —-
941 2953 1009 2996 τοῖς
1027 2952 1162 3005 μέτροις
1177 2956 1211 2991 ἐν

176 3019 224 3057 οἷς
240 3015 414 3067 πιπράσκε
400 3030 505 3051 5ztov
522 3008 750 3061 οἰνονζημιοι.
768 3019 805 3049 Θ.
833 3020 892 3049 Dv.
909 3011 1095 3054 κοτύλαις;
1115 3014 1213 3064 Καρ-

175 3072 350 3125 τελούραι
338 3103 361 3116 ς.
381 3073 456 3122 (Θ.)
480 3071 680 3121 διαλυμαίνε
685 3084 768 3108 tect:
787 3069 970 3121 Αφανίζει.
992 3078 1030 3107 P.
1052 3070 1212 3119 λυμαίνε-

174 3131 233 3169 ταί
257 3147 316 3181 με,
341 3146 442 3183 φησι,
469 3132 543 3172 ταῖς
569 3130 747 3175 κοτύλαις,
774 3129 848 3166 ἐπεὶ
869 3130 905 3165 οὐ
936 3127 1077 3180 πληρεις
1106 3128 1212 3172 αυτάς

176 3206 234 3240 μοι
257 3189 406 3238 δίδωσιν,
430 3205 452 3234 η
471 3204 559 3238 μετα
578 3187 698 3230 ὕδατος
720 3186 910 3238 μιγνύουσα
932 3186 1061 3224 δίδωσι.
1082 3186 1209 3233 κοτύλη

122 3267 156 3293 50
176 3249 211 3286 δὲ
232 3251 268 3287 οὗ
298 3247 413 3320 μόνονω
419 3262 457 3283 το
477 3247 589 3283 novo«)
607 3249 667 3291 τ·7,ς
685 3252 817 3298 χεῖρος,
844 3244 933 3283 ἀλλα
960 3260 1019 3281 και
1040 3238 1127 3287 εἶδος
1147 3245 1212 3295 υέ-

176 3323 272 3359 τρου,
294 3306 311 3344 ὃ
330 3307 413 3356 ἡμεῗ
407 3321 429 3348 ς
450 3304 531 3354 κμίς
517 3304 630 3341 ἐστον
650 3304 775 3354 ’κέγουε
763 3320 809 3342 ν..
831 3303 969 3353 λέγεται
989 3302 1047 3340 καὶ
1067 3303 1125 3341 ἐπὶ
1145 3306 1212 3341 τῶν

174 3366 287 3403 ποδῶν
307 3368 365 3402 τοῦ
383 3362 577 3405 πολύποδος
597 3362 655 3399 καὶ
673 3362 711 3399 τὸ
733 3362 843 3413 ἰσχίον
860 3365 920 3400 τοῦ
943 3365 1081 3413 μηροῦ.

942 198 1193 236 SCHOLIA
1228 198 1289 235 IN
1324 199 1576 238 PLUTUM.

1335 294 1400 320 437.
1431 283 1542 320 Πενία
1557 282 1618 332 μὲν
1636 296 1716 321 ουν.
1735 285 1811 322 Ουκ
1828 284 1897 335 εἶμι
1914 284 2098 336 ἢνλέγετε.
2118 294 2157 324 Θ.
2180 295 2239 325 Dv.
2257 287 2318 337 μὲν

1283 341 1369 377 οὐνῑ
1391 340 1489 388 Εἰμί.
1498 339 1678 413 ξυνοικῶ.
1698 343 1928 394 Συνυπάρχι).
1951 352 1991 380 Ρ.

1335 409 1399 435 438.
1430 396 1513 441 ἄναξ
1541 397 1710 436 ''.A·1t0JJov
1742 413 1750 437 Ζ
1778 401 1886 444 Ἴδίως
1914 417 1969 439 τον
1994 403 2059 440 ’A-
2049 402 2239 439 ι.ό)λω7α”λ
2220 419 2241 448 η
2274 405 2320 446 ὡς

1283 454 1482 497 ἀλεξίκακον
1503 455 1561 492 καὶ
1592 456 1772 506 χρησμους
1791 474 1989 509 παρεχοντα
2015 476 2098 512 προς
2119 460 2319 513 ἀποτροπὴν

1281 515 1348 549 τῶν
1367 514 1498 562 δεινων,
1521 512 1542 558 ἢ
1562 516 1607 556 ὡς
1627 517 1786 565 πατρῶον
1807 516 1894 554 θεόν.
1917 541 1966 545 —
1988 534 2077 570 παρε
2065 534 2120 555 -ι
2123 535 2249 571 κριοτ,
2268 519 2319 557 ὅτι
2337 538 2355 563 5

1283 570 1540 638 Βλεψίδημος
1522 587 1660 623 εφευγεν
1679 573 1830 615 ἀκούσας
1853 589 1904 610 οτι
1919 578 1940 620 ἠ
1966 576 2066 613 πενία
2085 578 2177 614 ἐστίν
2197 586 2233 616 Θ.
2255 586 2318 618 Dv.

1280 631 1342 665 ποῖ
1360 631 1476 667 ςΠου.
1495 637 1535 666 Ρ.

1332 699 1397 725 439.
1428 686 1462 723 τί
1485 688 1568 739 δρᾷς
1588 700 1596 726 :

1279 758 1397 795 γοντα.
1420 752 1458 780 P.

1332 802 1446 854 θηρίον
1468 816 1476 841 :
1496 802 1701 841 Δειλότατον
1723 803 1784 853 μὲν
1803 804 1905 842 αὐτὸν
1922 804 2014 855 λέγει
2032 805 2087 843 διὰ
2102 805 2164 852 τὴν
2180 811 2318 859 παροῗν-
2341 822 2370 846 ιιι

1280 875 1342 896 σαν
1363 864 1483 913 φυγήν·
1505 861 1620 912 θηρίον
1642 861 1677 898 δὲ
1698 861 1754 898 διὰ
1774 862 1812 899 τὸ
1833 864 2008 915 θηριωδῶς
2030 863 2114 916 πρὸς
2138 865 2318 917 Χρεμύλον

1277 918 1398 970 πρώην
1416 920 1612 966 διατεθῆναι
1628 920 1687 957 καὶ
1708 919 1861 971 ἐλέγχειν
1882 921 1997 960 αὐτόν.
2015 930 2055 959 Ρ.

1330 990 1392 1014 440.
1424 978 1567 1028 [ἥκιστα
1589 978 1727 1014 πάντων
1751 991 1759 1016 :
1781 978 1920 1030 ‘'sto-7559
1937 978 2049 1030 φαμὲν
2065 979 2217 1029 μάλιστα
2237 980 2320 1018 πάν·

1277 1049 1356 1080 των,
1385 1035 1443 1072 καὶ
1465 1034 1536 1072 ἔστι
1560 1034 1598 1072 τὸ
1619 1034 1773 1085 μάλιστα
1798 1035 1955 1079 ἐπίτασις
1980 1036 2203 1089 ὑπερθετικὴ,
2231 1036 2320 1074 οὕτω

1625 688 1899 741 Παρεπιγραφή.
1930 692 1993 742 ὁρᾷ
2012 689 2078 742 γὰρ
2101 695 2218 730 τοῦτον
2235 693 2319 742 φεύ-

1276 1091 1335 1128 καὶ
1355 1092 1482 1138 ἥκιστα
1503 1093 1658 1141 πάντων,
1680 1093 1740 1130 καί
1766 1095 1857 1131 ἐστιν
1885 1095 2117 1147 ἀπαγόρευσις
2137 1098 2317 1148 ὑπερθετι-
2340 1106 2372 1131 15

1276 1150 1421 1201 κή.]]-
1437 1152 1609 1201 οὐδαμῶς.
1634 1153 1682 1201 (R.
1702 1152 1757 1201 Θ.)
1841 1152 1957 1204 ἀργόν.
1980 1160 2020 1189 P.

1327 1222 1391 1247 442.
1423 1208 1542 1261 πόνηρ’
1579 1209 1763 1262 :remp-(5.
1798 1219 1861 1248 Dv.
1885 1210 2102 1263 ταλαίπωρε.
2127 1212 2278 1261 ουδαμοῧ
2308 1226 2317 1250 :

1275 1262 1342 1304 ’'Ev
1359 1283 1424 1303 τινι
1440 1266 1570 1320 τρόπῳ.
1589 1276 1628 1304 P.

1327 1338 1391 1363 443.
1422 1325 1645 1376 ἐξωλέστερον
1666 1340 1673 1364 :
1694 1325 1898 1363 ’Ἀπολέσθαι
1918 1327 2064 1378 ὀφεῖλον,
2083 1326 2104 1372 ἢ
2126 1326 2320 1378 ἐξολοθρευ-

1274 1382 1470 1434 τικιίπερον,
1487 1383 1508 1429 ἢ
1529 1384 1662 1433 μᾶλλον
1680 1383 1833 1427 ἐξολέσαι
1850 1383 2049 1434 δυνάμενον.
2070 1384 2319 1429 -ἐξωλέστε-
2337 1394 2372 1418 20

1276 1455 1331 1491 ρον
1352 1455 1360 1478 :
1382 1440 1663 1493 Ὀλεθριώτερον.
1697 1449 1737 1480 Θ.
1774 1449 1836 1480 Dv.
1870 1442 2156 1494 φθαρτικώτερον,
2187 1444 2319 1492 μᾶλλον

1276 1497 1430 1541 ἐξολέσαι
1452 1498 1655 1548 δυνάμενον.
1678 1506 1718 1536 Ρ.

1326 1570 1389 1596 444.
1422 1557 1592 1595 ἀντιὸολιιΝ)
1621 1558 1868 1609 ῖΠαρακαλῶ.

1274 1630 1392 1664 σομαι.
1412 1623 1452 1652 Ρ.

1326 1686 1389 1712 445.
1419 1673 1517 1726 παρὰ
1530 1672 1645 1711 πολυ;
1662 1672 1766 1712 Κατὰ
1783 1671 1888 1719 πολι),
1902 1671 2045 1725 σφόδρα·
2063 1675 2108 1716 ὡς
2121 1672 2217 1725 παρὰ
2230 1675 2318 1712 Θου·
2337 1687 2371 1711 21»

1274 1731 1430 1781 κυδίδη’
1416 1748 1450 1769 εν
1472 1747 1601 1784 πρωτω
1619 1736 1659 1777 [c.
1671 1736 1718 1777 29]
1741 1750 1756 1764 «
1773 1747 1832 1768 και
1848 1730 2009 1777 ἐνίκησαν
2023 1732 2231 1783 Κερκυραιοι
2248 1747 2313 1768 πα-

1275 1788 1417 1840 ραπολύ.
1439 1808 1453 1822 υ
1475 1788 1636 1841 -παρὰ
1656 1788 1766 1827 πολυ.
1785 1788 2204 1841 Κατά.1)υ.παραπολυ;
2224 1789 2313 1826 Ἀντὶ

1271 1863 1329 1884 του
1350 1847 1440 1884 πάνυ
1466 1847 1567 1886 πολύ.
1598 1863 1657 1884 και
1680 1846 1896 1892 Θουκυδίδης
1922 1865 1936 1879 «
1961 1845 2012 1884 ὅτι
2037 1846 2199 1893 ἐνίκησαν
2223 1849 2312 1899 Κορ-

1272 1907 1406 1957 κυραῖοι
1425 1905 1522 1957 παρὰ
1541 1905 1643 1944 πολύ.
1663 1924 1677 1938 »
1698 1909 1735 1938 R·
2107 1948 2111 1949 ⁷

1324 1977 1387 2002 446.
1417 1963 1474 2001 τὸν
1495 1963 1568 2001 θεόν
1590 1977 1598 2001 :
1624 1962 1695 2002 Τὸν
1721 1962 1879 2001 Πλοῦτόν
1896 1977 1991 2014 φησι.
2011 1970 2052 1999 V.
2273 1994 2297 2007 ,,
2336 1977 2371 2001 30

1325 2035 1389 2061 447.
1419 2022 1546 2074 ἔρημον
1566 2035 1573 2060 :
1588 2020 1748 2073 ’Έρημος
1763 2020 1886 2072 κυρίως
1899 2024 1920 2065 ἡ
1939 2023 2132 2070 μονωθεῖσα
2149 2023 2216 2058 τῶν
2232 2023 2318 2059 ἐνοι-

1272 2079 1423 2117 κούντων
1443 2083 1508 2130 γῆ,
1529 2079 1626 2131 παρὰ
1644 2078 1683 2116 τὸ
1702 2079 1781 2130 ἔραν
1801 2078 1908 2128 μόνην
1927 2078 2033 2129 ἔχειν.

1326 2138 1554 2190 [ἀπολιπόντε
1572 2153 1630 2175 ποι
1652 2151 1660 2176 :
1679 2137 1731 2176 Τὸ
1748 2152 1807 2174 ποι
1827 2138 1973 2173 ἐνταῦθα
1991 2138 2055 2174 οὐκ
2074 2136 2166 2174 ἔστιν
2185 2138 2318 2189 ἔρωτηὲ

1273 2196 1433 2246 ματικὸν,
1455 2196 1530 2234 ἀλλ’
1547 2196 1718 2247 ἀόριστον·
1741 2195 1797 2232 ἐπὶ
1816 2194 1877 2245 μὲν
1894 2193 1962 2246 γὰρ
1979 2194 2146 2241 κινήσεως
2163 2195 2265 2245 μόνον
2280 2195 2319 2233 τὸ

1274 2256 1334 2291 ποῖ
1348 2254 1404 2292 διὰ
1426 2258 1487 2300 τῆς
1503 2270 1521 2292 ο
1537 2254 1597 2292 ,καὶ
1619 2270 1629 2291 ι
1656 2252 1838 2306 διφθόγγου
1865 2252 2049 2305 γράφεται.
2078 2252 2134 2290 διὰ
2160 2252 2195 2291 δὲ
2216 2257 2274 2291 τοῦ
2294 2270 2316 2300 η
2337 2263 2370 2289 35

1271 2312 1489 2365 γραφόμενον
1505 2312 1564 2350 καὶ
1580 2311 1637 2349 ἐπὶ
1655 2310 1809 2354 στάσεως
1832 2311 1892 2348 καὶ
1915 2311 2081 2356 κινήσεως
2097 2312 2238 2350 τίθεται·
2257 2313 2318 2350 καὶ

1271 2372 1373 2417 δῆλον
1388 2373 1427 2408 ἐκ
1439 2374 1518 2417 τοῦ,
1540 2388 1554 2403 «
1569 2376 1619 2407 πᾶ
1637 2372 1703 2421 βῶ;
1718 2376 1769 2406 πᾶ·
1783 2372 1872 2416 στῶ,
1896 2387 1912 2403 n
1929 2371 2011 2422 παρ’
2031 2370 2204 2422 Εὐριπίδῃ
2220 2371 2317 2421 [Hec.

1273 2435 1367 2476 1057].
1385 2431 1413 2467 εἰ
1431 2428 1468 2467 δέ
1485 2445 1551 2467 που
1567 2429 1626 2467 καὶ
1642 2428 1698 2466 διὰ
1710 2428 1891 2481 διφθόγγου
1909 2427 2051 2480 εὕρηται
2071 2428 2128 2465 ἐπὶ
2143 2432 2315 2474 στάσεως,

1270 2486 1361 2525 κατὰ
1379 2486 1602 2539 παράχρησίν
1622 2485 1747 2538 ficum]
1760 2508 1811 2514 -—
1823 2501 1889 2523 που
1909 2485 2123 2538 φευξούμεθα
2141 2499 2150 2524 :
2165 2483 2232 2524 ’‘Ev
2246 2500 2314 2523 τινι

1269 2544 1366 2597 τόπῳ
1386 2544 1641 2596 ἀποδράσομεν.
1663 2552 1702 2581 P.
2333 2561 2369 2587 40

1322 2621 1383 2645 448.
1412 2608 1509 2653 τηνδὶ
1529 2620 1537 2646 :
1555 2606 1631 2652 Τὴν
1648 2605 1789 2643 πενίαν.’
1801 2606 1863 2653 (V)
1880 2604 2145 2656 διαμαχούμεθα
2161 2617 2170 2642 :
2189 2604 2316 2643 Ἐναν-

1268 2668 1457 2715 τιιι)θῶμεν.
1476 2674 1538 2702 Ιὶιι.
1571 2663 1808 2714 μαχεσόμεθα.
1840 2670 1908 2699 LB.
1942 2661 1990 2711 μὴ
2017 2662 2206 2712 θελῆσομεν
2226 2677 2316 2714 προ-

1269 2723 1503 2774 μαχέσασθαι.
1521 2730 1560 2758 V.
1579 2722 1654 2767 ἤτοι
1673 2720 1721 2770 μὴ
1737 2719 1928 2768 θελήσομεν
1944 2719 2247 2772 προμαχίσασθαι.
2270 2731 2312 2761 Ρ,

1321 2794 1385 2819 449.
1417 2780 1609 2831 μαχούμεθ’
1631 2781 1729 2830 αὐτῇ·
1752 2780 1905 2820 ἀσθενεῖς
1924 2777 1991 2829 γάρ
2011 2779 2115 2828 ἐσμεν
2135 2777 2220 2830 πρὸς
2241 2777 2313 2827 μά-

1267 2855 1334 2891 χην
1351 2838 1417 2876 ὑπὸ
1435 2842 1494 2885 τῆς
1511 2837 1649 2880 ἐνδείας.
1667 2840 1704 2874 Θ.
1720 2846 1780 2875 Dv-
1799 2835 1917 2886 ἢποίᾳ
1933 2835 2077 2886 δυνάμει
2092 2839 2312 2888 θαρροῦντες.
2331 2848 2366 2874 45

1268 2905 1387 2935 Paris.
2134 2941 2138 2945 q
2213 2923 2223 2930 .

1320 2968 1384 2993 450.
1415 2952 1555 3004 θώρακα
1581 2966 1589 2991 :
1611 2952 1761 2991 “Ome.
1793 2960 1855 2989 Dv.
1880 2951 2056 3004 λουρίκην.
2077 2960 2118 2989 P.
2145 2952 2278 2990 ἀσπίδα
2299 2963 2310 2990 2

1269 3011 1492 3063 Σκουτάριον.
1516 3020 1578 3050 Dv.
1609 3010 1798 3049 σουσάνιον.
1822 3016 1871 3046 Gl.
1893 3024 1950 3055 ap.
1972 3019 2125 3056 chcanq.
2153 3017 2257 3048 Gloss.
2270 3026 2311 3058 p.

1269 3084 1348 3110 1413.

1320 3142 1381 3166 451.
1412 3143 1473 3165 ουκ
1489 3140 1672 3199 ενεχυρον;
1699 3127 1853 3175 (Δῆλον“
1836 3142 1882 3168 ι)ς
1903 3141 1941 3163 ου
1960 3124 2062 3175 μόνον
2081 3124 2225 3177 ἐνέχυρά
2244 3142 2310 3179 φα·
2330 3142 2363 3167 50

1268 3202 1332 3232 σιν,
1354 3185 1443 3223 ἀλλὰ
1463 3201 1521 3222 και
1537 3183 1709 3236 ενέχυρον.
1726 3200 1882 3222 οαινεται
1896 3183 1931 3221 δὲ
1949 3199 2008 3221 και
2027 3186 2095 3221 τῶν
2113 3185 2305 3242 ἀπηγορευ-

1268 3260 1379 3294 μενων
1401 3247 1487 3280 εἰναι
1509 3242 1557 3292 μὴ
1579 3245 1685 3278 θειναι
1705 3241 1748 3278 τὰ
1769 3242 1893 3279 ὅπλα
1879 3254 2037 3313 ενεχυρα.
2060 3239 2154 3310 λέγει
2177 3243 2234 3277 οὖν
2254 3256 2306 3277 οτι

1267 3303 1355 3348 αὕτη
1378 3305 1419 3352 τη
1439 3304 1562 3347 ἑαυτῆς
1585 3300 1642 3352 βία
1664 3302 1744 3337 ἀνα
1739 3301 1849 3351 κάζει
1865 3315 1925 3337 και
1944 3314 2021 3340 τους
2042 3297 2169 3348 νόμους
2187 3312 2307 3350 παρα-

1268 3361 1398 3398 ὃαινειν
1429 3375 1506 3402 τους
1527 3362 1561 3397 θε
1549 3358 1756 3401 εσπίσαντας
1777 3357 1867 3395 ὅπλα
1897 3356 2044 3408 ἐνέχυρα
2071 3355 2119 3405 μὴ
2147 3354 2288 3394 τιθέναι.
2295 3357 2306 3406 )

1964 1555 2031 1607 ἐγὼ
2052 1559 2114 1608 μὲν
2134 1557 2172 1596 οὔ
2196 1571 2204 1596 :
2222 1558 2317 1605 Στή-
