2485 3808
909 192 1167 231 SCHOLIA
1202 193 1264 232 IN
1300 194 1509 233 RANAS.

145 280 179 324 ἐξ
200 277 432 318 ἀντισπάστου
452 277 511 314 καὶ
534 278 698 329 βακχείου
713 278 885 330 δίμετρον,
903 278 925 324 ἢ
941 279 1184 332 ἑφθημιμερές.
1214 289 1221 318 Ι

145 337 188 375 τὰ
208 337 283 382 ἑξῆς
312 335 370 374 δύο
393 335 533 374 Ἰωνικὰ
553 338 591 373 ἐκ
612 337 773 373 παιώνων
794 337 916 387 τρίτων
945 338 1186 383 καταληκτικὰ

145 395 168 441 ἢ
193 397 230 432 ἐκ
251 394 401 436 παίωνος
429 394 507 439 καὶ,
536 395 583 436 εἷς
611 393 646 431 ὃν
679 396 908 446 συναιρεῗται,
941 396 1116 446 βακχείου.
1148 395 1187 432 τὸ

147 452 339 490 δωδέκατον
362 451 516 490 Ἰωνικὸν
549 453 608 488 ἀπ’
633 451 809 495 ἐλάττονος
835 453 992 503 δίμετρον
1020 452 1183 504 καθαρόν.
1216 439 1219 522 1

112 521 127 544 b
146 511 185 548 τὸ
211 509 495 562 τρισκαιδέκατον
519 510 668 562 καθαρὸν
695 510 772 560 μὲν,
798 510 1052 556 καταληκτικὸν
1073 509 1119 547 δέ.
1150 511 1188 548 τὸ
1217 525 1219 533 ’

146 568 353 614 τελευταῖον,
374 570 419 610 ὡς
438 568 476 605 τὸ
496 567 783 613 δυωκαιδέκατον,
808 566 1079 617 ἐπιμεμιγμένον
1103 566 1187 616 μέν-

147 643 198 665 τοι
219 627 382 678 ἐπιτρίτῳ
404 625 569 678 δευτέρῳ,
590 625 612 671 ἢ
636 626 834 678 διτροχαίῳ.
858 626 913 662 ἐπὶ
933 628 981 677 τῷ
1001 625 1091 662 τέλει
1116 640 1185 661 πα-

149 685 323 737 ράγραφος
350 685 409 722 καὶ
430 686 533 730 διπλῆ
557 683 620 728 ἔξω
640 686 832 722 νενευκυῖα.
861 684 935 729 ἑξῆς
956 683 990 720 δὲ
1013 682 1188 734 τριστιχία

149 743 296 793 ἷαμὸικὴ
331 743 552 795 παραγράφῳ
578 741 862 794 τερματιζομένη·
889 743 961 791 μεθ’
983 741 1025 786 ἢν
1053 738 1188 791 ἀντῳδὴ

99 807 130 831 ¹0
148 801 209 838 καὶ
229 800 457 852 ἀντιστρορὴ,
475 799 730 851 παραπλησίως
749 800 824 836 καθ’
844 799 985 836 ἕκαστον
1007 797 1129 848 σχεδὸν
1146 799 1188 847 τῇ

148 874 187 896 τε
206 858 374 904 ποσότητι
394 858 453 895 καὶ
474 857 631 904 ποιότητι
651 860 719 894 τῶν
736 856 856 894 κώλων
877 855 1005 906 ἔχουσα
1025 858 1066 905 τῇ
1088 869 1190 906 στρο-

1085 915 1105 957 ἡ
1128 910 1189 948 μὲν

150 919 209 968 φῇ.
227 917 282 955 ’ἐᾶ
303 912 343 962 ἧς
363 919 411 968 τῷ
430 915 505 953 τέλε
494 932 519 951 -ι
549 915 608 952 δύο
628 916 746 952 διπλαῖ
768 914 832 958 ἔξω
853 913 1063 962 νενευκυῖαι,
1127 947 1133 960 ,

151 976 185 1011 ἐν
206 976 318 1026 ἀργῇ,
336 978 356 1019 ἡ
376 974 409 1011 δε
430 973 519 1011 κατὰ
540 973 578 1010 τὸ
597 972 723 1023 τέλος]

202 1031 318 1083 Ἴακχ’
339 1035 367 1069 ὠ
387 1032 495 1068 πολυτ
500 1030 633 1079 ιμήτοις
660 1043 668 1067 1
692 1028 766 1067 Μία
791 1030 859 1066 τῶν
881 1027 1077 1079 μυστηρίων
1100 1026 1190 1064 ἐστιν

101 1101 131 1125 15
151 1091 172 1134 ἡ
199 1089 308 1135 εἷκὰς,
329 1091 363 1126 ἐν
389 1093 411 1139 ᾗ
440 1088 497 1125 τὸν
519 1087 664 1137 Ἴακγον
690 1085 860 1136 ἐξάγουσι.
882 1084 1129 1134 πολυτιμητοις
1155 1085 1188 1121 δὲ

151 1149 186 1184 ἐν
207 1146 337 1198 ἕδραις,
355 1146 440 1184 καθὸ
453 1145 652 1196 συνίδρυται
665 1147 708 1196 τῇ
723 1145 886 1196 Δήμητρι
903 1147 919 1182 ὁ
936 1143 1108 1187 Διόνυσος.
1126 1143 1191 1181 εἶσι

150 1207 230 1255 γὸῧν
251 1204 285 1241 οἵ
299 1204 383 1256 φασὶ
407 1203 630 1255 Περσεφόνης
650 1203 752 1240 αυτὸν
774 1218 870 1240 ειναι
896 1205 926 1240 οἱ
947 1202 981 1239 δὲ
1000 1205 1042 1254 τῇ
1064 1201 1192 1270 Δημη-

148 1277 204 1314 τρι
230 1261 463 1312 συγγενέσθαι.
494 1261 637 1299 ἄλλοι
619 1277 655 1298 οε
683 1259 798 1312 ἕτερον
825 1259 990 1299 Διονύσου
1023 1265 1110 1297 εῖναι
1136 1276 1191 1298 τον

150 1318 309 1371 Ἴακχον,
335 1322 366 1357 οι
386 1319 422 1357 δὲ
441 1319 498 1357 τὸν
520 1319 635 1357 αὐτόν.
655 1318 744 1362 τινὲς
766 1319 802 1356 δέ
824 1334 926 1371 φασι,
947 1321 1015 1356 πο)
1018 1318 1194 1368 υτιμήτοις

97 1386 132 1410 20
152 1379 186 1415 ἐν
212 1376 344 1430 ἕδραις,
367 1377 453 1429 καθὸ
472 1377 726 1430 φιλοτιμότεροί
749 1379 833 1414 εἰσιν
858 1379 888 1414 οἱ
916 1377 1133 1427 μεμυημένοι
1159 1379 1192 1415 ἐν

150 1435 254 1491 ᾍδου
265 1466 274 1483 ,
295 1439 340 1479 ὡς
356 1435 462 1488 σαρὲς
478 1436 570 1473 ποιεῖ
584 1435 771 1487 ε’ν“ΙΞῖρήνῃ
793 1435 875 1486 [375]

274 1523 321 1554 δεῖ
337 1523 395 1564 γὰρ
413 1523 562 1563 μυηθῆναί
580 1533 617 1563 με
633 1524 702 1564 πρὶν
718 1523 905 1559 τεθνηκέναι.

367 1600 447 1636 Κα·
435 1614 561 1636 οικων.
592 1607 669 1637 Uict.

206 1669 272 1695 326.
302 1656 368 1694 ἀνὰ
392 1658 546 1707 λειμῶνα
564 1657 740 1710 χορεύσων
763 1669 772 1695 :

205 1596 343 1636 ναίο)ν.

799 1656 863 1694 Ἕν
883 1661 951 1699 τοῖς
969 1655 1196 1706 λειμῶσι’τὰς

100 1726 135 1752 ‘5⁶5
153 1713 290 1767 χορείας
310 1716 486 1752 ἐποιοῦντο
506 1715 562 1752 διὰ
581 1715 624 1753 τὰ
645 1716 747 1761 ἄνθη,
768 1714 965 1766 χορεύοντες
984 1716 1018 1752 ἐν
1038 1717 1088 1766 τῷ
1110 1730 1195 1767 προ-

154 1777 253 1824 φανεῖ
270 1774 304 1810 ἐν
318 1777 424 1825 χοροῦ
444 1773 615 1824 σχήματι.
638 1795 678 1800 —
698 1772 762 1810 ἀνὰ
777 1774 932 1822 λειμῶνα
953 1786 961 1811 t
983 1771 1050 1811 Διὰ
1070 1772 1137 1825 γὰρ
1152 1772 1197 1810 τὰ

155 1830 239 1877 ἄνθη
261 1832 294 1868 ἐν
313 1832 460 1881 λειμῶσι
476 1831 536 1874 τὰς
553 1831 691 1885 χορείας
710 1833 896 1868 ἐποιοῦντο.
921 1838 1001 1868 Ve'ct.

207 1902 271 1928 327.
303 1889 476 1933 θιασώτας
499 1889 616 1933 εΤοὺς
634 1888 811 1941 χορευτάς.
833 1890 872 1926 R.
895 1889 1138 1942 συγχορευτάς.
1159 1897 1196 1928 Θ.

156 1945 245 1984 οὕτω
260 1946 374 1998 λέγει,
395 1949 462 1999 οὐχ
479 1946 525 1991 ὥς
544 1964 650 1995 τινες,
667 1946 916 1990 συνθιασώτας.
937 1954 977 1984 V.

210 2018 273 2044 328.
303 2004 476 2043 τινάσσων
497 2019 507 2044 :
527 2007 655 2045 Κινῶν.
674 2013 712 2043 Θ.
741 2012 823 2043 Vict.

210 2076 272 2102 ³29.
305 2064 451 2115 βρύοντα
473 2077 482 2103 :
503 2064 740 2102 ἈνθοῢνταΝ.
759 2063 941 2101 θάλλοντα.
962 2071 1002 2102 θ.
1035 2071 1117 2102 Vict.

210 2134 275 2160 330.
307 2121 472 2174 στέφανον
493 2122 630 2174 μύρτων

104 2017 139 2044 30

653 2136 662 2161 :
684 2122 851 2174 Μυρσίνῳ
873 2121 1032 2174 στεφάνῳ
1052 2123 1198 2174 ἐστεφα-

159 2183 277 2217 νοῦντο
295 2182 326 2217 οἳ
350 2181 583 2230 μεμυημένοι,
610 2182 691 2231 οὐχ,
717 2180 762 2223 ὥς
787 2180 874 2222 τινες
901 2179 1094 2229 νομίζουσι,
1124 2195 1198 2217 κισ-

161 2237 258 2290 σίνῳ.
281 2240 299 2274 ὁ
316 2237 351 2275 δὲ
371 2238 626 2290 Ἀπολλόδωρος
643 2238 702 2275 καὶ
720 2237 798 2280 τοὺς
818 2237 1025 2287 θεσμοθέτας
1041 2237 1126 2289 φησὶ
1143 2239 1200 2275 διὰ

108 2307 143 2332 35
163 2299 262 2333 τοῦτο
287 2295 433 2347 μυρσίνῃ
455 2295 657 2348 στέφεσθαι,
678 2295 730 2333 ὅτι
745 2295 879 2338 οἰκείως
899 2295 971 2347 ἔχει
988 2296 1071 2347 πρὸς
1085 2295 1124 2333 τὸ
1138 2312 1200 2349 ’.ρυ-

161 2352 218 2391 τ’“ον
234 2356 256 2399 ἡ
277 2353 349 2396 θεὸς
362 2353 421 2391 καὶ
440 2353 492 2391 ὅτι
511 2359 580 2396 τοῖς
594 2353 742 2405 χθονίοις
756 2353 933 2406 ἀφιέρωτο.
954 2379 999 2384 -
1014 2357 1035 2399 ἡ
1054 2354 1201 2405 μυρσίνη

162 2411 334 2464 ᾠκείωται
352 2412 421 2455 τοῖς
439 2411 584 2463 χθονίοις
601 2415 708 2459 θεοῖς,
734 2411 899 2450 Διονύσου
920 2411 1125 2462 δεδωκότος,
1146 2411 1202 2450 ὅτε

163 2469 316 2521 ἀνήγαγε
335 2469 397 2516 τὴν
423 2470 597 2520 Σεμέλην.
618 2470 695 2523 τρία
715 2469 782 2523 γὰρ
803 2472 896 2523 αὐτῷ
916 2470 1106 2522 ᾠκείωται,
1126 2486 1204 2508 κισ-

164 2527 239 2576 σὸς,
260 2527 431 2577 ἄμπελος,
452 2527 612 2580 μυρσίνη.
632 2529 859 2579 μυθολογοῦσι
878 2529 906 2565 δ’
929 2529 963 2565 ἐν
985 2528 1097 2581 Σάμῳ
1115 2528 1201 2579 μόνη

110 2601 146 2625 40
165 2589 249 2624 θεῶν
270 2584 318 2636 μὴ
338 2585 591 2638 προσφέρεσθαι
611 2589 654 2636 τῇ
680 2585 788 2638 ἽΙρᾳ.
813 2586 888 2623 ἐπεὶ
907 2585 991 2638 γὰρ,
1016 2587 1062 2630 ὥς
1082 2602 1202 2639 φασιν,

165 2643 317 2695 ἐξῃτεῖτο
334 2642 397 2690 τὴν
415 2643 530 2695 ψυχὴν
546 2647 607 2690 τῆς
626 2643 785 2694 Σεμέλης
804 2643 880 2688 τοὺς
898 2644 996 2682 κάτω
1014 2645 1126 2695 θεοὺς,
1140 2662 1205 2683 κα-

166 2701 276 2753 θάπερ
294 2696 336 2747 ἦν
351 2700 621 2752 ἐπηγγελμένον,
639 2701 852 2754 ὑποσχέσθαι
870 2702 1027 2753 λέγουσιν
1044 2705 1130 2755 αὐτῇ
1147 2704 1205 2741 τὸν

166 2758 273 2814 ’ᾼδην
292 2763 392 2797 τοῦτο
412 2759 562 2811 δράσειν,
587 2764 646 2798 τοῦ
669 2760 835 2799 Διονύσου
859 2764 927 2798 τῶν
954 2761 1107 2811 μάλιστα
1129 2777 1205 2814 τερ-

168 2815 302 2853 πόντων
319 2818 413 2868 αὐτῷ
429 2817 616 2870 ἀντίψυχον
633 2819 705 2856 ἀντ’
722 2818 852 2864 ἐκείνης
868 2819 1080 2872 πέμψαντος·
1096 2819 1153 2857 τὸν
1170 2819 1206 2858 δὲ

117 2894 152 2919 ⁴5
171 2872 334 2912 Διόνυσον
353 2874 542 2924 πυθόμενον
561 2875 606 2913 τὰ
620 2876 718 2928 παρὰ
733 2879 801 2914 τῶν
818 2877 914 2915 κάτω
933 2880 1018 2915 θεῶν
1038 2879 1208 2916 ἐπεσταλ-

172 2930 259 2980 μένα
285 2930 492 2983 σοφίσασθαι
513 2933 598 2986 πρὸς
624 2938 736 2972 ταῦτα
761 2934 822 2972 καὶ
849 2938 952 2987 τριῶν
981 2936 1086 2974 ὄντων
1113 2938 1208 2989 αὐτῷ

173 2989 327 3040 μάλιστα
345 2990 593 3039 ἠγαπημένων,
609 2995 668 3028 τοῦ
692 3007 730 3029 τε
746 2996 867 3030 κισσοῦ
888 2993 947 3031 καὶ
971 2997 1033 3040 τῆς
1050 2994 1208 3044 ἀμπέλου

172 3046 233 3084 καὶ
250 3049 312 3092 τῆς
332 3047 514 3099 μυρσίνης,
541 3049 744 3086 ἀποστεῖλαι
763 3051 832 3094 τοῖς
853 3051 949 3089 κάτω
973 3055 1060 3096 θεοῖς
1085 3052 1207 3099 αὐτήν.

174 3106 273 3151 δηλοῖ
292 3103 329 3142 δὲ
347 3105 407 3142 καὶ
425 3105 545 3158 Ἰοφων
567 3109 585 3143 ὁ
602 3107 774 3158 τραγικός.
793 3115 834 3145 V.

228 3176 292 3202 3:31.
319 3162 432 3200 λείπει
448 3163 585 3215 γέραιρε
609 3163 631 3210 ἢ
655 3164 790 3209 αὔξανε.
809 3166 1000 3205 ἀκόλαστον
1022 3167 1058 3206 δὲ
1076 3167 1139 3214 τὴν
1161 3168 1209 3219 μὴ

177 3219 341 3271 δεομένην
365 3220 556 3268 κολάσεως,
578 3220 640 3268 τὴν
667 3222 921 3276 ἀναμάρτητον,
943 3225 985 3271 ἣν
1012 3227 1074 3264 οὔκ
1100 3226 1141 3264 ἄν
1161 3243 1212 3270 τις

177 3278 336 3317 κολάσειε
354 3278 506 3332 χορείαν.
524 3286 562 3316 R.
580 3288 619 3316 V.
641 3288 681 3319 Θ.
702 3289 746 3318 Μ.
766 3282 828 3328 τὴν
848 3283 956 3334 ἱεράν.
977 3292 1016 3321 R.
1042 3292 1073 3322 V.

231 3335 422 3375 ἀκόλαστον
442 3351 450 3375 :
474 3337 664 3388 Μανιώδη,
689 3339 879 3389 βακχικὴν,
899 3341 1007 3378 ὁσίαν·
1029 3344 1066 3380 οὗ
1086 3341 1152 3395 γὰρ
1170 3343 1211 3390 δὴ

123 3179 157 3203 50

2208 211 2283 245 285

1245 280 1394 332 αἰσχρὰν
1414 281 1473 318 καὶ
1488 282 1632 331 ἀσελγῆ.
1651 281 1690 319 τὸ
1704 281 1738 320 δὲ
1754 283 2019 337 ἐγκατακρούων
2031 302 2117 339 προς
2131 288 2170 326 τὸ
2183 290 2288 334 ὁσίοις

1247 337 1405 387 μύσταις.
1431 362 1482 367 -
1509 338 1593 377 οἰκό)
1598 355 1701 378 αστον
1731 354 1739 379 :
1768 341 1828 387 Μὴ
1855 343 2030 387 κολάσεως
2056 344 2153 389 ἀξίαν
2180 347 2287 398 ἤγουν

1216 428 1218 435 ,
1246 395 1422 447 μέμψεως.
1452 405 1461 433 1
1468 404 1530 434 icc.

1301 466 1363 490 3:35.
1397 454 1472 490 ἀντὶ
1492 458 1549 491 τοῦ
1567 454 1718 507 χαρίτων
1735 456 2027 509 πεπληρωμένην,
2045 458 2067 496 ὅ
2083 461 2156 498 ἐστι
2177 477 2288 513 κεχα-

1248 525 1448 560 ριτωμενην.
1472 519 1508 547 R.
1529 519 1567 547 V.

1300 581 1363 605 3:.30
1395 568 1702 639 )είπειγεραίριι)ν.
1721 579 1758 608 R.

1302 637 1363 661 5338.
1395 639 1495 661 τουτο
1513 630 1587 662 εἰπε
1609 642 1664 662 οια
1686 643 1724 664 το
1743 635 1943 680 κρεοφαγεῖν
1963 632 1996 667 ἐν
2016 633 2084 675 τοῖς
2103 636 2291 687 Θεσμοφο-

1249 680 1333 732 ρίοις
1361 681 1419 717 καὶ
1448 680 1498 717 ὅτι
1524 682 1683 734 Δήμητρι
1709 698 1768 721 και
1794 686 1889 738 Κόρη
1917 686 2034 724 θύουσι
2060 689 2098 726 τὸ
2123 693 2222 741 ζωον.
2250 700 2288 729 R.

1248 738 1365 783 ἐπειδη
1386 739 1420 774 ἐν
1441 742 1510 781 τοῖς
1528 740 1741 792 Δτμητρίοις
1757 745 1867 794 χοῖροι
1885 743 2034 783 θύονται.
2052 754 2092 782 V.
2108 756 2145 785 Θ.
2161 749 2240 786 ἔνιοι
2255 749 2292 787 δέ

1248 810 1350 846 φασιν
1384 795 1443 833 ούτ
1445 813 1473 833 ω
1501 797 1611 846 λέγειν
1640 813 1717 868 τρυς
1749 799 1921 843 Ἀττικούς
1951 805 2224 854 περισπωυ.ένως
2252 807 2291 845 τὸ

1248 869 1370 905 κρεων.
1399 855 1459 891 οὐκ
1487 854 1652 905 ἄλογος
1635 855 1670 892 05
1695 859 1716 902 ἡ
1740 858 2002 909 περισπι)υ.έντ
2027 861 2145 912 γέγονε
2169 863 2234 915 γὰρ
2254 865 2293 902 τὸ

1248 911 1384 954 πάθος’
1370 927 1403 948 εν
1418 912 1506 962 αὐτῇ
1518 915 1559 962 τῇ
1574 916 1692 972 γενικῇ
1705 943 1715 962 ,
1730 915 1864 965 κρεάων
1875 918 1920 958 ὡς
1931 917 2082 968 γεράων,
2096 924 2169 958 εἶτα
2184 925 2292 974 κρεῶν

1248 971 1294 1011 ὡς
1313 971 1436 1020 γερῶν.
1457 985 1558 1006 τουτο
1578 969 1613 1007 δὲ
1634 975 1708 1008 εἰπε
1729 971 1785 1008 δια
1804 988 1842 1010 το
1862 980 2087 1027 γοιροσπαθε
2077 994 2105 1014 ιν
2129 981 2199 1023 τοῖς
2223 982 2294 1019 Θε-

1250 1025 1459 1079 σμοφορίοις.
1481 1025 1599 1065 θύουσι
1619 1044 1686 1080 γαρ
1708 1031 1740 1066 ἐν
1755 1033 1824 1073 τοῖς
1840 1033 2070 1085 μυστηρίοις
2054 1040 2111 1073 τοῦ
2127 1037 2292 1076 Διονύσου

1249 1086 1309 1123 καὶ
1337 1088 1398 1131 τ’ἧς
1418 1084 1605 1137 Δημητρος
1628 1086 1686 1124 τὸν
1709 1094 1837 1141 γοῖρον,
1866 1090 1951 1129 διότι
1971 1093 2179 1143 λυμαντικος
2203 1098 2293 1134 ἐστιν

1251 1142 1469 1196 ἀμφοτέρων.
1488 1153 1528 1181 V
1548 1153 1586 1182 Θ.

1306 1201 1484 1254 [χοιρείων
1504 1205 1646 1254 κρεῶν;
1671 1205 1832 1257 Παρόσον
1852 1209 1964 1259 χοῖροι
1983 1211 2027 1259 τῇ
2047 1209 2211 1264 Δήμητρι
2236 1228 2296 1250 και

1251 1275 1300 1297 τω
1327 1259 1482 1312 Διονύσῳ
1508 1260 1663 1308 ἐθύοντο,
1684 1264 1730 1305 ὡς
1755 1264 1960 1313 λυμαντικοὶ
1980 1283 2047 1304 των
2073 1270 2200 1306 θεοῖν
2182 1285 2297 1322 οωρη-

1254 1317 1386 1367 μάτων.
1404 1318 1541 1361 εἰκότως
1560 1318 1587 1356 δ’
1609 1320 1642 1356 ἐν
1665 1320 1748 1357 ἅδου
1768 1337 1814 1358 ων
1833 1323 2015 1361 επιοοαται
2032 1341 2094 1372 την
2117 1328 2297 1381 Περσεφό-

1252 1391 1324 1422 νην.
1344 1375 1362 1427 Ἠ
1386 1399 1436 1404 --
1456 1377 1613 1428 χοιρείων
1634 1381 1742 1429 κρεῶν
1765 1392 1773 1417 :
1793 1379 1889 1427 Πνοη
1909 1382 2076 1427 δηλονότι.
2109 1393 2191 1422 Hel.

1308 1447 1371 1472 339.
1405 1435 1531 1486 χορδης
1551 1435 1689 1486 λάὲηςτ
1710 1436 1754 1474 ‘H
1776 1437 1836 1475 εἴλ·
1821 1454 1906 1484 ησις
1930 1443 1951 1486 ἡ
1972 1457 2040 1478 των
2060 1443 2205 1495 ἐντερων
2225 1445 2299 1482 ἐστὶ

1253 1492 1374 1544 γορδή.
1395 1493 1438 1538 ἢν
1459 1493 1595 1539 ειλητὸν
1616 1496 1791 1544 καλουμεν
1813 1500 1925 1546 ἡμεῖς.

2314 825 2346 850 ΙΟ

2317 1112 2347 1135 15

1308 1563 1371 1589 340.
1404 1550 1512 1602 ἔγειρε
1529 1551 1702 1621 <salo-5525:
1720 1555 1793 1599 Νοη
1797 1554 1871 1591 τέον
1886 1554 2013 1605 οὕτως,
2029 1555 2138 1611 ἔγειρε
2153 1559 2299 1611 φλογέας

1255 1608 1474 1657 ὶαμπάδας
1459 1624 1493 1645 εν
1514 1624 1614 1661 γερσι
1631 1609 1814 1649 τινάσσων.
1839 1612 1950 1663 [ηκεις
1969 1630 2035 1666 γαρ
2059 1617 2222 1669 νυκτέρου
2242 1633 2298 1655 τε-

1254 1668 1356 1712 λετης
1372 1666 1552 1735 ρωσφόρρς
1573 1667 1695 1720 ἀστηρ.
1689 1669 1715 1719 .]
2316 1700 2351 1725 25

1730 1726 1812 1765 :To
1827 1730 2063 1782 μυστηριακὸν
2076 1747 2144 1784 πυρ
2159 1734 2299 1786 φωσφό-

1257 1797 1313 1834 ρον
1337 1780 1489 1832 λέγουσι.
1513 1781 1590 1833 λέγε
1578 1798 1605 1819 ι
1631 1783 1686 1830 δὲ,
1713 1784 1789 1822 ἐπει
1812 1785 1874 1831 τὴν
1894 1786 2001 1824 νύκτα
2027 1787 2184 1861 λέγρυσιν
2211 1794 2298 1829 αἷνι-

1255 1841 1466 1890 γματωδως,
1480 1838 1536 1877 διὰ
1551 1840 1590 1878 τὸ
1611 1843 1728 1878 λαθεῖν
1746 1858 1823 1886 τους
1839 1843 1956 1892 ἀμυητ
1960 1846 2028 1888 ου’ς.
2046 1846 2066 1892 ἢ
2084 1846 2187 1898 δ’τιρέν
2203 1850 2300 1887 νυκτὶ

1258 1898 1291 1935 ἄ
1290 1913 1380 1949 Ικεται
1396 1896 1440 1935 τὰ
1460 1913 1645 1951 μυστηρια.
1667 1899 1813 1949 (ἀξιουσι
1834 1900 1871 1939 δέ
1889 1918 1977 1946 τινες
1995 1904 2103 1951 αὐτην
2128 1922 2190 1952 την
2207 1908 2301 1957 λαμ-

1257 1956 1354 1993 πάδα
1389 1955 1570 2029 φωσρόρον
1603 1957 1732 2010 ἀστέρα
1765 1958 1889 2009 λέγειν.
1911 1963 1928 1997 ὁ
1957 1960 1992 1998 δε
2030 1962 2127 2032 λόγος
2158 1966 2220 2003 κολ
2223 1965 2301 2010 οὸός
2319 1990 2354 2016 30

1257 2016 1361 2060 ἐστιν,
1383 2015 1412 2051 εἰ
1433 2013 1481 2064 μὴ
1501 2014 1540 2052 τὸ
1560 2014 1732 2053 τινάσσων
1756 2017 1832 2054 ἀντὶ
1855 2021 1914 2055 τοῦ
1943 2021 2187 2071 τινασσόμενος
2208 2023 2302 2074 λαμ-

1258 2071 1427 2122 δάνεται.)
1469 2073 1544 2109 ἐν
1526 2071 1564 2110 05'
1583 2089 1673 2111 τισιν
1697 2074 1876 2113 ἐκλέλοιπε
1901 2077 1940 2114 τὸ
1964 2077 2147 2117 τινάσσων.

1309 1737 1373 1761 343.
1404 1724 1582 1777 φωσρόρος
1597 1726 1709 1777 ἀστηρ

2171 2080 2250 2119 Ἴακ
2290 2112 2299 2128 ,

1259 2132 1286 2166 ὠ
1301 2127 1442 2181 Ἴακγε,
1461 2130 1640 2201 ἀναλόγως
1654 2135 1697 2183 τῇ
1716 2136 1848 2185 στροφῇ
1865 2135 2036 2187 γράφουσι
2053 2152 2112 2174 και
2131 2138 2169 2175 τὸ
2181 2082 2300 2191 γεροζίν

1261 2190 1306 2230 εἷς
1321 2188 1360 2225 τὸ
1379 2187 1487 2240 ἔγειρε
1507 2188 1750 2227 συνάπτουσιν·
1767 2206 1863 2237 ηκεις
1878 2192 1966 2265 55sz
1960 2193 2051 2231 κατὰ
2066 2196 2298 2249 ἀναστροφην.

1260 2245 1394 2298 νύκτωρ
1421 2246 1449 2282 δ’
1482 2247 1630 2284 ἐτελειτο
1655 2246 1699 2284 τὰ
1727 2263 1914 2300 μυστηρια.
1941 2253 1988 2287 ὡν
2014 2267 2075 2297 της
2099 2254 2237 2300 τελετης
2261 2271 2299 2293 ου

1262 2303 1363 2352 μόνον
1380 2318 1565 2355 γορευτης,
1587 2303 1676 2341 ἀλλα
1697 2305 1755 2342 καὶ
1783 2305 1924 2358 ἔξαρχος
1939 2312 1981 2354 ἠν
2002 2311 2019 2346 ὁ
2044 2310 2219 2355 Διόνυσος.
2241 2314 2300 2351 καὶ

1262 2359 1323 2410 μὲν
1344 2359 1384 2406 δὴ
1406 2361 1572 2398 Διονύσου
1591 2363 1625 2399 ἐν
1648 2363 1823 2400 Ἰίλευσῖνι
1843 2365 1932 2414 ἱερόν
1951 2368 2025 2404 ἐστι
2045 2367 2105 2405 καὶ
2125 2370 2160 2406 ἐν
2178 2374 2302 2409 Διονυ-

1261 2417 1345 2460 σίοις
1361 2418 1508 2455 ἐτελεῖτο
1524 2417 1568 2455 τὰ
1585 2418 1792 2472 μυστήρια]

2320 2274 2353 2298 35

1315 2488 1378 2514 344.
1412 2475 1576 2528 φλέγεται
1591 2476 1626 2513 δὲ
1640 2477 1768 2527 λειμών
1787 2491 1795 2516 :
1813 2478 1954 2528 Λειμὼν
1969 2479 2035 2533 γὰρ
2050 2481 2229 2521 ἀνάκειται
2243 2486 2302 2523 καὶ

1262 2533 1346 2579 ἄνθη
1368 2533 1530 2584 ἀνειμένα
1546 2537 1615 2577 τοῖς
1635 2535 1784 2584 μύσταις
1800 2538 1834 2573 ἐν
1855 2553 1904 2575 τω
1923 2538 2043 2591 πεδίῳ.
2065 2541 2204 2586 δηλοῖ
2185 2541 2220 2580 οὲ
2243 2543 2302 2581 καὶ

1263 2593 1456 2645 Σοφοκλῆς.
1476 2592 1601 2645 -ιρλέ
1602 2607 1724 2644 (εταιε
1740 2596 2024 2646 καταλάμπεται.
2041 2606 2079 2636 R.
2109 2606 2142 2636 V.
2169 2608 2202 2638 C.
2220 2616 2261 2653 φε
2253 2601 2303 2653 '5—

1262 2663 1388 2701 (εεται
1408 2653 1486 2689 Κατ
1489 2651 1556 2688 αλ
1536 2667 1701 2700 αμπεται.
1725 2660 1767 2690 Ε.

1316 2722 1380 2748 345.
1413 2709 1469 2746 διὰ
1490 2708 1552 2755 τὴν
1577 2710 1691 2763 χαρὰν
1717 2711 1893 2756 νεάζουσιν
1917 2715 1947 2751 οἱ
1968 2712 2132 2765 γέροντες.
2150 2718 2171 2761 ἡ
2194 2716 2230 2753 δὲ
2244 2717 2304 2754 δύ-

1263 2782 1365 2817 ναμις
1385 2768 1420 2804 ἐν
1439 2767 1590 2817 γόνασιν,
1607 2772 1652 2812 ὡς
1670 2770 1730 2807 καὶ
1752 2773 1769 2807 ὂ
1790 2769 1936 2816 ποιητὴς
1961 2770 2066 2821 λέγει.
2092 2793 2139 2798 -
2163 2774 2209 2816 ὡς
2234 2777 2302 2811 τῶν

1266 2827 1405 2874 μυστῶν
1425 2825 1530 2863 ὄντων
1548 2826 1727 2879 γερόντων.
1745 2841 1786 2871 v.

1317 2895 1381 2920 346.
1412 2882 1487 2920 ἀντὶ
1507 2887 1565 2920 τοῦ
1591 2883 1630 2920 τὸ
1651 2883 1738 2935 βαρὺ
1765 2887 1826 2929 τῆς
1845 2884 1982 2930 ἡλικίας
2002 2885 2063 2923 καὶ
2089 2889 2151 2923 τοῦ
2171 2887 2300 2939 γήρως.

1264 2947 1305 2977 V.
1326 2939 1492 2991 Dpovfoev
1507 2941 1538 2977 τ’
1558 2941 1643 2977 ἐτῶν
1664 2953 1672 2978 :
1696 2942 1739 2979 Εἰ
1758 2957 1820 2990 μεν
1838 2939 1927 2979 ούτω
1943 2941 2131 2994 γράφεται,
2149 2943 2301 2983 Ἰωνικόν

1267 2999 1339 3035 ἐστι
1362 2997 1596 3048 πενθημιμερὲ
1600 3013 1615 3040 ς
1635 2999 1673 3034 ἐκ
1697 2997 1846 3040 παίωνος
1869 2996 1985 3051 τρίτου
2001 3000 2177 3074 ἀναλόγως
2199 3018 2248 3055 τῳ
2267 3004 2302 3040 ἐν

1266 3058 1309 3106 τῇ
1337 3056 1466 3106 στροφῇ
1497 3055 1621 3107 ὀγδόῳ.
1650 3057 1679 3092 εἰ
1702 3054 1737 3092 δὲ
1765 3054 1908 3106 γρόνους
1932 3055 1962 3093 τ’
1982 3058 2079 3103 ε’τῶν,
2108 3061 2154 3102 ὡς
2178 3061 2212 3097 ἐν
2233 3066 2303 3104 τοῖς

1267 3111 1436 3157 πλείοσιν,
1458 3111 1606 3162 ἷαμὸικὴ
1636 3112 1858 3150 ταυτοποδία.
1878 3133 1925 3139 ·-
1952 3116 2105 3161 ζητεῖται
2136 3117 2300 3164 ἐνταυθα,

1268 3173 1341 3213 πῶς
1360 3164 1455 3207 εἶπεν
1477 3169 1651 3213 ἐνιαυτοὺς
1669 3172 1766 3216 ἐτῶν,
1783 3171 1858 3208 ἐπεὶ
1877 3170 1949 3215 ἔτος
1970 3172 2030 3210 καὶ
2047 3174 2198 3218 ἐνιαυτὸς
2217 3177 2300 3212 ταῦ-

1268 3228 1339 3267 τόν.
1370 3227 1490 3266 λύεται
1510 3226 1545 3265 δὲ
1572 3227 1668 3280 παρὰ
1696 3231 1763 3265 τῶν
1784 3230 1943 3268 παλαιῶν
1974 3230 2098 3275 οὕτως·
2127 3232 2166 3270 τὸ
2193 3233 2302 3270 ἰαύειν

1269 3285 1353 3323 ποτὲ
1375 3284 1436 3334 μὲν
1466 3285 1524 3323 ἐπὶ
1545 3284 1650 3322 ὕπνου
1676 3285 1736 3323 καὶ
1755 3286 1965 3332 ἀνακλίσεως
1988 3288 2135 3335 τίθεται,
2155 3291 2200 3332 ὡς
2218 3291 2300 3341 παρ’

1272 3342 1424 3395 Ὁμήρῳ
1447 3361 1463 3376 «
1482 3346 1525 3394 τῇ
1551 3342 1730 3395 παριαύων
1751 3343 1946 3396 τερπέσθω,
1966 3363 1980 3379 »
2006 3346 2110 3397 ἤγουν
2131 3346 2302 3399 παρακεί-

2321 2563 2356 2588 40

2321 2861 2355 2886 4:-

2322 3146 2353 3171 5u
