2533 3808
160 267 204 298 13
803 240 1061 281 SCHOLIA
1098 239 1152 278 IN
1189 238 1640 278 ACHARNENSES.

150 361 245 397 γους,
271 341 328 380 τόν
354 355 390 377 τε
414 334 611 386 Τισαμενὸν
635 331 694 369 καὶ
717 330 774 368 τδν
795 328 997 368 Φαίνιππον
1027 325 1087 364 καὶ
1108 325 1186 364 Ἱπ-

149 401 324 454 παργίδην
341 397 399 436 καὶ
419 395 556 447 Γέρητα
573 392 630 429 τὸν
646 387 820 442 φαλακρὸν
835 387 894 425 καὶ
915 385 1110 436 Θεόδωρον,
1130 383 1188 420 τὸν

151 463 296 508 Διομειᾶ
324 458 391 493 τῶν
421 452 540 502 δήμων
560 450 661 495 ὄντα,
689 446 724 490 ὃς
753 445 956 496 ὠνόμασται
987 442 1095 485 οὕτως
1121 440 1190 479 ἀπό
1214 439 1219 505 l

148 531 236 558 τινος
253 512 395 562 Διόμου.

114 590 129 613 6
201 585 265 610 604.
296 569 373 611 τοὺς
392 569 420 606 δ’
439 569 473 605 ἐν
491 565 605 605 Χαόσι
628 577 636 603 :
658 562 791 606 Χαόνες
811 560 871 612 μὲν
892 560 984 602 ἔθνος
1003 561 1188 612 ἠπειρωτι-

151 632 220 669 κόν.
238 628 430 666 πέπαικται
450 624 486 662 δὲ
506 622 604 676 παρὰ
622 623 661 659 τὸ
678 623 713 658 ἐν
735 620 915 660 Ἱππεῦσιν
939 623 1001 665 [78]

273 717 290 746 ὁ
306 712 447 755 πρωκτός
460 712 542 744 ἐστιν
559 709 728 751 αὐτόχρημ’
744 708 774 740 ἐν
789 706 917 740 Χαὸσιν.

151 789 268 837 ἐπειδὴ
285 789 344 828 καὶ
362 790 407 832 εἷς
429 785 605 838 μαλακίαν
622 783 824 823 διεὸάλλετο
845 781 953 834 Γέρης
972 779 1031 819 καὶ
1047 779 1192 819 Θεόδω-

153 866 226 901 ρος,
246 848 305 886 καὶ
319 847 371 885 ὅτι
388 849 427 885 ἐκ
441 845 582 883 δούλων.

101 926 132 949 ιο
209 921 272 945 606.
303 908 366 943 κάν
388 904 481 955 Γέλα
506 916 515 941 :
541 901 731 953 Καμαρίνα
754 899 813 937 καὶ
832 897 926 937 Γέλα
947 897 1065 939 πόλεις
1089 897 1194 934 Σικε-

152 965 240 1008 λίας.
262 964 404 1010 ἐποίησε
423 962 458 1000 δὲ
476 961 515 999 τὸ
534 958 725 1010 Καταγέλα
743 957 812 994 ἀπὸ
831 959 889 993 τοῦ
910 955 1109 1005 καταγελᾶν
1131 953 1196 990 αὖ-

153 1026 220 1062 τῶν
238 1022 315 1065 τοὺς
335 1018 559 1073 στρατηγούς.

207 1095 269 1119 608.
302 1077 497 1129 (ἀμηγέπου
518 1091 525 1116 :
553 1076 792 1125 Ἁπανταχοῦ,
812 1071 905 1114 ὅπως
925 1070 966 1107 ἂν
989 1069 1077 1120 τύχῃ
1091 1099 1100 1115 ,
1120 1069 1196 1106 καθ’

153 1138 353 1184 οἱονδήποτε
370 1137 521 1189 τρόπον.)

105 1212 134 1235 15
211 1211 275 1235 609.
306 1189 334 1233 ὦ
353 1193 546 1247 Μαριλάδη
569 1207 576 1231 :
604 1190 830 1243 Παρεποίησε
851 1188 889 1226 τὸ
909 1188 1020 1237 ὄνομα
1044 1187 1112 1247 ἀπὸ
1141 1190 1200 1233 τῆς

156 1255 323 1307 μαρίλης,
341 1253 404 1303 (ὅτι
417 1252 455 1290 τὸ
473 1250 629 1302 ἀμαυρὸν
644 1253 713 1300 πῦρ
733 1248 856 1297 δηλοῖ).
871 1245 1046 1284 τουτέστιν
1061 1249 1089 1283 ὠ
1103 1245 1200 1298 γέρον

155 1311 350 1365 Ἀχαρνικέ.

207 1385 270 1409 610.
304 1370 382 1420 (ἤδη
396 1367 660 1420 πεπρέσέευκας
674 1366 715 1402 σὺ
730 1363 847 1406 πολιὸς
861 1363 908 1400 ὤν
926 1362 1069 1406 ;Ούτως
1084 1364 1117 1399 ἐν
1133 1363 1202 1405 τοῖς

165 1431 175 1443 3
338 1427 346 1440 l
447 1426 464 1440 (7
538 1424 554 1439 Ε]
612 1426 622 1435 5
643 1423 651 1435 Ι
728 1425 737 1437 3
827 1424 838 1433 ἵ
888 1426 909 1434 Ν
943 1421 952 1434 3
1078 1421 1085 1433 Χ
1115 1420 1142 1433 'xx
1185 1419 1194 1431 x

158 1427 418 1480 ακριὸεστατοις
445 1442 521 1472 ενη,
542 1441 595 1461 ινα
613 1439 697 1474 Λεγῃ
723 1439 761 1460 εκ
781 1423 921 1459 πολλου.
948 1425 1091 1459 Αττικοι
1111 1437 1147 1458 τε
1163 1436 1202 1458 το

104 1505 138 1528 20
162 1486 220 1532 ἕνη
237 1485 396 1538 περιττὸν
408 1484 574 1529 ἐτίθεσαν,
589 1485 634 1524 ὡς
651 1481 689 1518 τὸ
701 1481 801 1532 ἔχων,
818 1499 830 1511 ¹·
846 1481 960 1531 ληρεῖς
978 1479 1080 1530 ἔχων.
1099 1499 1112 1511 ιι
1125 1481 1155 1516 οἱ
1168 1478 1202 1516 δὲ

887 1537 900 1550 Λ
941 1536 956 1551 -ὶ
985 1537 1019 1550 x(

156 1544 283 1582 λείπειν
303 1543 385 1595 φασὶ
402 1542 439 1579 τὸ
455 1541 532 1590 δύο,
552 1540 608 1578 ἵνα
626 1541 761 1591 ἐρωτῶν
778 1537 862 1587 λέγῃ
885 1551 918 1575 εν
938 1554 960 1583 η
982 1539 1069 1588 ouo.)

209 1615 271 1649 612.
284 1600 464 1653 (Πρινίδης
477 1613 485 1638 :
500 1599 583 1637 Ἀπὸ
593 1602 653 1635 τοῦ
662 1597 782 1650 πρίνου
792 1595 941 1633 ἔπλασεν
953 1596 1075 1645 ὄνομα,
1085 1595 1203 1642 ἐπειδὴ

157 1662 187 1698 οἱ
208 1660 383 1711 Ἀχαρνεῖς
400 1660 598 1709 ἀνθρακεῖς,
617 1660 637 1702 ἡ
652 1655 688 1693 δὲ
704 1658 821 1707 πρῖνος
838 1655 1032 1701 ἐπιτήδειον
1047 1654 1144 1699 ξύλον
1160 1656 1205 1697 εἷς

160 1718 361 1770 ἄνθρακας.)

108 1792 140 1815 25
213 1789 275 1814 614.
291 1779 308 1813 ὁ
325 1774 498 1825 Κοισύρας
515 1789 522 1812 :
542 1773 600 1823 (Ὁ
615 1772 831 1822 Μεγακλῆς.)
849 1771 1005 1823 Κοισύρα
1021 1770 1055 1807 δὲ
1074 1770 1206 1820 ἐγένετο

161 1833 341 1879 Ἀθήνησιν
359 1830 497 1882 εὐγενὴς
514 1828 598 1881 γυνὴ
618 1829 677 1866 καὶ
693 1828 862 1874 πλουσία,
880 1829 997 1881 μήτηρ
1014 1831 1072 1865 τοῦ
1089 1830 1207 1878 Μεγα-

162 1891 300 1941 κλέους,
317 1890 352 1934 ὃς
367 1887 651 1940 καταδεὲρωκὼς
674 1887 736 1933 τὴν
758 1886 877 1924 οὐσίαν
900 1886 958 1924 καὶ
981 1886 1122 1938 ὕστερον
1143 1901 1206 1923 πε-

163 1947 367 1994 πλουτηκὼς
388 1949 426 1985 ἐκ
443 1950 502 1984 τοῦ
524 1945 568 1982 τὰ
588 1944 686 1982 κοινὰ
703 1944 873 1996 πράσσειν
890 1943 1043 1995 λέγεται.

216 2021 279 2046 615.
311 2000 358 2049 οἷς
374 2004 459 2056 ὑπὲρ
474 2004 595 2056 ἐράνου
617 2017 625 2042 z
644 2003 750 2045 Ἔθος
772 1996 864 2054 εἶχον
885 2002 1040 2052 τέλεσμά
1056 2017 1089 2039 τι
1106 2002 1151 2044 εἷς
1170 2001 1210 2038 τὸ

111 2079 145 2103 3ο
166 2065 275 2103 κοινὸν
288 2063 431 2110 διδόναι,
443 2062 526 2115 ὅπερ
540 2064 571 2100 οἳ
584 2061 632 2111 μὴ
649 2061 796 2103 διδόντες
809 2060 869 2097 καὶ
885 2060 1002 2110 ἄτιμοι
1016 2059 1210 2110 ἐνομίζοντο

165 2124 225 2161 καὶ
241 2122 330 2172 μετὰ
349 2121 426 2173 βίας
440 2123 646 2171 ἀπῃτοῦντο.
663 2118 985 2171 παρὰπροσδοκίαν
1001 2118 1036 2155 δὲ
1055 2117 1210 2168 ἐπήγαγε

166 2181 204 2219 τὸ
222 2183 347 2233 χρεῶν.

219 2253 280 2277 616.
312 2237 521 2289 ἀπόνιπτρον
542 2251 550 2274 :
570 2236 779 2286 Ἀπόνιμμα.
810 2242 891 2273 Vict.

220 2310 284 2335 617.
311 2295 462 2338 ἅπαντες
485 2294 625 2339 ἐξίστων
657 2308 665 2332 :
688 2293 882 2340 Εἷώθεσαν,
905 2293 936 2330 εἴ
957 2309 1040 2330 ποτε
1059 2291 1212 2344 ἐκχέοιτο

115 2363 147 2388 ’ὠ
168 2354 378 2406 ἀπόνιπτρον
400 2353 469 2391 ἀπὸ
492 2355 561 2390 τῶν
591 2351 747 2404 θυρίδων,
772 2351 830 2389 ἵνα
854 2351 904 2400 μή
925 2367 976 2394 τις
1003 2354 1119 2402 βραχῇ
1145 2353 1212 2388 τῶν

168 2411 361 2464 παριόντων
390 2411 511 2455 ἐξίστω
530 2410 656 2461 λέγειν.
684 2410 800 2454 παίζει
827 2405 884 2446 οὖν
912 2409 996 2461 πρὸς
1024 2409 1063 2446 τὸ
1092 2408 1214 2452 ἐξίστω

169 2470 297 2519 ὄνομα,
327 2468 511 2518 ὁμώνυμον
541 2467 576 2504 ὃν
603 2469 652 2519 τῷ
680 2467 895 2519 ἐκχώρησον.
922 2469 1037 2505 Τοῦτο
1059 2466 1093 2503 δὲ
1121 2466 1215 2516 λέγει

171 2525 343 2578 διασύρων
377 2525 568 2576 Μεγακλέα
592 2525 654 2562 καὶ
685 2525 870 2575 Λάμαχον,
903 2527 948 2566 ὡς
967 2523 1131 2575 πρότερον
1154 2524 1214 2573 μὲν

173 2584 322 2630 πένητας
341 2583 458 2630 ὄντας,
484 2577 558 2620 εἶτα
585 2582 743 2634 ἐξαίφνης
769 2581 1035 2628 πλουτήσαντας
1064 2581 1134 2618 ἀπὸ
1155 2584 1217 2627 τῆς

119 2656 153 2679 46
172 2641 323 2692 πόλεως,
347 2640 412 2691 (ὅτι
438 2641 552 2683 αὐτοῖς
569 2643 600 2678 οἳ
622 2640 714 2692 φίλοι
735 2641 816 2691 χθὲς
832 2639 892 2677 καὶ
917 2640 1038 2690 πρώην
1055 2639 1216 2677 συνεὸού-

171 2701 270 2737 λευον
291 2697 498 2750 καταχρέοις
515 2692 610 2736 οῦσιν
630 2697 697 2735 ὑπό
713 2713 750 2735 τε
771 2697 902 2750 ἐράνων
924 2697 983 2735 καὶ
1005 2697 1217 2749 ὀφλημάτων

176 2756 372 2800 ἐξίστασθαι
387 2760 448 2803 τ’ἥς
465 2755 598 2801 οὐσίας,
613 2757 657 2798 ὡς
675 2755 724 2806 μὴ
740 2755 942 2805 δυναμένοις
960 2756 1178 2805 ἀποδοῦναι).
1196 2755 1218 2801 ἢ

175 2817 245 2858 τοῖς
262 2815 450 2860 δανείζουσι
470 2813 645 2866 παρῄνουν
664 2816 694 2851 οἱ
709 2813 802 2866 φίλοι
818 2813 1019 2858 ἐξίστασθαι
1032 2817 1091 2850 τοῦ
1110 2813 1220 2850 δανεί-

177 2876 244 2917 ζειν
258 2874 325 2916 τοῖς
339 2871 505 2915 τοιούτοις
521 2872 714 2925 ὀφείλουσιν
732 2872 872 2924 ἐράνους
894 2871 954 2910 καὶ
973 2870 1073 2923 χρέα.
1104 2873 1141 2908 οὖ
1161 2875 1219 2908 νῦν

126 2947 159 2971 45
179 2925 236 2976 οῦν
263 2930 386 2974 αὐτοὺς
411 2930 594 2969 διαὸάλλει
620 2933 665 2973 ὡς
690 2929 865 2980 πένητας,
894 2929 970 2968 ἀλλ’
990 2931 1037 2972 ὡς
1056 2928 1140 2967 ποτὲ
1158 2929 1220 2967 πέ-

179 3004 293 3034 νητας.

232 3058 295 3083 601.
324 3048 489 3096 πανταχῗΙ
507 3059 515 3083 :
536 3045 625 3083 Ἀντὶ
644 3049 702 3082 τοῦ
721 3047 884 3096 ἰσχυρῶς.
903 3053 940 3083 R.

232 3116 294 3141 625.
325 3102 503 3155 ἀγοράζειν
525 3116 533 3140 t
552 3103 603 3140 Τὸ
621 3102 799 3154 ἀγοράζειν
817 3105 878 3141 οὐκ
894 3103 968 3141 ἴσον
987 3107 1045 3141 τοῦ
1063 3104 1224 3141 ὠνεῖσθαι

182 3161 344 3207 τέθεικεν,
363 3159 411 3203 ’ὡς
431 3160 551 3210 ἡμεῖς,
575 3160 650 3198 ἀλλ’
668 3159 726 3197 ἐπὶ
745 3164 803 3198 τοῦ
831 3163 864 3199 ἐν
893 3163 1002 3215 ἀγορᾷ
1021 3161 1223 3214 διατρίὸειν.

130 3232 164 3257 50
182 3218 293 3257 λείπει
309 3218 345 3255 δὲ
360 3217 399 3254 τὸ
415 3216 537 3260 ἰόντας.

235 3290 297 3314 626.
328 3274 427 3327 (ἀνὴρ
446 3280 525 3327 νικᾷ
551 3288 560 3312 :
581 3274 763 3318 Ἐξιόντων
783 3278 850 3313 τῶν
869 3278 1060 3328 ὑποκριτῶν
1086 3279 1104 3314 ὁ
1126 3277 1227 3329 χορὸς

185 3335 277 3385 λέγει
299 3331 361 3379 τὴν
384 3332 517 3370 τελείαν
546 3332 760 3385 παράὸασιν.
786 3336 848 3379 τῆς
871 3334 906 3371 δὲ
932 3334 1164 3385 παραὸάσεως
1189 3336 1227 3373 τὸ

188 3393 249 3442 μὲν
275 3390 467 3441 κομμάτιόν
493 3391 564 3428 ἐστι
587 3390 714 3441 στίχων
741 3390 800 3428 δύο
817 3391 1041 3429 ἀναπαίστων
1057 3393 1226 3444 τετραμέ-

1248 340 1336 376 τρων
1363 327 1642 372 καταληκτικῶν.
1671 323 1759 372 αὕτη
1781 324 1817 363 δὲ
1845 327 1866 371 ἡ
1891 323 2097 378 παράδασις
2120 324 2154 369 ἐξ
2174 324 2302 376 ὁμοίων

1250 383 1379 434 στίχων
1399 383 1484 433 λς’.)

1304 453 1366 478 627.
1398 441 1474 478 ἀλλ’
1500 441 1687 484 ἀποδύντες
1712 455 1720 480 z
1741 441 1825 480 Ἀπὸ
1849 448 2049 494 μεταφορᾶς
2069 444 2138 479 τῶν
2161 443 2307 480 ἀποδυο-

1252 498 1363 550 μένων
1386 500 1557 546 ἀθλητῶν,
1575 498 1608 536 οἳ
1630 499 1839 537 ἀποδύονται
1858 499 1920 545 τὴν
1946 499 2068 544 ἔξωθεν
2093 500 2231 547 στολὴν,
2248 498 2306 536 ἵνα

1251 558 1394 600 εὐτόνως
1415 557 1587 610 χορεύωσι
1610 556 1681 612 (καὶ
1701 556 1973 609 εὔστροφώτεροι
1989 550 2054 594 ὦσι
2070 557 2155 610 πρὸς
2170 556 2216 596 τὰ
2234 573 2306 595 πα-
2327 576 2343 599 5

1250 616 1456 666 λαίσματα).

1306 688 1369 713 629.
1400 673 1497 711 οὔπω
1526 671 1666 725 παρέὸη
1698 686 1706 712 :

1385 726 1404 734 συ

1737 673 1828 711 Ἀντὶ
1860 677 1939 721 τοῦ,
1970 674 2005 711 ἐν
2033 677 2076 726 τῇ
2107 673 2310 727 παραὸάσει

1253 732 1352 770 οὔπω
1373 736 1461 769 εἰπε.

1307 804 1370 829 630.
1399 789 1629 841 ταχυὲούλοις
1652 803 1661 829 :
1681 788 1777 837 ἶἶΑντὶ
1799 792 1859 827 τοῦ
1882 788 2016 840 ταχέως
2041 789 2309 840 μεταὲαλλομέ-

1255 866 1342 897 νοις,
1361 849 1604 902 (προπετέσιν,
1627 848 1905 898 ἀπερισκέπτως.
1933 849 2185 900 κωμῳδοῦνται
2213 848 2247 886 δὲ
2278 850 2365 902 ofilio

1256 909 1427 955 Ἀθηναῖοι
1446 910 1492 951 ὡς
1516 912 1684 955 τοιοῦτοι,
1702 907 1762 945 καὶ
1787 906 1839 944 ὅτι
1864 907 1999 958 ταχέως
2025 910 2252 957 μετανοοῦσιν
2278 908 2312 945 ἐν

1256 961 1305 1010 οἷς
1328 965 1576 1018 βουλεύονται.)

1311 1038 1375 1064 634.
1406 1024 1565 1069 ξενικοῖσι
1590 1024 1704 1076 λόγοις
1731 1038 1740 1063 :
1770 1023 1861 1062 Ἀντὶ
1882 1027 1943 1060 τοῦ
1967 1022 2167 1072 ἀλλοτρίοις
2185 1021 2313 1074 καὶμὴ

1256 1083 1502 1135 προσήκουσιν.
1520 1082 1583 1132 (ὅτι
1607 1082 1774 1121 ἀνοίκειον
1790 1081 1943 1127 (Έλλησι
1961 1081 2001 1118 τὸ
2021 1081 2272 1125 ἐξαπατᾶσθαι.
2291 1079 2314 1128 ἢ

1259 1140 1420 1187 ξενικοῖς,
1441 1144 1510 1184 τοῖς
1527 1140 1595 1178 ἀπὸ
1614 1142 1682 1178 τῶν
1702 1140 1804 1184 ξένιον
1821 1139 2002 1192 πρέσὲεων
2020 1139 2249 1191 λεγομένοις.)
2337 1161 2368 1185 15

1314 1211 1376 1236 635.
1406 1197 1663 1250 χαυνοπολίτας
1682 1211 1690 1236 2
1716 1197 2016 1249 Κεχαυνωμένους
2038 1198 2118 1251 περὶ
2133 1196 2196 1243 τὴν
2215 1198 2317 1235 πολι-

1261 1256 1355 1293 τείαν
1379 1254 1401 1302 ἢ
1423 1256 1485 1302 τὴν
1506 1256 1621 1295 πόλιν.

1315 1328 1378 1353 637.
1409 1314 1630 1367 ἰοστεφάνους
1652 1327 1659 1352 :
1679 1314 1788 1366 Παρὰ
1808 1313 1854 1352 τὰ
1877 1316 1916 1352 ἐκ
1939 1316 2008 1351 τῶν
2031 1313 2208 1366 Πινδάρου
2228 1315 2317 1351 διθυ-

1264 1372 1407 1424 ράμὸων
1428 1377 1480 1418 [fr.
1502 1377 1549 1418 46]
1570 1390 1584 1405 ι’.
1603 1374 1638 1408 αἱ
1654 1371 1802 1423 λιπαραὶ
1824 1370 1884 1408 καὶ
1909 1370 2106 1423 ἰοστέφανοι
2129 1371 2282 1417 Ἀθῆναι.
2303 1389 2316 1404 υ

1263 1429 1418 1480 διασύρει
1435 1429 1470 1466 δὲ
1488 1428 1540 1466 ὅτι
1557 1430 1588 1466 οἱ
1604 1429 1771 1482 προδόται
1788 1428 1921 1472 τούτοις
1933 1431 2089 1480 χρῶνται
2104 1430 2174 1473 τοῖς
2189 1429 2316 1480 λόγοις.
2337 1452 2372 1476 20

1317 1501 1380 1525 638.
1411 1487 1464 1524 ἐπ’
1481 1487 1596 1540 ἄκρων
1612 1490 1679 1525 τῶν
1696 1487 1865 1537 πυγιδίων
1884 1501 1892 1525 ;
1910 1486 2017 1539 Παρὰ
2033 1486 2096 1534 τὴν
2112 1487 2318 1540 παροιμίαν,

1264 1546 1316 1584 ἐπ’
1341 1546 1455 1598 ἄκρων
1472 1549 1538 1584 τῶν
1557 1546 1704 1598 ὀνύχων.
1727 1548 1770 1597 (οἱ
1796 1545 1863 1598 γὰρ
1882 1545 1991 1592 ἡδέως
2012 1562 2046 1583 τι
2063 1546 2244 1590 ἀκούοντες
2260 1547 2320 1583 δο-

1264 1608 1382 1643 κοῦσιν
1394 1605 1511 1642 ἐπάνω
1524 1607 1593 1642 τῶν
1606 1607 1724 1656 πυγῶν
1737 1605 1952 1648 καθέζεσθαι.
1991 1603 2136 1648 Ἄλλως.
2149 1603 2247 1657 παρὰ
2257 1603 2320 1650 τὴν

1264 1658 1469 1715 παροιμίαν,
1490 1664 1545 1700 ἐπ’
1569 1662 1684 1715 ἄκρων
1710 1666 1778 1701 τῶν
1803 1663 1951 1714 ὀνύχων,
1977 1662 2116 1707 ἔπαιξεν
2144 1657 2240 1706 οὗτος
2266 1664 2320 1700 ἐπ’

1267 1721 1382 1772 ἄκρων
1405 1723 1472 1758 τῶν
1490 1720 1656 1771 πυγιδίων
1676 1720 1795 1759 εἰπών.
1814 1721 1874 1758 καὶ
1898 1721 2080 1772 Σοφοκλῆς
2100 1726 2163 1772 [Aj,
2187 1725 2266 1767 1229]
2340 1743 2374 1767 25

1389 1796 1408 1834 ἦ
1421 1807 1482 1827 που
1495 1798 1614 1837 τραφεὶς
1626 1797 1662 1827 ἂν
1678 1797 1788 1836 μητρὸς
1803 1796 1944 1835 εὐγενοῦς
1958 1796 2021 1827 ἄπο
2031 1820 2040 1835 ,

1391 1844 1481 1883 ὑψήλ’
1497 1843 1640 1883 ἐκόμπεις
1651 1867 1659 1882 ,
1674 1843 1748 1873 κάπ’
1765 1843 1867 1883 ἄκρων
1883 1842 2074 1883 ᾡδοιπόρεις.

1268 1899 1409 1938 εἰώθασι
1431 1900 1498 1953 γὰρ
1523 1903 1553 1938 οἱ
1582 1900 1744 1944 ἀλαζόνες
1771 1900 1824 1938 ἐπ’
1851 1900 1967 1953 ἄκρων
1993 1900 2127 1953 ὀνύχων
2160 1901 2312 1953 βαδίζειν

1268 1958 1327 1995 καὶ
1360 1960 1390 1995 οἵ
1423 1959 1572 1996 ἐπαίνων
1599 1960 1646 2002 εἰς
1671 1958 1811 2002 ἑαυτοὺς
1839 1959 2026 2009 γινομένων
2055 1959 2238 2003 ἀκούοντες
2259 1959 2322 2006 τὴν

1268 2016 1381 2067 πυγὴν
1397 2019 1458 2062 τῆς
1474 2016 1642 2069 καθέδρας
1657 2016 1827 2069 ἐξαίρειν.)
2342 2033 2377 2058 30

1323 2088 1385 2112 639.
1418 2074 1682 2126 (ὑποθωπεύσας
1705 2089 1713 2113 :
1742 2074 1981 2118 Κολακεύσας.
2003 2073 2102 2127 παρὰ
2123 2074 2162 2113 τὸ
2173 2075 2324 2129 λιπαρὰς

1271 2132 1431 2179 Ἀθήνας,
1451 2133 1488 2170 τὸ
1505 2132 1656 2186 λιπαρὰς
1677 2132 1812 2185 ἀφύας.)

1324 2204 1387 2229 640.
1419 2185 1495 2242 εῧρε
1510 2190 1548 2228 τὸ
1559 2197 1627 2227 πᾶν
1642 2190 1682 2227 ἄν
1699 2204 1708 2229 2
1724 2191 1814 2230 Ἀντὶ
1828 2194 1887 2229 τοῦ
1900 2197 1969 2228 πᾶν
1983 2197 2132 2244 πρᾶγμα
2148 2194 2324 2245 κατορθοῖ;

1327 2248 1458 2301 (ἀφύων
1470 2248 1574 2298 τιμήν
1585 2262 1593 2287 ;
1608 2248 1677 2287 Καὶ
1688 2251 1805 2292 ἑνικῶς
1815 2248 1967 2300 λέγεται,
1975 2251 2020 2292 ὡς
2030 2252 2065 2287 ἐν
2077 2253 2325 2302 ’Ταγηνισταῖς

1395 2307 1459 2342 ἅλις
1474 2307 1569 2347 ἀφύης
1585 2318 1654 2348 μοι,
1669 2309 1884 2348 παρατέταμαι
1898 2308 1957 2349 γὰρ
1970 2307 2109 2348 ἐσθίων.)
2346 2324 2380 2348 35

1327 2367 1390 2392 642.
1420 2353 1480 2390 καὶ
1506 2354 1583 2397 τοὺς
1606 2353 1736 2403 δήμους
1765 2356 1799 2391 ἐν
1824 2357 1900 2397 ταῖς
1926 2354 2069 2392 πόλεσιν
2093 2369 2102 2394 ;
2131 2354 2224 2393 Ἇντὶ
2245 2358 2326 2408 τοῦ,

1273 2411 1335 2458 τὴν
1362 2413 1463 2460 ἡμῶν
1492 2412 1605 2449 αὐτῶν
1631 2411 1808 2449 πολιτείαν
1835 2411 2005 2456 ἐπιδείξας
2029 2419 2104 2457 ταῖς
2128 2413 2329 2465 συμμάχοις

1275 2470 1410 2508 πόλεσι.
1437 2469 1594 2506 τουτέστι
1618 2469 1755 2512 διδάξας
1779 2469 1857 2512 τοὺς
1880 2469 2092 2521 συμμάχους
2107 2473 2153 2514 ὡς
2174 2470 2244 2523 χρὴ
2267 2472 2328 2518 δη-

1277 2531 1545 2580 μοκρατεῖσθαι,
1563 2527 1677 2569 εὔνους
1696 2530 1776 2577 ὑμῖν
1800 2528 1924 2571 αὐτοὺς
1953 2529 2127 2575 ἐποίησεν.
2181 2528 2326 2572 Ἄλλως.

1277 2589 1311 2623 ἐν
1337 2586 1411 2628 ταῖς
1439 2585 1560 2628 ἄλλαις
1586 2585 1709 2622 πόλεσι
1736 2584 1814 2628 τοὺς
1843 2586 2033 2638 ἡμετέρους
2060 2587 2170 2631 δείξας
2199 2587 2328 2637 δήμους
2346 2612 2381 2637 40

1277 2642 1329 2680 ὅτι
1369 2643 1691 2694 δημοκρατοῦνται,
1722 2643 1781 2680 καὶ
1813 2642 1894 2681 ἄνευ
1929 2645 2127 2696 τυραννίδος
2165 2645 2328 2691 ἀλλήλοις

1277 2699 1488 2750 πειθόμενοι.

1331 2771 1393 2796 644.
1423 2757 1480 2794 τὸν
1502 2757 1761 2810 Ἀριστοφάνην.
1783 2765 1821 2795 R.

1333 2829 1398 2854 647.
1430 2815 1592 2867 βασιλεὺς
1613 2829 1622 2854 2
1641 2816 1732 2854 Ἀντὶ
1748 2820 1806 2853 τοῦ
1825 2818 1842 2853 ὁ
1864 2815 1973 2868 μέγας
1990 2820 2007 2855 ὁ
2026 2819 2183 2870 Περσῶν.
2210 2822 2212 2824 ’

1336 2874 1528 2925 βασανίζων
1550 2887 1558 2912 z
1578 2874 1746 2926 Ἀκριῧῶς
1766 2874 1947 2919 ἐξετάζων.

1333 2945 1397 2970 648.
1427 2931 1566 2984 πότεροι
1581 2937 1656 2975 ταῖς
1671 2932 1772 2970 ναυσί
1791 2945 1800 2971 :
1820 2935 1922 2972 Ποῑοι
1939 2934 2037 2972 αὐτοὶ
2055 2937 2122 2972 τῶν
2141 2935 2327 2982 Ἀθηναίων

1282 2991 1316 3027 ἐν
1337 2992 1379 3040 τῇ
1403 2989 1584 3042 ναυμαχίᾳ
1607 2993 1805 3041 κρατοῦσιν.
1831 2990 1905 3034 ἔθος
1930 2991 1966 3029 δὲ
1987 2993 2057 3036 τοῖς
2080 2995 2260 3044 βασιλεῦσι
2284 2992 2330 3032 τὰ

1281 3050 1424 3084 τοιαῦτα
1446 3047 1742 3099 περιεργάζεσθαι.

1335 3117 1397 3142 649.
1423 3104 1588 3157 ποτέρους
1607 3105 1695 3142 εἴποι
1715 3106 1828 3144 πολλά
1856 3120 1864 3145 :
1892 3107 1982 3144 Ἀντὶ
2005 3111 2085 3155 τοῦ,
2108 3108 2188 3161 περὶ
2207 3106 2330 3147 τούτου

1283 3167 1342 3200 τοῦ
1375 3166 1520 3207 ποιητοῦ
1551 3161 1689 3214 ἠρώτα,
1726 3161 1821 3207 τίνας
1857 3164 2039 3202 διαῧάλλει
2067 3166 2128 3203 καὶ
2154 3167 2328 3218 κωμῳδεῖ.
2346 3187 2384 3214 60

1284 3220 1413 3272 ἔφασκε
1429 3219 1496 3271 γὰρ
1515 3222 1544 3270 (ὁ
1557 3223 1624 3257 τῶν
1645 3220 1824 3272 πρέσὸεων
1842 3223 2015 3273 βασιλεὺς)
2038 3222 2090 3261 ὅτι
2105 3223 2161 3266 οὒς
2177 3223 2218 3261 ἂν
2232 3218 2330 3268 οὗτος

1285 3281 1302 3315 ὃ
1320 3277 1484 3324 ποιητὴς,
1507 3277 1681 3316 τουτέστιν
1704 3282 1721 3316 ὁ
1739 3280 2004 3333 Ἀριστοφάνης,
2025 3280 2169 3334 σκώψῃ,
2190 3280 2330 3326 τούτους

1287 3336 1554 3387 σωφρονίζεσθαι
1586 3336 1646 3373 καὶ
1680 3337 1834 3386 γίνεσθαι
1865 3338 2029 3390 βελτίους.
2056 3340 2169 3389 (τοῦτο
2198 3339 2234 3377 δὲ
2263 3354 2330 3391 χα-

1289 3393 1531 3446 ριεντιζόμενος
1550 3396 1683 3446 ψευδῶς
1698 3395 1818 3447 λέγει.)

2347 2900 2381 2925 ⁴5
