2533 3808
209 241 280 274 260

596 310 630 322 κ

259 330 318 354 991¹.
350 315 430 363 ⁸11:136*
457 327 498 348 αυ
519 312 588 347 πλα
593 322 629 346 οο
613 308 684 353 οηεί
706 320 714 345 ;
739 305 837 351 Μηδὲ
857 303 1001 349 πλησίον
1022 301 1150 352 γένοιτό
1174 316 1230 350 μοι
1257 307 1262 324 ’

206 391 243 412 TO
263 387 383 411 σῖυξῑν-

259 443 320 466 991.
351 426 383 464 τί
402 426 430 462 6’
451 424 522 462 ἐστί
543 438 595 460 σοι
613 421 685 459 τοδί
708 420 788 459 :Tb
805 421 931 456 αἰδοῖον
948 419 982 455 65
969 417 1108 454 ίκιυσι.

259 484 413 523 σκυτάλα
436 479 652 520 Λακωνικάῖ
676 479 825 517 Ξύλον
811 477 901 514 εστὶν
924 477 969 518 εἷς
985 474 1043 512 δύο
1064 472 1232 522 τεμνόμε-

948 536 969 543 Ν
999 531 1047 569 53=
1035 529 1231 583 ερχομένω,

171 563 185 585 5
207 560 271 582 νον.
299 542 358 580 καὶ
373 542 411 579 τὸ
432 540 491 590 μὲν
513 538 546 576 εν
567 538 697 575 δίδοται
719 539 768 573 τῶ
788 549 972 586 στρατηγῳ
999 548 1047 575 ε.ς

206 603 277 639 τὸ
260 600 294 638 οὲ
313 601 396 638 ἄλλο
412 599 521 636 κεῖται
540 598 574 633 ἐν
590 599 633 646 τῇ
652 594 760 632 πόλει.

259 673 322 697 992.
353 657 447 707 εἴπερ
467 655 554 706 γεχ’
574 653 662 699 αὕτη
681 651 752 689 ’στι
772 666 778 672 ·

209 734 259 756 σιν
281 718 374 754 αὐτῶ
393 714 431 751 τὸ
451 715 572 751 ἑαυτοῦ
594 712 739 749 αἰδοῖον.

260 789 323 814 995.
353 771 468 824 ὄρει-ἅτ
492 769 654 809 Ἀντιτοῧ
675 766 771 819 ὀρθή

260 839 352 879 πᾶα,
373 837 487 875 πᾶσα,
507 827 613 870 ουτως
632 824 840 878 Ἡρωδιανὸς
859 824 893 860 ἐν
914 819 1057 873 τῶπερι
1077 821 1207 857 παθῶν.

771 650 868 690 ,Καὶ
882 652 899 686 ὃ
917 649 1090 693 Ἀθηναῖος
1103 645 1235 683 δείκνυ-

161 847 189 871 10

1198 872 1218 884 «Λ

260 910 322 935 996.
351 892 567 934 Πελλάνας
550 907 584 928 05
602 891 650 927 δεῖ
671 903 679 927 :
698 888 837 938 Ὄνομα
851 885 1009 937 γυναικὸς
1028 883 1175 935 ἑταίρας.
1195 898 1236 927 ην

209 955 274 1006 γὰρ
293 953 374 1005 παρ’
393 953 505 993 αὐτοῖς
522 948 629 1001 πόρνη
648 949 735 986 Πελ
725 947 810 991 Λήνη
831 945 991 993 τοῦνομα.
1014 944 1236 990 ἐπιθυμοῦσιν

210 1017 266 1050 οὐν
287 1027 348 1057 της
370 1009 519 1060 πόρνης,
544 1006 584 1057 ἤ
570 1021 650 1043 ὀυν
669 1008 729 1050 τῆς
749 1004 815 1041 πό)
818 1019 880 1045 εως
911 1000 1103 1046 Πεὶλήνης.
1136 1001 1235 1035 ἀντε-

209 1083 366 1108 ποιουντο
382 1066 448 1118 γὰρ
468 1067 573 1110 αὐτῆς
589 1065 619 1101 οἱ
638 1062 810 1104 Λάκωνες.

558 1120 640 1159 Ἀπὸ
657 1119 757 1162 τίνος.

608 1177 696 1216 Κατ’
719 1176 896 1228 ἐρώτησιν.

262 1141 324 1166 997.
355 1124 423 1162 ἀπὸ
445 1127 503 1161 τοῦ
527 1136 535 1161 :

262 1198 323 1223 998.
354 1182 422 1220 ἀπὸ
440 1178 584 1222 Πανός;

263 1249 337 1286 οὐκ.
354 1245 428 1283 ἀλλ’
447 1241 538 1295 ἀρχὰ
553 1240 639 1291 μέν.
657 1239 701 1278 O
717 1256 802 1282 νους“
818 1238 945 1290 ηρξατο
960 1237 998 1274 τὸ
1016 1236 1120 1274 κακὸν
1139 1250 1239 1272 τουτο

212 1306 339 1345 διδόναι
359 1304 441 1354 ημῖν
461 1305 482 1348 ἡ
510 1298 696 1349 Λαμπιτώ.
726 1300 786 1335 οἰῶ
813 1298 848 1335 δὲ
880 1296 967 1347 (κατ’
996 1293 1133 1345 αὐτοὺς)
1164 1293 1239 1329 ἀντι

161 1137 190 1161 15

211 1369 268 1402 τοῦ
289 1363 418 1413 οἴομαι.

265 1436 342 1460 1000.
375 1420 490 1471 ἅπερε
504 1416 658 1468 εὨσπερ.

264 1485 332 1523 ἀπὸ
351 1490 430 1534 μιᾶς
449 1483 540 1520 amr)
533 1480 689 1531 αγίδοςῑ

213 1550 293 1595 μιᾶς
314 1540 515 1593 ἀφετηρίας,
531 1539 636 1588 ἤγουν
659 1536 728 1574 ἀπὸ
745 1536 815 1578 ἑνὸς
831 1534 971 1576 κανόνος
987 1549 1046 1571 και
1071 1533 1241 1581 καμπτῆ-

213 1619 279 1655 ρος·

267 1672 345 1698 1001.
376 1655 519 1701 ἀπήλων
541 1668 550 1692 1
572 1653 786 1698 Ἀπήλασαν.

482 1715 561 1752 Τῶν
582 1709 784 1762 γυναικείων
805 1708 945 1760 μορίων.

749 1767 801 1806 Τὸ
821 1766 949 1804 τέλειον
967 1764 1043 1802 ἀνά.

160 1436 192 1460 20

723 1477 815 1530 (’A‘5so5'
817 1493 912 1519 σεως.
946 1477 1030 1527 βαλ
1017 1475 1138 1523 οιδος.)
1170 1470 1240 1509 ἀπὸ

267 1714 426 1755 ὑσσάκων
451 1728 459 1752 :

266 1789 345 1814 1002.
377 1773 417 1811 ἂν
437 1772 502 1823 γὰρ
523 1769 585 1807 τὰν
605 1768 703 1806 πόλιν
723 1781 731 1806 2

268 1846 350 1871 1003.
377 1830 491 1881 ἅπερ;
520 1828 672 1878 εὨσπερ.

267 1896 355 1946 ἅπερ
376 1890 685 1944 λυχνοφορίοντεςζ

215 1954 341 2006 κύφασι
360 1951 416 1988 διὰ
434 1950 490 1987 τὸν
512 1949 659 1997 ἄνεμον.

270 2024 352 2050 1004.
380 2008 438 2047 οὔτ
442 2024 457 2045 ε
477 2009 524 2044 τῶ
546 2006 664 2058 μύρτω
690 2003 796 2054 σίγειν
821 2015 829 2040 :

160 1734 192 1757 25

716 1889 762 1925 Οἱ
782 1885 848 1937 γὰρ
871 1887 1159 1938 λυχνοφοροῧντες
1188 1900 1245 1922 κε-

163 2025 197 2049 30
857 2001 948 2041 Οὐδὲ
972 2001 1075 2051 θίγειν
1099 2004 1160 2039 τοῦ
1182 2017 1246 2052 γυ-

215 2068 364 2107 ναικείου
381 2066 515 2118 μορίου.

271 2140 347 2165 1007.
376 2133 471 2162 του-,ι
491 2122 529 2159 τὸ
549 2127 721 2173 πρᾶγμαῑ
743 2121 788 2157 Οἱ
811 2119 981 2165 Αθηναῖοι
1002 2117 1085 2169 πρὸς
1106 2116 1162 2154 τὸν
1183 2131 1247 2160 κη-

219 2201 315 2237 ρυχα.

271 2255 348 2280 1013.
379 2237 555 2287 ποτάομαι
577 2250 585 2274 ;

272 2312 350 2337 1014.
380 2295 538 2347 γυναικὸς
569 2292 795 2344 ἀμαχώτερον
823 2305 832 2329 ;

218 2353 258 2404 ἦν
275 2360 292 2395 ὃ
312 2355 431 2405 λέγων.

272 2427 350 2452 1019.
383 2412 457 2449 ἀλλ’
475 2410 554 2447 ὅταν
578 2407 684 2459 βούλῃ
703 2407 743 2444 σύ
763 2420 770 2445 ;

217 2475 280 2519 λην
302 2471 391 2522 ἔχειν
413 2484 467 2518 με.
489 2466 548 2504 καὶ
565 2465 684 2509 ἔξωθεν
707 2463 940 2502 ὑπακουστέον
959 2464 997 2501 τὸ
1013 2464 1084 2514 ἔχε.

607 2238 828 2287 Δραμοῧμαι.
849 2233 1061 2282 πετῆσομαι.

165 2318 198 2341 :15
863 2291 924 2329 Ἔν
956 2291 1050 2342 ἄλλῳ
1080 2290 1249 2337 Κινησίας

794 2407 875 2445 Ἀπὸ
895 2410 1008 2444 κοινοῦ
1035 2406 1179 2457 βεὸαίαν
1194 2406 1248 2458 φί-

275 2548 353 2572 1020.
383 2531 509 2582 γυμνὸν
530 2529 597 2566 ὄνθ’
617 2528 722 2570 οὕτως
742 2542 750 2566 t
771 2527 905 2577 Γυμνὸς
924 2527 989 2578 γὰρ
1008 2522 1060 2573 ἦν.

278 2605 354 2629 1023.
384 2589 442 2627 καὶ
465 2587 535 2624 τότ’
553 2585 680 2623 ἀπέδυν
704 2585 771 2635 ἐγώ
800 2599 808 2623 :

168 2608 201 2631 40
835 2585 923 2622 Ἀντὶ
952 2589 1010 2622 τοῦ
1037 2584 1251 2621 ἀπεδύσαντο

220 2649 311 2687 κατὰ
331 2650 397 2685 τῶν
411 2646 594 2695 γυναικῶν.

275 2723 353 2749 1024.
387 2702 458 2759 (εἶτ’
473 2708 510 2744 οὐ
527 2704 783 2756 καταγέλαστος
803 2698 834 2740 εἷ
855 2717 862 2741 :
886 2697 975 2742 Εἶτα
995 2704 1032 2740 οὐ
1053 2705 1251 2754 καταγελα-

221 2768 358 2817 σθῆση.)

278 2840 354 2864 1025.
383 2824 460 2861 τόδε
478 2822 518 2860 τὸ
537 2820 679 2872 θηρίον;
697 2818 807 2864 Τὴν’
793 2818 934 2868 εμπίδα.
1278 2806 1285 2823 ¹

169 2902 201 2924 45
277 2896 355 2921 1026.
386 2881 511 2925 ἐξεῖλον
533 2893 543 2918 2
565 2878 654 2916 Ἀντὶ
670 2881 728 2914 τοῦ
752 2857 916 2926 ἐξέλοιμι,
1280 2827 1285 2904 ί

276 2961 354 2985 1027.
385 2943 519 2982 τοῦτ”’
498 2943 551 2992 αρ’
571 2945 612 2988 ἠν
633 2955 641 2979 :
665 2940 710 2978 ‘H
730 2939 833 2988 ἐμπὶς
848 2938 1016 2985 δηλονότι.

223 3004 401 3046 δακτυλιος
424 3001 538 3040 ουτοσί
563 3014 571 3038 :
597 2999 744 3037 Δίδωσιν
766 2998 853 3047 αυτῆ
880 2996 1072 3042 δακτύλιον,
1097 2996 1152 3033 ἵνα
1181 2996 1255 3040 ἐξε-

224 3062 258 3099 v5'
260 3078 326 3113 γκῃ
343 3059 403 3105 τὴν
424 3059 552 3108 ἐμπίδα
571 3060 631 3094 τοῦ
650 3057 840 3108 ὀφθαλμοῦ.

280 3131 356 3156 1028.
388 3115 644 3153 ἓκσκάλευσον;
666 3111 858 3162 Ἐξένεγκε.

174 3198 207 3220 50
282 3192 358 3217 10:³2.
381 3179 441 3214 οὐκ
461 3176 562 3225 ἐμπὶς
586 3175 640 3220 ἥδ’
663 3175 735 3212 ἐστι
759 3173 972 3226 Ῑρικορυσία
991 3187 999 3211 :
1024 3173 1152 3222 Ἐμπὶς
1170 3176 1255 3225 ζῷον

226 3237 366 3279 κώνωπι
382 3232 636 3285 παραπλήσιον.
654 3234 699 3274 ὡς
721 3233 754 3268 ἐν
775 3230 976 3283 Τρικορύθῳ
1000 3231 1136 3267 πολλῶν
1154 3231 1256 3281 ἐμπί-

229 3297 294 3332 δων
309 3292 506 3344 γινομένων.
524 3289 595 3326 ἔστι
611 3289 678 3340 γὰρ
698 3288 855 3333 ἀλσώδης
871 3288 930 3325 καὶ
946 3287 1124 3338 κάθυγρος.
1145 3287 1166 3332 ἢ
1182 3289 1256 3326 ἐπεὶ

229 3350 370 3403 πονηροί
387 3351 469 3387 εἰσιν
486 3349 520 3386 οἳ
540 3346 769 3398 Τρικορύσιοι.

862 221 1111 260 SCHOLIA
1147 220 1206 256 IN
1241 218 1668 256 LYSISTRATAM:

1346 313 1424 338 1033.

1292 356 1393 407 βάθος
1411 360 1456 398 ὡς
1473 357 1580 408 φρέαρ
1597 356 1787 408 ἀνώρυττέν
1806 371 1901 408 φησι.
1918 363 1954 392 Β.

1346 427 1422 452 1037.
1447 414 1698 452 κολακευτικαί.
1722 421 1759 450 R.

1347 485 1424 509 1038.
1454 471 1553 508 καστ’
1573 473 1681 508 ἐκεῖνο
1699 475 1846 514 τουπος;

1456 300 1522 336 ἀπὸ
1542 306 1735 351 μεταφορᾶς
1756 301 1822 336 τῶν
1839 298 1881 336 τὰ
1901 299 2032 351 φρέατα
2047 297 2254 349 ὀρυττόντων
2269 299 2315 340 ἐἷς

1862 472 1924 510 Ἐν
1934 473 2114 530 παροιμία
2131 487 2229 510 τουτο
2246 472 2316 509 ἔλε-

1291 544 1349 578 γον
1370 548 1385 562 α
1407 528 1510 566 κακὸν
1528 534 1701 578 γυναῖκες,
1717 528 1825 565 ἀλλ’“
1805 544 1915 577 ομως,
1930 532 1957 566 ὠ
1972 530 2135 578 δημόται,
2152 545 2213 567 ουκ
2226 529 2317 566 ἔστιν
2334 541 2350 565 5

1292 589 1395 623 οἰκεῖν
1414 586 1523 623 οἰκίαν
1541 585 1620 622 ἄνευ
1637 599 1759 623 κακου.
1782 603 1796 618 »
1813 586 1871 623 καὶ
1892 586 2048 629 Ἡσίοδος
2066 587 2139 637 [Op.
2161 592 2209 633 58]
2231 605 2245 620 ι(
2266 587 2320 623 ἑὸν

1292 644 1397 681 κακὸν
1416 645 1706 695 ἀμφαγαπῶντες.
1727 662 1741 675 ν

1349 720 1424 744 1043.
1455 709 1491 744 οὗ
1509 706 1866 758 παρασκευαζόμεσθα
1886 721 1894 745 :
1915 706 2016 755 Λέγει
2035 706 2087 744 ὅτι
2105 700 2134 744 ῶ
2153 708 2269 760 ἄνδρες
2283 709 2322 746 οὐ

1293 763 1651 815 παρασκευαζόμεσθα
1678 766 1784 800 εἰπεῖν
1814 766 1929 806 κακῶς
1950 762 2048 813 τινὰ,
2073 764 2163 802 ἀλλὰ
2191 766 2322 815 μᾶλλον

1294 824 1419 864 καλῶς.
1435 824 1479 864 ὡς
1497 820 1564 857 ἀπὸ
1587 824 1645 858 τοῦ
1662 824 1804 866 ποιητοῦ
1825 820 1861 858 δέ
1880 822 1982 859 ἐστιν.
2293 825 2303 832 '
2345 836 2376 861 10

1351 892 1428 917 1047.
1459 876 1560 915 ἱκανὰ
1581 877 1646 929 γὰρ
1671 877 1714 914 τὰ
1733 877 1853 916 κακά;
1885 878 1955 916 Τὸν
1980 878 2130 928 πόλεμον
2154 878 2340 929 λέγουσιν.Δ

1295 938 1420 979 ἱκανῶς
1439 936 1504 988 γὰρ
1525 935 1784 987 ἐκακοπράγουν
1803 935 1869 981 ἤδη
1891 935 1978 984 μετὰ
2000 934 2042 973 τὰ
2062 937 2097 972 ἐν
2117 935 2272 988 Σικελία.

1352 1014 1427 1039 1049.
1457 1000 1516 1038 καὶ
1537 999 1580 1036 τὰ
1599 998 1837 1050 παρακείμενα
1863 1013 1871 1038 :
1891 1000 1966 1046 Τὴν
1990 1002 2058 1037 τῶν
2079 1002 2248 1050 γυναικῶν
2267 999 2326 1037 καὶ

1298 1060 1428 1111 ἀνδρῶν
1447 1058 1566 1095 στάσιν
1585 1057 1677 1107 λέγει
1696 1056 1740 1094 τὰ
1755 1057 2009 1108 παρακείμενα.

1354 1130 1430 1154 1050.
1457 1114 1585 1165 λεγέτω
1602 1115 1689 1157 τίνος
1705 1114 1829 1153 δέεται.
1844 1123 1880 1152 Β.
2349 1131 2378 1155 15

1353 1187 1431 1213 1053.
1464 1174 1530 1210 ἔσω
1547 1175 1631 1223 ημῖν
1653 1174 1754 1210 ἔστιν.
1776 1180 1812 1210 Β.

1354 1252 1431 1275 1055.
1460 1236 1524 1274 κᾶν
1547 1238 1622 1274 ποτ’
1641 1235 1756 1287 εἰρήνη
1779 1238 1895 1288 φανῇζ
1913 1235 2080 1282 Δηλονότι
2099 1251 2137 1273 ου
2119 1235 2174 1273 ὖὲδ
2160 1251 2194 1273 εν
2217 1236 2330 1278 αὐτοῖς

1299 1295 1522 1348 προήσονται.

1355 1366 1433 1391 1057.
1465 1351 1539 1389 ἀντὶ
1554 1355 1612 1388 τοῦ
1632 1350 1791 1401 κερδάνῃ.
1809 1358 1846 1387 R.

1353 1411 1428 1448 ἀντὶ
1450 1414 1507 1447 τοῦ
1526 1407 1646 1456 ἀποδῷ
1657 1409 1738 1459 παρ’
1759 1408 1930 1446 ὑπόνοιαν.
1950 1417 1989 1446 R.

1354 1484 1433 1508 1058.
1465 1466 1678 1519 Καρυστίους
1707 1479 1715 1504 :
1743 1465 1924 1518 Κάρυστος
1950 1466 2047 1510 πόλις
2069 1465 2230 1509 Εὗὸοίας.
2254 1468 2333 1504 δια-

1302 1528 1488 1565 ἕάλλονται
1505 1526 1539 1562 δὲ
1557 1527 1601 1566 ὡς
1619 1523 1734 1574 μοιχοὶ
1747 1526 1776 1561 οἱ
1797 1524 1999 1576 Καρύστιοι.

2351 1425 2386 1449 20

1465 1592 1498 1628 ἐν
1522 1589 1617 1639 ἄλλῳ
1632 1586 1789 1636 γενέσθαι
1811 1587 1885 1625 ἀντὶ
1903 1591 1962 1625 τοῦ
1982 1587 2103 1631 ἔξεστι.
2120 1591 2158 1621 R·

1358 1663 1442 1688 1066.
1464 1648 1502 1686 τὸ
1523 1649 1644 1686 ἐλθεῖν.
1664 1656 1699 1685 Β.

1359 1722 1437 1746 1071.
1466 1710 1564 1745 τοῦτο
1593 1710 1639 1751 εἷς
1654 1707 1789 1758 γέλωτα
1809 1698 1912 1741 εἶπεν.
1931 1712 1969 1742 Β.

1358 1779 1436 1804 1072.
1467 1765 1549 1816 παρ’
1569 1765 1745 1810 υπόνοιαν,
1767 1762 1840 1800 δέον
1861 1761 2128 1813 ἀνεωχθήσεται.
2146 1770 2184 1800 Β.

1364 1836 1441 1861 1073.
1471 1822 1605 1873 ἔχοντες
1621 1823 1799 1873 πώγωνας.

1356 1604 1434 1629 1064.

1360 1900 1438 1925 1074.
1469 1885 1524 1923 δια
1549 1902 1610 1932 την
1635 1902 1694 1923 του
1723 1883 1852 1922 αἰδοίου
1867 1882 1998 1934 ἐξοχίν.
2025 1884 2137 1932 (τοῦτο
2162 1883 2199 1921 δέ
2220 1898 2334 1935 φασιν,

1306 1961 1379 1982 επει
1395 1943 1634 1993 καθελκόμενα
1652 1948 1744 1994 εἰχον
1767 1941 1809 1978 τὰ
1830 1940 1971 1990 ἱμάτια,
1995 1939 2085 1978 ωστε
2104 1940 2233 1985 δόξαι’
2214 1940 2336 1991 αγγεῖά

1305 2019 1380 2040 τινα
1406 2002 1498 2061 ἔχειν
1523 2002 1658 2043 αὐτούς.
1665 2002 1675 2049 )
1700 2000 1738 2037 τὸ
1763 1998 1798 2036 δὲ
1812 1999 2049 2050 χοιροκομεῖον
2074 1997 2163 2036 ἔοικε
2187 1998 2335 2036 πλεκτὸν
2354 2012 2390 2038 30

1307 2061 1441 2111 ἀγγεῖον
1461 2063 1565 2103 εἰναι,
1587 2060 1620 2095 ἐν
1640 2061 1668 2110 ᾧ
1682 2073 1758 2099 τους
1774 2071 1866 2098 νεους
1885 2055 2022 2108 ἔτρεφον
2039 2056 2206 2115 χοίρους
2195 2055 2338 2108 περιδή-

1306 2134 1438 2160 σαντες.
1465 2133 1523 2154 νυν
1552 2117 1587 2154 δε
1612 2116 1652 2154 )έ
1654 2131 1705 2166 γει
1730 2114 1791 2151 τὸν
1811 2113 2002 2159 πάτταλον,
2027 2115 2061 2151 ἐν
2083 2117 2111 2166 ᾧ
2136 2113 2339 2163 δεσμεύουσι

1305 2192 1383 2217 τους
1401 2174 1537 2227 χοίρους
1549 2189 1609 2211 και
1625 2189 1682 2225 τρε
1675 2173 1815 2225 ἰρουσιν.
1834 2171 1908 2208 ἐπει
1921 2175 1978 2208 οὖν
1995 2169 2209 2220 ἐντεταμένοι
2223 2165 2338 2219 ἠλθον,

1306 2234 1435 2286 ᾔκασεν
1457 2232 1579 2274 αὐτους
1593 2230 1792 2272 παττάλοις.

1364 2310 1443 2335 1078.
1473 2293 1706 2346 νενευριι)με’νη
1735 2293 1770 2330 δὲ
1796 2291 1957 2344 συμφορά
1983 2306 1991 2330 :
2019 2290 2095 2337 Τὴν
2121 2291 2258 2330 ἔντασιν
2278 2295 2337 2331 τοῦ
2358 2306 2392 2332 35

1310 2354 1438 2393 αἰδοίου
1453 2351 1557 2402 λέγει.
1575 2355 1692 2404 νεῦρον
1709 2350 1775 2403 γὰρ
1793 2350 1844 2399 (τὸ
1859 2351 2014 2400 αἰδοῖον).

1365 2432 1442 2456 1079.
1471 2421 1586 2467 χεῖρον
1607 2414 1763 2467 φαίνεται
1783 2427 1791 2452 :
1809 2413 1900 2452 Ἀντὶ
1913 2417 1990 2460 τοῦ,
2008 2418 2122 2465 χεῖρον
2139 2415 2200 2458 τῆς
2212 2413 2341 2457 τάσεως

1309 2480 1367 2514 τοῦ
1403 2475 1445 2512 Γ
1451 2488 1536 2525 ριιου
1575 2472 1745 2524 φαίνεται.
1775 2470 1930 2508 τουτέστι
1959 2471 2076 2521 χεῖρον
2109 2469 2252 2507 τέταται
2281 2474 2340 2508 τοῦ

1311 2534 1458 2603 Ἕρμου.
1487 2529 1605 2574 ἐπειδὴ
1631 2532 1648 2566 ὃ
1674 2528 1808 2580 Ἑρμῆς
1831 2528 2030 2579 πριαπῶδες
2058 2525 2130 2577 ἔχει
2156 2526 2195 2564 τὸ
2215 2528 2340 2565 αἰδοῖον

1311 2591 1370 2628 καὶ
1385 2587 1563 2626 ἐντέταται
1583 2584 1752 2635 μεγάλως.

1366 2660 1445 2684 1080.
1473 2644 1559 2690 ὅπα,
1587 2642 1682 2680 ὅπου.
1707 2641 1815 2687 σέλει,
1842 2640 1941 2678 θέλει.
1969 2639 2091 2685 ἐλσὼν,
2119 2639 2238 2678 ἐλθών.
2266 2640 2342 2677 ἀντὶ

1311 2708 1371 2741 τοῦ
1382 2733 1392 2753 ,
1412 2702 1526 2739 πάντα
1543 2700 1705 2752 πράττων
1721 2714 1771 2740 τις
1787 2696 1898 2748 ἀγέτω
1915 2697 1997 2746 ἡμῖν
2016 2696 2163 2747 εἰρήνην

2359 2596 2394 2621 40

1369 2779 1444 2804 1083.
1474 2763 1591 2815 ὥσπερ
1610 2760 1835 2803 παλαιστάςτ
1860 2763 1905 2799 Οἱ
1929 2759 1995 2812 γὰρ
2019 2762 2201 2803 ἀσκοῦντες
2224 2761 2344 2804 παῖδες

1315 2822 1536 2862 συστέλλουσι
1560 2819 1604 2856 τὰ
1630 2817 1817 2868 ἱμάτια,“
1797 2833 1888 2860 οπως
1914 2817 1962 2867 μὴ
1986 2817 2262 2869 προστρίὸωνται
2284 2816 2343 2868 (τὰ

1315 2882 1440 2926 αἰδοῖα)
1457 2878 1515 2916 καὶ
1533 2880 1658 2927 μιανθῇ
1671 2876 1712 2913 τὰ
1729 2875 1864 2925 ἱμάτια.
1890 2875 1966 2917 τοὺς
1988 2875 2023 2912 δὲ
2041 2875 2234 2920 Ἀθηναίους
2249 2876 2342 2927 λέγει
2361 2890 2395 2915 ⁴5

1314 2937 1529 2987 τεταμένους.
1554 2934 1731 2987 φαίνονται
1754 2933 1788 2970 δὲ
1805 2935 1837 2970 οἱ
1860 2935 2041 2974 ἀσκοῦντες
2061 2933 2200 2980 παῖδες,
2214 2924 2268 2976 ἱὡς
2292 2931 2341 2983 μὴ

1314 2993 1583 3065 παρατρίὸοιντο
1599 2991 1642 3028 τὰ
1660 2992 1770 3028 αἰδοῖα
1788 2992 1833 3032 εἷς
1853 2989 2046 3039 ὑπόμνησιν
2064 2991 2148 3039 (τῆς)
2166 2989 2345 3033 συνουσίας

1316 3052 1500 3107 ἀφιστάναι
1516 3049 1558 3087 τὰ
1574 3049 1696 3099 ἱμάτια
1717 3051 1858 3086 ἑαυτῶν.

1369 3130 1447 3154 1085.
1478 3113 1663 3160 ἀσκητικὸν
1681 3112 1719 3149 τὸ
1732 3115 1855 3164 χρῆ-μα
1874 3115 1933 3148 τοῦ
1945 3110 2161 3157 νοσῆιιατοςῑ
2177 3109 2266 3149 Ἀντὶ
2283 3114 2344 3149 τοῦ

1317 3175 1416 3226 μέγα.
1438 3172 1493 3210 δια
1513 3187 1574 3217 την
1589 3170 1770 3220 ἐπιθυμίαν
1791 3173 1851 3216 τῆς
1872 3169 2008 3222 εἰρήνης
2024 3173 2098 3206 εἰπε
2115 3184 2173 3206 του
2189 3167 2397 3218 νοσήμα-εο

1315 3248 1382 3274 τος.

1371 3302 1447 3326 1087.

1371 3358 1445 3383 1033.

1477 3286 1654 3324 δείκνυσιν.
1672 3293 1707 3321 Β.

1475 3343 1589 3382 ὁμοία.
1615 3351 1649 3380 Β.
