2533 3808
294 218 367 251 672

335 306 387 329 eos
411 296 518 326 tantce
537 290 755 323 crudelitatis
775 289 950 328 panituit,
975 287 1208 324 miseruntque
1231 284 1303 314 Dio-

335 344 413 375 doto
437 341 575 370 auctore
599 337 655 375 qui
681 334 815 365 dii-ersa
841 334 1051 372 imperarent
1076 331 1238 362 Chareti:
1256 330 1303 359 sic

334 389 469 419 seri-ata
486 383 578 419 urbs,
590 391 607 412 a
623 390 684 420 qua
701 381 795 411 Cleon
813 380 883 419 plus
902 387 998 418 quam
1014 377 1221 417 quadraginta
1243 376 1303 406 mi·

335 442 391 464 nas
409 432 492 461 dono
509 428 668 466 accepisse
685 427 870 457 accusatur
887 428 949 465 Eq.
969 427 1028 455 834
1043 433 1092 464 sq.

294 481 394 518 Myus
408 489 417 507 :
432 484 505 507 eam
524 474 639 505 urbem.
662 472 898 504 Themistocles
911 471 955 502 ab
967 473 1161 502 Artaxerxe
1175 469 1304 508 accepit

332 524 378 555 ad
395 524 467 562 ὄψα,
485 522 545 560 Eq.
561 523 610 551 84.

787 583 839 625 N.

293 665 365 696 Nais
381 662 544 699 meretrix,
566 659 759 700 Geryt.,fr.
779 663 850 698 230,
866 668 899 690 a.

293 708 449 746 Nani,sr.
477 709 543 738 134.
651 745 653 747 ι

291 756 444 792 Napa‘us
458 752 575 792 Apollo
596 751 700 786 Lesbi,
718 751 807 782 Nub.
828 753 893 782 144.

292 800 488 831 Nasturtium
503 808 509 828 :
523 798 596 836 eJ'us
616 800 662 828 ris
677 799 709 828 et
723 806 802 828 usus
818 797 912 837 apud
932 799 1066 833 Persas,
1085 795 1215 827 Thesm.
1232 799 1302 827 616.

292 849 407 877 Natare
421 844 571 883 supinum
589 843 843 882 docehatur‚fr.
861 845 931 873 654.

291 893 397 921 Nates
411 891 493 921 olim
511 889 749 928 absteryebant
766 890 870 920 tribus
883 889 1008 929 lapillis,
1026 892 1107 920 Pac.
1132 892 1219 920 1230.

291 938 505 969 Nauclericae
523 938 682 976 pecunioe
704 947 714 967 .·
740 944 782 967 esc
811 937 850 966 iis
885 936 994 966 thcori
1018 936 1165 975 Delphos
1190 937 1306 966 euntes

333 985 495 1013 riaticum
509 982 736 1022 accipiebant,
751 984 809 1013 Αυ.
832 984 920 1013 1541.

291 1029 465 1059 Naucrari
481 1039 490 1059 .·
506 1030 541 1059 iii
558 1036 675 1059 eorum
700 1028 811 1059 locum
835 1027 1008 1059 Clisthene
1030 1028 1083 1059 vel
1105 1028 1223 1058 Solone
1246 1036 1305 1058 au·

331 1076 423 1104 ctore
437 1073 623 1104 succedunt
646 1073 834 1108 demarchi,-
854 1073 944 1104 Nub.
964 1075 1013 1104 37.

291 1121 482 1158 Naufragus,
496 1120 543 1150 vel
557 1120 608 1150 Bis
620 1120 798 1159 Naufragus
811 1119 930 1159 (sabula
943 1120 1049 1159 spuria
1061 1119 1304 1159 Aristophanis),

328 1174 364 1205 p.
385 1169 455 1197 493.

293 1213 482 1251 Naupactii
501 1222 511 1242 .·
529 1220 646 1242 eorum
663 1213 839 1250 Dionysia,
860 1211 938 1243 Acti.
957 1214 1025 1242 195.

292 1258 499 1297 Naupliaute,
527 1257 590 1287 filia
617 1258 791 1296 NausouiS,
809 1257 935 1297 fictum
965 1266 1084 1289 nomen
1111 1258 1260 1289 triremis
1285 1265 1306 1287 a

331 1308 415 1341 ναῦς,
434 1306 496 1343 Eq.
521 1306 608 1334 1309.

291 1350 479 1388 Nauplius,
494 1351 599 1388 pater
614 1348 816 1379 Palamedis
829 1350 863 1379 et
879 1350 1002 1387 OEacis‚
1026 1348 1154 1380 leesm.
1172 1350 1242 1380 771.

291 1395 502 1433 Narisicpiles,
523 1395 575 1425 vel
592 1394 802 1434 ipses'arince
826 1394 992 1430 venditor,
1011 1395 1063 1426 vel
1081 1397 1122 1425 iis
1137 1397 1305 1433 inimicus,

332 1440 387 1470 vet
399 1448 549 1479 pauper,
568 1440 662 1471 Eccl.
680 1442 752 1471 426.

292 1486 515 1523 Nausimache,
530 1495 647 1516 nomen
664 1486 832 1525 muliebre,
851 1486 980 1518 Thesm.
1001 1489 1072 1518 804.
1090 1489 1180 1519 Erat
1203 1496 1306 1519 mere-

335 1534 406 1563 trix
420 1540 457 1563 eo
473 1534 619 1570 nomine,
641 1532 724 1564 ibid.

293 1584 410 1610 Nauso.
431 1580 509 1611 I'ide
524 1581 724 1620 Nauphante.

292 1627 543 1665 Nautidicie,sr.
564 1632 611 1658 16.

292 1673 388 1704 Naris
401 1676 435 1704 ut
452 1674 646 1712 gubernetur
660 1674 692 1704 in
709 1674 891 1705 vehementi
908 1676 1018 1713 vento,
1035 1678 1122 1707 Ran.
1138 1678 1198 1708 999
1220 1685 1306 1717 sqq„

332 1728 359 1749 si
369 1719 400 1749 h.
418 1724 505 1751 1000.
528 1721 605 1751 I'ide
620 1721 863 1759 Panathenaica,
879 1722 1020 1761 Paratus,
1032 1722 1212 1754 Salaminia.

285 1760 432 1811 [Nauium
446 1768 626 1798 charontis.
651 1768 730 1799 Vide
747 1769 884 1799 Charon.

287 1814 414 1850 -Qx'axus,
431 1813 543 1843 insula
559 1822 601 1843 ex
616 1814 831 1853 Cycladibus,
848 1814 887 1844 ab
900 1814 1144 1847 Atheniensibus
1158 1820 1250 1856 capta
1263 1818 1309 1847 est

334 1859 395 1889 sub
422 1861 613 1897 Pisistrato,
642 1862 732 1899 l'esp.
762 1864 831 1891 355.
855 1863 979 1892 Naxus
1006 1864 1186 1903 Apollinis,
1214 1864 1309 1903 apud

336 1907 518 1939 Ananiam,
549 1909 632 1936 Itan.
660 1911 730 1936 661.
759 1908 944 1947 Ναξιουργὴς
978 1909 1166 1948 cantharus,
1189 1911 1309 1950 quibus

335 1952 416 1981 otim
451 1953 559 1982 Naoeii
588 1952 778 1983 utebantur
812 1956 901 1984 mari·
927 1956 1175 1994 potentissimi,·
1207 1959 1309 1988 erant

335 2000 440 2027 etiam
455 1997 554 2028 lembi
568 1999 774 2039 Ναξιουργεῖς,
795 2002 977 2031 structura
994 2001 1038 2032 ab
1055 2003 1179 2033 Naxiis
1202 2005 1310 2035 inven-

338 2045 387 2081 ta,
404 2045 486 2074 Pac.
506 2047 572 2075 143.
753 2074 759 2079 .

295 2089 439 2120 Nebula:
455 2098 509 2129 per
530 2089 684 2120 Nehulam
706 2091 792 2129 jurat
817 2091 1013 2131 Strepsiades
1030 2095 1080 2125 uti
1091 2094 1170 2133 jam
1184 2098 1308 2135 mystes

330 2135 626 2175 philosophorum,
639 2136 726 2167 Ναί).
743 2140 813 2168 814.

297 2182 436 2219 Neleus,
453 2183 603 2221 Neptuni
618 2184 651 2213 et
668 2183 778 2222 Tyriis
790 2183 905 2222 silius,
924 2185 1001 2224 Lus.
1023 2189 1090 2217 139.

296 2227 459 2259 Neoclides
471 2232 590 2267 orator,
607 2229 824 2268 Pelarq.,sr.
840 2233 912 2270 387,
927 2231 1045 2271 lippus,
1056 2237 1310 2275 perstrinqitur

336 2276 376 2304 ut
391 2274 618 2314 sycophanta,
639 2274 717 2313 fur,
735 2277 928 2315 peculator,
952 2282 1165 2319 pereyrinus,
1180 2284 1214 2312 et
1232 2285 1312 2313 erat

338 2321 429 2351 lies-is
451 2321 571 2359 oculis,
590 2322 682 2352 Ecct.
701 2325 772 2360 254,
790 2323 859 2354 sch.
885 2325 939 2355 Pl.
957 2330 1028 2365 665,
1046 2330 1117 2358 716.
1146 2329 1311 2361 Neoclides

337 2367 441 2407 lippus
455 2368 486 2397 in
503 2369 656 2399 concione
677 2372 825 2401 oraturus
846 2371 996 2410 abigitur,
1016 2375 1108 2405 Eccl.
1134 2378 1307 2409 398-407.

337 2413 502 2444 Neoclides
521 2422 639 2453 caecus,
657 2417 690 2446 at
712 2416 745 2446 in
767 2417 901 2448 furando
917 2419 1059 2450 videntes
1072 2429 1237 2462 superans,
1254 2424 1310 2455 Pl.

337 2464 396 2490 665
411 2468 459 2499 sq.
479 2462 519 2490 In
536 2469 604 2500 qua
612 2460 743 2499 sabula
760 2466 907 2494 narratur
920 2466 1113 2506 AEsculapius
1129 2470 1310 2501 Neoclidem

338 2506 443 2544 prouti
463 2507 645 2537 merebatur
668 2516 809 2548 curasse,
835 2510 990 2542 nimirum
1014 2514 1173 2546 eruciatus
1194 2515 1262 2554 ejus
1281 2520 1312 2547 et

339 2551 517 2582 caecitatem
535 2561 663 2592 augens,
681 2564 745 2593 quo
760 2555 884 2594 ejurare
906 2560 1014 2595 posset
1029 2560 1227 2600 concionem,
1252 2564 1311 2593 716

341 2601 445 2635 —725‚
458 2601 489 2629 et
503 2600 671 2631 caecior-em
685 2602 782 2633 etiam
793 2611 889 2641 quam
911 2606 979 2634 erat
992 2608 1065 2636 ante
1077 2607 1224 2647 reddeuS,
1239 2612 1308 2641 747.

301 2645 454 2682 Neottus,
471 2646 616 2683 pulcher
635 2656 744 2686 puer:
761 2650 865 2680 talem
889 2650 989 2690 finqit
1005 2652 1173 2692 Didymus
1190 2656 1236 2687 ad
1252 2665 1311 2688 ex-

339 2690 543 2729 plicandum
557 2693 666 2724 locum
679 2697 736 2726 Αυ.
754 2698 823 2726 835.

301 2736 461 2775 Nephele,
480 2737 557 2773 (lea,
577 2747 667 2770 uxor
682 2741 914 2781 Athamantis,
932 2751 975 2774 ea·
997 2752 1033 2775 eo
1051 2748 1161 2777 mater
1174 2748 1310 2788 Phryxi

340 2783 371 2811 et
384 2783 500 2813 Helles
521 2795 530 2814 :
556 2788 749 2826 contempta
765 2796 787 2818 a
810 2791 937 2820 marito
957 2792 989 2821 in
1007 2791 1129 2823 ca’lum
1148 2795 1310 2835 urolacit,

341 2829 373 2857 et
390 2831 514 2867 reqioni
532 2830 603 2868 eJ'us
618 2834 755 2864 immisit
771 2835 984 2874 ariditatem,
1000 2838 1089 2868 Nub.
1109 2843 1179 2871 257.

300 2876 478 2923 Neptunus,
507 2877 693 2916 Ποσειδῶν,,
720 2882 779 2911 Ac.
808 2885 879 2920 586,
906 2883 996 2914 Nub.
1028 2887 1116 2923 1234,
1143 2889 1205 2917 etc.
1229 2889 1312 2920 Jore

334 2922 456 2957 μυιῶν
471 2924 547 2953 erat
564 2925 749 2956 seeundum
771 2929 966 2967 Homerum,
985 2931 1074 2961 Nub.
1095 2936 1165 2963 566.
1192 2936 1312 2974 Neptu-

344 2973 403 3015 nus
420 2968 541 3007 ἁλυκός,
554 2970 693 3001 Marinus
707 2981 713 3001 :
727 2973 788 3003 alii
802 2975 851 3005 sic
867 2974 910 3005 ab
928 2975 1012 3006 urbe
1028 2977 1312 3017 Peloponnesiaco

344 3009 471 3042 (lictum
490 3017 617 3052 putant
637 3018 751 3057 Alisca,
768 3019 825 3050 ubi
841 3021 977 3060 colitur,
1002 3024 1081 3061 Lys.
1100 3026 1170 3055 403,
1194 3029 1311 3066 Neptu-

345 3063 405 3085 nus
423 3062 556 3096 §.gaeum
572 3065 823 3100 promontorium
843 3069 963 3106 tenens,
982 3069 1036 3099 sali
1051 3070 1245 3111 moderator,
1269 3082 1312 3105 ex

345 3101 521 3142 Sophocle,
553 3109 635 3138 Ran.
667 3113 838 3143 664—666.
865 3118 1045 3153 Neptunus,
1075 3118 1178 3148 rector
1205 3121 1311 3159 maris,

345 3145 516 3179 advocatur
528 3160 564 3181 ex
583 3155 738 3191 profundo
760 3159 887 3189 Thesm.
902 3162 1075 3192 322—324.
1104 3165 1193 3194 Eum
1209 3166 1314 3197 Nubes

347 3196 554 3245 venerantur,
574 3197 718 3231 tridentis
733 3202 898 3235 domiuum
911 3229 919 3244 ,
941 3208 1034 3238 terrae
1056 3211 1087 3239 et
1103 3210 1198 3241 maris
1213 3215 1312 3243 moto-

312 3248 317 3251 ’
347 3241 466 3289 18¹1),le
478 3240 530 3270 ub.
559 3245 616 3272 566
642 3253 692 3284 sq.
719 3249 803 3279 Item
829 3253 1031 3291 simpliciter
1049 3254 1160 3286 dictus
1185 3261 1313 3289 Terram

348 3287 505 3337 quatiens,
528 3288 605 3326 Lys.
641 3294 734 3330 1142;
762 3297 898 3327 Marinus
920 3298 1009 3335 (16113,
1039 3303 1122 3332 Raii.
1155 3305 1242 3334 1341.
1274 3305 1314 3334 Ὦ

349 3329 609 3373 Ποντοποσειδον,
635 3336 687 3368 Pl.
728 3343 814 3371 1050.
845 3345 1025 3383 Neptunus
1049 3355 1125 3379 cum
1159 3351 1313 3382 lilinerra

954 197 1102 239 INDEX
1134 196 1364 236 NOMINUM
1397 195 1462 232 ET
1494 195 1678 234 RERUM.

1405 284 1543 313 certans
1558 282 1598 313 de.
1615 285 1821 322 possessione
1849 284 1944 315 urbis
1970 284 2197 325 Athenarum,
2213 288 2276 327 Eq.
2306 290 2378 325 562,

1404 337 1509 367 quum
1525 331 1558 360 in
1573 338 1610 360 eo
1627 332 1813 362 certamine
1838 331 1982 369 inferior
1998 332 2210 371 discessisset,
2227 333 2264 364 id
2275 333 2378 364 Athe-

1404 375 1576 407 niensibus
1601 376 1744 415 inflixit,
1761 379 1801 408 ut
1818 378 1914 409 mala
1939 379 2082 409 consilia
2106 381 2258 419 capiant,
2284 379 2374 410 Nub.

1405 424 1481 459 587,
1506 423 1596 453 Eccl.
1616 425 1688 454 473.
1712 426 1834 454 Postea
1861 424 2118 456 Atheniensibus
2138 427 2379 465 principatum

1404 469 1437 498 in
1458 471 1545 499 mari
1566 469 1673 508 dedit,
1697 470 1786 500 Nub.
1814 473 1884 501 304.
1911 472 2076 510 Neptunus
2093 471 2198 502 dictus
2213 472 2379 513 Σουνιάρα-

1404 524 1466 552 τος,
1485 516 1518 544 in
1533 517 1633 545 Sunio
1645 518 1880 555 promontorio
1897 517 2020 554 cultus,
2037 526 2091 548 rex
2109 518 2300 557 PelargIcns,
2315 527 2381 558 pro

1406 561 1617 600 Pelasqicus,
1642 565 1702 593 Αυ.
1731 566 1802 594 869.
1827 567 1972 602 Hymnus
1998 564 2030 594 in
2058 566 2253 603 Neptunum,
2281 573 2378 603 mare,

1405 616 1517 646 equos,
1544 608 1672 639 currilia
1695 609 1868 640 certamina
1895 610 2133 650 moderantem,
2158 611 2246 642 Sunii
2269 611 2379 641 adora-

1405 655 1488 692 tum,
1507 656 1706 692 Geraestum,
1730 655 1856 685 canitur
1869 655 1908 686 ab
1925 656 2103 695 mnitibus,
2118 659 2180 696 Eq.
2204 658 2380 694 551-554,

1406 700 1463 730 ubi
1484 709 1513 730 v,
1529 701 1647 731 scholl.
1659 701 1798 740 Neptuni
1813 702 1974 740 Equestris
1986 702 2189 742 signum,per
2202 701 2288 742 quod
2296 703 2383 740 jurat

1406 746 1621 786 Phidippides,
1637 747 1727 778 Nub.
1751 750 1800 779 83.
1818 750 1966 787 Neptuno
1990 748 2076 787 ovis,
2092 749 2155 780 alii
2171 761 2187 775 «
2199 748 2254 779 bos
2269 761 2299 785 υ,
2317 756 2382 778 ma·

1405 794 1523 830 613101,
1541 796 1596 824 Αυ.
1610 798 1679 824 566.
1706 796 1730 824 Α
1746 794 1928 825 Corinthiis
1942 795 2081 833 colitur,
2105 797 2163 835 qui
2184 796 2214 826 ei
2233 794 2382 827 Isthmia

1407 839 1593 877 celebrant,
1626 842 1690 879 Eq.
1715 844 1785 871 609.
1812 844 1882 871 Non
1907 843 1954 871 est
1986 841 2131 880 ἐπίδημος
2167 840 2201 871 111
2231 841 2355 872 Isthmo
2373 863 2381 878 ‚

1399 884 1455 922 fr.
1500 888 1572 916 348.
1625 888 1793 925 Neptunus
1829 886 1862 917 in
1895 890 2049 925 TaenarO,
2082 886 2141 917 ubi
2183 888 2261 918 erat
2300 889 2381 918 tem-

1402 931 1505 970 plum
1533 934 1687 972 Neptuni
1718 933 1906 973 Ἀσφαλείου,
1935 933 2015 964 Ach.
2051 937 2121 964 510.
2154 935 2200 964 In
2233 935 2383 964 Toenarii

1408 979 1559 1017 Neptuni
1574 980 1698 1019 templo
1712 981 1865 1018 Helotas‚
1878 982 1936 1021 qui
1949 980 2099 1011 salutem
2108 979 2154 1010 ibi
2167 980 2382 1020 quaerebant,

1407 1025 1601 1057 occiderant
1617 1027 1880 1060 Lacedaemonii,
1900 1028 1980 1059 ibid.
2000 1029 2200 1067 Neptunum
2216 1029 2382 1059 coronant

1410 1072 1543 1103 Helotce
1561 1074 1606 1112 (in
1624 1074 1812 1113 dramate),
1831 1077 1894 1115 Eq.
1914 1079 2003 1105 1225.
2032 1077 2202 1113 Neptunus
2219 1073 2383 1113 ἀσφάλειος

1407 1118 1504 1156 apud
1525 1119 1743 1151 Athenienses
1760 1121 1897 1159 colitur,
1913 1121 1964 1150 ἵνα
1977 1121 2119 1160 ἀσφαλῶς
2135 1120 2282 1159 πλέωσιν,
2302 1120 2381 1151 Acti.

1409 1166 1479 1195 682.
1506 1169 1564 1196 Per
1589 1170 1774 1206 Neptunum
1790 1169 1899 1206 jurant
1925 1168 1985 1198 xii-i
2009 1167 2099 1199 Nub.
2119 1172 2193 1206 665,
2215 1170 2287 1204 723,
2305 1168 2381 1206 Lys.

1411 1214 1500 1249 1165,
1520 1212 1649 1244 Thesm.
1666 1216 1717 1251 86,
1733 1217 1817 1245 Itan.
1834 1217 1903 1252 183,
1917 1217 1988 1252 276,
2005 1217 2076 1253 295,
2095 1216 2184 1253 1430,
2198 1214 2291 1245 Eccl.
2309 1216 2383 1249 339,

1407 1261 1468 1290 etc.
1484 1285 1493 1299 ,
1519 1261 1633 1292 mulier
1653 1263 1745 1293 Eccl.
1770 1265 1840 1293 568.
1869 1263 1909 1293 Ὦ
1927 1263 2077 1294 Πόσειδον
2108 1262 2141 1293 111
2172 1261 2384 1293 admiratione

1408 1307 1490 1336 Pac.
1527 1310 1597 1338 564.
1625 1310 1668 1339 In
1702 1308 1823 1339 Avibus
1844 1312 2012 1348 Neptunus
2032 1309 2152 1348 legatus
2175 1317 2194 1339 a
2212 1307 2273 1338 diis
2298 1307 2387 1338 venit

1412 1353 1658 1385 Nubicuculiam
1675 1363 1750 1385 cum
1768 1355 1904 1386 Hercule
1927 1357 1960 1386 et
1978 1355 2115 1386 Tribalio
2140 1354 2212 1394 deo,
2230 1355 2322 1393 cujus
2339 1355 2385 1384 in-

1409 1401 1575 1432 decentem
1600 1401 1745 1432 habitum
1762 1410 1847 1441 aegre
1870 1401 1952 1432 sert:
1971 1401 2027 1432 sed
2046 1402 2184 1440 utroque
2207 1400 2386 1432 Pisthetaeri

1408 1447 1529 1479 artibus
1545 1447 1691 1487 decepto,
1709 1447 1776 1485 jam
1795 1448 1936 1487 Neptuni
1960 1447 2047 1478 nulla
2064 1448 2206 1487 potestas
2223 1449 2288 1485 est;
2315 1446 2387 1477 inde

1408 1503 1482 1525 cum
1501 1494 1720 1534 indignatione
1737 1493 1809 1525 silet
1821 1496 1852 1525 et
1864 1493 1942 1531 abit,
1958 1495 2388 1532 1565—1692.—Neptunus

1409 1541 1596 1572 secundum
1617 1541 1801 1572 nonnullos
1817 1548 1895 1572 cum
1914 1540 2112 1580 Melanippe
2125 1542 2161 1571 in
2177 1539 2297 1579 scapha
2315 1547 2390 1570 con-

1410 1595 1556 1627 pressus,
1580 1589 1657 1626 Lys.
1682 1590 1749 1619 139.
1768 1589 1878 1618 Pater
1893 1587 1990 1617 Nelei
2006 1587 2039 1617 et
2059 1586 2166 1617 Peliae
2188 1594 2232 1617 ex
2255 1587 2388 1625 Tyrone
2420 1620 2426 1625 Ι

1411 1635 1552 1673 viiyine,
1570 1633 1653 1664 ibid.
1670 1635 1724 1664 Ex
1736 1633 1840 1672 Alope
1860 1634 1977 1673 qenuil
2002 1632 2300 1672 Hippothoontem,
2325 1635 2385 1663 Αυ.

1411 1683 1480 1710 559.
1507 1680 1592 1718 EJ'us
1607 1679 1710 1718 filius
1739 1678 2018 1717 Halirrhothius,
2045 1678 2137 1709 Nub.
2165 1682 2254 1717 1005,
2274 1679 2388 1717 6101]-

1410 1735 1505 1765 cnuS,
1522 1729 1610 1757 Ran.
1624 1729 1693 1757 963.

1369 1777 1499 1804 Nereus.
1512 1773 1603 1803 Nerei
1617 1772 1728 1803 marini
1741 1772 1825 1810 filim,
1848 1772 1978 1803 Thesm.
1997 1775 2068 1803 326.

1370 1822 1482 1851 Nestor
1507 1822 1539 1851 et
1564 1819 1617 1849 3111
1637 1820 1795 1859 sapientes
1811 1819 1894 1858 apud
1918 1820 2094 1850 Homerum
2115 1818 2276 1860 ἁγορηταί,
2296 1817 2387 1849 Nub.

1417 1870 1504 1898 1057.
1525 1868 1678 1897 Nestoris
1700 1868 1797 1897 nucis
1831 1866 2014 1906 δεκέμὸολος
2051 1865 2147 1905 apud
2171 1865 2389 1905 AEschylum.

1411 1916 1470 1944 Ar.
1494 1916 1581 1944 1256.

1370 1960 1545 1991 Nicarchus
1562 1968 1584 1990 a
1610 1961 1752 1990 Comicis
1770 1961 2021 1999 perstrtnqttur
2037 1960 2077 1990 ut
2093 1958 2329 1998 sycophanta;
2352 1961 2387 1990 in

1411 2006 1684 2038 Acharneus-ibus
1703 2006 1808 2045 prodit
1825 2008 1970 2037 Boeotum
1988 2006 2163 2044 delaturus,
2180 2005 2313 2036 ridicula
2330 2006 2386 2036 tin—

1410 2062 1504 2092 gens;
1530 2053 1584 2083 sed
1607 2053 1795 2092 Dicaeopolis
1820 2061 1893 2083 eum
1919 2056 2081 2092 arreptum
2109 2061 2167 2092 pro
2191 2061 2268 2083 vase
2298 2052 2387 2083 fictili

1411 2099 1583 2130 sarmentis
1606 2099 1705 2138 illigat
1725 2100 1757 2130 et
1775 2101 1884 2130 Boeoto
1908 2099 2077 2130 venditum
2100 2098 2232 2129 domum
2249 2100 2389 2141 auteren-

1411 2146 1487 2176 dum
1502 2145 1611 2184 tradit,
1626 2149 1796 2177 908—958.

1371 2194 1568 2230 Niceratus,
1583 2194 1686 2232 pater
1700 2194 1821 2230 Nicioe,
1838 2194 1899 2233 Eq.
1917 2195 1989 2231 358,
2007 2195 2080 2223 609.

1370 2238 1474 2269 Nicias
1492 2238 1577 2276 dux,
1591 2238 1692 2278 filius
1707 2241 1881 2277 Nicer-ati,
1896 2240 2000 2278 pater
2021 2239 2205 2278 Stratippi‚
2227 2238 2385 2269 δυσοιώνι-

1412 2296 1495 2322 στος,
1512 2287 1573 2325 Eq.
1590 2288 1662 2316 358.
1680 2285 1787 2316 Nicias
1803 2285 1890 2316 mille
1913 2285 2084 2316 drachmas
2103 2284 2244 2323 dederat,
2262 2293 2327 2324 quo
2348 2293 2389 2315 ne

1412 2331 1581 2371 imperium
1596 2332 1625 2362 ei
1638 2331 1884 2363 demandaretur
1898 2332 1942 2370 (in
1956 2330 2158 2371 expeditione
2171 2330 2388 2370 Sphacteriam

1412 2379 1583 2416 suscepta),
1606 2377 1799 2417 Georq.,fr.
1819 2382 1886 2409 156.
1902 2379 2020 2409 Nicias
2033 2385 2111 2408 cum
2127 2375 2282 2407 ducentis
2299 2379 2390 2417 equi-

1414 2423 1517 2462 tibus,
1535 2424 1657 2455 deinde
1684 2425 1822 2464 hoplitis
1847 2427 1881 2456 et
1904 2424 2046 2455 navibus
2072 2425 2178 2455 vincit
2202 2422 2250 2454 ad
2276 2424 2390 2454 Corin-

1416 2471 1514 2502 thum
1531 2474 1564 2502 et
1580 2471 1786 2510 Cenchreas,
1803 2474 1867 2511 Eq.
1885 2475 1955 2502 609.
1982 2473 2028 2502 In
2051 2478 2120 2511 qua
2130 2469 2264 2508 sabula
2285 2470 2390 2500 Nicias

1413 2518 1631 2548 introducitur
1656 2520 1693 2548 ut
1717 2526 1829 2548 servus
1855 2517 1984 2556 Populi,
2005 2517 2088 2548 male
2110 2516 2240 2547 habitus
2265 2516 2306 2547 ab
2327 2516 2389 2547 3110

1413 2571 1507 2593 servo
1521 2563 1637 2594 Cleone
1652 2573 1660 2593 :
1678 2563 1790 2594 timide
1808 2562 1955 2602 proponit
1972 2561 2179 2593 Demostheni
2200 2565 2237 2593 ut
2253 2563 2391 2592 transtu-

1415 2608 1500 2647 giant
1516 2608 1563 2639 ad
1578 2609 1858 2643 Lacedcemonios‚
1877 2611 1994 2646 1—293
2015 2607 2127 2638 deinde
2145 2608 2181 2638 ut
2194 2607 2255 2638 diis
2267 2608 2390 2647 suppli-

1412 2658 1498 2693 cent,
1514 2658 1565 2693 31;
1580 2656 1627 2686 vel
1641 2657 1674 2686 ut
1686 2655 1875 2693 moriantur,
1890 2658 1930 2685 80
1940 2653 2162 2694 sqq.Tandem
2176 2654 2390 2685 Demosthene

1414 2703 1568 2734 suadente
1581 2703 1726 2734 stertenti
1741 2702 1849 2734 Cleoni
1863 2702 1945 2741 rapit
1957 2701 2085 2732 oracula
2101 2701 2182 2732 clam
2197 2700 2318 2740 habita,
2333 2705 2389 2732 110

1413 2758 1484 2789 sqq.
1504 2749 1577 2780 Abit
1591 2750 1739 2780 Cleonem
1756 2748 1834 2788 quid
1848 2750 1919 2787 agat
1933 2748 2165 2787 speculaturus,
2187 2751 2255 2778 154.
2268 2743 2389 2779 Nicias

1414 2796 1457 2826 ab
1474 2796 1736 2826 Atheniensibus
1754 2795 1800 2826 ad
1814 2795 1941 2826 Melum
1963 2793 2233 2834 expuqnandam
2249 2796 2387 2834 missus,

1414 2844 1471 2872 Ar.
1493 2845 1560 2881 186,
1578 2843 1636 2873 ubi
1662 2851 1692 2873 v.
1711 2844 1838 2873 notam.
1854 2841 1970 2873 Metios
1987 2849 2051 2880 per
2066 2840 2204 2879 samem
2217 2840 2386 2879 perdidit,

1415 2889 1459 2919 ib.
1479 2892 1548 2920 363.
1567 2892 1657 2921 Erat
1677 2890 1860 2920 cunctator
1881 2888 1920 2919 ob
1933 2887 2177 2928 prudentiam,
2191 2888 2251 2928 *vel
2272 2889 2313 2919 ‘ut
2333 2896 2389 2920 ca-

1416 2936 1629 2967 lumniantes
1669 2936 1843 2974 dicebant,
1878 2935 1992 2966 lentus
2023 2943 2089 2974 per
2124 2934 2390 2974 neqliyentiam:

1414 2983 1508 3014 unde
1534 2985 1725 3023 μελλονικιᾶν
1742 2986 1801 3014 Αυ.
1822 2986 1890 3014 639.
1920 2982 2044 3013 Niciam
2065 2990 2198 3022 superas
2219 2981 2389 3019 machinis,

1415 3033 1473 3062 Αυ.
1500 3034 1572 3070 363,
1595 3031 1636 3062 de
1661 3031 1783 3071 quibus
1800 3039 1830 3061 c.
1854 3030 1998 3061 suidam
2022 3031 2057 3060 in
2080 3031 2174 3061 nota.
2202 3031 2248 3060 In
2269 3029 2390 3060 Sicilia

1414 3078 1530 3107 Nicias
1541 3079 1575 3107 H
1579 3085 1685 3116 ycara
1699 3078 1853 3116 occupat,
1873 3076 1926 3107 Pl.
1942 3078 2010 3108 179.
2022 3077 2182 3107 Mortuus
2194 3076 2272 3105 erat
2284 3082 2391 3114 quum,

1413 3125 1496 3153 Aves
1514 3123 1718 3162 aqetiantur,
1733 3125 1790 3154 Ac.
1806 3125 1884 3162 Ary.
1895 3124 1922 3154 Ι.
1939 3123 2048 3154 Niciae
2062 3123 2194 3153 amicus
2204 3120 2389 3160 Diopithes,

1416 3171 1478 3209 Eq.
1498 3172 1586 3200 1085.

1374 3215 1491 3253 Nicias,
1511 3211 1608 3246 homo
1623 3215 1826 3254 γυναικώδης,
1844 3214 1936 3246 Eccl.
1953 3210 2025 3246 4‘28.

1374 3261 1537 3299 Nicodice,
1552 3270 1669 3292 nomen
1683 3261 1837 3299 mulieris,
1852 3263 1930 3300 Lys.
1947 3265 2017 3292 321.

1375 3307 1586 3339 Nicomachus
1601 3317 1608 3337 z
1624 3307 1653 3338 ei
1673 3311 1803 3348 ποριστῇ
1822 3309 1945 3338 restem
1962 3307 2061 3338 mittit
2076 3306 2169 3337 Pluto
2184 3313 2258 3336 cum
2275 3304 2387 3335 minis:

1419 3355 1560 3385 notatur
1580 3356 1667 3385 enim
1695 3354 1735 3385 ob
1754 3354 2021 3394 improbitatem,
2037 3352 2096 3384 sed
2118 3360 2186 3384 non
2206 3353 2282 3383 erat
2300 3352 2390 3382 inter
