2533 3808
191 273 236 306 ¹0
829 251 1083 293 SCHOLIA
1120 250 1178 289 IN
1219 247 1663 288 ACHARNENSES.

241 367 304 392 243.
333 354 351 389 ὃ
376 346 528 390 Ξανθίας
549 345 606 383 τὸν
630 341 759 397 φαλλόν
781 355 788 380 ;
809 339 954 382 Φαλλός
979 337 1077 382 ξύλον
1098 336 1226 386 ἐπί-μη-

188 428 261 458 κες,
288 410 365 461 ἕχον
393 423 426 444 εν
452 421 500 456 τῳ
527 403 622 455 ἄκρῳ
651 400 806 438 σκύτινον
833 399 959 436 αἰδοιον
987 394 1226 447 ἐξηρτημένον.

188 469 309 507 ἵστατο
332 466 367 503 δὲ
393 467 410 501 ὃ
427 461 554 515 φα)λος
578 477 628 510 τῳ
651 458 825 508 Διονύσῳ,
852 455 944 493 κατά
968 470 1000 492 τι
1028 452 1226 505 μυστηριον.

189 527 267 578 περὶ
288 524 323 561 65
348 524 451 560 αὐτοῦ
474 523 533 557 τοῦ
560 519 692 571 φαὶλοῦ
714 519 857 553 τοιαῦτα
878 513 1027 564 λέγεται.
1061 510 1228 560 Πήγασος
1259 542 1261 544 .

154 600 170 624 ει
189 587 227 622 ἐκ
250 598 316 620 των
336 580 559 631 Ελευθερῶν,
578 593 613 614 αι
631 574 666 613 65
684 572 888 644 Ἐλευθεραι
909 570 1008 614 πόλις
1031 568 1097 607 εἶσι
1118 570 1229 606 Βοιω-

188 643 280 688 τίας,
297 639 414 678 λαὲὼν
435 652 495 674 του
513 634 676 675 Διονύσου
692 633 731 671 τὸ
749 633 893 683 ἄγαλμα
909 635 991 677 ἡκεν
1016 645 1061 671 εις
1074 642 1136 673 την
1153 626 1229 663 Ἀτ-

188 716 298 746 τικην.
327 699 358 735 οἷ
384 696 419 734 65
452 696 623 741 Ἀθηναῖοι
652 695 714 731 οὐκ
740 690 895 735 ἐδέξαντο
925 704 1013 739 μετα
1043 688 1146 736 τιμῆς
1170 683 1227 721 τὸν

189 758 275 797 θεόν.
299 756 373 794 ἀλλ’
392 756 454 793 οὐκ
478 752 599 804 ἀμισθί
620 767 659 803 γε
680 750 793 793 αὐτοῖς
811 764 921 786 ταυτα
945 741 1229 798 βουλευσαμένοις

190 815 317 862 ἀπέὲη.
352 813 558 864 μηνίσαντος
587 810 654 863 γὰρ
688 825 748 847 του
781 811 856 845 0506
886 805 981 848 νόσος
1009 801 1228 850 κατέσκηγιεν

140 888 170 912 10
190 872 235 913 εἷς
253 868 297 906 τὰ
321 868 433 905 αἰδοῖα
450 881 516 903 των
535 865 680 936 ἀνδρῶν,
700 877 760 899 και
778 860 816 897 τὸ
841 858 946 897 δεινὸν
965 857 1152 902 ἀνήκεστον
1171 861 1227 902 ἠν.

189 930 234 971 ὡς
251 927 285 964 65
304 929 448 964 απεῖπον
465 939 549 976 προς
565 921 627 967 τὴν
641 920 738 958 νόσον
755 918 900 972 κρείττω
915 915 1099 967 γενομένην
1116 914 1231 960 πάσης

190 984 402 1058 ἀνθρωπείας
422 981 633 1034 μαγγανείας
650 979 709 1017 καὶ
725 977 865 1029 τέχνης,
884 974 1132 1020 ἀπεστάλησαν
1150 977 1232 1010 θεω-

192 1045 262 1098 ροὶ
256 1044 344 1081 μετὰ
361 1042 520 1087 σπουδῆς·
535 1039 567 1077 ο’·ι
580 1038 621 1085 δὴ
637 1038 763 1075 ἐπανελ
766 1034 911 1078 θόντες”
893 1049 1025 1086 εφασαν
1038 1032 1130 1070 ἴασιν
1147 1030 1230 1069 ταύ-

189 1119 252 1150 την
269 1106 355 1139 εἶναι
371 1100 490 1151 μόνην,
508 1100 536 1136 εἷ
559 1096 615 1135 δια
640 1098 743 1145 τιμῆς
761 1093 897 1139 ἁπάσης
926 1092 1039 1143 ἄγοιεν
1060 1090 1117 1128 τὸν
1142 1089 1229 1128 θεόν.

140 1180 171 1205 15
190 1160 382 1202 πεισθέντες
406 1162 463 1196 οὐν
486 1162 555 1200 τοῖς
578 1152 803 1206 ἠγγελμένοις
833 1154 862 1189 οἳ
890 1151 1061 1196 Ἀθηναῖοι
1083 1146 1233 1201 φαλλοὺς

192 1219 261 1272 ἰδίογι
278 1235 315 1256 τε
330 1234 389 1255 και
408 1213 557 1267 δημοσία
573 1211 848 1257 κατεσκεύασαν,
870 1225 931 1247 και
952 1208 1081 1250 τούτοις
1097 1208 1153 1258 ἐγε
1158 1221 1231 1257 ραι-

193 1294 247 1331 ρον
270 1277 327 1315 τὸν
347 1275 433 1322 θεὸν,
455 1272 647 1323 ὑπόμνημα
670 1269 868 1318 ποιούμενοι
896 1283 955 1305 του
981 1266 1120 1308 πάθους.
1151 1264 1233 1307 ἴσως

192 1336 228 1374 δὲ
248 1351 307 1373 και
327 1350 378 1371 οτι
407 1332 541 1370 παίδων
560 1329 724 1381 γενέσεως
749 1326 855 1370 αἴτιος
877 1328 894 1363 ὃ
920 1324 1003 1368 θεός.
1026 1322 1149 1370 ηδονην
1166 1321 1232 1374 γὰρ

191 1394 251 1432 καὶ
269 1391 449 1446 ἀφροδίσια
471 1389 557 1440 μέθη
577 1387 784 1432 ἐξανίστησι.
805 1399 986 1436 τοιγαρουν
1009 1381 1068 1420 καὶ
1091 1384 1108 1418 ὃ
1128 1380 1234 1422 Λάϊος

113 1496 116 1501 γ
139 1469 173 1494 2ο
193 1451 309 1494 ἐκδοὺς
329 1450 449 1488 ἑαυτὸν
468 1447 553 1498 μέθῃ
574 1452 695 1493 [Eurip.
712 1450 823 1482 Phoen.
848 1447 894 1488 21]
914 1460 928 1475 «
948 1441 994 1484 εἴς
1012 1456 1048 1477 τε
1071 1439 1233 1491 βακχεῖον

191 1525 305 1548 πεσων
324 1528 338 1542 »
362 1507 526 1560 ἐφύτευσε
549 1505 691 1556 (παῖδα.
717 1500 853 1575 φαλλ1ός
874 1500 909 1538 δὲ
934 1500 973 1538 τὸ
1001 1498 1091 1541 πέος.
1120 1497 1235 1541 παίζει

191 1569 227 1606 δὲ
252 1567 336 1620 πρὸς
367 1566 424 1604 τὸν
457 1563 606 1610 οἰκέτην.
637 1560 788 1604 Ξανθίας
816 1559 882 1612 γὰρ
917 1557 1084 1596 οἰκετικὸν
1113 1558 1233 1605 ὄνομα.

191 1627 358 1679 κέχρηται
375 1624 411 1662 δὲ
429 1624 522 1661 αὐτῶ
538 1621 598 1660 καὶ
615 1623 648 1658 ἐν
671 1618 869 1671 Βατράχοις
891 1618 972 1668 [271]
991 1635 1007 1650 ιι
1029 1618 1046 1652 ὁ
1064 1614 1234 1660 Ξανθίας,

190 1690 256 1722 ποῦ
288 1683 461 1731 Ξανθίας;
485 1701 499 1714 »
525 1680 590 1718 εἶσὶ
624 1679 660 1717 65
685 1678 744 1716 καὶ
777 1679 811 1714 ἐν
839 1680 882 1728 τῆ
909 1674 1079 1728 κωμῳδία
1105 1672 1235 1711 οἰκεῖαι

140 1763 173 1787 25
193 1743 361 1790 Ξανθίας,
377 1741 514 1787 Τίδιος,
531 1738 686 1784 Σωσίας,
701 1741 808 1783 Δᾶος,
826 1735 958 1784 Γέτας.)

245 1826 307 1851 245.
330 1810 431 1862 (τῆν’
418 1809 621 1861 ετνήρυσινῑ
637 1805 744 1852 Τηνγ
728 1803 986 1857 ςωμάρυστρον,
1004 1803 1038 1839 ἐν
1054 1806 1076 1851 ᾑ
1092 1800 1129 1837 τὸ
1144 1799 1236 1842 ἔτνος

194 1870 367 1923 ἀρύονται.
398 1867 561 1920 καθάριον
591 1865 627 1903 δὲ
657 1867 702 1906 εἷς
727 1861 921 1915 υπερὸολὴν
948 1860 987 1898 τὸ
1011 1860 1132 1909 ὄνομα.
1164 1857 1236 1895 ἔστι

193 1930 228 1967 65
265 1945 324 1967 και
360 1931 460 1965 τοῦτο
492 1927 627 1962 ἀστεῖον
664 1922 724 1960 καὶ
764 1918 1030 1970 πεπαιδευμένῳ
1069 1916 1236 1969 ἁρμόζον,

195 1987 281 2038 μηδὲ
302 2002 369 2025 των
393 1984 484 2023 κατὰ
515 1982 578 2029 τὴν
613 1981 723 2020 οἰκίαν
751 1981 882 2017 σκευῶν
914 1981 975 2023 τῆς
1005 1977 1237 2026 καθημερινῆς

141 2067 176 2092 30
194 2046 312 2100 γρείας
328 2047 460 2115 ἀγνοεῖν
474 2059 517 2080 τα
534 2041 700 2091 ὀνόματα.
718 2038 896 2090 ἐτνήρυσιν
911 2030 968 2074 06v
983 2034 1127 2073 ἐκάλεσε
1140 2032 1236 2085 παρὰ

194 2106 233 2143 τὸ
261 2121 295 2142 εν
325 2105 413 2154 αὐτῆ
444 2100 607 2154 ἀρύεσθαι
636 2097 675 2136 τὸ
699 2097 802 2139 ἔτνος.
828 2095 974 2146 λέγομεν
1001 2093 1037 2131 δὲ
1060 2091 1237 2144 ἐτνηρυσιν

195 2171 264 2201 πᾶν
287 2163 326 2201 τὸ
346 2160 533 2213 ταράσσον.
558 2158 651 2200 ἔτνος
677 2156 712 2194 65
740 2155 855 2205 ἔλεγον
876 2153 939 2200 τὴν
961 2152 1091 2204 ἀθάραν
1118 2150 1177 2187 καὶ
1199 2149 1238 2186 τὸ

195 2222 328 2260 πίσινον
349 2223 412 2272 ἀφε
405 2218 535 2272 ’.Ὶρημα,
549 2219 594 2260 ὡς
610 2215 669 2253 καὶ
688 2215 721 2252 ἓν
744 2211 941 2265 Βατράχοις
960 2215 1020 2257 [62]
1040 2228 1055 2244 «
1071 2209 1139 2256 ἤδη
1161 2207 1238 2245 πότ’

197 2280 416 2331 επεθύμησας
430 2277 556 2318 ἔτνους.
574 2277 603 2326 ιι)

144 2371 177 2395 35
248 2365 313 2390 246,
341 2353 400 2387 τοῦ
434 2347 594 2398 >λατῆρος
628 2357 638 2383 t
668 2340 825 2394 Ἐλατήρ
859 2342 932 2378 ἐστι
978 2336 1240 2378 πλακουντωδες

197 2410 321 2461 πέμμα
343 2405 472 2445 πλατύ.
497 2404 599 2455 (ἔνθεν
624 2401 684 2440 καὶ
711 2404 733 2447 ἡ
759 2397 960 2448 ἐπωνυμία,
969 2395 1082 2470 gap&
1101 2395 1140 2432 τὸ
1165 2397 1240 2438 ταῖς

195 2484 314 2521 ’χερσιν
330 2464 531 2505 ἐλαύνεσθαι
549 2464 594 2504 εἷς
610 2460 752 2503 πλάτος.
770 2460 937 2509 ἐλατῆρος
951 2459 1008 2493 οὐν
1022 2471 1082 2493 του
1095 2453 1239 2504 πέμμα-

197 2543 264 2571 τος.
291 2526 363 2564 ἔστι
386 2522 422 2561 δὲ
440 2522 539 2574 ἄρτος
560 2518 711 2564 πλατὺς,
730 2519 764 2554 ἐν
781 2519 810 2568 ιγ)
829 2514 868 2552 τὸ
891 2513 983 2556 ἔτνος
1004 2512 1159 2550 ἐτίθεσαν
1181 2527 1240 2548 και

197 2589 370 2638 προσῆγον
392 2586 441 2620 τῶ
467 2582 586 2632 βωμῳ.
612 2576 740 2627 ἐλατήρ
766 2575 801 2612 65
817 2580 887 2611 πᾶν
912 2573 951 2610 τὸ
973 2570 1101 2609 πλατύ.
1122 2570 1187 2608 εἶσι
1204 2568 1239 2607 65

147 2663 181 2688 ιιι
200 2646 258 2684 καὶ
274 2646 331 2681 λα
322 2641 486 2695 γαρώδεις
502 2637 628 2691 παρὰ
611 2636 650 2674 τὸ
663 2638 719 2673 λα
710 2632 827 2687 γαρόν.
844 2631 904 2669 καὶ
916 2629 1059 2668 πέλανοι
1075 2628 1158 2682 παρ’
1176 2630 1242 2667 E6·

202 2703 330 2757 ριπίδη.
323 2703 348 2752 .)

254 2785 317 2810 254.
349 2765 614 2841 θυμξῗροφάγονε
629 2760 733 2802 Ἤτοι
750 2757 946 2812 ἀγροικικὸν
962 2756 1020 2794 καὶ
1039 2754 1239 2807 ἐλευθέριον

201 2845 350 2882 παρΟσΟν
367 2830 397 2865 Οἱ
413 2843 447 2864 SV
461 2827 555 2877 ἀἫρ()
573 2821 803 2875 Οῑαῗρίλοντὶς
817 2815 1050 2888 ἀφὶλὲισῗεροῑν
1060 2829 1119 2851 χαί
1135 2829 1243 2851 &ttet-

202 2889 366 2940 κέστεροι.
387 2885 425 2923 τὸ
450 2883 485 2922 65
510 2881 661 2954 θύμὸρον
686 2881 720 2917 ἐν
746 2879 842 2930 ἀγρῳ
862 2875 1012 2945 γίνεται.
1033 2872 1104 2909 ἔστι
1124 2870 1159 2909 65
1183 2872 1242 2909 καὶ

150 2966 184 2991 45
203 2963 301 2985 τουτο
330 2945 446 2997 ἄγριον
479 2941 593 2995 ιγουτόν
619 2938 641 2985 ἢ
672 2937 795 2990 πικρὸν
824 2951 883 2973 και
919 2930 1021 2985 δριμὺ
1058 2929 1149 2968 κατὰ
1174 2933 1242 2967 τῶν

203 3008 345 3058 ἐγθριιιν.
367 3004 396 3053 (δ
384 3001 483 3073 ριμὶι
500 3000 566 3053 γαρ
590 2999 628 3036 τὸ
655 2996 770 3050 φυτόν.
786 2997 816 3033 οι
841 2993 875 3031 δε
893 2991 968 3030 ἀντὶ
988 2994 1046 3028 τοῦ
1065 2988 1167 3042 δριμὺ
1185 3004 1244 3026 και

202 3063 332 3116 ἱλαρόν.
351 3077 435 3104 τινες
453 3059 488 3097 65
501 3062 548 3111 τιῖι
566 3058 663 3110 θύμῳ
680 3053 938 3108 παραπλήσιον.
958 3050 979 3097 ἢ
1001 3048 1148 3095 ἁπαλὸν,
1166 3047 1242 3094 ηδύ.

204 3137 364 3172 κωμικως
381 3118 414 3156 65
429 3117 575 3161 ἔπαιξεν.
581 3119 591 3167 )

257 3201 321 3224 255.
351 3186 441 3234 γα)
421 3195 485 3226 ας;
504 3181 593 3219 Ἀντι
613 3183 671 3218 τοῦ
693 3179 820 3220 παῖδας
837 3174 1074 3228 δριμυτάτους.
1092 3189 1192 3210 τουτο
1209 3171 1277 3230 δεγΙ

205 3245 244 3283 τὸ
261 3260 308 3296 ⁰7.
309 3247 383 3293 ῆμα
397 3243 554 3279 καλεῖται
571 3254 666 3290 παρα
681 3235 899 3289 προσδοκίαν.
916 3234 982 3272 ἔδει
998 3232 1065 3285 γαρ
1080 3230 1244 3284 εκφάναι,

155 3276 188 3301 50

207 3303 429 3349 {mmmm-:Tou
442 3300 569 3341 ‘Ita-6022
585 3296 730 3339 νεανίας.

259 3367 408 3407 ὀπύσει.
427 3363 597 3415 Γαμήσει.
621 3368 702 3399 ῐίεί.

261 3446 324 3471 256.
350 3428 487 3469 ἐπειδὰν
505 3428 654 3481 ὄρθρος
638 3443 690 3478 ῃ.
683 3424 904 3475 ’Παρόσον
889 3439 923 3459 εν
939 3424 988 3474 τῷ
1004 3421 1085 3474 ορθρ
1089 3436 1116 3472 ῳ
1133 3420 1246 3457 δοκοῦ-

1287 350 1339 372 σιν
1353 337 1383 372 οἳ
1404 334 1576 387 ἄνθρωποι
1597 337 1747 387 συνεχῶς
1766 335 1926 387 βδέειν,
1907 336 1963 375 οιὰ
1982 337 2020 375 τὸ
2042 355 2102 382 τας
2116 339 2236 393 πέψεις
2252 340 2329 380 τότε

1285 392 1450 442 γίνεσθαι.

1340 464 1402 488 257.
1422 450 1590 502 πρόὸαινε
1617 463 1626 489 :
1654 450 1752 494 Ως’
1737 467 1793 489 επι
1815 451 1919 502 ὄχλου
1942 453 2190 503 πομπευόντων
2216 457 2329 494 αὐτων

1289 507 1405 559 (λέγει.
1422 508 1686 560 φυλάττεσθαι
1668 508 1738 546 οὲα
1741 525 1792 545 ντι
1806 525 1865 547 του
1876 526 2104 583 παρατηρειν,
2118 514 2208 566 ,ww
2188 530 2314 553 αττειν.
2317 516 2330 567 )

1340 580 1404 604 259.
1432 565 1570 617 (ὀρθὸς“
1556 565 1695 609 εκτέος;
1707 566 1752 604 ‘l'
1755 583 1812 616 μιν
1827 568 1855 603 6'
1871 568 1962 605 ἐστιν
1977 572 1994 605 ὁ
2009 571 2078 621 φαλ
2071 569 2136 613 λος
2152 584 2363 642 κατασχε-15

1287 624 1377 671 τέος,
1404 622 1649 675 βαστακτέος
1636 624 1814 673 επομένοις
1829 628 1871 676 τῆ
1893 626 2091 679 κανηφόρῳ.
2117 627 2192 678 ἅμα
2213 629 2248 666 δὲ
2272 629 2332 666 καὶ

1286 682 1371 734 πρὸς
1387 682 1426 719 τὸ
1442 680 1666 733 κακέμφατόν
1693 683 1784 719 ἐστιν
1810 685 1827 719 ὃ
1853 683 1998 735 φαλλὸς,
2021 685 2060 722 τὸ
2079 686 2163 735 πρὸς
2185 686 2332 736 μίμησιν

1287 745 1345 778 τοῦ
1370 740 1510 778 αἰδοίου.
1534 739 1594 777 καὶ
1615 743 1716 777 τοῦτο
1742 739 1777 777 δὲ
1805 740 1920 785 παίζει
1941 744 2103 791 κωμικῶς
2130 724 2253 795 λέγων,
2275 744 2333 782 τὸν

1288 799 1416 852 φαλλὸν
1434 798 1530 849 ὀρθὸν
1548 797 1706 849 κατέχειν
1721 798 1860 836 ὄπισθεν
1874 802 1936 845 τῆς
1950 800 2147 851 παρθένου.)

1340 871 1403 897 261.
1434 857 1565 910 ᾄσομαι
1580 855 1619 893 τὸ
1636 856 1802 908 φαλλικόν
1821 870 1830 895 :
1846 844 2012 908 ἌσμοιταΙ
2024 858 2162 909 λέγεται
2179 860 2334 912 φαλλικὰ
2355 870 2388 895 10

1288 914 1332 953 τὰ
1352 915 1409 953 ἐπὶ
1436 918 1486 968 τῷ
1506 915 1627 968 φαλλῷ
1653 915 1804 967 ᾀδόμενα
1827 915 1928 966 μέλη.
1949 915 2022 954 ἔστι
2048 916 2084 955 δὲ
2104 919 2151 961 εἷς
2172 918 2337 958 Διόνυσον

1292 973 1326 1025 (ἢ
1345 976 1391 1017 εἷς
1412 974 1516 1011 ἄλλον
1531 972 1690 1025 καρπόν).

1343 1047 1404 1071 263.
1435 1033 1559 1083 (Φαλ
1538 1048 1578 1078 ης
1604 1033 1749 1084 ἑταιρε;
1770 1033 1885 1078 Διπλῆ
1914 1048 1974 1070 και
1995 1032 2115 1083 μέλος,
2141 1028 2180 1072 06
2201 1037 2337 1085 ἡγεῖται

1289 1091 1456 1144 περίοδος.
1486 1093 1507 1136 ἡ
1534 1090 1706 1163 περικοπὶγ
1735 1089 1856 1128 κώλων
1893 1090 1933 1135 ιζ’
1969 1094 2030 1128 τοῦ
2065 1094 2267 1145 ὑποκριτοῦ,
2298 1089 2339 1140 ἧς

1290 1166 1413 1203 πρωτα
1432 1149 1494 1200 μέν
1516 1151 1600 1186 εἰσιν
1620 1150 1665 1195 η’,
1689 1151 1722 1186 ἓν
1744 1148 1887 1186 εἷσθέσει
1915 1148 2064 1199 ἷαμὸικὰ
2085 1150 2230 1203 δίμετρα
2252 1153 2338 1189 ἀκα-
2359 1165 2392 1189 15

1290 1208 1450 1255 τάληκτα
1475 1207 1535 1258 μὲν
1553 1208 1603 1259 β’,
1621 1207 1659 1244 τὸ
1678 1205 1713 1244 65
1730 1207 1760 1258 γ’
1785 1207 2050 1253 καταληκτικόν.
2071 1207 2115 1245 τὰ
2136 1207 2171 1245 δὲ
2197 1208 2288 1246 ἄλλα
2310 1209 2336 1246 ε’

1291 1265 1546 1312 καταληκτικά.
1558 1264 1830 1317 περισπωμένως
1844 1264 1879 1302 δὲ
1893 1265 1932 1302 τὸ
1944 1267 2104 1312 Φαλῆς
2085 1282 2106 1302 α
2110 1267 2338 1317 ναγνωστέον,

1292 1329 1337 1368 ὡς
1354 1325 1498 1377 Ερμῆς.
1519 1323 1626 1366 ούτως
1644 1322 1679 1361 65
1696 1323 1854 1361 Αττικοί·
1874 1322 1971 1376 παρὰ
1988 1326 2194 1377 Δωριευσι
2176 1340 2212 1362 05
2230 1328 2338 1377 βαρυ-

1291 1384 1409 1426 τόνως.
1438 1401 1454 1416 «
1480 1385 1497 1420 ὃ
1524 1382 1551 1419 δ’
1577 1386 1619 1419 αὐ
1648 1381 1774 1428 Φάλης
1804 1382 2075 1426 κατακυπτάζει.
2100 1403 2116 1418 ιι
2145 1381 2235 1420 ούτω
2259 1383 2338 1421 Σώ-

1294 1458 1386 1495 (γορων
1404 1441 1589 1494 εχρήσατο.
1602 1438 1718 1491 ὥσπερ
1736 1439 1771 1477 δὲ
1788 1439 1991 1491 “Ὀμηρος”
1968 1455 2102 1490 ηρμοσε
2118 1440 2336 1487 κατάπληξιν
2358 1458 2394 1484 20

1293 1517 1335 1552 τῃ
1353 1516 1396 1553 ’,γου
1400 1504 1443 1551 γῆ
1461 1515 1520 1537 και
1544 1497 1684 1550 εταίραν
1711 1499 1815 1544 αὐτῆς
1832 1497 1956 1550 ἔφησεν
1975 1513 2062 1535 ειναι
2083 1503 2137 1544 [11.
2154 1507 2187 1545 1,
2201 1504 2231 1545 2]
2250 1517 2265 1532 ιι
2282 1502 2340 1536 θε-

1295 1558 1422 1604 σπεσίη
1447 1556 1503 1608 ἔχε
1519 1556 1607 1609 φύζα
1625 1574 1639 1589 υ
1658 1555 1762 1593 εἷπων
1784 1573 1798 1589 «
1819 1555 1926 1608 ιρόὸου
1949 1554 2128 1608 κρυόεντος
2157 1556 2341 1609 ἑταίρη,ιι

1295 1616 1383 1654 οὕτω
1402 1632 1462 1654 και
1483 1618 1500 1652 ὃ
1516 1614 1670 1665 κωμικὸς
1688 1615 1815 1652 εκεῖθεν
1840 1613 1959 1651 λαέὼν
1983 1612 2046 1657 τὰς
2065 1613 2241 1667 ἀφορμας,
2258 1616 2342 1652 Διο-

1295 1675 1388 1727 νύσῳ
1414 1674 1471 1712 τὸν
1497 1672 1628 1726 pamm
1657 1675 1791 1724 εταῖρον
1817 1676 1904 1709 εἰναι
1928 1671 2044 1724 φησίν.
2075 1672 2246 1711 ἀκόλουθα
2275 1671 2342 1745 γὰρ

1296 1734 1513 1784 Διονυσιακῳ
1536 1748 1632 1784 ποτῳ
1648 1729 1692 1768 τὰ
1712 1729 1908 1784 ἀρροδίσια.
1935 1736 2103 1783 μαρτυρεῖ
2124 1729 2159 1768 65
2177 1733 2262 1781 ἡμῖν
2280 1731 2340 1769 καὶ
2362 1746 2396 1772 25

1299 1791 1488 1845 Εὐριπίδης
1508 1795 1635 1838 [Phoen.
1650 1794 1698 1835 21]

1501 1878 1518 1908 ὁ
1528 1878 1553 1908 δ’
1566 1877 1660 1917 ἡδονῇ
1674 1876 1742 1912 δοὺς
1756 1875 1797 1911 εἷς
1810 1885 1842 1906 τε
1858 1875 2005 1916 βακχεῖον
2015 1874 2133 1906 πεσών.

1350 1964 1413 1989 264.
1443 1948 1829 2002 νυκτοπεριπλάνητε.
1862 1946 2004 1990 Οἷκείας
2040 1946 2191 1993 ἐντίθησι
2228 1944 2344 1999 φωνὰς

1297 2011 1392 2062 ψυχῆ
1411 2007 1574 2059 ἀνειμένῃ
1597 2006 1657 2045 καὶ
1673 2007 1741 2053 ἤδη
1761 2004 1946 2057 μεθυούσῃ.
1964 2004 2110 2051 ἡδίστην
2128 2003 2163 2042 δὲ
2179 2003 2242 2051 τὴν
2264 2003 2344 2041 σύν-

1301 2073 1391 2106 θεσιν
1408 2067 1471 2114 τὴν
1489 2083 1548 2105 του
1569 2065 1906 2117 νυκτοπεριπλάνητε
1920 2067 1942 2110 ἡ
1957 2063 2038 2117 περί
2057 2062 2217 2116 πρόθεσις
2235 2061 2346 2116 εἷργά-
2363 2085 2398 2110 30

1299 2143 1398 2165 σατο.
1403 2129 1412 2177 )

1352 2200 1416 2224 205.
1451 2183 1580 2236 μοι-χέε
1598 2182 1666 2222 Διὰ
1682 2182 1722 2220 τὸ
1738 2181 1816 2225 τοὺς
1830 2180 2016 2232 μεθύοντας
2030 2180 2185 2253 γίνεσθαι
2203 2194 2284 2231 περι
2299 2177 2344 2216 τὰ

1300 2244 1493 2298 ἀφροδίσια.
1515 2245 1565 2280 δεῖ
1582 2242 1618 2280 δε
1633 2247 1733 2287 νοεῖν,
1747 2241 1800 2278 δ’τι
1819 2244 1930 2277 ταῦτα
1946 2240 2012 2291 067
2025 2242 2070 2282 ὡς
2087 2239 2121 2275 ἐν
2137 2236 2344 2290 βλασφημία

1298 2283 1436 2355 λέγεται
1452 2302 1491 2340 τὸ
1509 2300 1611 2353 μοιχέ
1627 2300 1686 2338 καὶ
1706 2299 1746 2337 τὸ
1764 2297 2001 2351 παιδεραστά,
2019 2298 2109 2334 ἀλλὰ
2126 2295 2210 2348 πρὸς
2228 2296 2346 2347 διάχυ-

1300 2378 1352 2400 σιν
1376 2361 1435 2399 καὶ
1455 2359 1646 2431 ἱλαρότητα
1668 2374 1728 2397 του
1750 2358 1896 2417 φαλλου.
1923 2358 1982 2407 (ὥς
2006 2355 2066 2393 καὶ
2093 2355 2176 2407 παρ’
2197 2353 2345 2407 Ὁμήρῳ
2364 2380 2398 2406 35

1302 2426 1354 2468 [ΙΙ.
1363 2429 1400 2468 Ε,
1413 2425 1460 2466 31]
1471 2419 1554 2471 πρὸς
1564 2417 1713 2455 διάθεσιν
1725 2419 1839 2469 ψυχῆς
1849 2434 1864 2450 ‹
1881 2419 1975 2466 Ἄρες
1981 2413 2079 2467 Ἄρες
2091 2411 2300 2488 β1ροτολοιγέ.
2311 2413 2343 2464 ιι)

1353 2493 1416 2518 206.
1447 2478 1536 2537 ἕκτῳ
1556 2477 1586 2515 σ’
1608 2476 1675 2514 ἔτει
1692 2475 1911 2527 προσεῖπονῑ
1928 2472 2061 2512 ἽΞκτον
2076 2471 2143 2525 γὰρ
2163 2477 2206 2519 ἠν
2224 2470 2345 2510 λοιπὸν

1301 2536 1393 2582 ἔτος,
1412 2536 1467 2588 ἀρ’
1483 2539 1520 2572 οὗ
1537 2538 1554 2573 ὃ
1572 2534 1727 2605 πόλεμος
1738 2531 1928 2578 Ἀθηναίοις
1943 2530 2029 2584 πρὸς
2045 2528 2347 2576 Πελοποννησίους

1302 2595 1462 2640 συνέστη.
1496 2595 1603 2643 δῆμον
1636 2591 1672 2629 65
1710 2591 1775 2644 ἔφη
1809 2606 1870 2635 την
1904 2589 2040 2639 κώμην,
2078 2590 2143 2640 οὐχ
2181 2590 2228 2631 ὡς
2260 2587 2345 2640 παρ’

1302 2654 1449 2706 Ὁμήρῳ
1467 2658 1519 2699 [11.
1537 2660 1580 2698 B,
1594 2656 1658 2697 547]
1679 2668 1693 2683 «
1709 2651 1817 2699 δῆμον
1838 2649 2039 2700 Ἐρεχθῆος.
2059 2664 2073 2679 »
2363 2674 2401 2702 40

1355 2726 1418 2751 270.
1447 2710 1506 2748 καὶ
1526 2707 1739 2782 Λαμάχωνε
1762 2706 1807 2745 O
1836 2705 2007 2756 Λάμαχος
2039 2707 2134 2746 οὗτος
2159 2701 2344 2749 Ἀθηναίων

1303 2769 1513 2824 στρατηγὸς,
1545 2767 1615 2809 υἱὸς
1649 2764 1884 2818 Ξενοράνους,
1924 2762 1977 2813 ὃν,
2012 2761 2068 2799 ὅτε
2103 2762 2150 2804 εἷς
2181 2760 2345 2800 Σικελίαν

1302 2830 1422 2868 ἔπλεον
1442 2841 1473 2865 οι
1492 2827 1681 2872 Ἀθηναῖοι,
1703 2821 1979 2875 ἐγειροτόνησαν.
2004 2824 2044 2867 ἠν
2068 2817 2102 2857 δε
2121 2818 2210 2870 μετὰ
2231 2819 2346 2858 Ἀλκι-

1305 2889 1423 2926 ὅιάδου
1447 2900 1543 2924 καιι
1529 2883 1670 2930 Νικίου,
1692 2884 1738 2924 ὡς
1759 2881 1889 2931 ιστορεῖ
1908 2877 2122 2925 Θουκυδίδης
2144 2876 2201 2915 διὰ
2206 2880 2288 2924 τῆς
2311 2877 2344 2922 ς’

1305 2954 1345 2996 [e
1361 2953 1403 2993 8].
1425 2950 1466 2992 ἠν
1484 2943 1518 2982 δὲ
1538 2941 1767 2995 φιλοπόλεμος
1786 2943 1894 2981 οὗτος.
2363 2964 2398 2990 45

1356 3019 1420 3044 272.
1462 3000 1605 3075 ὡρικὴν
1636 2998 1849 3051 υληφόρον·
1841 3027 1849 3035 .
1883 2994 1974 3034 Ἀντι
2006 3009 2065 3032 του
2101 2992 2232 3046 ωραίαν
2268 2992 2345 3043 (καὶ

1305 3062 1471 3115 ἀκμαίαν.
1483 3059 1555 3112 ώρα
1569 3058 1668 3110 γὰρὴ
1684 3055 1793 3107 ἀκμη.
1809 3070 1867 3092 και
1881 3051 2006 3105 ωραῖόν
2024 3067 2128 3104 φασιν
2142 3053 2173 3088 οἱ
2188 3049 2345 3103 τραγικοὶ

1272 3108 1276 3180 ι
1303 3139 1341 3161 TO
1366 3123 1527 3171 ἀκμαῑθν.
1551 3132 1647 3155 7.onoe
1672 3114 1707 3152 ΟΞ
1729 3113 1774 3151 τὰ
1794 3127 1938 3150 ’ἳΟῑαυτα
1965 3125 2132 3160 ΟνΟματα.
2162 3107 2286 3161 &pv->2010
2308 3106 2346 3145 δὲ

1306 3179 1481 3232 μειράκιον
1500 3175 1560 3214 καὶ
1576 3176 1710 3227 ὡρικως
1729 3174 1763 3209 ἐν
1784 3171 2011 3209 Δαιταλεῦσιν
2033 3166 2147 3210 αὐτός.
2164 3169 2187 3212 ἡ
2205 3165 2240 3203 δὲ
2256 3164 2345 3209 λέξις

1306 3236 1521 3285 ἀπόδεκτος.)
2363 3251 2400 3278 50

1358 3310 1420 3335 273.
1451 3310 1513 3340 την
1553 3289 1805 3343 Στρυμοδωρου
1841 3289 2006 3341 Θρᾷτταν
2038 3298 2047 3324 :
2085 3282 2190 3323 Ἤτοι
2226 3297 2346 3325 κοινως

1306 3352 1476 3401 δούλην,
1457 3369 1479 3398 η
1504 3351 1611 3395 ούτως
1633 3347 1860 3398 καλουμένην,
1889 3345 1952 3391 τὴν
1975 3347 2014 3382 ἐκ
2038 3341 2192 3395 Θρᾴκης·
2220 3342 2266 3383 ὡς
2279 3338 2344 3386 τὴν

1276 3426 1277 3430 ’
1307 3414 1375 3453 ἀπὸ
1403 3410 1561 3464 Φρυγίας
1585 3408 1644 3447 καὶ
1667 3404 1926 3459 Παφλαγονίας.
1949 3401 2082 3455 φελλεῗς
2108 3398 2143 3437 δὲ
2171 3397 2287 3450 ἔλεγον
2310 3401 2342 3437 οἱ
