2517 3792
371 1515 513 1573 Quod
539 1516 714 1562 mirum
733 1517 881 1563 videri
904 1528 1077 1580 potest,
1102 1519 1139 1563 si
1167 1519 1248 1580 qui
1266 1528 1406 1564 erunt
1425 1518 1485 1564 ad
1510 1518 1635 1565 hanc
1664 1521 1883 1582 paginam
1915 1521 2083 1580 delati,
2110 1540 2191 1568 no-

306 1613 481 1656 minum
521 1623 567 1656 et
603 1628 750 1656 rerum
783 1611 978 1656 indicem
1007 1612 1281 1674 przefatione
1312 1613 1508 1670 instrui,
1543 1630 1641 1658 non
1670 1613 1911 1660 x‘idebitur
1939 1616 2011 1661 his
2037 1616 2190 1679 perle-

298 1711 398 1756 ctis.
428 1714 478 1756 In
511 1710 598 1755 illis
628 1726 740 1756 sane
775 1711 926 1773 poetis
962 1720 1005 1755 et
1037 1710 1378 1773 scriptoribus,
1417 1710 1499 1773 qui
1533 1710 1630 1756 hoc
1654 1710 1833 1774 ubique
1866 1713 2032 1759 dicunt
2060 1714 2192 1776 quod

297 1810 441 1857 verba
466 1821 662 1868 sonant,
685 1811 827 1874 plana
855 1811 928 1856 wia
954 1811 1218 1869 inceditur3
1247 1810 1376 1874 apud
1396 1811 1762 1874 Aristophanem
1788 1828 1874 1875 per
1901 1812 2080 1870 lusum,
2108 1830 2193 1876 per

294 1910 521 1968 ironiam,
550 1927 635 1973 per
661 1910 831 1955 miram
854 1910 1175 1956 diversitatem
1197 1911 1524 1973 loquentium,
1557 1927 1642 1974 per
1662 1911 1824 1956 omnia
1848 1910 2058 1973 denique
2088 1928 2193 1974 quae

294 2010 466 2056 veteris
503 2008 751 2055 comoediae
787 2008 1037 2054 exsultatio
1069 2025 1123 2053 ex
1159 2008 1403 2070 ingenioso
1434 2018 1576 2070 poeta
1604 2007 1792 2066 elicuit,
1827 2025 1902 2054 res
1936 2026 2037 2055 eam
2071 2026 2192 2072 saepe

293 2107 502 2169 speciem
529 2106 764 2161 induunt,
797 2116 871 2162 ut,
910 2107 946 2151 si
976 2106 1022 2150 in
1055 2106 1172 2151 seria
1197 2105 1447 2167 jejunitate
1482 2105 1648 2151 indicis
1675 2106 1738 2151 ita
1770 2106 2050 2164 referantur,
2084 2107 2193 2152 lon-

294 2207 481 2269 gissime
507 2205 742 2251 abfuturae
765 2206 859 2250 sint
890 2222 916 2251 a
944 2222 1052 2251 vera
1084 2206 1316 2251 sententia
1343 2215 1511 2267 poetae.
1543 2208 1675 2250 Hanc
1702 2207 1750 2250 in
1778 2205 1943 2260 italice,
1973 2206 2194 2252 abstersis

298 2303 497 2360 facetiis,
532 2303 718 2348 comico
757 2301 982 2364 choragio
1018 2312 1240 2358 exutam,
1280 2302 1489 2365 proponi
1534 2302 1851 2348 conveniebat
1884 2303 2000 2348 :sed
2039 2320 2190 2365 quum

296 2399 494 2445 collecta
518 2403 589 2448 ὕλη
616 2415 670 2443 ex
696 2398 942 2444 comoediis
965 2408 1009 2444 et
1035 2398 1230 2444 scholiis
1250 2398 1348 2459 jam
1373 2415 1457 2461 per
1479 2415 1527 2443 se
1551 2399 1600 2443 in
1627 2415 1851 2460 magnum
1870 2416 2092 2445 acervum
2116 2417 2191 2446 ex·

296 2497 542 2554 crevisset,
584 2513 645 2541 ne
676 2513 780 2542 mea
805 2497 1146 2559 qualicumque
1177 2497 1476 2560 expositione
1511 2496 1651 2542 nudae
1686 2498 1933 2543 sententiae
1961 2498 2010 2543 in
2041 2498 2193 2559 majus

295 2595 437 2639 etiam
472 2602 737 2655 augeretur,
771 2608 823 2637 ea
858 2608 962 2654 quae
1000 2593 1241 2654 praecipua
1278 2607 1375 2637 esse
1409 2592 1762 2650 existimabam,
1801 2593 1955 2639 verbis
1997 2594 2192 2656 quidem

293 2689 352 2735 ad
391 2688 732 2752 Aristophanea
772 2704 915 2749 quam
951 2689 1167 2751 proxime
1199 2688 1539 2734 accedentibus
1578 2689 1750 2734 referre
1789 2690 1987 2746 tentavi,
2025 2706 2191 2734 verum

295 2787 510 2832 oratione
554 2786 620 2831 ita
667 2785 959 2848 composita,
1005 2796 1056 2831 ut
1104 2785 1214 2832 ficta
1249 2803 1275 2832 a
1311 2786 1432 2831 veris
1470 2785 1602 2831 facile
1638 2785 1858 2832 dinoscas
1892 2796 1937 2831 et
1981 2796 2190 2831 mentem

294 2880 478 2925 Comici
516 2880 648 2926 haud
681 2897 798 2942 aegre
844 2880 1080 2942 dispicias.
1116 2879 1477 2926 Attendendum
1515 2890 1582 2925 est
1624 2890 1783 2925 autem
1822 2881 1870 2925 in
1914 2896 1966 2926 ea
1991 2896 2064 2937 re,
2104 2897 2192 2926 nec

294 2992 500 3038 usquam
524 2977 882 3040 negligendum,
912 2996 967 3024 ex
993 2994 1087 3041 qua
1113 2978 1326 3041 quidque
1352 2977 1508 3022 fabula
1540 2976 1778 3022 afferatur.

362 3076 583 3120 Ceterum
616 3093 745 3123 novo
781 3078 1001 3123 instituto
1042 3087 1089 3122 et
1125 3078 1184 3123 ad
1222 3076 1590 3139 Aristophanem
1632 3076 1874 3137 inprimiS,
1914 3076 2188 3138 opinamur,

297 3169 662 3215 accommodato
685 3181 838 3233 poetae
855 3171 981 3216 dicta
1002 3182 1047 3216 et
1069 3171 1431 3217 scholiastarum
1452 3172 1898 3233 interpretationem
1922 3182 1968 3218 et
1985 3172 2193 3234 disputa-

298 3268 452 3312 tiones
493 3268 541 3312 in
585 3284 737 3313 unum
778 3269 1141 3330 conjunximus,
1172 3286 1257 3332 per
1288 3281 1513 3333 typorum
1553 3270 1755 3315 formam
1791 3281 1994 3334 utraque
2028 3271 2191 3316 distin-

298 3370 526 3422 guentes:
563 3362 646 3423 qui
681 3361 855 3406 modus
887 3378 1038 3422 quum
1071 3362 1120 3406 in
1153 3363 1434 3408 universum
1471 3362 1671 3408 multam
1703 3365 2094 3410 commoditatem
2123 3365 2190 3410 af-
