2533 3808
203 194 249 227 04
939 181 1187 220 SCHOLIA
1223 181 1284 219 IN
1319 181 1591 229 EQUITES.

202 272 260 312 ἐπὶ
275 275 319 325 τῇ
341 270 493 322 θαλάττῃ
514 268 689 320 κείμενος,
713 266 782 304 ἀπὸ
808 266 910 304 πέντε
928 269 989 312 τῆς
1016 265 1150 309 πόλεως
1175 281 1238 312 ση-

203 332 322 381 μείων.
682 377 702 385 Ν

254 402 318 427 816.
349 389 443 438 ἰχθῦς
459 384 596 427 καινοὺς
617 398 625 422 ;
652 386 750 430 Οἱον,
773 383 811 420 ἐκ
827 385 887 420 τοῦ
916 383 1092 434 Πειραιῶς
1114 381 1238 428 ἐποίη-

202 462 258 483 σεν
275 445 377 483 αὐτὸν
405 444 524 495 ἰχθύας
540 442 645 494 ἔχειν.
663 441 720 479 τὸν
735 440 800 493 γὰρ
820 443 972 493 Πειραιᾶ
991 442 1237 490 Θεμιστοκλῆς

168 519 184 542 5
203 504 398 556 προσέὸαλε
410 506 452 554 τῇ
463 502 574 540 πόλει.
586 500 625 538 τὸ
641 499 677 539 δὲ
693 500 869 553 παρέθηκε
880 530 891 551 ,
903 499 1097 552 προσέθηκε
1106 529 1116 547 ,
1128 514 1235 551 προσ·

200 562 367 607 εκόλλησε
381 561 425 598 τὰ
443 559 563 612 μακρὰ
579 559 693 611 τείχη.

251 634 315 659 817.
349 619 596 670 μικροπολίτας
616 631 625 657 t
646 617 714 657 Διὰ
738 617 801 665 τὴν
827 620 867 656 ἐκ
890 621 951 656 τοῦ
976 616 1129 667 πολέμου
1160 632 1238 654 στε-

199 679 369 731 νοχωρίαν
385 681 452 716 τῶν
469 678 708 728 ἀναλωμάτων
726 677 786 715 καὶ
801 676 863 724 τὴν
880 679 947 714 τῶν
964 677 1094 728 ἀνδρῶν
1113 675 1236 713 σπάνιν

199 737 419 775 συνέστειλαν
436 736 480 775 τὰ
497 737 610 789 τείχη.

147 812 180 838 10
251 810 317 835 818.
350 796 537 847 διασχίζων
555 811 562 835 ;
584 795 752 846 Συνάγων
772 794 831 832 καὶ
849 793 1046 832 συστέλλων
1062 792 1107 831 τὰ
1123 792 1234 844 τείχη.

199 853 256 892 διὰ
282 854 349 907 γὰρ
374 854 431 892 τὸν
447 855 600 905 πόλεμον
619 855 678 892 καὶ
694 853 738 892 τὰ
755 853 812 891 ἐπὶ
834 856 904 896 τοῖς
921 858 1077 905 φρουροῖς
1101 851 1237 889 ἀναλώ-

199 929 294 963 ματα
305 913 364 951 καὶ
375 912 437 960 τὴν
455 915 522 951 τῶν
540 914 672 966 ἀνδρῶν
688 912 811 950 σπάνιν
826 911 1046 949 συνέστειλαν
1062 909 1105 948 τὰ
1119 910 1234 962 τείχη.

251 985 316 1010 819.
349 973 505 1015 κάκεῖνος
534 971 596 1022 μὲν
618 970 736 1024 φεύγει
768 986 776 1010 2
806 970 1065 1023 Ἐξωστράκισε
1087 968 1154 1021 γὰρ
1180 971 1236 1007 τὸν

199 1031 444 1081 Θεμιστοκλέα
461 1034 479 1069 ὃ
497 1033 615 1081 δῆμος.

148 1108 178 1132 15
252 1104 292 1126 συ
311 1090 338 1127 δ’
363 1090 574 1141 ἀχιλλείιι)ν;
593 1089 680 1128 Συ
663 1088 697 1126 οὲ
718 1091 778 1134 τῆς
804 1089 838 1125 ἐν
858 1086 1054 1139 πρυτανείω
1072 1085 1238 1131 σιτήσεως

199 1147 368 1199 μετέχεις.
388 1150 576 1186 ἐκαλοῦντο
598 1147 664 1200 γὰρ
686 1146 860 1199 ἀχίλλειαί
887 1161 974 1189 τινες
990 1145 1104 1198 κριθαι
1124 1148 1238 1182 καθα-

201 1222 257 1258 ραι
271 1209 317 1249 ὡς
334 1208 480 1258 εὐγενεῖς
495 1202 613 1246 αῧται.

251 1279 313 1303 821.
344 1265 393 1315 μὴ
421 1265 637 1318 σκέρὸολλεε
662 1262 723 1309 Μὴ
741 1262 899 1315 λοιδόρει.
924 1264 1024 1309 δηλοῖ
1045 1262 1080 1299 δὲ
1099 1261 1138 1299 τὸ
1155 1277 1238 1314 κερ-

197 1330 328 1374 τομεῖν.
353 1330 465 1362 κεῖται
489 1323 524 1362 δὲ
553 1327 612 1361 νῦν
638 1326 660 1369 ἡ
683 1321 772 1365 λέξις
798 1322 874 1358 ἀντὶ
900 1325 959 1358 τοῦ
990 1320 1037 1371 μὴ
1066 1320 1236 1359 ποίκιλλε.

145 1403 180 1428 20
199 1382 257 1420 καὶ
274 1383 504 1434 Καλλίμαχος
521 1387 571 1428 [sr.
591 1386 655 1426 231]
675 1399 690 1413 a
709 1378 880 1431 σκέρὲολα
896 1379 1107 1428 μυθήσαντο.
1132 1397 1145 1411 »

251 1455 316 1481 822³..
347 1441 585 1494 ἐγκρυφιάζων
616 1436 882 1491 εἜμφωλεύων
906 1437 966 1474 καὶ
995 1436 1237 1490 ἀποκρύπτων.

196 1499 216 1538 ὃ
237 1499 272 1538 δὲ
297 1500 408 1551 λέγει,
437 1499 589 1538 τοιοῦτόν
618 1500 721 1536 ἐστιν·
749 1495 929 1539 ἕλοίνθανές
960 1512 1003 1546 με
1028 1497 1237 1565 ῥαδιουργῶν

198 1574 278 1611 περι
304 1575 366 1604 ἰ-νν
393 1558 504 1596 πόλιν.
523 1556 592 1594 ἀπὸ
609 1555 644 1593 δὲ
660 1559 719 1593 τοῦ
738 1553 921 1606 ἐγκρυφίου
944 1554 1049 1607 ἄρτου
1069 1554 1239 1606 μετήνεγ-

198 1631 267 1654 κεν.
285 1620 367 1664 οἱον,
384 1616 561 1654 λανθάνων
579 1614 639 1653 καὶ
656 1612 858 1665 ἐγκρύπτων
875 1612 1033 1652 σεαυτόν.

144 1699 180 1725 25
250 1688 313 1713 824.
343 1674 471 1712 ὁπόταν
487 1680 641 1726 χασμᾷε
672 1670 802 1710 Οπότε
829 1686 1084 1724 μετεωροορονε
1071 1676 1129 1714 313.
1157 1687 1239 1718 οιον,

199 1750 278 1787 περι
296 1734 387 1772 ἄλλα
406 1735 467 1780 τὴν
496 1733 648 1771 διάνοιαν
680 1730 782 1781 ἔχεις.
816 1729 920 1776 διπλῆ
946 1728 981 1767 δε
1011 1746 1070 1768 και
1097 1731 1240 1773 εἴσθεσις

200 1809 247 1836 εις
261 1793 418 1846 περίοδον
446 1789 700 1836 ἀναπαιστικὴν
723 1786 954 1860 τετράμετρον
976 1789 1035 1826 καὶ
1065 1789 1239 1839 εἰκοσίιιε·

199 1867 277 1905 τρον
297 1851 554 1897 δωδεκάκωλον,
573 1844 636 1901 [ὧν
666 1863 707 1886 το
724 1861 860 1899 πρωτον
886 1863 946 1884 και
969 1850 1027 1885 τελ
1031 1864 1123 1886 ευται
1128 1864 1204 1885 ον’-
1192 1864 1241 1885 ,ε-

200 1911 378 1964 τράμετρα
401 1912 514 1948 καταλ
516 1908 657 1957 ηκτικά.
683 1906 727 1944 τὰ
747 1903 782 1942 δε
800 1903 897 1942 λοιπ
856 1920 906 1942 ἀ
927 1905 1083 1959 διμετρα.
1110 1906 1167 1944 ἐπὶ
1190 1909 1240 1944 τιΝι)

147 1993 182 2018 30
201 1968 291 2007 τελει
309 1969 452 2016 διπλῆἔ
433 1969 497 2013 εξω
513 1985 548 2007 νε
551 1969 718 2019 ιευκυια]

634 2030 714 2067 Τῶν
737 2029 877 2068 δικαίων
898 2025 1187 2078 παραλογισμῶν.
1211 2026 1240 2061 οἱ

253 2043 316 2067 825.
345 2032 412 2066 τῶν
434 2030 579 2066 εὐθυνῶν
601 2041 610 2067 :

200 2091 267 2144 γὰρ
292 2087 505 2143 χειρίσαντές
534 2102 567 2124 τι
595 2089 663 2123 τῶν
684 2090 805 2125 κοινῶν
828 2102 888 2124 και
909 2083 1146 2129 διοικήσαντες
1172 2084 1240 2118 τῶν

1134 2140 1199 2155 :cxlx

201 2149 433 2200 ἀνηλωμένων
458 2145 648 2198 χρημάτων
669 2145 809 2188 εὐθύνας
828 2144 888 2183 καὶ
915 2141 1102 2193 λογισιιους
1129 2143 1240 2179 ἐοιοο-

202 2225 279 2248 σαν.
302 2231 354 2238 ——
372 2209 441 2244 τΓι)ν
463 2206 642 2243 εὐθυνι)ν;
659 2206 741 2242 Τῶν
757 2205 945 2255 τιμωριῶν.
971 2208 1055 2239 lact.

148 2291 182 2317 35
255 2266 503 2310 ἓκκοιυλίζων;
527 2263 610 2301 Ἀπὸ
629 2265 698 2300 τῶν
721 2262 765 2300 τὰ
786 2262 925 2330 J0270w0t
946 2257 1083 2297 ἀποκλ
1063 2274 1178 2296 ωντων
1198 2259 1241 2310 τῇ·

203 2341 381 2379 μεταφορα
404 2322 591 2376 ἐχρήσατο.
614 2325 696 2367 οἷον,
715 2322 879 2358 ἀνασπῶν
908 2334 970 2356 και
992 2319 1153 2368 ἀναιρῶν.
1171 2316 1241 2354 ὂδὲ

201 2384 314 2435 λέγει,
331 2381 482 2420 τοιοῦτόν
500 2382 584 2418 ἐστι·
604 2379 724 2429 μισθον
743 2377 935 2416 λαιιὸάνιιΝ
955 2376 1053 2426 παρὰ
1069 2377 1137 2412 τῶν
1155 2376 1242 2412 διοι-

202 2443 353 2480 κούντων
373 2440 417 2478 τὰ
441 2455 539 2477 κοινα
559 2437 721 2476 ἐκκόπτει
741 2439 854 2474 αὐτῶν
874 2451 936 2478 τας
962 2434 1079 2483 δίκας,
1112 2450 1165 2471 ινα
1192 2433 1240 2484 μὴ

203 2505 253 2539 ὁ
237 2503 343 2551 δῆμος
359 2496 704 2546 ευθύναςλαμέάνειν
722 2494 803 2547 παρ’
820 2496 933 2531 αυτΓ)ν
952 2491 1108 2537 δύνηται

257 2573 320 2597 826.
349 2555 616 2609 καταδρογθίζει
646 2567 654 2592 :
695 2552 890 2591 Καταπίνει
924 2549 1136 2601 ἀμφοτέραις
1169 2551 1244 2592 ταῖς

203 2617 316 2670 χερσί.
335 2615 509 2654 τουτέστιν
527 2613 714 2659 ἀπλήστως
731 2627 790 2649 και
812 2610 950 2662 λάῧριικ
967 2625 1026 2646 και
1043 2610 1106 2660 οἶφε
1094 2609 1201 2650 .ιδι)ς.

258 2689 321 2715 827.
352 2675 592 2725 μυστιλᾶταιῑ
616 2670 861 2723 Κατατρώγει.
892 2668 983 2711 ἰδίως
1003 2666 1038 2704 δε
1058 2665 1155 2719 παρὰ
1174 2672 1244 2709 τοῖς

205 2736 370 2777 Ἀττικοῖς
397 2732 565 2784 μυστίλννΙ
593 2730 738 2768 ἐκάλουν
767 2745 825 2766 τον
851 2728 954 2780 ἄρτον
979 2742 1036 2763 τον
1063 2729 1132 2768 τοῖς
1165 2725 1243 2763 κυσὶ

204 2793 528 2847 παραῧαλλόμενον.
547 2789 622 2840 [και
642 2790 797 2838 ἀλλα-χοῦ
816 2793 878 2833 [ΡΙ.
897 2799 946 2824 6³7
949 2791 960 2831 ]
981 2784 1244 2855 μεμυστιλημέ-

205 2869 263 2896 νας
287 2851 362 2890 ἀντι
383 2855 443 2888 τοῦ
470 2846 767 2900 κατειργασμένας
792 2845 858 2891 ηδη
882 2860 941 2881 και
968 2846 1004 2880 ἑτ
1010 2842 1141 2892 ιίμους,
1167 2858 1244 2879 του-

681 2904 824 2947 ’.Αλλως
845 2901 970 2953 μυστί)
972 2918 993 2948 η
1019 2918 1036 2938 ο
1053 2902 1166 2944 κοῖλος
1183 2900 1245 2953 ἅρ-

150 2587 186 2612 40

151 2883 185 2909 45

204 2911 299 2949 τέστι
321 2908 583 2961 μεμασημένας.
577 2908 600 2958 .]

205 2985 279 3016 τος,
301 2973 328 3021 ᾧ
350 2968 492 3006 δύναταί
511 2983 561 3010 τις
580 2966 638 3003 καὶ
659 2964 773 3014 ζωιιὸν
792 2960 997 3015 ἀρύσασθαι.

259 3042 322 3065 829.
352 3027 485 3079 αιρήσιι)
510 3040 518 3064 :
550 3026 711 3076 [ΦθερΓ),
716 3023 727 3072 ]
757 3020 927 3071 διελέγξω.
962 3017 1109 3056 ἔλαῧε
1092 3016 1126 3055 οε
1145 3020 1245 3055 τοῦτο

208 3085 277 3123 ἀπὸ
296 3089 354 3123 τοῦ
374 3084 566 3136 γαιρήσεις.
648 3080 793 3123 Ἄλλως.
819 3080 951 3123 κλοπης
977 3091 1015 3113 σε
1042 3074 1244 3127 κατηγορή-

209 3160 290 3193 σας,
310 3142 498 3188 καταδίκης
515 3139 620 3182 αἴτιός
640 3155 692 3176 σοι
712 3137 904 3189 γενήσομαι
921 3134 1066 3181 νικήσας
1085 3149 1136 3172 σε.

260 3215 324 3240 8;.;σ
351 3201 386 3238 τί
415 3199 716 3240 θαλαττοκοπεῖςῑ
746 3192 1093 3244 ἸΞθαλαττοκράτουν
1120 3207 1188 3243 γαρ
1216 3192 1246 3228 οἱ

209 3260 393 3306 Ἀθηναῖοι.
413 3260 459 3300 ὡς
478 3260 538 3294 τοῦ
564 3254 723 3296 Κλέωνος
740 3254 891 3303 συνεχῶς
906 3249 1163 3323 προφερομένου
1183 3263 1245 3294 την

207 3318 298 3357 κατὰ
318 3317 491 3355 θάλατταν
511 3312 725 3352 δυναστείαν.
747 3310 968 3360 πλατυγίζειν
993 3309 1029 3346 δὲ
1054 3307 1181 3361 κυρίως
1207 3306 1246 3344 τὸ

209 3376 394 3416 ἐπιτιθέναι
405 3375 442 3413 τὸ
459 3371 698 3423 πλαταγώνιον
712 3373 754 3421 τῇ
772 3371 936 3422 ἀριστερᾷ
952 3369 1042 3422 ιχειρὶ
1056 3370 1114 3408 καὶ
1131 3368 1245 3406 παίειν

155 3234 190 3258 50

1297 269 1341 318 τῇ
1361 267 1454 321 δεξια
1476 269 1536 307 καὶ
1560 264 1647 322 ἦχον
1676 272 1866 312 ἀποτελεῖν.
1948 273 2091 317 Αλ)ιιι)ς.
2116 274 2149 312 τί
2174 275 2333 349 ταράττῃ

1296 325 1356 362 καὶ
1382 326 1532 378 θορυὸῃ,
1553 327 1701 366 ἔλαὸε
1683 329 1719 367 οὲ
1745 331 1807 378 τὴν
1833 347 1958 405 ’χρησιν
1987 336 2047 370 τοῦ
2069 331 2235 383 ὀνόματος
2266 334 2336 372 ἀπὸ

1296 386 1358 429 τῆς
1379 384 1563 432 θαλάττης.
1592 387 1731 425 ἐπειδὰν
1755 388 1822 442 γὰρ
1844 390 1911 428 ὑπὸ
1937 390 2172 460 σφοδροτέρων
2199 391 2335 442 ἀνέιιων

1296 446 1456 494 ταραχθῃ
1472 442 1516 481 τὰ
1535 443 1675 495 κύματα
1685 448 1877 497 ,ἀλλήλοις
1890 464 1931 486 συ
1934 448 2149 501 γκρούουσιν.

1349 519 1569 570 πλατυγίζεις
1598 534 1607 560 :
1635 519 1760 574 Ἄμφω
1793 525 2145 577 μεγαλορρηιιοσύνης
2177 525 2336 578 ῥήματα,
2355 535 2373 559 5

1297 592 1357 614 και
1385 579 1434 615 π)
1437 578 1542 630 ατύνῃ
1573 595 1633 616 και
1659 580 1862 632 ἀλαζονεύῃ.
1890 582 1958 619 ἀπὸ
1985 582 2021 620 δὲ
2039 586 2098 620 τοῦ
2119 584 2335 655 πλατυτέρου

1299 634 1423 707 μέρους
1446 639 1506 682 τῆς
1531 636 1669 684 κώπης,
1690 638 1707 675 ὃ
1726 642 1769 691 τῇ
1793 639 1946 691 θαλάττῃ
1969 642 2111 690 μᾶλλον
2122 643 2336 694 προσερείδει

1297 694 1356 731 καὶ
1384 693 1512 732 τύπτον
1536 695 1575 733 τὸ
1597 695 1688 748 ὕδωρ
1713 713 1755 748 τῃ
1781 697 1910 750 εἰρεσίᾳ
1937 698 2168 750 ἀπεργάζεται
2193 700 2335 748 κτύπον,

1296 755 1317 798 ἡ
1340 753 1532 806 μεταφορά.
1555 753 1789 798 ἀκολούθως
1771 755 1806 793 03
1825 772 1875 792 τω
1895 756 2196 800 θαλαττοκοπεῒς’
2181 757 2336 818 επήγαγε

1295 811 1335 849 τὸ
1352 812 1583 863 πλατυγίζεις.
2360 824 2391 847 10

1349 895 1411 919 834.
1443 882 1729 935 δωροδοκήσαντα
1748 881 1908 927 εὌντιι)ς
1918 883 2171 935 ἐδωροδόκησεν
2186 884 2336 923 ὃΚλέων

1297 942 1335 978 ἐκ
1350 941 1563 988 Μιτυλήνης.
1581 943 1618 978 οὐ
1635 941 1736 992 μόνον
1755 940 1790 979 δὲ
1810 941 1848 979 τὸ
1860 942 1953 994 δῶρα
1968 941 2098 979 διδόναι
2117 941 2177 979 καὶ
2194 943 2338 980 ἀναπεί-

1297 1003 1378 1046 θειν,
1394 999 1484 1037 ἀλλὰ
1495 1000 1604 1038 καὶτὸ
1619 1000 1822 1050 λαμὲοίνειν,
1837 1000 1936 1044 πόλις
1948 1000 1982 1038 δὲ
1996 999 2134 1039 Λέσὸου
2153 1003 2214 1047 τῆς
2229 1001 2336 1047 νήσου

1297 1057 1479 1104 Μιτυλήνη
1493 1088 1502 1104 ,
1524 1057 1605 1110 ’ρίλη
1623 1058 1685 1108 μὲν
1701 1058 1888 1103 Ἀθηναίοις
1902 1058 1961 1096 καὶ
1976 1059 2180 1110 σύμμαχος,
2195 1058 2336 1111 ὕστερον

1297 1115 1332 1153 δὲ
1345 1116 1599 1169 νεωτερίσασαν
1616 1116 1675 1154 καὶ
1686 1119 1890 1154 ἀποστᾶσαν
1904 1116 2142 1169 κατέστρεψαν
2157 1116 2218 1167 μὲν
2232 1117 2337 1155 πάλιν
2356 1123 2388 1147 ¹5

1298 1176 1327 1211 οἳ
1346 1174 1516 1221 Ἀθηναῖοι
1532 1174 1693 1227 Χάρητος
1708 1179 1998 1227 στρατηγοῦντος,
2014 1173 2338 1223 συμὸουλεύσαντος

1298 1232 1333 1270 δὲ
1349 1232 1505 1275 Κλέωνος
1516 1232 1728 1285 ἐψηφίσαντο
1737 1233 1864 1275 παῖδας
1879 1232 1941 1283 μὲν
1955 1232 2014 1270 καὶ
2028 1233 2194 1283 γυναῖκας
2207 1233 2337 1280 ἧὸηδὸν

1298 1291 1498 1328 ἀποκτεῖναι
1515 1290 1774 1338 Μιτυληναίων,
1792 1290 2146 1342 ἐξανδραποδίσασθαι
2164 1290 2200 1328 δὲ
2219 1297 2337 1328 πᾶσαν

1296 1349 1411 1388 πόλιν.
1431 1349 1489 1386 καὶ
1508 1352 1590 1386 ναῦν
1621 1348 1818 1401 ἐξέπεμψαν
1839 1347 1936 1392 εὐθὺς
1958 1348 2192 1399 ἀγγέλλουσαν
2212 1348 2257 1386 τὰ
2276 1352 2336 1401 βε-

1298 1406 1510 1457 δουλευμένα
1527 1409 1576 1459 τῷ
1593 1406 1746 1458 Χάρητι.
1768 1409 1811 1458 τῇ
1830 1406 2010 1459 δευτεραίᾳ
2033 1407 2069 1444 δὲ
2088 1410 2338 1457 μετανοοῦντας
2358 1418 2393 1442 20

1299 1464 1501 1515 αἰσθόμενος
1517 1465 1575 1502 ἐπὶ
1598 1467 1668 1508 τοῖς
1691 1464 1870 1517 προτέροις
1889 1465 2074 1516 γνωσθεῖσι
2093 1464 2272 1512 Διόδοτος,
2292 1460 2339 1509 εἷς

1298 1524 1358 1561 καὶ
1385 1524 1486 1566 αὐτὸς
1505 1522 1552 1561 ὢν
1580 1525 1648 1561 τῶν
1670 1522 1948 1573 πολιτευομένων
1968 1522 2066 1571 τότε,
2085 1522 2272 1574 γενομένης
2291 1524 2341 1568 δἰς

1297 1586 1359 1629 τῆς
1379 1581 1582 1629 ἐκκλησίας,
1608 1597 1668 1619 και
1694 1581 1790 1619 ουδὲν
1817 1581 2052 1633 ἀντιλέγοντος
2075 1586 2135 1620 τοῦ
2162 1581 2340 1629 Κλέωνος,

1298 1658 1357 1679 και
1373 1640 1699 1694 παρακελευομένου
1719 1646 1789 1684 τοῖς
1808 1640 1945 1685 δόξασιν
1964 1639 2092 1685 ἅπαξ’
2078 1639 2250 1691 εμμένειν,
2270 1657 2342 1679 πα-

1301 1702 1359 1753 ρελ
1361 1699 1427 1737 θων
1449 1715 1536 1750 μετα
1539 1702 1668 1749 γνῶναι
1687 1715 1766 1742 τους
1783 1698 2018 1746 Αθηναίους”
1999 1714 2148 1738 επεισεν.
2167 1703 2256 1746 ἦσαν
2273 1698 2340 1753 γὰρ
2359 1709 2393 1735 25

1300 1775 1359 1797 και
1390 1758 1489 1795 ἄλλοι
1515 1756 1603 1800 τινὲς
1629 1755 1674 1794 τὰ
1702 1757 1952 1804 Μιτυληναίων
1971 1761 2188 1810 φρονοῦντες,
2207 1759 2244 1796 οὗ
2271 1757 2340 1808 μὴν

1301 1817 1391 1855 ἀλλὰ
1412 1816 1471 1854 καὶ
1500 1817 1613 1853 αὐτῶν
1635 1814 1753 1867 ἄνδρες
1774 1814 2022 1862 Μιτυληναίων
2047 1814 2139 1852 κατά
2157 1830 2234 1852 τινα
2253 1831 2340 1868 πρε-

1301 1874 1419 1913 σοείαν
1445 1873 1625 1925 ἀφιγμένοι
1647 1873 1801 1910 πείθουσι
1828 1873 1885 1911 διὰ
1907 1872 2035 1925 τάγους
2058 1871 2176 1925 ἑτέραν
2200 1872 2341 1925 πέμψαι

1300 1933 1423 1986 τριήρη
1437 1963 1448 1983 ,
1470 1931 1755 1983 ἀπαγορεύουσαν
1774 1934 1823 1968 τΓ)
1849 1931 1991 1984 Χάρητι
2016 1930 2123 1989 μηδεν
2145 1931 2342 1984 διαπράξα-

1301 1995 1381 2030 σθαι
1400 2007 1466 2028 των
1487 1989 1652 2042 πρότερον
1675 1990 1718 2025 ἐπ
1693 1970 1954 2038 μἐσταλμένων.
1980 1987 2058 2031 τους
2078 1986 2113 2026 δε
2131 1987 2258 2031 ναύτας
2281 1992 2342 2035 τῆς
2361 2004 2396 2029 30

1302 2049 1460 2102 δευτέρας
1475 2048 1634 2101 τριήρους
1656 2063 1698 2099 τῃ
1720 2062 1757 2084 τε
1782 2024 1872 2098 ἄλλῃ
1895 2045 2118 2099 παρακλήσει
2138 2062 2199 2084 και
2224 2045 2342 2098 δώρων

1302 2108 1489 2160 ὑποσχέσει
1508 2105 1770 2159 προύτρέψαντο
1787 2105 1884 2156 πάσῃ
1907 2106 2044 2156 σπουδῇ
2058 2104 2138 2158 περὶ
2158 2104 2215 2142 τὸν
2233 2106 2343 2142 πλοῦν

1300 2167 1500 2220 χρήσασθαι
1517 2165 1701 2218 προθύμως
1721 2166 1766 2207 ὡς
1785 2163 1826 2200 ἂν
1842 2163 1905 2209 τὴν
1925 2165 2096 2216 προτέραν
2114 2162 2238 2215 τριήρη
2257 2162 2344 2215 φθά-

1302 2242 1412 2264 σαιεν.
1442 2227 1473 2262 οἱ
1498 2224 1551 2271 δὲ,
1573 2223 1633 2260 ἅτε
1660 2222 1720 2260 καὶ
1746 2221 1804 2259 ἐπὶ
1827 2221 1979 2274 χρηστὸν
2010 2221 2171 2263 πλέοντες
2195 2226 2344 2273 πρᾶγμα

1301 2301 1361 2323 και
1379 2300 1453 2327 ταις
1472 2281 1736 2335 παρακλήσεσιν
1754 2280 1920 2327 εἴξαντες,
1936 2278 2090 2331 τοσαύτῃ
2114 2295 2196 2332 περι
2213 2277 2277 2325 τὶν
2295 2281 2343 2316 εἰ·
2362 2292 2396 2317 35

1304 2343 1419 2397 ρεσίαν
1439 2341 1633 2395 ἐχρήσαντο
1654 2340 1807 2391 σπουδῇ,
1828 2339 1918 2376 ὥστε
1940 2354 2003 2376 ουκ
2028 2337 2114 2391 ἔφθη
2143 2335 2346 2375 καταπλεύ-

1303 2419 1394 2440 σασα
1407 2419 1428 2448 η
1442 2399 1594 2454 προτέρα
1604 2402 1703 2444 ναῦς,
1718 2414 1778 2435 και
1794 2400 1811 2434 ὁ
1825 2396 1947 2449 Χάρης
1960 2395 2080 2434 λαὲὼν
2089 2394 2134 2433 τὰ
2149 2395 2346 2448 γράμματα

1302 2478 1360 2500 και
1392 2459 1478 2498 ἐκείν
1482 2475 1522 2505 ην
1561 2458 1810 2495 ἐπεισπλεῦσαι
1848 2454 2020 2493 ἐκέλευσε.
2050 2453 2148 2506 παρὰ
2181 2457 2344 2491 τοσοῦτον

1302 2519 1457 2557 κινδύνου
1485 2521 1506 2563 ἡ
1540 2514 1724 2561 Μιτυλήνη
1752 2509 1869 2560 ἦλθεν.
1901 2512 1970 2550 ἀπὸ
1997 2510 2127 2557 ταύτης
2155 2515 2212 2549 οὖν
2240 2527 2344 2563 φησιν

1304 2576 1407 2614 αὐτὸν
1427 2574 1605 2618 ἐπιδείξειν
1631 2572 1669 2610 τὸ
1696 2571 1856 2623 ἀργύριον
1879 2569 2062 2622 εἰληφότα,
2088 2567 2281 2616 λεληθότως
2305 2567 2341 2607 δὲ
2362 2581 2399 2607 40

1303 2635 1407 2672 πάλιν
1433 2649 1534 2671 αυτον
1557 2634 1603 2674 εἷς
1623 2630 1791 2680 ωμότητα
1817 2628 2014 2666 διαὸάλλιιΝ
2038 2630 2107 2665 τῶν
2131 2626 2343 2678 τρόπων.οὓ

1303 2708 1369 2744 γαρ
1390 2692 1547 2741 φαίνεται
1565 2688 1684 2727 λαὸων
1706 2685 1833 2733 πλὴν
1814 2703 1836 2731 η
1859 2702 1969 2736 μνας
1964 2686 1999 2722 μ’
2018 2701 2115 2737 παρα
2134 2687 2203 2722 τῶν
2223 2687 2343 2724 Μιτυ-

1303 2750 1487 2797 ληναίων
1475 2762 1492 2786 ο
1514 2747 1586 2787 Κλ
1572 2763 1634 2785 εων
1657 2745 1789 2796 μισθόν.
1812 2744 2000 2787 πιθανῶς
1982 2742 2048 2780 03
2035 2742 2215 2780 ἐπλάσατο
2241 2742 2342 2780 αὐτὸν

1304 2811 1356 2847 εἷλ
1357 2823 1500 2861 ηρεναι,
1528 2804 1646 2851 ἐπειδὴ
1675 2803 1840 2856 πρότερος
1863 2800 1989 2844 ἐκεῖνός
2008 2816 2113 2853 φησιν
2137 2800 2239 2838 αὐτὸν
2259 2799 2343 2838 δέκα

1306 2867 1475 2920 μυριάδας
1498 2865 1631 2906 πόλεως
1660 2860 1875 2914 κεκλορέναι.
1902 2861 2087 2913 φιλονεικεῖ
2112 2857 2148 2896 δὲ
2174 2861 2209 2898 ἐν
2236 2865 2342 2896 πᾶσιν
2362 2871 2397 2896 45

1305 2942 1406 2964 αυ””ον
1426 2923 1631 2974 ἆμΞίΟΞσθαῑ
1648 2924 1717 2963 Τοῖς
1733 2919 1829 2962 ἴσοις.

1358 3015 1422 3039 836.
1452 3005 1558 3036 πᾶσιν
1580 2995 1800 3049 ἀνθρώποις·
1792 3025 1800 3032 .
1833 2994 1949 3038 Διπλῆ
1969 2992 2030 3030 καὶ
2047 2991 2191 3035 εἴσθεσις
2210 2993 2248 3029 οὗ
2267 2991 2344 3029 κατ’

1304 3061 1377 3098 ἴσον
1400 3061 1471 3100 τοῖς
1494 3055 1722 3096 ἀναπαίστοις
1746 3055 1792 3095 εἰς
1812 3050 1962 3102 ἷαμὸικα
1990 3050 2208 3103 τετράμετρα
2234 3065 2343 3087 κατα-

1303 3115 1454 3165 ληκτικα
1474 3113 1746 3188 [mmmmm]
1764 3110 1825 3150 03'.
1847 3089 1877 3161 [3
1880 3127 1920 3147 πι
1937 3111 2012 3153 ταῖς
2029 3107 2214 3146 ἀποθέσεσι
2229 3108 2344 3160 παρά-

1304 3191 1444 3230 γραφος.
1469 3173 1525 3212 επὶ
1552 3172 1587 3210 δὲ
1609 3174 1659 3209 τΓι)
1686 3171 1781 3223 ἅκριι)
1798 3174 1857 3208 τοῦ
1873 3167 2071 3206 τελευταίου
2089 3168 2194 3212 διπλῆ
2210 3165 2274 3210 ἔξω
2289 3181 2343 3203 νε-
2362 3179 2398 3205 ω

1305 3240 1457 3273 νευκυῖα.
1475 3232 1543 3269 τινε
1547 3248 1561 3274 ς
1578 3230 1613 3268 δε
1629 3229 1673 3267 τὰ
1690 3229 1778 3267 ἑπτὰ
1798 3231 1921 3281 πρῶτα
1940 3227 2072 3265 κῶλαε
2055 3241 2100 3268 ως
2116 3221 2344 3276 ἀντιστροφὴν

1306 3293 1499 3344 εἰλήφασιν.
1503 3291 1518 3341 ]

1359 3376 1422 3401 837.
1453 3362 1481 3398 εἰ
1498 3358 1565 3409 γὰρ
1579 3352 1637 3396 ὧδ’
1656 3355 1804 3399 ἐποίσεις
1823 3368 1831 3394 ;
1852 3355 1895 3393 E}
1915 3351 1981 3405 γὰρ
2001 3353 2047 3395 εἷς
2061 3349 2158 3393 τέλος
2174 3346 2344 3387 ἐναντιού-
