<?xml version="1.0" encoding="UTF-8"?>
<!DOCTYPE html PUBLIC "-//W3C//DTD XHTML 1.0 Transitional//EN"
    "http://www.w3.org/TR/xhtml1/DTD/xhtml1-transitional.dtd">
<html xmlns="http://www.w3.org/1999/xhtml" xml:lang="en" lang="en">
 <head>
  <title>
</title>
<meta http-equiv="Content-Type" content="text/html;charset=utf-8" />
  <meta name='ocr-system' content='tesseract 3.04.00' />
  <meta name='ocr-capabilities' content='ocr_page ocr_carea ocr_par ocr_line ocrx_word'/>
</head>
<body>
  <div class='ocr_page' id='page_1' title='image "./scholiagraecaina00dbuoft_0690.png"; bbox 0 0 2533 3808; ppageno 0'>
   <div class='ocr_carea' id='block_1_1' title="bbox 287 224 360 256">
    <p class='ocr_par' dir='ltr' id='par_1_1' title="bbox 287 224 360 256">
     <span class='ocr_line' id='line_1_1' title="bbox 287 224 360 256; baseline 0 0"><span class='ocrx_word' id='word_1_1' title='bbox 287 224 360 256; x_wconf 74' lang='lat'>648</span> 
     </span>
    </p>
   </div>
   <div class='ocr_carea' id='block_1_2' title="bbox 282 290 1313 3451">
    <p class='ocr_par' dir='ltr' id='par_1_2' title="bbox 320 290 1303 1033">
     <span class='ocr_line' id='line_1_2' title="bbox 325 290 1296 339; baseline -0.014 -6"><span class='ocrx_word' id='word_1_2' title='bbox 325 302 438 333; x_wconf 74' lang='lat' dir='ltr'>oblatis</span> <span class='ocrx_word' id='word_1_3' title='bbox 449 325 457 339; x_wconf 90' lang='lat'>,</span> <span class='ocrx_word' id='word_1_4' title='bbox 471 302 503 330; x_wconf 88' lang='lat' dir='ltr'>et</span> <span class='ocrx_word' id='word_1_5' title='bbox 521 297 680 337; x_wconf 82' lang='lat' dir='ltr'>acceptis,</span> <span class='ocrx_word' id='word_1_6' title='bbox 704 296 810 325; x_wconf 67' lang='lat' dir='ltr'>Bit-oto</span> <span class='ocrx_word' id='word_1_7' title='bbox 824 293 921 324; x_wconf 82' lang='lat' dir='ltr'>tradit</span> <span class='ocrx_word' id='word_1_8' title='bbox 937 292 1169 332; x_wconf 74' lang='lat' dir='ltr'>sycophantam</span> <span class='ocrx_word' id='word_1_9' title='bbox 1190 290 1296 321; x_wconf 71' lang='lat' dir='ltr'>Nicar-</span> 
     </span>
     <span class='ocr_line' id='line_1_3' title="bbox 324 339 1295 385; baseline -0.011 -7"><span class='ocrx_word' id='word_1_10' title='bbox 324 349 420 378; x_wconf 80' lang='lat' dir='ltr'>clium</span> <span class='ocrx_word' id='word_1_11' title='bbox 433 370 441 385; x_wconf 88' lang='lat'>,</span> <span class='ocrx_word' id='word_1_12' title='bbox 457 344 628 376; x_wconf 79' lang='lat' dir='ltr'><strong>sarmentis</strong></span> <span class='ocrx_word' id='word_1_13' title='bbox 642 344 676 372; x_wconf 90' lang='lat' dir='ltr'>ut</span> <span class='ocrx_word' id='word_1_14' title='bbox 689 341 832 380; x_wconf 68' lang='lat' dir='ltr'>figlinum</span> <span class='ocrx_word' id='word_1_15' title='bbox 847 348 903 370; x_wconf 75' lang='lat' dir='ltr'>vas</span> <span class='ocrx_word' id='word_1_16' title='bbox 926 339 1083 378; x_wconf 85' lang='lat' dir='ltr'>illigatum</span> <span class='ocrx_word' id='word_1_17' title='bbox 1096 361 1105 375; x_wconf 95' lang='lat'>,</span> <span class='ocrx_word' id='word_1_18' title='bbox 1121 339 1295 368; x_wconf 81' lang='grc'><strong>860-958,</strong></span> 
     </span>
     <span class='ocr_line' id='line_1_4' title="bbox 324 383 1298 427; baseline -0.012 -3"><span class='ocrx_word' id='word_1_19' title='bbox 324 392 472 425; x_wconf 75' lang='lat' dir='ltr'>Lamaclii</span> <span class='ocrx_word' id='word_1_20' title='bbox 493 390 649 421; x_wconf 83' lang='lat' dir='ltr'>famulum</span> <span class='ocrx_word' id='word_1_21' title='bbox 674 387 771 427; x_wconf 82' lang='lat' dir='ltr'>abigit</span> <span class='ocrx_word' id='word_1_22' title='bbox 796 386 909 417; x_wconf 81' lang='lat' dir='ltr'>turdos</span> <span class='ocrx_word' id='word_1_23' title='bbox 932 386 963 416; x_wconf 86' lang='lat' dir='ltr'>et</span> <span class='ocrx_word' id='word_1_24' title='bbox 986 383 1133 423; x_wconf 64' lang='lat' dir='ltr'>anguillae</span> <span class='ocrx_word' id='word_1_25' title='bbox 1161 384 1298 413; x_wconf 81' lang='lat' dir='ltr'>frustum</span> 
     </span>
     <span class='ocr_line' id='line_1_5' title="bbox 323 431 1298 479; baseline -0.012 -9"><span class='ocrx_word' id='word_1_26' title='bbox 323 440 484 479; x_wconf 73' lang='lat' dir='ltr'>petentem</span> <span class='ocrx_word' id='word_1_27' title='bbox 501 461 509 475; x_wconf 89' lang='lat'>‚</span> <span class='ocrx_word' id='word_1_28' title='bbox 525 437 698 467; x_wconf 80' lang='grc'><strong>959-970.</strong></span> <span class='ocrx_word' id='word_1_29' title='bbox 724 435 837 464; x_wconf 69' lang='lat' dir='ltr'>beatur</span> <span class='ocrx_word' id='word_1_30' title='bbox 858 442 875 463; x_wconf 86' lang='lat' dir='ltr'>a</span> <span class='ocrx_word' id='word_1_31' title='bbox 892 432 1008 469; x_wconf 72' lang='lat' dir='ltr'>choro,</span> <span class='ocrx_word' id='word_1_32' title='bbox 1025 434 1081 462; x_wconf 88' lang='lat'>971</span> <span class='ocrx_word' id='word_1_33' title='bbox 1106 438 1193 469; x_wconf 70' lang='lat' dir='ltr'>sqq,</span> <span class='ocrx_word' id='word_1_34' title='bbox 1222 431 1298 459; x_wconf 86' lang='lat'>1008</span> 
     </span>
     <span class='ocr_line' id='line_1_6' title="bbox 324 475 1298 525; baseline -0.011 -10"><span class='ocrx_word' id='word_1_35' title='bbox 324 494 396 525; x_wconf 93' lang='lat' dir='ltr'>sqq.</span> <span class='ocrx_word' id='word_1_36' title='bbox 418 485 521 515; x_wconf 78' lang='lat' dir='ltr'>Clioas</span> <span class='ocrx_word' id='word_1_37' title='bbox 546 482 708 519; x_wconf 83' lang='lat' dir='ltr'>celebrat,</span> <span class='ocrx_word' id='word_1_38' title='bbox 739 484 815 510; x_wconf 82' lang='lat'>1002</span> <span class='ocrx_word' id='word_1_39' title='bbox 841 488 912 519; x_wconf 89' lang='lat' dir='ltr'>sqq.</span> <span class='ocrx_word' id='word_1_40' title='bbox 935 480 1088 509; x_wconf 82' lang='lat' dir='ltr'>Derceten</span> <span class='ocrx_word' id='word_1_41' title='bbox 1114 475 1298 515; x_wconf 57' lang='lat' dir='ltr'>Pliylasinm</span> 
     </span>
     <span class='ocr_line' id='line_1_7' title="bbox 323 525 1296 571; baseline -0.012 -9"><span class='ocrx_word' id='word_1_42' title='bbox 323 533 412 571; x_wconf 80' lang='lat' dir='ltr'>pacis</span> <span class='ocrx_word' id='word_1_43' title='bbox 438 529 592 570; x_wconf 79' lang='lat' dir='ltr'>quiddam</span> <span class='ocrx_word' id='word_1_44' title='bbox 617 528 657 558; x_wconf 87' lang='lat' dir='ltr'>al)</span> <span class='ocrx_word' id='word_1_45' title='bbox 684 536 721 557; x_wconf 85' lang='lat' dir='ltr'>eo</span> <span class='ocrx_word' id='word_1_46' title='bbox 748 528 909 566; x_wconf 88' lang='lat' dir='ltr'>petentem</span> <span class='ocrx_word' id='word_1_47' title='bbox 939 525 1054 564; x_wconf 77' lang='lat' dir='ltr'>abigit,</span> <span class='ocrx_word' id='word_1_48' title='bbox 1083 525 1296 554; x_wconf 80' lang='lat'>1018-1036.</span> 
     </span>
     <span class='ocr_line' id='line_1_8' title="bbox 322 566 1300 616; baseline -0.012 -8"><span class='ocrx_word' id='word_1_49' title='bbox 322 576 566 616; x_wconf 82' lang='lat' dir='ltr'>Aliquantillum</span> <span class='ocrx_word' id='word_1_50' title='bbox 591 574 677 614; x_wconf 80' lang='lat' dir='ltr'>pacis</span> <span class='ocrx_word' id='word_1_51' title='bbox 701 573 756 604; x_wconf 77' lang='lat' dir='ltr'>dat</span> <span class='ocrx_word' id='word_1_52' title='bbox 772 581 866 603; x_wconf 80' lang='lat' dir='ltr'>novae</span> <span class='ocrx_word' id='word_1_53' title='bbox 891 574 1002 610; x_wconf 79' lang='lat' dir='ltr'>nnptae</span> <span class='ocrx_word' id='word_1_54' title='bbox 1021 569 1127 600; x_wconf 83' lang='lat' dir='ltr'>mariti</span> <span class='ocrx_word' id='word_1_55' title='bbox 1153 566 1300 608; x_wconf 82' lang='lat' dir='ltr'>partibus</span> 
     </span>
     <span class='ocr_line' id='line_1_9' title="bbox 322 613 1298 661; baseline -0.011 -7"><span class='ocrx_word' id='word_1_56' title='bbox 322 623 534 661; x_wconf 82' lang='lat' dir='ltr'>illinendum,</span> <span class='ocrx_word' id='word_1_57' title='bbox 555 622 766 652; x_wconf 65' lang='lat'>1048-1067.</span> <span class='ocrx_word' id='word_1_58' title='bbox 796 618 914 649; x_wconf 79' lang='lat' dir='ltr'>Deinde</span> <span class='ocrx_word' id='word_1_59' title='bbox 938 617 1166 648; x_wconf 80' lang='lat' dir='ltr'>suavissimum</span> <span class='ocrx_word' id='word_1_60' title='bbox 1190 613 1298 645; x_wconf 69' lang='lat' dir='ltr'>convi-</span> 
     </span>
     <span class='ocr_line' id='line_1_10' title="bbox 321 660 1299 709; baseline -0.011 -9"><span class='ocrx_word' id='word_1_61' title='bbox 321 670 412 700; x_wconf 58' lang='lat' dir='ltr'>vium</span> <span class='ocrx_word' id='word_1_62' title='bbox 426 671 569 709; x_wconf 74' lang='lat' dir='ltr'>apparat,</span> <span class='ocrx_word' id='word_1_63' title='bbox 584 666 710 705; x_wconf 77' lang='lat' dir='ltr'>singula</span> <span class='ocrx_word' id='word_1_64' title='bbox 727 666 787 708; x_wconf 83' lang='lat' dir='ltr'>sibi</span> <span class='ocrx_word' id='word_1_65' title='bbox 808 664 970 705; x_wconf 76' lang='lat' dir='ltr'>apportari</span> <span class='ocrx_word' id='word_1_66' title='bbox 985 663 1100 702; x_wconf 86' lang='lat' dir='ltr'>jubens</span> <span class='ocrx_word' id='word_1_67' title='bbox 1120 662 1152 692; x_wconf 88' lang='lat' dir='ltr'>in</span> <span class='ocrx_word' id='word_1_68' title='bbox 1169 660 1299 691; x_wconf 87' lang='lat' dir='ltr'>derisio-</span> 
     </span>
     <span class='ocr_line' id='line_1_11' title="bbox 323 706 1299 753; baseline -0.01 -7"><span class='ocrx_word' id='word_1_69' title='bbox 323 725 395 747; x_wconf 87' lang='lat' dir='ltr'>nem</span> <span class='ocrx_word' id='word_1_70' title='bbox 414 715 574 752; x_wconf 68' lang='lat' dir='ltr'>Lamachi,</span> <span class='ocrx_word' id='word_1_71' title='bbox 590 714 658 753; x_wconf 84' lang='lat' dir='ltr'>qui,</span> <span class='ocrx_word' id='word_1_72' title='bbox 677 722 714 744; x_wconf 85' lang='lat' dir='ltr'>eo</span> <span class='ocrx_word' id='word_1_73' title='bbox 728 713 797 752; x_wconf 84' lang='lat' dir='ltr'>ipso</span> <span class='ocrx_word' id='word_1_74' title='bbox 813 715 955 750; x_wconf 83' lang='lat' dir='ltr'>tempore</span> <span class='ocrx_word' id='word_1_75' title='bbox 973 712 1004 741; x_wconf 85' lang='lat' dir='ltr'>et</span> <span class='ocrx_word' id='word_1_76' title='bbox 1017 710 1205 748; x_wconf 78' lang='lat' dir='ltr'>tempestate</span> <span class='ocrx_word' id='word_1_77' title='bbox 1219 706 1299 737; x_wconf 91' lang='lat' dir='ltr'>nim-</span> 
     </span>
     <span class='ocr_line' id='line_1_12' title="bbox 322 753 1299 801; baseline -0.012 -7"><span class='ocrx_word' id='word_1_78' title='bbox 322 763 396 793; x_wconf 82' lang='lat' dir='ltr'>bosa</span> <span class='ocrx_word' id='word_1_79' title='bbox 412 763 444 793; x_wconf 89' lang='lat' dir='ltr'>in</span> <span class='ocrx_word' id='word_1_80' title='bbox 459 761 694 801; x_wconf 80' lang='lat' dir='ltr'>expeditionem</span> <span class='ocrx_word' id='word_1_81' title='bbox 709 762 820 790; x_wconf 78' lang='lat' dir='ltr'>contra</span> <span class='ocrx_word' id='word_1_82' title='bbox 840 759 965 788; x_wconf 77' lang='lat' dir='ltr'>Boeotos</span> <span class='ocrx_word' id='word_1_83' title='bbox 982 758 1131 794; x_wconf 66' lang='lat' dir='ltr'>vocatus,</span> <span class='ocrx_word' id='word_1_84' title='bbox 1143 753 1299 785; x_wconf 82' lang='lat' dir='ltr'>famulum</span> 
     </span>
     <span class='ocr_line' id='line_1_13' title="bbox 320 802 1299 849; baseline -0.012 -9"><span class='ocrx_word' id='word_1_85' title='bbox 320 809 409 849; x_wconf 88' lang='lat' dir='ltr'>jubet</span> <span class='ocrx_word' id='word_1_86' title='bbox 425 808 547 847; x_wconf 75' lang='lat' dir='ltr'>singula</span> <span class='ocrx_word' id='word_1_87' title='bbox 561 806 665 838; x_wconf 80' lang='lat' dir='ltr'>bellici</span> <span class='ocrx_word' id='word_1_88' title='bbox 679 807 853 845; x_wconf 78' lang='lat' dir='ltr'>apparatus</span> <span class='ocrx_word' id='word_1_89' title='bbox 867 804 925 834; x_wconf 85' lang='lat' dir='ltr'>sibi</span> <span class='ocrx_word' id='word_1_90' title='bbox 941 804 1066 840; x_wconf 81' lang='lat' dir='ltr'>afferre,</span> <span class='ocrx_word' id='word_1_91' title='bbox 1084 802 1299 833; x_wconf 73' lang='lat'>1701-1142,</span> 
     </span>
     <span class='ocr_line' id='line_1_14' title="bbox 323 848 1300 893; baseline -0.011 -6"><span class='ocrx_word' id='word_1_92' title='bbox 323 856 534 892; x_wconf 78' lang='lat' dir='ltr'>Lamachum,</span> <span class='ocrx_word' id='word_1_93' title='bbox 551 854 605 893; x_wconf 94' lang='lat' dir='ltr'>qui</span> <span class='ocrx_word' id='word_1_94' title='bbox 634 853 772 892; x_wconf 74' lang='lat' dir='ltr'>graviter</span> <span class='ocrx_word' id='word_1_95' title='bbox 793 852 978 882; x_wconf 76' lang='lat' dir='ltr'>vulneratus</span> <span class='ocrx_word' id='word_1_96' title='bbox 1000 849 1156 885; x_wconf 80' lang='lat' dir='ltr'>insertur,</span> <span class='ocrx_word' id='word_1_97' title='bbox 1184 848 1300 877; x_wconf 87' lang='lat' dir='ltr'>iterum</span> 
     </span>
     <span class='ocr_line' id='line_1_15' title="bbox 323 895 1303 940; baseline -0.01 -7"><span class='ocrx_word' id='word_1_98' title='bbox 323 902 472 934; x_wconf 77' lang='lat' dir='ltr'>deridens</span> <span class='ocrx_word' id='word_1_99' title='bbox 484 926 492 939; x_wconf 90' lang='lat'>,</span> <span class='ocrx_word' id='word_1_100' title='bbox 509 901 578 940; x_wconf 87' lang='lat' dir='ltr'>ipse</span> <span class='ocrx_word' id='word_1_101' title='bbox 601 901 716 939; x_wconf 77' lang='lat' dir='ltr'>potans</span> <span class='ocrx_word' id='word_1_102' title='bbox 737 907 809 928; x_wconf 89' lang='lat' dir='ltr'>cum</span> <span class='ocrx_word' id='word_1_103' title='bbox 825 896 1009 935; x_wconf 81' lang='lat' dir='ltr'>amicabus,</span> <span class='ocrx_word' id='word_1_104' title='bbox 1031 896 1228 926; x_wconf 74' lang='lat'>1174—1227</span> <span class='ocrx_word' id='word_1_105' title='bbox 1247 917 1255 931; x_wconf 91' lang='lat'>,</span> <span class='ocrx_word' id='word_1_106' title='bbox 1271 895 1303 923; x_wconf 88' lang='lat' dir='ltr'>ct</span> 
     </span>
     <span class='ocr_line' id='line_1_16' title="bbox 323 941 1301 983; baseline -0.009 -6"><span class='ocrx_word' id='word_1_107' title='bbox 323 949 426 979; x_wconf 82' lang='lat' dir='ltr'>victor</span> <span class='ocrx_word' id='word_1_108' title='bbox 450 947 482 977; x_wconf 91' lang='lat' dir='ltr'>in</span> <span class='ocrx_word' id='word_1_109' title='bbox 507 948 588 977; x_wconf 76' lang='lat' dir='ltr'>sesto</span> <span class='ocrx_word' id='word_1_110' title='bbox 611 945 754 982; x_wconf 75' lang='lat' dir='ltr'>Clionm,</span> <span class='ocrx_word' id='word_1_111' title='bbox 769 946 898 983; x_wconf 87' lang='lat' dir='ltr'>sumpto</span> <span class='ocrx_word' id='word_1_112' title='bbox 914 944 983 973; x_wconf 90' lang='lat' dir='ltr'>utre</span> <span class='ocrx_word' id='word_1_113' title='bbox 1003 942 1069 973; x_wconf 72' lang='lat' dir='ltr'>exit</span> <span class='ocrx_word' id='word_1_114' title='bbox 1083 965 1092 981; x_wconf 91' lang='lat'>,</span> <span class='ocrx_word' id='word_1_115' title='bbox 1108 941 1212 972; x_wconf 73' lang='lat' dir='ltr'>Clloro</span> <span class='ocrx_word' id='word_1_116' title='bbox 1227 948 1301 970; x_wconf 91' lang='lat' dir='ltr'>cnm</span> 
     </span>
     <span class='ocr_line' id='line_1_17' title="bbox 323 994 892 1033; baseline -0.009 -8"><span class='ocrx_word' id='word_1_117' title='bbox 323 995 469 1026; x_wconf 79' lang='lat' dir='ltr'>cantibus</span> <span class='ocrx_word' id='word_1_118' title='bbox 483 994 709 1033; x_wconf 72' lang='lat' dir='ltr'>prosequente,</span> <span class='ocrx_word' id='word_1_119' title='bbox 729 994 804 1022; x_wconf 81' lang='lat'>1228</span> <span class='ocrx_word' id='word_1_120' title='bbox 822 999 892 1030; x_wconf 89' lang='lat' dir='ltr'>sqq.</span> 
     </span>
    </p>

    <p class='ocr_par' dir='ltr' id='par_1_3' title="bbox 282 1034 1304 1221">
     <span class='ocr_line' id='line_1_18' title="bbox 282 1034 1300 1081; baseline -0.011 -8"><span class='ocrx_word' id='word_1_121' title='bbox 282 1043 441 1081; x_wconf 75' lang='lat' dir='ltr'>Dictynna</span> <span class='ocrx_word' id='word_1_122' title='bbox 456 1043 584 1078; x_wconf 87' lang='lat' dir='ltr'>Diana,</span> <span class='ocrx_word' id='word_1_123' title='bbox 600 1039 718 1069; x_wconf 88' lang='lat' dir='ltr'>retium</span> <span class='ocrx_word' id='word_1_124' title='bbox 732 1039 763 1068; x_wconf 90' lang='lat' dir='ltr'>et</span> <span class='ocrx_word' id='word_1_125' title='bbox 780 1037 965 1068; x_wconf 70' lang='lat' dir='ltr'>venationis</span> <span class='ocrx_word' id='word_1_126' title='bbox 978 1042 1109 1075; x_wconf 76' lang='lat' dir='ltr'>praeses,</span> <span class='ocrx_word' id='word_1_127' title='bbox 1125 1035 1217 1072; x_wconf 80' lang='lat' dir='ltr'>Vesp.</span> <span class='ocrx_word' id='word_1_128' title='bbox 1229 1034 1300 1063; x_wconf 86' lang='grc'><strong>368.</strong></span> 
     </span>
     <span class='ocr_line' id='line_1_19' title="bbox 324 1079 1303 1127; baseline -0.012 -8"><span class='ocrx_word' id='word_1_129' title='bbox 324 1089 482 1127; x_wconf 78' lang='lat' dir='ltr'>Dictynna</span> <span class='ocrx_word' id='word_1_130' title='bbox 496 1086 598 1125; x_wconf 76' lang='lat' dir='ltr'>virgo,</span> <span class='ocrx_word' id='word_1_131' title='bbox 619 1085 721 1116; x_wconf 88' lang='lat' dir='ltr'>Diana</span> <span class='ocrx_word' id='word_1_132' title='bbox 737 1083 871 1123; x_wconf 83' lang='lat' dir='ltr'>pulchra</span> <span class='ocrx_word' id='word_1_133' title='bbox 888 1107 895 1121; x_wconf 85' lang='lat'>,</span> <span class='ocrx_word' id='word_1_134' title='bbox 914 1090 987 1112; x_wconf 84' lang='lat' dir='ltr'>cum</span> <span class='ocrx_word' id='word_1_135' title='bbox 1011 1080 1145 1111; x_wconf 84' lang='lat' dir='ltr'>canibus</span> <span class='ocrx_word' id='word_1_136' title='bbox 1164 1079 1303 1109; x_wconf 75' lang='lat' dir='ltr'>advoca-</span> 
     </span>
     <span class='ocr_line' id='line_1_20' title="bbox 326 1126 1304 1166; baseline -0.01 0"><span class='ocrx_word' id='word_1_137' title='bbox 326 1140 383 1166; x_wconf 87' lang='lat' dir='ltr'>tur</span> <span class='ocrx_word' id='word_1_138' title='bbox 400 1138 485 1166; x_wconf 64' lang='lat' dir='ltr'>Itan.</span> <span class='ocrx_word' id='word_1_139' title='bbox 502 1135 713 1164; x_wconf 85' lang='grc'><strong>1358-1360.</strong></span> <span class='ocrx_word' id='word_1_140' title='bbox 733 1133 846 1166; x_wconf 83' lang='lat' dir='ltr'>Quare</span> <span class='ocrx_word' id='word_1_141' title='bbox 875 1131 989 1160; x_wconf 87' lang='lat' dir='ltr'>Diana</span> <span class='ocrx_word' id='word_1_142' title='bbox 1003 1127 1096 1159; x_wconf 87' lang='lat' dir='ltr'>dicta</span> <span class='ocrx_word' id='word_1_143' title='bbox 1118 1126 1232 1166; x_wconf 85' lang='lat' dir='ltr'>fuerit</span> <span class='ocrx_word' id='word_1_144' title='bbox 1248 1127 1304 1156; x_wconf 90' lang='lat' dir='ltr'>Di·</span> 
     </span>
     <span class='ocr_line' id='line_1_21' title="bbox 324 1180 777 1221; baseline -0.013 -8"><span class='ocrx_word' id='word_1_145' title='bbox 324 1184 468 1221; x_wconf 86' lang='lat' dir='ltr'>ctynna,</span> <span class='ocrx_word' id='word_1_146' title='bbox 483 1180 666 1219; x_wconf 73' lang='lat' dir='ltr'>exponitur</span> <span class='ocrx_word' id='word_1_147' title='bbox 684 1181 777 1208; x_wconf 85' lang='grc'><strong>1356.</strong></span> 
     </span>
    </p>

    <p class='ocr_par' dir='ltr' id='par_1_4' title="bbox 283 1220 1302 1307">
     <span class='ocr_line' id='line_1_22' title="bbox 283 1220 1302 1261; baseline -0.01 -1"><span class='ocrx_word' id='word_1_148' title='bbox 283 1227 498 1261; x_wconf 81' lang='lat' dir='ltr'>Dictrachma</span> <span class='ocrx_word' id='word_1_149' title='bbox 522 1225 779 1257; x_wconf 83' lang='lat' dir='ltr'>Atheniensium</span> <span class='ocrx_word' id='word_1_150' title='bbox 796 1225 950 1254; x_wconf 85' lang='lat' dir='ltr'>incusum</span> <span class='ocrx_word' id='word_1_151' title='bbox 975 1221 1087 1252; x_wconf 75' lang='lat' dir='ltr'>bovem</span> <span class='ocrx_word' id='word_1_152' title='bbox 1110 1220 1302 1257; x_wconf 87' lang='lat' dir='ltr'>habebant,</span> 
     </span>
     <span class='ocr_line' id='line_1_23' title="bbox 325 1278 493 1307; baseline -0.018 0"><span class='ocrx_word' id='word_1_153' title='bbox 325 1278 385 1307; x_wconf 82' lang='lat' dir='ltr'>Av.</span> <span class='ocrx_word' id='word_1_154' title='bbox 406 1278 493 1305; x_wconf 86' lang='lat'>1106.</span> 
     </span>
    </p>

    <p class='ocr_par' dir='ltr' id='par_1_5' title="bbox 283 1314 1301 1361">
     <span class='ocr_line' id='line_1_24' title="bbox 283 1314 1301 1361; baseline -0.012 -7"><span class='ocrx_word' id='word_1_155' title='bbox 283 1322 470 1361; x_wconf 80' lang='lat' dir='ltr'>Didymuni</span> <span class='ocrx_word' id='word_1_156' title='bbox 485 1320 595 1352; x_wconf 75' lang='lat' dir='ltr'>Mileti</span> <span class='ocrx_word' id='word_1_157' title='bbox 610 1327 621 1353; x_wconf 93' lang='grc'>,·</span> <span class='ocrx_word' id='word_1_158' title='bbox 640 1317 731 1348; x_wconf 87' lang='lat' dir='ltr'>unde</span> <span class='ocrx_word' id='word_1_159' title='bbox 746 1316 945 1355; x_wconf 77' lang='lat' dir='ltr'>Diilyinceus</span> <span class='ocrx_word' id='word_1_160' title='bbox 959 1314 1092 1354; x_wconf 80' lang='lat' dir='ltr'>Apoll0,</span> <span class='ocrx_word' id='word_1_161' title='bbox 1113 1315 1191 1353; x_wconf 84' lang='lat' dir='ltr'>Lys.</span> <span class='ocrx_word' id='word_1_162' title='bbox 1212 1315 1301 1343; x_wconf 88' lang='lat'>1281.</span> 
     </span>
    </p>

    <p class='ocr_par' dir='ltr' id='par_1_6' title="bbox 284 1360 1301 1454">
     <span class='ocr_line' id='line_1_25' title="bbox 284 1360 1301 1408; baseline -0.011 -8"><span class='ocrx_word' id='word_1_163' title='bbox 284 1369 463 1408; x_wconf 76' lang='lat' dir='ltr'>Didymus,</span> <span class='ocrx_word' id='word_1_164' title='bbox 481 1368 666 1406; x_wconf 84' lang='lat' dir='ltr'>poetarum</span> <span class='ocrx_word' id='word_1_165' title='bbox 682 1365 847 1404; x_wconf 83' lang='lat' dir='ltr'>(Homeri)</span> <span class='ocrx_word' id='word_1_166' title='bbox 864 1365 1044 1402; x_wconf 75' lang='lat' dir='ltr'>interpres,</span> <span class='ocrx_word' id='word_1_167' title='bbox 1062 1360 1154 1392; x_wconf 84' lang='lat' dir='ltr'>Prot.</span> <span class='ocrx_word' id='word_1_168' title='bbox 1172 1361 1244 1398; x_wconf 81' lang='lat' dir='ltr'>IX,</span> <span class='ocrx_word' id='word_1_169' title='bbox 1260 1368 1301 1397; x_wconf 87' lang='lat' dir='ltr'>a,</span> 
     </span>
     <span class='ocr_line' id='line_1_26' title="bbox 324 1413 539 1454; baseline -0.019 -9"><span class='ocrx_word' id='word_1_170' title='bbox 324 1417 376 1453; x_wconf 88' lang='grc'>46,</span> <span class='ocrx_word' id='word_1_171' title='bbox 389 1423 425 1454; x_wconf 80' lang='lat' dir='ltr'>p.</span> <span class='ocrx_word' id='word_1_172' title='bbox 442 1413 539 1444; x_wconf 76' lang='lat' dir='ltr'>XIX.</span> 
     </span>
    </p>

    <p class='ocr_par' dir='ltr' id='par_1_7' title="bbox 283 1453 1137 1499">
     <span class='ocr_line' id='line_1_27' title="bbox 283 1453 1137 1499; baseline -0.013 -7"><span class='ocrx_word' id='word_1_173' title='bbox 283 1462 423 1499; x_wconf 85' lang='lat' dir='ltr'>Diyma,</span> <span class='ocrx_word' id='word_1_174' title='bbox 440 1461 569 1496; x_wconf 75' lang='grc' dir='ltr'><strong>Δεῖγμα,</strong></span> <span class='ocrx_word' id='word_1_175' title='bbox 584 1456 641 1495; x_wconf 88' lang='lat' dir='ltr'>qui</span> <span class='ocrx_word' id='word_1_176' title='bbox 665 1455 755 1485; x_wconf 88' lang='lat' dir='ltr'>locus</span> <span class='ocrx_word' id='word_1_177' title='bbox 771 1455 803 1484; x_wconf 88' lang='lat' dir='ltr'>in</span> <span class='ocrx_word' id='word_1_178' title='bbox 822 1455 966 1491; x_wconf 75' lang='lat' dir='ltr'>Pirceeo,</span> <span class='ocrx_word' id='word_1_179' title='bbox 983 1453 1046 1491; x_wconf 89' lang='lat' dir='ltr'>Eq.</span> <span class='ocrx_word' id='word_1_180' title='bbox 1066 1454 1137 1482; x_wconf 84' lang='lat'>979.</span> 
     </span>
    </p>

    <p class='ocr_par' dir='ltr' id='par_1_8' title="bbox 283 1497 1307 2101">
     <span class='ocr_line' id='line_1_28' title="bbox 283 1497 1305 1540; baseline -0.011 -2"><span class='ocrx_word' id='word_1_181' title='bbox 283 1507 345 1539; x_wconf 90' lang='lat' dir='ltr'>Dii.</span> <span class='ocrx_word' id='word_1_182' title='bbox 368 1507 448 1537; x_wconf 86' lang='lat' dir='ltr'>Tria</span> <span class='ocrx_word' id='word_1_183' title='bbox 465 1503 606 1534; x_wconf 88' lang='lat' dir='ltr'>deorum</span> <span class='ocrx_word' id='word_1_184' title='bbox 630 1509 753 1540; x_wconf 83' lang='lat' dir='ltr'>yenera</span> <span class='ocrx_word' id='word_1_185' title='bbox 773 1502 841 1530; x_wconf 79' lang='lat' dir='ltr'>sire</span> <span class='ocrx_word' id='word_1_186' title='bbox 868 1501 986 1530; x_wconf 77' lang='lat' dir='ltr'>(elates</span> <span class='ocrx_word' id='word_1_187' title='bbox 1001 1498 1084 1528; x_wconf 78' lang='lat' dir='ltr'>:sub</span> <span class='ocrx_word' id='word_1_188' title='bbox 1103 1497 1255 1536; x_wconf 79' lang='lat' dir='ltr'>Ophione</span> <span class='ocrx_word' id='word_1_189' title='bbox 1272 1498 1305 1527; x_wconf 88' lang='lat' dir='ltr'>et</span> 
     </span>
     <span class='ocr_line' id='line_1_29' title="bbox 325 1543 1305 1590; baseline -0.01 -7"><span class='ocrx_word' id='word_1_190' title='bbox 325 1554 543 1590; x_wconf 82' lang='lat' dir='ltr'>Eurynome;</span> <span class='ocrx_word' id='word_1_191' title='bbox 574 1547 636 1578; x_wconf 85' lang='lat' dir='ltr'>sub</span> <span class='ocrx_word' id='word_1_192' title='bbox 659 1549 807 1578; x_wconf 85' lang='lat' dir='ltr'>Saturno</span> <span class='ocrx_word' id='word_1_193' title='bbox 832 1548 864 1576; x_wconf 86' lang='lat' dir='ltr'>el</span> <span class='ocrx_word' id='word_1_194' title='bbox 881 1545 990 1582; x_wconf 86' lang='lat' dir='ltr'>Rhea,</span> <span class='ocrx_word' id='word_1_195' title='bbox 1005 1545 1218 1585; x_wconf 73' lang='grc' dir='ltr'>Οὐρανίωνες,</span> <span class='ocrx_word' id='word_1_196' title='bbox 1242 1543 1305 1574; x_wconf 89' lang='lat' dir='ltr'>sub</span> 
     </span>
     <span class='ocr_line' id='line_1_30' title="bbox 324 1590 1303 1636; baseline -0.011 -6"><span class='ocrx_word' id='word_1_197' title='bbox 324 1601 416 1636; x_wconf 72' lang='lat' dir='ltr'>Jove,</span> <span class='ocrx_word' id='word_1_198' title='bbox 432 1597 607 1635; x_wconf 68' lang='grc' dir='ltr'><strong>Ὀλύμπιοι,</strong></span> <span class='ocrx_word' id='word_1_199' title='bbox 624 1593 714 1625; x_wconf 74' lang='lat' dir='ltr'>Nub.</span> <span class='ocrx_word' id='word_1_200' title='bbox 735 1595 804 1622; x_wconf 67' lang='lat'>247.</span> <span class='ocrx_word' id='word_1_201' title='bbox 821 1593 869 1622; x_wconf 75' lang='grc'><strong>1111</strong></span> <span class='ocrx_word' id='word_1_202' title='bbox 887 1590 1056 1621; x_wconf 83' lang='lat' dir='ltr'>duodecim</span> <span class='ocrx_word' id='word_1_203' title='bbox 1073 1590 1203 1629; x_wconf 82' lang='lat' dir='ltr'>(magni)</span> <span class='ocrx_word' id='word_1_204' title='bbox 1215 1613 1224 1629; x_wconf 92' lang='lat'>,</span> <span class='ocrx_word' id='word_1_205' title='bbox 1244 1592 1303 1620; x_wconf 73' lang='lat' dir='ltr'>Ae.</span> 
     </span>
     <span class='ocr_line' id='line_1_31' title="bbox 325 1639 1304 1684; baseline -0.01 -8"><span class='ocrx_word' id='word_1_206' title='bbox 325 1650 364 1677; x_wconf 82' lang='grc'>95</span> <span class='ocrx_word' id='word_1_207' title='bbox 379 1668 387 1682; x_wconf 91' lang='grc'><strong>,</strong></span> <span class='ocrx_word' id='word_1_208' title='bbox 404 1646 466 1684; x_wconf 81' lang='lat' dir='ltr'>Eq.</span> <span class='ocrx_word' id='word_1_209' title='bbox 482 1646 552 1673; x_wconf 76' lang='grc'><strong>235.</strong></span> <span class='ocrx_word' id='word_1_210' title='bbox 570 1640 620 1672; x_wconf 89' lang='lat' dir='ltr'>Dii</span> <span class='ocrx_word' id='word_1_211' title='bbox 644 1639 841 1680; x_wconf 69' lang='grc' dir='ltr'>πρεσὸυτικοί</span> <span class='ocrx_word' id='word_1_212' title='bbox 855 1662 863 1674; x_wconf 90' lang='grc'><strong>,</strong></span> <span class='ocrx_word' id='word_1_213' title='bbox 880 1646 1027 1677; x_wconf 83' lang='lat' dir='ltr'>quorum</span> <span class='ocrx_word' id='word_1_214' title='bbox 1048 1639 1097 1668; x_wconf 87' lang='lat' dir='ltr'>est</span> <span class='ocrx_word' id='word_1_215' title='bbox 1119 1640 1304 1676; x_wconf 64' lang='lat' dir='ltr'>neptunus3</span> 
     </span>
     <span class='ocr_line' id='line_1_32' title="bbox 319 1682 1305 1732; baseline -0.011 -10"><span class='ocrx_word' id='word_1_216' title='bbox 319 1693 488 1732; x_wconf 78' lang='lat' dir='ltr'>jiircniiin</span> <span class='ocrx_word' id='word_1_217' title='bbox 504 1691 587 1719; x_wconf 80' lang='lat' dir='ltr'>sunt</span> <span class='ocrx_word' id='word_1_218' title='bbox 600 1686 768 1723; x_wconf 86' lang='lat' dir='ltr'>Bacchus,</span> <span class='ocrx_word' id='word_1_219' title='bbox 791 1685 910 1724; x_wconf 69' lang='lat' dir='ltr'>Apollo</span> <span class='ocrx_word' id='word_1_220' title='bbox 924 1709 933 1722; x_wconf 88' lang='lat'>,</span> <span class='ocrx_word' id='word_1_221' title='bbox 949 1686 1045 1721; x_wconf 90' lang='lat' dir='ltr'>Pan,</span> <span class='ocrx_word' id='word_1_222' title='bbox 1061 1684 1113 1714; x_wconf 86' lang='lat' dir='ltr'>Pl.</span> <span class='ocrx_word' id='word_1_223' title='bbox 1144 1687 1232 1714; x_wconf 65' lang='lat'>1030.</span> <span class='ocrx_word' id='word_1_224' title='bbox 1257 1682 1305 1712; x_wconf 93' lang='lat' dir='ltr'>Dii</span> 
     </span>
     <span class='ocr_line' id='line_1_33' title="bbox 325 1729 1306 1776; baseline -0.01 -7"><span class='ocrx_word' id='word_1_225' title='bbox 325 1738 471 1776; x_wconf 73' lang='lat' dir='ltr'>Gigantes</span> <span class='ocrx_word' id='word_1_226' title='bbox 496 1735 642 1765; x_wconf 81' lang='lat' dir='ltr'>vicerunt</span> <span class='ocrx_word' id='word_1_227' title='bbox 669 1733 700 1763; x_wconf 92' lang='lat' dir='ltr'>in</span> <span class='ocrx_word' id='word_1_228' title='bbox 724 1732 866 1770; x_wconf 76' lang='lat' dir='ltr'>Phlegrae</span> <span class='ocrx_word' id='word_1_229' title='bbox 883 1739 1008 1770; x_wconf 86' lang='lat' dir='ltr'>campo,</span> <span class='ocrx_word' id='word_1_230' title='bbox 1024 1733 1080 1761; x_wconf 64' lang='lat' dir='ltr'>Ait.</span> <span class='ocrx_word' id='word_1_231' title='bbox 1099 1733 1169 1760; x_wconf 64' lang='lat'>8231.</span> <span class='ocrx_word' id='word_1_232' title='bbox 1187 1729 1236 1759; x_wconf 93' lang='lat' dir='ltr'>Dii</span> <span class='ocrx_word' id='word_1_233' title='bbox 1258 1740 1306 1768; x_wconf 80' lang='grc' dir='ltr'>με·</span> 
     </span>
     <span class='ocr_line' id='line_1_34' title="bbox 325 1776 1304 1822; baseline -0.008 -8"><span class='ocrx_word' id='word_1_234' title='bbox 325 1784 418 1822; x_wconf 70' lang='grc' dir='ltr'><strong>νετοί,</strong></span> <span class='ocrx_word' id='word_1_235' title='bbox 434 1782 454 1813; x_wconf 89' lang='grc'>1.</span> <span class='ocrx_word' id='word_1_236' title='bbox 474 1790 502 1812; x_wconf 89' lang='lat' dir='ltr'>e.</span> <span class='ocrx_word' id='word_1_237' title='bbox 522 1780 629 1811; x_wconf 79' lang='lat' dir='ltr'>faciles</span> <span class='ocrx_word' id='word_1_238' title='bbox 646 1781 677 1810; x_wconf 89' lang='lat' dir='ltr'>et</span> <span class='ocrx_word' id='word_1_239' title='bbox 697 1787 795 1809; x_wconf 81' lang='lat' dir='ltr'>morae</span> <span class='ocrx_word' id='word_1_240' title='bbox 812 1777 979 1817; x_wconf 79' lang='lat' dir='ltr'>patientes,</span> <span class='ocrx_word' id='word_1_241' title='bbox 996 1779 1028 1807; x_wconf 88' lang='lat' dir='ltr'>in</span> <span class='ocrx_word' id='word_1_242' title='bbox 1040 1776 1229 1816; x_wconf 69' lang='lat' dir='ltr'>proverbio,</span> <span class='ocrx_word' id='word_1_243' title='bbox 1245 1779 1304 1806; x_wconf 75' lang='lat' dir='ltr'>Ac.</span> 
     </span>
     <span class='ocr_line' id='line_1_35' title="bbox 330 1823 1306 1862; baseline -0.009 -1"><span class='ocrx_word' id='word_1_244' title='bbox 330 1834 418 1862; x_wconf 79' lang='lat'>1020.</span> <span class='ocrx_word' id='word_1_245' title='bbox 437 1828 525 1859; x_wconf 87' lang='lat' dir='ltr'>Ordo</span> <span class='ocrx_word' id='word_1_246' title='bbox 542 1826 682 1857; x_wconf 87' lang='lat' dir='ltr'>deorum</span> <span class='ocrx_word' id='word_1_247' title='bbox 703 1827 737 1855; x_wconf 84' lang='lat' dir='ltr'>in</span> <span class='ocrx_word' id='word_1_248' title='bbox 752 1823 957 1861; x_wconf 77' lang='lat' dir='ltr'>venerando,</span> <span class='ocrx_word' id='word_1_249' title='bbox 972 1824 1062 1854; x_wconf 68' lang='grc' dir='ltr'><strong>Ναί).</strong></span> <span class='ocrx_word' id='word_1_250' title='bbox 1081 1827 1151 1853; x_wconf 76' lang='grc'><strong>616.</strong></span> <span class='ocrx_word' id='word_1_251' title='bbox 1169 1827 1306 1853; x_wconf 82' lang='lat' dir='ltr'>Deorum</span> 
     </span>
     <span class='ocr_line' id='line_1_36' title="bbox 325 1869 1305 1910; baseline -0.009 -3"><span class='ocrx_word' id='word_1_252' title='bbox 325 1876 496 1907; x_wconf 78' lang='lat' dir='ltr'>simulacra</span> <span class='ocrx_word' id='word_1_253' title='bbox 518 1875 603 1903; x_wconf 84' lang='lat' dir='ltr'>stant</span> <span class='ocrx_word' id='word_1_254' title='bbox 622 1880 718 1902; x_wconf 87' lang='lat' dir='ltr'>manu</span> <span class='ocrx_word' id='word_1_255' title='bbox 732 1870 846 1910; x_wconf 82' lang='lat' dir='ltr'>supina</span> <span class='ocrx_word' id='word_1_256' title='bbox 864 1872 1028 1909; x_wconf 81' lang='lat' dir='ltr'>porrecta,</span> <span class='ocrx_word' id='word_1_257' title='bbox 1045 1878 1108 1899; x_wconf 89' lang='lat' dir='ltr'>non</span> <span class='ocrx_word' id='word_1_258' title='bbox 1136 1869 1229 1908; x_wconf 81' lang='lat' dir='ltr'>qnasi</span> <span class='ocrx_word' id='word_1_259' title='bbox 1253 1869 1305 1899; x_wconf 80' lang='lat' dir='ltr'>da·</span> 
     </span>
     <span class='ocr_line' id='line_1_37' title="bbox 326 1915 1307 1961; baseline -0.009 -7"><span class='ocrx_word' id='word_1_260' title='bbox 326 1927 412 1961; x_wconf 79' lang='lat' dir='ltr'>tin-a,</span> <span class='ocrx_word' id='word_1_261' title='bbox 429 1920 486 1952; x_wconf 77' lang='lat' dir='ltr'>sed</span> <span class='ocrx_word' id='word_1_262' title='bbox 503 1921 690 1959; x_wconf 80' lang='lat' dir='ltr'>acceptura,</span> <span class='ocrx_word' id='word_1_263' title='bbox 708 1917 799 1948; x_wconf 85' lang='lat' dir='ltr'>Ecct.</span> <span class='ocrx_word' id='word_1_264' title='bbox 818 1917 998 1953; x_wconf 85' lang='grc'><strong>779-783,</strong></span> <span class='ocrx_word' id='word_1_265' title='bbox 1014 1915 1084 1946; x_wconf 84' lang='lat' dir='ltr'>sch.</span> <span class='ocrx_word' id='word_1_266' title='bbox 1101 1919 1171 1947; x_wconf 88' lang='lat'>781.</span> <span class='ocrx_word' id='word_1_267' title='bbox 1191 1920 1307 1946; x_wconf 78' lang='lat' dir='ltr'>Eorum</span> 
     </span>
     <span class='ocr_line' id='line_1_38' title="bbox 327 1963 1304 2003; baseline -0.006 -3"><span class='ocrx_word' id='word_1_268' title='bbox 327 1966 535 2000; x_wconf 83' lang='lat' dir='ltr'>dedicationis</span> <span class='ocrx_word' id='word_1_269' title='bbox 560 1966 640 1995; x_wconf 85' lang='lat' dir='ltr'>ritus</span> <span class='ocrx_word' id='word_1_270' title='bbox 662 1963 732 1994; x_wconf 90' lang='lat' dir='ltr'>ollis</span> <span class='ocrx_word' id='word_1_271' title='bbox 749 1964 862 2002; x_wconf 55' lang='lat' dir='ltr'>lacten,</span> <span class='ocrx_word' id='word_1_272' title='bbox 887 1964 942 1994; x_wconf 91' lang='lat' dir='ltr'>Pt.</span> <span class='ocrx_word' id='word_1_273' title='bbox 976 1965 1051 1994; x_wconf 92' lang='grc'><strong>1197</strong></span> <span class='ocrx_word' id='word_1_274' title='bbox 1078 1972 1149 2003; x_wconf 86' lang='lat' dir='ltr'><em>sqq.</em></span> <span class='ocrx_word' id='word_1_275' title='bbox 1181 1966 1214 1994; x_wconf 89' lang='lat' dir='ltr'>et</span> <span class='ocrx_word' id='word_1_276' title='bbox 1236 1963 1304 1994; x_wconf 89' lang='lat' dir='ltr'>sch.</span> 
     </span>
     <span class='ocr_line' id='line_1_39' title="bbox 327 2009 1306 2053; baseline -0.006 -6"><span class='ocrx_word' id='word_1_277' title='bbox 327 2017 382 2048; x_wconf 88' lang='lat' dir='ltr'>Dii</span> <span class='ocrx_word' id='word_1_278' title='bbox 401 2015 532 2053; x_wconf 75' lang='grc' dir='ltr'>ἀγυιαῖοι</span> <span class='ocrx_word' id='word_1_279' title='bbox 547 2036 555 2050; x_wconf 91' lang='grc'><strong>,</strong></span> <span class='ocrx_word' id='word_1_280' title='bbox 573 2013 634 2050; x_wconf 88' lang='lat' dir='ltr'>Eq.</span> <span class='ocrx_word' id='word_1_281' title='bbox 658 2013 748 2041; x_wconf 82' lang='lat'>1320.</span> <span class='ocrx_word' id='word_1_282' title='bbox 766 2010 815 2040; x_wconf 92' lang='lat' dir='ltr'>Dii</span> <span class='ocrx_word' id='word_1_283' title='bbox 836 2009 992 2049; x_wconf 81' lang='lat' dir='ltr'>peregrini</span> <span class='ocrx_word' id='word_1_284' title='bbox 1009 2009 1145 2048; x_wconf 74' lang='lat' dir='ltr'>judicati</span> <span class='ocrx_word' id='word_1_285' title='bbox 1163 2011 1306 2050; x_wconf 80' lang='lat' dir='ltr'>(lingun-</span> 
     </span>
     <span class='ocr_line' id='line_1_40' title="bbox 327 2056 936 2101; baseline -0.01 -8"><span class='ocrx_word' id='word_1_286' title='bbox 327 2063 401 2101; x_wconf 85' lang='lat' dir='ltr'>tur)</span> <span class='ocrx_word' id='word_1_287' title='bbox 419 2060 491 2100; x_wconf 82' lang='lat' dir='ltr'>ejici</span> <span class='ocrx_word' id='word_1_288' title='bbox 514 2058 663 2095; x_wconf 80' lang='lat' dir='ltr'>Athenis,</span> <span class='ocrx_word' id='word_1_289' title='bbox 680 2056 845 2095; x_wconf 63' lang='lat' dir='ltr'>Hor-issi:</span> <span class='ocrx_word' id='word_1_290' title='bbox 865 2059 936 2087; x_wconf 74' lang='grc'><strong>[178.</strong></span> 
     </span>
    </p>

    <p class='ocr_par' dir='ltr' id='par_1_9' title="bbox 286 2103 1309 2330">
     <span class='ocr_line' id='line_1_41' title="bbox 286 2103 1309 2149; baseline -0.005 -8"><span class='ocrx_word' id='word_1_291' title='bbox 286 2106 573 2149; x_wconf 72' lang='lat' dir='ltr'>Diipolia,jestii1n</span> <span class='ocrx_word' id='word_1_292' title='bbox 598 2103 774 2143; x_wconf 82' lang='lat' dir='ltr'>sacrificiis</span> <span class='ocrx_word' id='word_1_293' title='bbox 791 2105 864 2134; x_wconf 79' lang='lat' dir='ltr'>Jori</span> <span class='ocrx_word' id='word_1_294' title='bbox 891 2104 999 2134; x_wconf 73' lang='grc' dir='ltr'><strong>Πολιεῖ</strong></span> <span class='ocrx_word' id='word_1_295' title='bbox 1019 2104 1142 2135; x_wconf 79' lang='lat' dir='ltr'>oblatis</span> <span class='ocrx_word' id='word_1_296' title='bbox 1161 2105 1309 2137; x_wconf 87' lang='lat' dir='ltr'>celebra-</span> 
     </span>
     <span class='ocr_line' id='line_1_42' title="bbox 331 2150 1306 2190; baseline -0.004 -3"><span class='ocrx_word' id='word_1_297' title='bbox 331 2160 401 2188; x_wconf 82' lang='lat' dir='ltr'>tum</span> <span class='ocrx_word' id='word_1_298' title='bbox 418 2153 555 2186; x_wconf 85' lang='lat' dir='ltr'>Athenis</span> <span class='ocrx_word' id='word_1_299' title='bbox 573 2151 627 2182; x_wconf 87' lang='lat' dir='ltr'>die</span> <span class='ocrx_word' id='word_1_300' title='bbox 641 2150 772 2181; x_wconf 78' lang='lat' dir='ltr'>decima</span> <span class='ocrx_word' id='word_1_301' title='bbox 786 2152 916 2190; x_wconf 77' lang='lat' dir='ltr'>qicarta</span> <span class='ocrx_word' id='word_1_302' title='bbox 930 2150 1196 2189; x_wconf 79' lang='lat' dir='ltr'>Scirophorionis</span> <span class='ocrx_word' id='word_1_303' title='bbox 1216 2160 1306 2183; x_wconf 88' lang='lat' dir='ltr'>men-</span> 
     </span>
     <span class='ocr_line' id='line_1_43' title="bbox 327 2196 1305 2240; baseline -0.005 -6"><span class='ocrx_word' id='word_1_304' title='bbox 327 2206 390 2240; x_wconf 85' lang='lat' dir='ltr'>sis,</span> <span class='ocrx_word' id='word_1_305' title='bbox 410 2203 491 2232; x_wconf 87' lang='lat' dir='ltr'>Pac.</span> <span class='ocrx_word' id='word_1_306' title='bbox 521 2201 581 2229; x_wconf 72' lang='lat'>420</span> <span class='ocrx_word' id='word_1_307' title='bbox 595 2221 603 2235; x_wconf 95' lang='lat'>‚</span> <span class='ocrx_word' id='word_1_308' title='bbox 627 2199 731 2227; x_wconf 83' lang='lat' dir='ltr'>etiam</span> <span class='ocrx_word' id='word_1_309' title='bbox 749 2199 871 2227; x_wconf 84' lang='lat' dir='ltr'>Diasia</span> <span class='ocrx_word' id='word_1_310' title='bbox 894 2196 985 2227; x_wconf 82' lang='lat' dir='ltr'>clieta</span> <span class='ocrx_word' id='word_1_311' title='bbox 1001 2219 1010 2234; x_wconf 86' lang='lat'>,</span> <span class='ocrx_word' id='word_1_312' title='bbox 1039 2199 1305 2229; x_wconf 75' lang='lat' dir='ltr'>vetustissimum</span> 
     </span>
     <span class='ocr_line' id='line_1_44' title="bbox 320 2243 1306 2289; baseline -0.007 -9"><span class='ocrx_word' id='word_1_313' title='bbox 320 2250 467 2289; x_wconf 78' lang='lat' dir='ltr'>festum,</span> <span class='ocrx_word' id='word_1_314' title='bbox 483 2252 591 2285; x_wconf 84' lang='lat' dir='ltr'>quare</span> <span class='ocrx_word' id='word_1_315' title='bbox 605 2243 787 2279; x_wconf 59' lang='grc' dir='ltr'>(Σιπυλιώδης</span> <span class='ocrx_word' id='word_1_316' title='bbox 800 2252 866 2282; x_wconf 80' lang='lat' dir='ltr'>pro</span> <span class='ocrx_word' id='word_1_317' title='bbox 886 2244 1021 2274; x_wconf 71' lang='lat' dir='ltr'>Vetusto</span> <span class='ocrx_word' id='word_1_318' title='bbox 1034 2246 1200 2283; x_wconf 78' lang='lat' dir='ltr'>positum,</span> <span class='ocrx_word' id='word_1_319' title='bbox 1215 2247 1306 2277; x_wconf 66' lang='grc' dir='ltr'>Ναί),</span> 
     </span>
     <span class='ocr_line' id='line_1_45' title="bbox 327 2290 843 2330; baseline -0.014 -4"><span class='ocrx_word' id='word_1_320' title='bbox 327 2297 398 2327; x_wconf 41' lang='grc'><strong>9811</strong></span> <span class='ocrx_word' id='word_1_321' title='bbox 419 2291 515 2330; x_wconf 77' lang='lat' dir='ltr'>Cons&#39;.</span> <span class='ocrx_word' id='word_1_322' title='bbox 532 2291 708 2330; x_wconf 77' lang='lat' dir='ltr'>Buplionia,</span> <span class='ocrx_word' id='word_1_323' title='bbox 725 2290 843 2320; x_wconf 84' lang='lat' dir='ltr'>Diasia.</span> 
     </span>
    </p>

    <p class='ocr_par' dir='ltr' id='par_1_10' title="bbox 287 2336 1310 2889">
     <span class='ocr_line' id='line_1_46' title="bbox 287 2336 1308 2380; baseline -0.005 -5"><span class='ocrx_word' id='word_1_324' title='bbox 287 2341 469 2380; x_wconf 74' lang='lat' dir='ltr'>Diitreplxes</span> <span class='ocrx_word' id='word_1_325' title='bbox 504 2337 653 2368; x_wconf 68' lang='lat' dir='ltr'>vimineis</span> <span class='ocrx_word' id='word_1_326' title='bbox 685 2337 743 2367; x_wconf 84' lang='lat' dir='ltr'>alis</span> <span class='ocrx_word' id='word_1_327' title='bbox 771 2339 901 2367; x_wconf 72' lang='lat' dir='ltr'>evectus</span> <span class='ocrx_word' id='word_1_328' title='bbox 922 2336 955 2367; x_wconf 89' lang='lat' dir='ltr'>in</span> <span class='ocrx_word' id='word_1_329' title='bbox 982 2336 1088 2367; x_wconf 88' lang='lat' dir='ltr'>locum</span> <span class='ocrx_word' id='word_1_330' title='bbox 1123 2338 1287 2378; x_wconf 65' lang='lat' dir='ltr'>pllylarclii</span> <span class='ocrx_word' id='word_1_331' title='bbox 1300 2364 1308 2379; x_wconf 88' lang='lat'>,</span> 
     </span>
     <span class='ocr_line' id='line_1_47' title="bbox 330 2383 1307 2428; baseline -0.003 -8"><span class='ocrx_word' id='word_1_332' title='bbox 330 2385 509 2428; x_wconf 81' lang='lat' dir='ltr'>hipparchi,</span> <span class='ocrx_word' id='word_1_333' title='bbox 527 2394 565 2415; x_wconf 79' lang='lat' dir='ltr'>cx</span> <span class='ocrx_word' id='word_1_334' title='bbox 584 2384 674 2414; x_wconf 83' lang='lat' dir='ltr'>nihili</span> <span class='ocrx_word' id='word_1_335' title='bbox 691 2383 819 2414; x_wconf 83' lang='lat' dir='ltr'>homine</span> <span class='ocrx_word' id='word_1_336' title='bbox 833 2384 935 2414; x_wconf 71' lang='lat' dir='ltr'>evasit</span> <span class='ocrx_word' id='word_1_337' title='bbox 951 2392 1085 2422; x_wconf 84' lang='lat' dir='ltr'>magnus</span> <span class='ocrx_word' id='word_1_338' title='bbox 1102 2387 1135 2415; x_wconf 88' lang='lat' dir='ltr'>et</span> <span class='ocrx_word' id='word_1_339' title='bbox 1156 2388 1307 2426; x_wconf 86' lang='lat' dir='ltr'>senator,</span> 
     </span>
     <span class='ocr_line' id='line_1_48' title="bbox 330 2431 1309 2467; baseline -0.002 0"><span class='ocrx_word' id='word_1_340' title='bbox 330 2439 387 2467; x_wconf 83' lang='grc' dir='ltr'>Αυ.</span> <span class='ocrx_word' id='word_1_341' title='bbox 425 2435 600 2464; x_wconf 80' lang='lat'>798—800.</span> <span class='ocrx_word' id='word_1_342' title='bbox 633 2431 771 2462; x_wconf 60' lang='lat' dir='ltr'>Videtur</span> <span class='ocrx_word' id='word_1_343' title='bbox 812 2431 891 2461; x_wconf 86' lang='lat' dir='ltr'>olim</span> <span class='ocrx_word' id='word_1_344' title='bbox 938 2431 1119 2462; x_wconf 65' lang='lat' dir='ltr'>viminibus</span> <span class='ocrx_word' id='word_1_345' title='bbox 1155 2433 1309 2465; x_wconf 69' lang='lat' dir='ltr'>texendis</span> 
     </span>
     <span class='ocr_line' id='line_1_49' title="bbox 330 2477 1307 2522; baseline -0.002 -10"><span class='ocrx_word' id='word_1_346' title='bbox 330 2478 655 2522; x_wconf 72' lang='lat' dir='ltr'>qua’siumsecisse5</span> <span class='ocrx_word' id='word_1_347' title='bbox 678 2477 803 2517; x_wconf 79' lang='lat' dir='ltr'>ubique</span> <span class='ocrx_word' id='word_1_348' title='bbox 827 2479 1083 2517; x_wconf 71' lang='lat' dir='ltr'>perstrinyitur</span> <span class='ocrx_word' id='word_1_349' title='bbox 1110 2481 1150 2510; x_wconf 85' lang='lat' dir='ltr'>ut</span> <span class='ocrx_word' id='word_1_350' title='bbox 1179 2488 1307 2520; x_wconf 69' lang='lat' dir='ltr'>rapax,</span> 
     </span>
     <span class='ocr_line' id='line_1_50' title="bbox 331 2523 1310 2566; baseline 0 -8"><span class='ocrx_word' id='word_1_351' title='bbox 331 2526 519 2566; x_wconf 79' lang='lat' dir='ltr'>improbus,</span> <span class='ocrx_word' id='word_1_352' title='bbox 534 2523 687 2554; x_wconf 84' lang='lat' dir='ltr'>omnibus</span> <span class='ocrx_word' id='word_1_353' title='bbox 701 2532 735 2553; x_wconf 85' lang='lat' dir='ltr'>se</span> <span class='ocrx_word' id='word_1_354' title='bbox 751 2525 948 2553; x_wconf 72' lang='lat' dir='ltr'>immiscens.</span> <span class='ocrx_word' id='word_1_355' title='bbox 965 2526 991 2554; x_wconf 86' lang='lat' dir='ltr'>A</span> <span class='ocrx_word' id='word_1_356' title='bbox 1004 2524 1150 2555; x_wconf 88' lang='lat' dir='ltr'>Platone</span> <span class='ocrx_word' id='word_1_357' title='bbox 1167 2529 1310 2558; x_wconf 75' lang='lat' dir='ltr'>vocatur</span> 
     </span>
     <span class='ocr_line' id='line_1_51' title="bbox 326 2571 1310 2615; baseline -0.001 -13"><span class='ocrx_word' id='word_1_358' title='bbox 326 2574 533 2615; x_wconf 79' lang='lat' dir='ltr'>pereqiinus</span> <span class='ocrx_word' id='word_1_359' title='bbox 560 2572 713 2603; x_wconf 84' lang='lat' dir='ltr'>insanus,</span> <span class='ocrx_word' id='word_1_360' title='bbox 735 2571 915 2607; x_wconf 87' lang='lat' dir='ltr'>Cretensis,</span> <span class='ocrx_word' id='word_1_361' title='bbox 946 2572 1004 2600; x_wconf 58' lang='lat' dir='ltr'>vix</span> <span class='ocrx_word' id='word_1_362' title='bbox 1021 2572 1166 2609; x_wconf 81' lang='lat' dir='ltr'>Atticus,</span> <span class='ocrx_word' id='word_1_363' title='bbox 1191 2574 1263 2611; x_wconf 83' lang='lat'>798,</span> <span class='ocrx_word' id='word_1_364' title='bbox 1278 2577 1310 2604; x_wconf 78' lang='lat' dir='ltr'>et</span> 
     </span>
     <span class='ocr_line' id='line_1_52' title="bbox 332 2616 1310 2657; baseline -0.002 -6"><span class='ocrx_word' id='word_1_365' title='bbox 332 2630 353 2651; x_wconf 86' lang='lat' dir='ltr'>a</span> <span class='ocrx_word' id='word_1_366' title='bbox 379 2620 521 2650; x_wconf 82' lang='lat' dir='ltr'>Cratino</span> <span class='ocrx_word' id='word_1_367' title='bbox 546 2618 583 2647; x_wconf 86' lang='lat' dir='ltr'>ut</span> <span class='ocrx_word' id='word_1_368' title='bbox 601 2616 697 2646; x_wconf 88' lang='lat' dir='ltr'>homo</span> <span class='ocrx_word' id='word_1_369' title='bbox 718 2617 886 2654; x_wconf 80' lang='lat' dir='ltr'>pessimus</span> <span class='ocrx_word' id='word_1_370' title='bbox 904 2617 1060 2654; x_wconf 85' lang='lat' dir='ltr'>notatur,</span> <span class='ocrx_word' id='word_1_371' title='bbox 1083 2616 1124 2646; x_wconf 87' lang='lat' dir='ltr'>ib.</span> <span class='ocrx_word' id='word_1_372' title='bbox 1144 2621 1213 2649; x_wconf 82' lang='grc'><strong>766.</strong></span> <span class='ocrx_word' id='word_1_373' title='bbox 1236 2619 1310 2657; x_wconf 85' lang='lat' dir='ltr'>Ejus</span> 
     </span>
     <span class='ocr_line' id='line_1_53' title="bbox 331 2662 1306 2701; baseline 0 -4"><span class='ocrx_word' id='word_1_374' title='bbox 331 2664 534 2698; x_wconf 67' lang='lat' dir='ltr'>sermonibus</span> <span class='ocrx_word' id='word_1_375' title='bbox 557 2662 596 2693; x_wconf 91' lang='lat' dir='ltr'>ad</span> <span class='ocrx_word' id='word_1_376' title='bbox 622 2670 689 2692; x_wconf 89' lang='lat' dir='ltr'>rem</span> <span class='ocrx_word' id='word_1_377' title='bbox 709 2664 888 2701; x_wconf 75' lang='lat' dir='ltr'>equestrem</span> <span class='ocrx_word' id='word_1_378' title='bbox 903 2662 1110 2700; x_wconf 86' lang='lat' dir='ltr'>impelluntur</span> <span class='ocrx_word' id='word_1_379' title='bbox 1127 2664 1306 2697; x_wconf 84' lang='lat' dir='ltr'>adolescen-</span> 
     </span>
     <span class='ocr_line' id='line_1_54' title="bbox 332 2708 1308 2753; baseline -0.001 -9"><span class='ocrx_word' id='word_1_380' title='bbox 332 2716 381 2744; x_wconf 84' lang='lat' dir='ltr'>tes</span> <span class='ocrx_word' id='word_1_381' title='bbox 407 2722 414 2742; x_wconf 78' lang='lat' dir='ltr'>z</span> <span class='ocrx_word' id='word_1_382' title='bbox 442 2719 523 2742; x_wconf 83' lang='lat' dir='ltr'>nain</span> <span class='ocrx_word' id='word_1_383' title='bbox 548 2710 703 2749; x_wconf 70' lang='grc' dir='ltr'>ἵππαρχος</span> <span class='ocrx_word' id='word_1_384' title='bbox 730 2708 848 2739; x_wconf 84' lang='lat' dir='ltr'>beatus</span> <span class='ocrx_word' id='word_1_385' title='bbox 877 2711 983 2739; x_wconf 73' lang='lat' dir='ltr'>erasit</span> <span class='ocrx_word' id='word_1_386' title='bbox 1009 2718 1051 2739; x_wconf 67' lang='lat' dir='ltr'>ex</span> <span class='ocrx_word' id='word_1_387' title='bbox 1085 2713 1308 2753; x_wconf 69' lang='grc' dir='ltr'>πυτινοπὶοκῳ,</span> 
     </span>
     <span class='ocr_line' id='line_1_55' title="bbox 334 2755 1310 2798; baseline -0.009 -7"><span class='ocrx_word' id='word_1_388' title='bbox 334 2759 424 2791; x_wconf 69' lang='lat' dir='ltr'>(lives</span> <span class='ocrx_word' id='word_1_389' title='bbox 438 2760 471 2788; x_wconf 90' lang='lat' dir='ltr'>et</span> <span class='ocrx_word' id='word_1_390' title='bbox 486 2759 542 2798; x_wconf 84' lang='lat' dir='ltr'>qui</span> <span class='ocrx_word' id='word_1_391' title='bbox 559 2764 660 2796; x_wconf 85' lang='lat' dir='ltr'>equos</span> <span class='ocrx_word' id='word_1_392' title='bbox 690 2755 785 2786; x_wconf 87' lang='lat' dir='ltr'>alere</span> <span class='ocrx_word' id='word_1_393' title='bbox 803 2757 928 2795; x_wconf 79' lang='lat' dir='ltr'>posset,</span> <span class='ocrx_word' id='word_1_394' title='bbox 949 2755 991 2785; x_wconf 90' lang='lat' dir='ltr'>ib.</span> <span class='ocrx_word' id='word_1_395' title='bbox 1023 2758 1098 2787; x_wconf 75' lang='lat'>1442</span> <span class='ocrx_word' id='word_1_396' title='bbox 1123 2766 1172 2797; x_wconf 91' lang='lat' dir='ltr'>sq.</span> <span class='ocrx_word' id='word_1_397' title='bbox 1198 2759 1310 2790; x_wconf 58' lang='lat' dir='ltr'>Diitro.</span> 
     </span>
     <span class='ocr_line' id='line_1_56' title="bbox 333 2802 1310 2846; baseline 0 -10"><span class='ocrx_word' id='word_1_398' title='bbox 333 2805 405 2846; x_wconf 77' lang='lat' dir='ltr'>pliis</span> <span class='ocrx_word' id='word_1_399' title='bbox 422 2812 531 2835; x_wconf 82' lang='lat' dir='ltr'>mensa</span> <span class='ocrx_word' id='word_1_400' title='bbox 553 2804 719 2843; x_wconf 80' lang='lat' dir='ltr'>(tanquam</span> <span class='ocrx_word' id='word_1_401' title='bbox 742 2803 938 2841; x_wconf 71' lang='grc' dir='ltr'>νεοπλούτου,</span> <span class='ocrx_word' id='word_1_402' title='bbox 953 2802 1013 2832; x_wconf 75' lang='lat' dir='ltr'>nisi</span> <span class='ocrx_word' id='word_1_403' title='bbox 1030 2812 1084 2842; x_wconf 80' lang='lat' dir='ltr'>per</span> <span class='ocrx_word' id='word_1_404' title='bbox 1101 2803 1235 2835; x_wconf 84' lang='lat' dir='ltr'>ironiam</span> <span class='ocrx_word' id='word_1_405' title='bbox 1262 2805 1310 2836; x_wconf 89' lang='lat' dir='ltr'>di-</span> 
     </span>
     <span class='ocr_line' id='line_1_57' title="bbox 336 2849 726 2889; baseline -0.015 -5"><span class='ocrx_word' id='word_1_406' title='bbox 336 2854 452 2889; x_wconf 78' lang='lat' dir='ltr'>ctum),</span> <span class='ocrx_word' id='word_1_407' title='bbox 470 2853 570 2888; x_wconf 63' lang='lat' dir='ltr'>Her„</span> <span class='ocrx_word' id='word_1_408' title='bbox 585 2849 636 2888; x_wconf 89' lang='lat' dir='ltr'>fr.</span> <span class='ocrx_word' id='word_1_409' title='bbox 657 2852 726 2881; x_wconf 81' lang='lat'>292.</span> 
     </span>
    </p>

    <p class='ocr_par' dir='ltr' id='par_1_11' title="bbox 305 2896 1312 3076">
     <span class='ocr_line' id='line_1_58' title="bbox 305 2896 1310 2938; baseline -0.002 -8"><span class='ocrx_word' id='word_1_410' title='bbox 305 2902 392 2933; x_wconf 74' lang='grc' dir='ltr'><strong>Δῖνος</strong></span> <span class='ocrx_word' id='word_1_411' title='bbox 409 2898 549 2938; x_wconf 71' lang='grc' dir='ltr'><strong>αἰθέριος,</strong></span> <span class='ocrx_word' id='word_1_412' title='bbox 566 2896 661 2927; x_wconf 86' lang='lat' dir='ltr'>turbo</span> <span class='ocrx_word' id='word_1_413' title='bbox 677 2896 839 2935; x_wconf 72' lang='lat' dir='ltr'>aetherius,</span> <span class='ocrx_word' id='word_1_414' title='bbox 857 2897 917 2928; x_wconf 80' lang='lat' dir='ltr'>fert</span> <span class='ocrx_word' id='word_1_415' title='bbox 931 2899 1083 2938; x_wconf 81' lang='lat' dir='ltr'>meteora,</span> <span class='ocrx_word' id='word_1_416' title='bbox 1098 2908 1141 2930; x_wconf 69' lang='lat' dir='ltr'>ec</span> <span class='ocrx_word' id='word_1_417' title='bbox 1153 2900 1310 2933; x_wconf 69' lang='lat' dir='ltr'>doctrina</span> 
     </span>
     <span class='ocr_line' id='line_1_59' title="bbox 334 2943 1311 2989; baseline 0.003 -12"><span class='ocrx_word' id='word_1_418' title='bbox 334 2948 560 2983; x_wconf 62' lang='lat' dir='ltr'>Aiiaxaqoroe,</span> <span class='ocrx_word' id='word_1_419' title='bbox 578 2943 668 2974; x_wconf 69' lang='grc' dir='ltr'><strong>ΝΜΖ).</strong></span> <span class='ocrx_word' id='word_1_420' title='bbox 686 2947 745 2975; x_wconf 87' lang='grc'>380</span> <span class='ocrx_word' id='word_1_421' title='bbox 758 2953 822 2984; x_wconf 63' lang='lat' dir='ltr'>sq„</span> <span class='ocrx_word' id='word_1_422' title='bbox 839 2944 896 2975; x_wconf 87' lang='lat' dir='ltr'>ubi</span> <span class='ocrx_word' id='word_1_423' title='bbox 913 2945 1126 2984; x_wconf 76' lang='lat' dir='ltr'>Strepsiadcs</span> <span class='ocrx_word' id='word_1_424' title='bbox 1148 2956 1205 2978; x_wconf 80' lang='lat' dir='ltr'>ras</span> <span class='ocrx_word' id='word_1_425' title='bbox 1222 2948 1311 2989; x_wconf 81' lang='lat' dir='ltr'>fiyli-</span> 
     </span>
     <span class='ocr_line' id='line_1_60' title="bbox 336 2981 1312 3035; baseline 0.001 -13"><span class='ocrx_word' id='word_1_426' title='bbox 336 3000 416 3022; x_wconf 86' lang='lat' dir='ltr'>num</span> <span class='ocrx_word' id='word_1_427' title='bbox 435 2990 478 3021; x_wconf 88' lang='lat' dir='ltr'>ab</span> <span class='ocrx_word' id='word_1_428' title='bbox 493 2992 613 3021; x_wconf 77' lang='lat' dir='ltr'>Atticis</span> <span class='ocrx_word' id='word_1_429' title='bbox 626 2991 704 3025; x_wconf 75' lang='grc' dir='ltr'><strong>ὂῐνος</strong></span> <span class='ocrx_word' id='word_1_430' title='bbox 725 2993 884 3022; x_wconf 73' lang='lat' dir='ltr'>vocatum</span> <span class='ocrx_word' id='word_1_431' title='bbox 901 2992 1077 3032; x_wconf 82' lang='lat' dir='ltr'>intelliyit,</span> <span class='ocrx_word' id='word_1_432' title='bbox 1102 2996 1141 3025; x_wconf 87' lang='lat' dir='ltr'>ut</span> <span class='ocrx_word' id='word_1_433' title='bbox 1166 2981 1312 3035; x_wconf 53' lang='lat' dir='ltr'>apparet</span> 
     </span>
     <span class='ocr_line' id='line_1_61' title="bbox 341 3040 502 3076; baseline -0.019 -8"><span class='ocrx_word' id='word_1_434' title='bbox 341 3040 416 3068; x_wconf 71' lang='lat'>1-&#39;172</span> <span class='ocrx_word' id='word_1_435' title='bbox 431 3046 502 3076; x_wconf 85' lang='lat' dir='ltr'><em>sqq.</em></span> 
     </span>
    </p>

    <p class='ocr_par' dir='ltr' id='par_1_12' title="bbox 297 3083 1313 3173">
     <span class='ocr_line' id='line_1_62' title="bbox 297 3083 1313 3124; baseline 0.006 -10"><span class='ocrx_word' id='word_1_436' title='bbox 297 3084 420 3115; x_wconf 81' lang='lat' dir='ltr'>Diocles</span> <span class='ocrx_word' id='word_1_437' title='bbox 434 3083 530 3114; x_wconf 71' lang='lat' dir='ltr'>heros</span> <span class='ocrx_word' id='word_1_438' title='bbox 544 3083 719 3114; x_wconf 83' lang='lat' dir='ltr'>colebatur</span> <span class='ocrx_word' id='word_1_439' title='bbox 733 3083 828 3122; x_wconf 74' lang='lat' dir='ltr'>apud</span> <span class='ocrx_word' id='word_1_440' title='bbox 842 3086 1077 3124; x_wconf 84' lang='lat' dir='ltr'>Meyarenses;</span> <span class='ocrx_word' id='word_1_441' title='bbox 1093 3087 1313 3120; x_wconf 83' lang='lat' dir='ltr'>celebrantur</span> 
     </span>
     <span class='ocr_line' id='line_1_63' title="bbox 338 3130 1313 3173; baseline 0.005 -12"><span class='ocrx_word' id='word_1_442' title='bbox 338 3130 479 3162; x_wconf 84' lang='lat' dir='ltr'>Dioclea</span> <span class='ocrx_word' id='word_1_443' title='bbox 498 3138 561 3168; x_wconf 81' lang='lat' dir='ltr'>per</span> <span class='ocrx_word' id='word_1_444' title='bbox 587 3138 728 3168; x_wconf 85' lang='lat' dir='ltr'>ayonem</span> <span class='ocrx_word' id='word_1_445' title='bbox 752 3130 795 3161; x_wconf 87' lang='lat' dir='ltr'>ab</span> <span class='ocrx_word' id='word_1_446' title='bbox 819 3131 962 3162; x_wconf 82' lang='lat' dir='ltr'>Alcatho</span> <span class='ocrx_word' id='word_1_447' title='bbox 978 3132 1114 3172; x_wconf 79' lang='lat' dir='ltr'>Pelopis</span> <span class='ocrx_word' id='word_1_448' title='bbox 1125 3133 1203 3173; x_wconf 59' lang='grc' dir='ltr'>ιΙὶίὲο</span> <span class='ocrx_word' id='word_1_449' title='bbox 1220 3137 1313 3166; x_wconf 84' lang='lat' dir='ltr'>insti-</span> 
     </span>
    </p>

    <p class='ocr_par' dir='ltr' id='par_1_13' title="bbox 341 3175 650 3213">
     <span class='ocr_line' id='line_1_64' title="bbox 341 3175 650 3213; baseline -0.006 -6"><span class='ocrx_word' id='word_1_450' title='bbox 341 3178 466 3213; x_wconf 84' lang='lat' dir='ltr'>tutum,</span> <span class='ocrx_word' id='word_1_451' title='bbox 485 3175 562 3207; x_wconf 77' lang='lat' dir='ltr'>Aeli.</span> <span class='ocrx_word' id='word_1_452' title='bbox 579 3178 650 3206; x_wconf 77' lang='grc'><strong>774.</strong></span> 
     </span>
    </p>

    <p class='ocr_par' dir='ltr' id='par_1_14' title="bbox 300 3222 756 3256">
     <span class='ocr_line' id='line_1_65' title="bbox 300 3222 756 3256; baseline -0.002 -2"><span class='ocrx_word' id='word_1_453' title='bbox 300 3223 433 3256; x_wconf 87' lang='lat' dir='ltr'>Diocles</span> <span class='ocrx_word' id='word_1_454' title='bbox 450 3222 590 3255; x_wconf 85' lang='lat' dir='ltr'>archon,</span> <span class='ocrx_word' id='word_1_455' title='bbox 611 3223 666 3253; x_wconf 88' lang='lat' dir='ltr'>Pl.</span> <span class='ocrx_word' id='word_1_456' title='bbox 689 3226 756 3254; x_wconf 86' lang='lat'>179.</span> 
     </span>
    </p>

    <p class='ocr_par' dir='ltr' id='par_1_15' title="bbox 300 3267 1310 3348">
     <span class='ocr_line' id='line_1_66' title="bbox 300 3267 1310 3312; baseline 0.004 -11"><span class='ocrx_word' id='word_1_457' title='bbox 300 3267 468 3302; x_wconf 85' lang='lat' dir='ltr'>Diodorus</span> <span class='ocrx_word' id='word_1_458' title='bbox 489 3279 499 3299; x_wconf 89' lang='grc'><strong>.·</strong></span> <span class='ocrx_word' id='word_1_459' title='bbox 539 3268 610 3307; x_wconf 77' lang='lat' dir='ltr'>ejus</span> <span class='ocrx_word' id='word_1_460' title='bbox 648 3270 823 3309; x_wconf 68' lang='grc' dir='ltr'><strong>ἐπιτύμὸιον</strong></span> <span class='ocrx_word' id='word_1_461' title='bbox 848 3273 882 3302; x_wconf 91' lang='lat' dir='ltr'>in</span> <span class='ocrx_word' id='word_1_462' title='bbox 907 3271 1186 3312; x_wconf 77' lang='lat' dir='ltr'>Aristophanem,</span> <span class='ocrx_word' id='word_1_463' title='bbox 1216 3275 1310 3305; x_wconf 85' lang='lat' dir='ltr'>Prot.</span> 
     </span>
     <span class='ocr_line' id='line_1_67' title="bbox 342 3318 435 3348; baseline -0.022 0"><span class='ocrx_word' id='word_1_464' title='bbox 342 3318 435 3348; x_wconf 71' lang='grc' dir='ltr'><strong>ΧΙἸ.</strong></span> 
     </span>
    </p>

    <p class='ocr_par' dir='ltr' id='par_1_16' title="bbox 303 3362 1312 3451">
     <span class='ocr_line' id='line_1_68' title="bbox 303 3362 1312 3403; baseline 0.004 -8"><span class='ocrx_word' id='word_1_465' title='bbox 303 3362 467 3395; x_wconf 77' lang='lat' dir='ltr'>Diodotus</span> <span class='ocrx_word' id='word_1_466' title='bbox 483 3362 737 3393; x_wconf 78' lang='lat' dir='ltr'>Atheniensibus</span> <span class='ocrx_word' id='word_1_467' title='bbox 752 3364 938 3403; x_wconf 77' lang='lat' dir='ltr'>persuadet</span> <span class='ocrx_word' id='word_1_468' title='bbox 955 3367 1123 3396; x_wconf 83' lang='lat' dir='ltr'>utcontra</span> <span class='ocrx_word' id='word_1_469' title='bbox 1141 3365 1312 3399; x_wconf 81' lang='lat' dir='ltr'>decretum</span> 
     </span>
     <span class='ocr_line' id='line_1_69' title="bbox 345 3409 1311 3451; baseline 0.003 -10"><span class='ocrx_word' id='word_1_470' title='bbox 345 3409 471 3441; x_wconf 80' lang='lat' dir='ltr'>Cleonis</span> <span class='ocrx_word' id='word_1_471' title='bbox 512 3412 662 3450; x_wconf 77' lang='lat' dir='ltr'>parcant</span> <span class='ocrx_word' id='word_1_472' title='bbox 698 3412 735 3441; x_wconf 87' lang='lat' dir='ltr'><em>M</em></span> <span class='ocrx_word' id='word_1_473' title='bbox 739 3411 906 3450; x_wconf 77' lang='lat' dir='ltr'>ytilenceis</span> <span class='ocrx_word' id='word_1_474' title='bbox 942 3414 998 3451; x_wconf 80' lang='lat' dir='ltr'>qui</span> <span class='ocrx_word' id='word_1_475' title='bbox 1033 3412 1244 3445; x_wconf 73' lang='lat' dir='ltr'>desciverant</span> <span class='ocrx_word' id='word_1_476' title='bbox 1291 3425 1311 3447; x_wconf 82' lang='lat' dir='ltr'>a</span> 
     </span>
    </p>
   </div>
   <div class='ocr_carea' id='block_1_3' title="bbox 1329 904 1334 1056">
    <p class='ocr_par' dir='ltr' id='par_1_17' title="bbox 1329 904 1334 1056">
     <span class='ocr_line' id='line_1_70' title="bbox 1329 904 1334 1056; baseline 0 2752"><span class='ocrx_word' id='word_1_477' title='bbox 1329 904 1334 1056; x_wconf 95' lang='lat' dir='ltr'> </span> 
     </span>
    </p>
   </div>
   <div class='ocr_carea' id='block_1_4' title="bbox 1330 1060 1335 1181">
    <p class='ocr_par' dir='ltr' id='par_1_18' title="bbox 1330 1060 1335 1181">
     <span class='ocr_line' id='line_1_71' title="bbox 1330 1060 1335 1181; baseline 0 2627"><span class='ocrx_word' id='word_1_478' title='bbox 1330 1060 1335 1181; x_wconf 95' lang='lat' dir='ltr'> </span> 
     </span>
    </p>
   </div>
   <div class='ocr_carea' id='block_1_5' title="bbox 943 204 1686 245">
    <p class='ocr_par' dir='ltr' id='par_1_19' title="bbox 943 204 1686 245">
     <span class='ocr_line' id='line_1_72' title="bbox 943 204 1686 245; baseline -0.005 0"><span class='ocrx_word' id='word_1_479' title='bbox 943 208 1097 245; x_wconf 78' lang='lat' dir='ltr'>INDEX</span> <span class='ocrx_word' id='word_1_480' title='bbox 1126 204 1370 243; x_wconf 67' lang='lat' dir='ltr'>NOMtNUM</span> <span class='ocrx_word' id='word_1_481' title='bbox 1404 205 1466 241; x_wconf 81' lang='lat' dir='ltr'>ET</span> <span class='ocrx_word' id='word_1_482' title='bbox 1496 204 1686 242; x_wconf 76' lang='lat' dir='ltr'>RERUM.</span> 
     </span>
    </p>
   </div>
   <div class='ocr_carea' id='block_1_6' title="bbox 1331 289 2393 3455">
    <p class='ocr_par' dir='ltr' id='par_1_20' title="bbox 1400 289 2374 367">
     <span class='ocr_line' id='line_1_73' title="bbox 1401 289 2374 333; baseline 0.003 -13"><span class='ocrx_word' id='word_1_483' title='bbox 1401 289 1547 321; x_wconf 72' lang='lat' dir='ltr'>Charete</span> <span class='ocrx_word' id='word_1_484' title='bbox 1563 289 1626 320; x_wconf 91' lang='lat' dir='ltr'>sub</span> <span class='ocrx_word' id='word_1_485' title='bbox 1643 290 1894 322; x_wconf 76' lang='lat' dir='ltr'>Atheniensium</span> <span class='ocrx_word' id='word_1_486' title='bbox 1910 293 2111 331; x_wconf 81' lang='lat' dir='ltr'>potestatem</span> <span class='ocrx_word' id='word_1_487' title='bbox 2129 289 2291 330; x_wconf 83' lang='lat' dir='ltr'>redactis,</span> <span class='ocrx_word' id='word_1_488' title='bbox 2310 293 2374 333; x_wconf 85' lang='lat' dir='ltr'>Eq.</span> 
     </span>
     <span class='ocr_line' id='line_1_74' title="bbox 1400 339 1471 367; baseline -0.014 0"><span class='ocrx_word' id='word_1_489' title='bbox 1400 339 1471 367; x_wconf 73' lang='lat'>834.</span> 
     </span>
    </p>

    <p class='ocr_par' dir='ltr' id='par_1_21' title="bbox 1363 383 2378 468">
     <span class='ocr_line' id='line_1_75' title="bbox 1363 383 2378 425; baseline 0.002 -11"><span class='ocrx_word' id='word_1_490' title='bbox 1363 385 1522 422; x_wconf 77' lang='lat' dir='ltr'>Dioyenes</span> <span class='ocrx_word' id='word_1_491' title='bbox 1532 383 1755 423; x_wconf 82' lang='lat' dir='ltr'>philosophus</span> <span class='ocrx_word' id='word_1_492' title='bbox 1776 385 1941 425; x_wconf 84' lang='lat' dir='ltr'>quomodo</span> <span class='ocrx_word' id='word_1_493' title='bbox 1962 385 2136 417; x_wconf 84' lang='lat' dir='ltr'>vocaverit</span> <span class='ocrx_word' id='word_1_494' title='bbox 2155 383 2297 415; x_wconf 77' lang='lat' dir='ltr'>Laidem</span> <span class='ocrx_word' id='word_1_495' title='bbox 2312 392 2378 416; x_wconf 86' lang='lat' dir='ltr'>me-</span> 
     </span>
     <span class='ocr_line' id='line_1_76' title="bbox 1400 431 1731 468; baseline 0 -8"><span class='ocrx_word' id='word_1_496' title='bbox 1400 432 1571 468; x_wconf 82' lang='lat' dir='ltr'>retricem,</span> <span class='ocrx_word' id='word_1_497' title='bbox 1588 431 1642 461; x_wconf 88' lang='lat' dir='ltr'>Pl.</span> <span class='ocrx_word' id='word_1_498' title='bbox 1664 433 1731 462; x_wconf 88' lang='lat'>179.</span> 
     </span>
    </p>

    <p class='ocr_par' dir='ltr' id='par_1_22' title="bbox 1361 475 2378 655">
     <span class='ocr_line' id='line_1_77' title="bbox 1361 475 2376 517; baseline -0.001 -11"><span class='ocrx_word' id='word_1_499' title='bbox 1361 475 1531 506; x_wconf 74' lang='lat' dir='ltr'>Diomeden</span> <span class='ocrx_word' id='word_1_500' title='bbox 1552 477 1736 514; x_wconf 79' lang='lat' dir='ltr'>necessitas,</span> <span class='ocrx_word' id='word_1_501' title='bbox 1752 486 1773 508; x_wconf 86' lang='lat' dir='ltr'>a</span> <span class='ocrx_word' id='word_1_502' title='bbox 1791 477 1948 508; x_wconf 78' lang='lat' dir='ltr'>Diomede</span> <span class='ocrx_word' id='word_1_503' title='bbox 1965 485 2042 517; x_wconf 77' lang='lat' dir='ltr'>reye</span> <span class='ocrx_word' id='word_1_504' title='bbox 2066 477 2234 515; x_wconf 71' lang='lat' dir='ltr'>leracioe,</span> <span class='ocrx_word' id='word_1_505' title='bbox 2250 477 2310 516; x_wconf 78' lang='lat' dir='ltr'>qui</span> <span class='ocrx_word' id='word_1_506' title='bbox 2322 475 2376 506; x_wconf 85' lang='lat' dir='ltr'>ho-</span> 
     </span>
     <span class='ocr_line' id='line_1_78' title="bbox 1399 522 2377 563; baseline -0.001 -10"><span class='ocrx_word' id='word_1_507' title='bbox 1399 525 1503 561; x_wconf 75' lang='lat' dir='ltr'>spites</span> <span class='ocrx_word' id='word_1_508' title='bbox 1526 531 1605 553; x_wconf 88' lang='lat' dir='ltr'>cum</span> <span class='ocrx_word' id='word_1_509' title='bbox 1613 522 1760 562; x_wconf 82' lang='lat' dir='ltr'>filiabus</span> <span class='ocrx_word' id='word_1_510' title='bbox 1777 525 1847 553; x_wconf 84' lang='lat' dir='ltr'>suis</span> <span class='ocrx_word' id='word_1_511' title='bbox 1870 524 2087 555; x_wconf 86' lang='lat' dir='ltr'>concumbere</span> <span class='ocrx_word' id='word_1_512' title='bbox 2111 525 2214 563; x_wconf 85' lang='lat' dir='ltr'>atque</span> <span class='ocrx_word' id='word_1_513' title='bbox 2228 524 2279 553; x_wconf 80' lang='lat' dir='ltr'>ua</span> <span class='ocrx_word' id='word_1_514' title='bbox 2303 530 2377 553; x_wconf 88' lang='lat' dir='ltr'>con-</span> 
     </span>
     <span class='ocr_line' id='line_1_79' title="bbox 1400 570 2378 612; baseline 0.002 -13"><span class='ocrx_word' id='word_1_515' title='bbox 1400 572 1488 600; x_wconf 84' lang='lat' dir='ltr'>sumi</span> <span class='ocrx_word' id='word_1_516' title='bbox 1503 573 1629 610; x_wconf 79' lang='lat' dir='ltr'>coeyit:</span> <span class='ocrx_word' id='word_1_517' title='bbox 1640 570 1858 610; x_wconf 86' lang='lat' dir='ltr'>hincfabuta</span> <span class='ocrx_word' id='word_1_518' title='bbox 1875 571 1916 602; x_wconf 77' lang='lat' dir='ltr'>(Ie</span> <span class='ocrx_word' id='word_1_519' title='bbox 1928 571 2080 612; x_wconf 79' lang='lat' dir='ltr'>equabus</span> <span class='ocrx_word' id='word_1_520' title='bbox 2093 572 2166 610; x_wconf 82' lang='lat' dir='ltr'>ejus</span> <span class='ocrx_word' id='word_1_521' title='bbox 2178 570 2378 611; x_wconf 70' lang='grc' dir='ltr'><strong>ἀνθρωποφά-</strong></span> 
     </span>
     <span class='ocr_line' id='line_1_80' title="bbox 1399 618 1695 655; baseline 0 -8"><span class='ocrx_word' id='word_1_522' title='bbox 1399 627 1476 655; x_wconf 59' lang='lat' dir='ltr'>yon„</span> <span class='ocrx_word' id='word_1_523' title='bbox 1494 618 1585 648; x_wconf 80' lang='lat' dir='ltr'>Eccl.</span> <span class='ocrx_word' id='word_1_524' title='bbox 1607 621 1695 649; x_wconf 84' lang='lat'>1029.</span> 
     </span>
    </p>

    <p class='ocr_par' dir='ltr' id='par_1_23' title="bbox 1360 664 2381 799">
     <span class='ocr_line' id='line_1_81' title="bbox 1360 664 2378 705; baseline 0 -10"><span class='ocrx_word' id='word_1_525' title='bbox 1360 665 1536 696; x_wconf 75' lang='lat' dir='ltr'>Diomedes</span> <span class='ocrx_word' id='word_1_526' title='bbox 1550 668 1670 696; x_wconf 87' lang='lat' dir='ltr'>contra</span> <span class='ocrx_word' id='word_1_527' title='bbox 1689 665 1837 697; x_wconf 81' lang='lat' dir='ltr'>Thraces</span> <span class='ocrx_word' id='word_1_528' title='bbox 1845 664 2091 705; x_wconf 79' lang='lat' dir='ltr'>proficiscitur;</span> <span class='ocrx_word' id='word_1_529' title='bbox 2104 664 2216 696; x_wconf 79' lang='lat' dir='ltr'>redux</span> <span class='ocrx_word' id='word_1_530' title='bbox 2225 666 2378 704; x_wconf 79' lang='lat' dir='ltr'>Ayri&#39;um,</span> 
     </span>
     <span class='ocr_line' id='line_1_82' title="bbox 1402 711 2381 752; baseline -0.001 -10"><span class='ocrx_word' id='word_1_531' title='bbox 1402 712 1500 750; x_wconf 80' lang='lat' dir='ltr'>cujics</span> <span class='ocrx_word' id='word_1_532' title='bbox 1521 711 1593 751; x_wconf 86' lang='lat' dir='ltr'>filii</span> <span class='ocrx_word' id='word_1_533' title='bbox 1632 715 1737 744; x_wconf 85' lang='lat' dir='ltr'>OEneo</span> <span class='ocrx_word' id='word_1_534' title='bbox 1766 720 1909 752; x_wconf 73' lang='lat' dir='ltr'>requam</span> <span class='ocrx_word' id='word_1_535' title='bbox 1937 711 2157 750; x_wconf 78' lang='lat' dir='ltr'>ademerant,</span> <span class='ocrx_word' id='word_1_536' title='bbox 2191 711 2314 742; x_wconf 84' lang='lat' dir='ltr'>occidit</span> <span class='ocrx_word' id='word_1_537' title='bbox 2347 712 2381 741; x_wconf 80' lang='lat' dir='ltr'>et</span> 
     </span>
     <span class='ocr_line' id='line_1_83' title="bbox 1407 759 1945 799; baseline -0.002 -10"><span class='ocrx_word' id='word_1_538' title='bbox 1407 761 1553 789; x_wconf 85' lang='lat' dir='ltr'>OEneum</span> <span class='ocrx_word' id='word_1_539' title='bbox 1569 761 1761 799; x_wconf 82' lang='lat' dir='ltr'>instaurat,</span> <span class='ocrx_word' id='word_1_540' title='bbox 1776 759 1854 790; x_wconf 87' lang='lat' dir='ltr'>Ach.</span> <span class='ocrx_word' id='word_1_541' title='bbox 1876 760 1945 789; x_wconf 78' lang='grc'><strong>418.</strong></span> 
     </span>
    </p>

    <p class='ocr_par' dir='ltr' id='par_1_24' title="bbox 1365 803 2380 884">
     <span class='ocr_line' id='line_1_84' title="bbox 1365 803 2380 845; baseline 0 -11"><span class='ocrx_word' id='word_1_542' title='bbox 1365 805 1548 837; x_wconf 82' lang='lat' dir='ltr'>Diomedon</span> <span class='ocrx_word' id='word_1_543' title='bbox 1565 830 1573 845; x_wconf 92' lang='lat'>,</span> <span class='ocrx_word' id='word_1_544' title='bbox 1603 806 1676 837; x_wconf 73' lang='lat' dir='ltr'>dux</span> <span class='ocrx_word' id='word_1_545' title='bbox 1703 806 1750 838; x_wconf 88' lang='lat' dir='ltr'>ad</span> <span class='ocrx_word' id='word_1_546' title='bbox 1773 808 1986 845; x_wconf 79' lang='lat' dir='ltr'>Arqinusas,</span> <span class='ocrx_word' id='word_1_547' title='bbox 2016 804 2185 845; x_wconf 79' lang='lat' dir='ltr'>supplicio</span> <span class='ocrx_word' id='word_1_548' title='bbox 2212 803 2380 843; x_wconf 80' lang='lat' dir='ltr'>affectus,</span> 
     </span>
     <span class='ocr_line' id='line_1_85' title="bbox 1404 854 1599 884; baseline 0.01 -3"><span class='ocrx_word' id='word_1_549' title='bbox 1404 854 1490 882; x_wconf 80' lang='lat' dir='ltr'>Ran.</span> <span class='ocrx_word' id='word_1_550' title='bbox 1511 856 1599 884; x_wconf 81' lang='lat'>1196.</span> 
     </span>
    </p>

    <p class='ocr_par' dir='ltr' id='par_1_25' title="bbox 1364 896 2381 1032">
     <span class='ocr_line' id='line_1_86' title="bbox 1364 896 2380 939; baseline 0.001 -12"><span class='ocrx_word' id='word_1_551' title='bbox 1364 900 1507 937; x_wconf 79' lang='lat' dir='ltr'>Diomei,</span> <span class='ocrx_word' id='word_1_552' title='bbox 1537 908 1647 939; x_wconf 76' lang='lat' dir='ltr'>payns</span> <span class='ocrx_word' id='word_1_553' title='bbox 1679 901 1823 938; x_wconf 85' lang='lat' dir='ltr'>Atticus,</span> <span class='ocrx_word' id='word_1_554' title='bbox 1847 908 1869 930; x_wconf 95' lang='lat' dir='ltr'>a</span> <span class='ocrx_word' id='word_1_555' title='bbox 1899 900 2020 930; x_wconf 90' lang='lat' dir='ltr'>Diomo</span> <span class='ocrx_word' id='word_1_556' title='bbox 2045 897 2169 935; x_wconf 86' lang='lat' dir='ltr'>dietus,</span> <span class='ocrx_word' id='word_1_557' title='bbox 2193 896 2273 928; x_wconf 84' lang='lat' dir='ltr'>Ach.</span> <span class='ocrx_word' id='word_1_558' title='bbox 2308 899 2380 935; x_wconf 83' lang='lat'>695,</span> 
     </span>
     <span class='ocr_line' id='line_1_87' title="bbox 1403 943 2381 984; baseline -0.002 -8"><span class='ocrx_word' id='word_1_559' title='bbox 1403 945 1550 984; x_wconf 81' lang='lat' dir='ltr'>AEyeidis</span> <span class='ocrx_word' id='word_1_560' title='bbox 1566 946 1688 984; x_wconf 76' lang='lat' dir='ltr'>tribus,</span> <span class='ocrx_word' id='word_1_561' title='bbox 1707 946 1764 977; x_wconf 87' lang='lat' dir='ltr'>ubi</span> <span class='ocrx_word' id='word_1_562' title='bbox 1780 946 1910 976; x_wconf 86' lang='lat' dir='ltr'>Diomea</span> <span class='ocrx_word' id='word_1_563' title='bbox 1924 944 2068 976; x_wconf 82' lang='lat' dir='ltr'>Herculis</span> <span class='ocrx_word' id='word_1_564' title='bbox 2090 944 2206 975; x_wconf 81' lang='lat' dir='ltr'>festum</span> <span class='ocrx_word' id='word_1_565' title='bbox 2230 943 2381 974; x_wconf 86' lang='lat' dir='ltr'>celebra-</span> 
     </span>
     <span class='ocr_line' id='line_1_88' title="bbox 1408 991 2381 1032; baseline -0.001 -11"><span class='ocrx_word' id='word_1_566' title='bbox 1408 991 1513 1022; x_wconf 84' lang='lat' dir='ltr'>batur</span> <span class='ocrx_word' id='word_1_567' title='bbox 1549 995 1582 1023; x_wconf 87' lang='lat' dir='ltr'>et</span> <span class='ocrx_word' id='word_1_568' title='bbox 1605 993 1771 1032; x_wconf 76' lang='lat' dir='ltr'>templum</span> <span class='ocrx_word' id='word_1_569' title='bbox 1788 993 1892 1030; x_wconf 78' lang='lat' dir='ltr'>hujus</span> <span class='ocrx_word' id='word_1_570' title='bbox 1915 991 1967 1023; x_wconf 83' lang='lat' dir='ltr'>dei</span> <span class='ocrx_word' id='word_1_571' title='bbox 1982 993 2071 1029; x_wconf 85' lang='lat' dir='ltr'>erat,</span> <span class='ocrx_word' id='word_1_572' title='bbox 2088 993 2176 1022; x_wconf 85' lang='lat' dir='ltr'>Ran.</span> <span class='ocrx_word' id='word_1_573' title='bbox 2192 994 2247 1021; x_wconf 84' lang='grc'>651</span> <span class='ocrx_word' id='word_1_574' title='bbox 2265 991 2298 1020; x_wconf 85' lang='lat' dir='ltr'>et</span> <span class='ocrx_word' id='word_1_575' title='bbox 2312 993 2381 1021; x_wconf 86' lang='lat' dir='ltr'>not.</span> 
     </span>
    </p>

    <p class='ocr_par' dir='ltr' id='par_1_26' title="bbox 1366 1035 2384 1171">
     <span class='ocr_line' id='line_1_89' title="bbox 1366 1035 2384 1078; baseline -0.001 -11"><span class='ocrx_word' id='word_1_576' title='bbox 1366 1039 1518 1076; x_wconf 84' lang='lat' dir='ltr'>Diomus,</span> <span class='ocrx_word' id='word_1_577' title='bbox 1537 1040 1689 1069; x_wconf 86' lang='lat' dir='ltr'>amasius</span> <span class='ocrx_word' id='word_1_578' title='bbox 1705 1039 1880 1077; x_wconf 85' lang='lat' dir='ltr'>Herculis,</span> <span class='ocrx_word' id='word_1_579' title='bbox 1897 1047 1919 1069; x_wconf 84' lang='lat' dir='ltr'>a</span> <span class='ocrx_word' id='word_1_580' title='bbox 1937 1047 2003 1078; x_wconf 90' lang='lat' dir='ltr'>quo</span> <span class='ocrx_word' id='word_1_581' title='bbox 2021 1046 2135 1078; x_wconf 77' lang='lat' dir='ltr'>payus</span> <span class='ocrx_word' id='word_1_582' title='bbox 2156 1035 2308 1076; x_wconf 78' lang='lat' dir='ltr'>AEyeidis</span> <span class='ocrx_word' id='word_1_583' title='bbox 2324 1037 2384 1067; x_wconf 91' lang='lat' dir='ltr'>tri-</span> 
     </span>
     <span class='ocr_line' id='line_1_90' title="bbox 1405 1083 2383 1124; baseline -0.003 -10"><span class='ocrx_word' id='word_1_584' title='bbox 1405 1084 1465 1115; x_wconf 90' lang='lat' dir='ltr'>bus</span> <span class='ocrx_word' id='word_1_585' title='bbox 1488 1085 1696 1124; x_wconf 80' lang='lat' dir='ltr'>appellatus.</span> <span class='ocrx_word' id='word_1_586' title='bbox 1729 1085 1884 1117; x_wconf 84' lang='lat' dir='ltr'>Rhianus</span> <span class='ocrx_word' id='word_1_587' title='bbox 1909 1084 1993 1116; x_wconf 86' lang='lat' dir='ltr'>dicit</span> <span class='ocrx_word' id='word_1_588' title='bbox 2021 1085 2067 1115; x_wconf 80' lang='grc' dir='ltr'>ὅτι</span> <span class='ocrx_word' id='word_1_589' title='bbox 2093 1083 2206 1123; x_wconf 81' lang='grc' dir='ltr'><strong>Δίομος</strong></span> <span class='ocrx_word' id='word_1_590' title='bbox 2229 1083 2383 1124; x_wconf 77' lang='grc' dir='ltr'>Ἡρακλῆς</span> 
     </span>
     <span class='ocr_line' id='line_1_91' title="bbox 1406 1132 2092 1171; baseline 0.003 -10"><span class='ocrx_word' id='word_1_591' title='bbox 1406 1132 1536 1171; x_wconf 72' lang='grc' dir='ltr'>ἐγένετο,</span> <span class='ocrx_word' id='word_1_592' title='bbox 1555 1135 1639 1163; x_wconf 86' lang='lat' dir='ltr'>Ran.</span> <span class='ocrx_word' id='word_1_593' title='bbox 1659 1136 1729 1164; x_wconf 87' lang='grc'><strong>651.</strong></span> <span class='ocrx_word' id='word_1_594' title='bbox 1747 1132 1829 1164; x_wconf 85' lang='lat' dir='ltr'>Add.</span> <span class='ocrx_word' id='word_1_595' title='bbox 1845 1132 1913 1163; x_wconf 83' lang='lat' dir='ltr'>sch.</span> <span class='ocrx_word' id='word_1_596' title='bbox 1929 1132 2007 1163; x_wconf 88' lang='lat' dir='ltr'>Ach.</span> <span class='ocrx_word' id='word_1_597' title='bbox 2021 1136 2092 1163; x_wconf 89' lang='grc'><strong>605.</strong></span> 
     </span>
    </p>

    <p class='ocr_par' dir='ltr' id='par_1_27' title="bbox 1331 1176 2390 2058">
     <span class='ocr_line' id='line_1_92' title="bbox 1331 1176 2385 1218; baseline -0.004 -8"><span class='ocrx_word' id='word_1_598' title='bbox 1331 1186 1334 1210; x_wconf 78' lang='lat'>1</span> <span class='ocrx_word' id='word_1_599' title='bbox 1365 1180 1531 1217; x_wconf 86' lang='lat' dir='ltr'>Dionysia</span> <span class='ocrx_word' id='word_1_600' title='bbox 1548 1188 1627 1210; x_wconf 88' lang='lat' dir='ltr'>cum</span> <span class='ocrx_word' id='word_1_601' title='bbox 1649 1179 1759 1210; x_wconf 85' lang='lat' dir='ltr'>choris</span> <span class='ocrx_word' id='word_1_602' title='bbox 1779 1179 1912 1218; x_wconf 74' lang='lat' dir='ltr'>cyclicis</span> <span class='ocrx_word' id='word_1_603' title='bbox 1929 1181 1961 1209; x_wconf 85' lang='lat' dir='ltr'>et</span> <span class='ocrx_word' id='word_1_604' title='bbox 1987 1176 2292 1210; x_wconf 76' lang='lat' dir='ltr'>concertationibus</span> <span class='ocrx_word' id='word_1_605' title='bbox 2315 1178 2385 1207; x_wconf 84' lang='lat' dir='ltr'>tra-</span> 
     </span>
     <span class='ocr_line' id='line_1_93' title="bbox 1404 1221 2386 1265; baseline -0.003 -11"><span class='ocrx_word' id='word_1_606' title='bbox 1404 1227 1559 1263; x_wconf 81' lang='lat' dir='ltr'>yicoruin</span> <span class='ocrx_word' id='word_1_607' title='bbox 1584 1227 1617 1256; x_wconf 86' lang='lat' dir='ltr'>et</span> <span class='ocrx_word' id='word_1_608' title='bbox 1641 1228 1847 1256; x_wconf 82' lang='lat' dir='ltr'>comicorum</span> <span class='ocrx_word' id='word_1_609' title='bbox 1871 1227 2058 1265; x_wconf 82' lang='lat' dir='ltr'>poetarum</span> <span class='ocrx_word' id='word_1_610' title='bbox 2083 1224 2305 1255; x_wconf 86' lang='lat' dir='ltr'>celebrantur</span> <span class='ocrx_word' id='word_1_611' title='bbox 2332 1221 2386 1252; x_wconf 84' lang='lat' dir='ltr'>ad-</span> 
     </span>
     <span class='ocr_line' id='line_1_94' title="bbox 1409 1269 2384 1311; baseline -0.002 -11"><span class='ocrx_word' id='word_1_612' title='bbox 1409 1274 1561 1302; x_wconf 69' lang='lat' dir='ltr'>xenlante</span> <span class='ocrx_word' id='word_1_613' title='bbox 1582 1280 1667 1308; x_wconf 68' lang='lat' dir='ltr'>vere,</span> <span class='ocrx_word' id='word_1_614' title='bbox 1686 1271 1774 1302; x_wconf 71' lang='lat' dir='ltr'>Nub.</span> <span class='ocrx_word' id='word_1_615' title='bbox 1793 1275 1865 1310; x_wconf 86' lang='lat'>311,</span> <span class='ocrx_word' id='word_1_616' title='bbox 1879 1271 1948 1302; x_wconf 84' lang='lat' dir='ltr'>sch.</span> <span class='ocrx_word' id='word_1_617' title='bbox 1971 1274 2006 1301; x_wconf 89' lang='lat'>10</span> <span class='ocrx_word' id='word_1_618' title='bbox 2025 1281 2031 1300; x_wconf 94' lang='lat'>:</span> <span class='ocrx_word' id='word_1_619' title='bbox 2051 1278 2160 1311; x_wconf 88' lang='lat' dir='ltr'>quare</span> <span class='ocrx_word' id='word_1_620' title='bbox 2173 1269 2339 1300; x_wconf 84' lang='lat' dir='ltr'>dicuntur</span> <span class='ocrx_word' id='word_1_621' title='bbox 2351 1270 2384 1298; x_wconf 87' lang='lat' dir='ltr'>et</span> 
     </span>
     <span class='ocr_line' id='line_1_95' title="bbox 1405 1316 2383 1356; baseline -0.005 -7"><span class='ocrx_word' id='word_1_622' title='bbox 1405 1318 1512 1349; x_wconf 87' lang='lat' dir='ltr'>hieme</span> <span class='ocrx_word' id='word_1_623' title='bbox 1537 1318 1706 1350; x_wconf 86' lang='lat' dir='ltr'>celebrari</span> <span class='ocrx_word' id='word_1_624' title='bbox 1732 1318 1776 1348; x_wconf 85' lang='lat' dir='ltr'>ib.</span> <span class='ocrx_word' id='word_1_625' title='bbox 1802 1320 1873 1356; x_wconf 78' lang='lat'>207,</span> <span class='ocrx_word' id='word_1_626' title='bbox 1891 1320 1923 1349; x_wconf 87' lang='lat' dir='ltr'>et</span> <span class='ocrx_word' id='word_1_627' title='bbox 1938 1326 2027 1354; x_wconf 71' lang='lat' dir='ltr'>rere,</span> <span class='ocrx_word' id='word_1_628' title='bbox 2042 1320 2098 1348; x_wconf 74' lang='lat' dir='ltr'>Aa.</span> <span class='ocrx_word' id='word_1_629' title='bbox 2118 1319 2189 1353; x_wconf 88' lang='grc'><strong>683,</strong></span> <span class='ocrx_word' id='word_1_630' title='bbox 2209 1318 2293 1346; x_wconf 90' lang='lat' dir='ltr'>Ran.</span> <span class='ocrx_word' id='word_1_631' title='bbox 2314 1316 2383 1345; x_wconf 87' lang='grc'><strong>375.</strong></span> 
     </span>
     <span class='ocr_line' id='line_1_96' title="bbox 1408 1361 2386 1405; baseline -0.004 -10"><span class='ocrx_word' id='word_1_632' title='bbox 1408 1366 1455 1395; x_wconf 78' lang='lat' dir='ltr'>lis</span> <span class='ocrx_word' id='word_1_633' title='bbox 1474 1365 1589 1404; x_wconf 70' lang='grc' dir='ltr'>ἀγῶνες</span> <span class='ocrx_word' id='word_1_634' title='bbox 1617 1364 1794 1405; x_wconf 76' lang='lat' dir='ltr'>trayoedicc</span> <span class='ocrx_word' id='word_1_635' title='bbox 1811 1366 1843 1395; x_wconf 90' lang='lat' dir='ltr'>et</span> <span class='ocrx_word' id='word_1_636' title='bbox 1868 1366 2029 1395; x_wconf 70' lang='lat' dir='ltr'>ceteris</span> <span class='ocrx_word' id='word_1_637' title='bbox 2051 1362 2219 1394; x_wconf 81' lang='lat' dir='ltr'>comoedioe</span> <span class='ocrx_word' id='word_1_638' title='bbox 2241 1361 2386 1401; x_wconf 81' lang='lat' dir='ltr'>aqeban-</span> 
     </span>
     <span class='ocr_line' id='line_1_97' title="bbox 1409 1409 2383 1450; baseline -0.004 -8"><span class='ocrx_word' id='word_1_639' title='bbox 1409 1413 1480 1449; x_wconf 87' lang='lat' dir='ltr'>tur,</span> <span class='ocrx_word' id='word_1_640' title='bbox 1500 1412 1586 1442; x_wconf 73' lang='lat' dir='ltr'>Nub.</span> <span class='ocrx_word' id='word_1_641' title='bbox 1610 1414 1678 1442; x_wconf 88' lang='lat'>108.</span> <span class='ocrx_word' id='word_1_642' title='bbox 1704 1412 1878 1450; x_wconf 88' lang='lat' dir='ltr'>Dionysiis</span> <span class='ocrx_word' id='word_1_643' title='bbox 1896 1412 1912 1441; x_wconf 85' lang='grc' dir='ltr'>ὁ</span> <span class='ocrx_word' id='word_1_644' title='bbox 1931 1411 1980 1441; x_wconf 86' lang='grc' dir='ltr'>ἐπὶ</span> <span class='ocrx_word' id='word_1_645' title='bbox 2005 1414 2067 1440; x_wconf 78' lang='grc' dir='ltr'>τῶν</span> <span class='ocrx_word' id='word_1_646' title='bbox 2086 1410 2180 1445; x_wconf 78' lang='grc' dir='ltr'>ξύλων</span> <span class='ocrx_word' id='word_1_647' title='bbox 2195 1409 2383 1448; x_wconf 77' lang='lat' dir='ltr'>(minister,</span> 
     </span>
     <span class='ocr_line' id='line_1_98' title="bbox 1406 1456 2387 1490; baseline -0.004 -1"><span class='ocrx_word' id='word_1_648' title='bbox 1406 1460 1460 1490; x_wconf 88' lang='lat' dir='ltr'>cui</span> <span class='ocrx_word' id='word_1_649' title='bbox 1478 1460 1513 1489; x_wconf 85' lang='lat' dir='ltr'>in</span> <span class='ocrx_word' id='word_1_650' title='bbox 1532 1458 1668 1489; x_wconf 87' lang='lat' dir='ltr'>theatro</span> <span class='ocrx_word' id='word_1_651' title='bbox 1685 1466 1772 1489; x_wconf 83' lang='lat' dir='ltr'>cura</span> <span class='ocrx_word' id='word_1_652' title='bbox 1784 1457 1947 1488; x_wconf 84' lang='lat' dir='ltr'>sedilium</span> <span class='ocrx_word' id='word_1_653' title='bbox 1972 1456 2184 1488; x_wconf 86' lang='lat' dir='ltr'>demandata</span> <span class='ocrx_word' id='word_1_654' title='bbox 2200 1456 2289 1486; x_wconf 84' lang='lat' dir='ltr'>erat.</span> <span class='ocrx_word' id='word_1_655' title='bbox 2315 1459 2387 1485; x_wconf 74' lang='grc' dir='ltr'>Μει-</span> 
     </span>
     <span class='ocr_line' id='line_1_99' title="bbox 1407 1503 2387 1543; baseline -0.004 -8"><span class='ocrx_word' id='word_1_656' title='bbox 1407 1506 1503 1542; x_wconf 60' lang='lat' dir='ltr'>Mnm,</span> <span class='ocrx_word' id='word_1_657' title='bbox 1531 1505 1744 1543; x_wconf 81' lang='lat' dir='ltr'>Hermippus</span> <span class='ocrx_word' id='word_1_658' title='bbox 1775 1506 1835 1535; x_wconf 85' lang='lat' dir='ltr'>Av.</span> <span class='ocrx_word' id='word_1_659' title='bbox 1867 1505 1955 1534; x_wconf 84' lang='grc'><strong>1556.</strong></span> <span class='ocrx_word' id='word_1_660' title='bbox 1973 1504 2149 1542; x_wconf 84' lang='lat' dir='ltr'>Dionysiis</span> <span class='ocrx_word' id='word_1_661' title='bbox 2166 1503 2281 1533; x_wconf 84' lang='lat' dir='ltr'>vernis</span> <span class='ocrx_word' id='word_1_662' title='bbox 2306 1503 2387 1532; x_wconf 84' lang='lat' dir='ltr'>socii</span> 
     </span>
     <span class='ocr_line' id='line_1_100' title="bbox 1409 1547 2388 1589; baseline -0.004 -8"><span class='ocrx_word' id='word_1_663' title='bbox 1409 1551 1543 1582; x_wconf 88' lang='lat' dir='ltr'>tributa</span> <span class='ocrx_word' id='word_1_664' title='bbox 1558 1550 1704 1581; x_wconf 78' lang='lat' dir='ltr'>Athenas</span> <span class='ocrx_word' id='word_1_665' title='bbox 1714 1549 1892 1589; x_wconf 81' lang='lat' dir='ltr'>ferebant,</span> <span class='ocrx_word' id='word_1_666' title='bbox 1910 1549 1989 1581; x_wconf 85' lang='lat' dir='ltr'>Ach.</span> <span class='ocrx_word' id='word_1_667' title='bbox 2009 1551 2082 1587; x_wconf 85' lang='grc'><strong>378,</strong></span> <span class='ocrx_word' id='word_1_668' title='bbox 2099 1553 2158 1580; x_wconf 91' lang='grc'>505</span> <span class='ocrx_word' id='word_1_669' title='bbox 2171 1557 2221 1589; x_wconf 85' lang='lat' dir='ltr'>sq.</span> <span class='ocrx_word' id='word_1_670' title='bbox 2236 1547 2388 1586; x_wconf 74' lang='lat' dir='ltr'>Dionysia</span> 
     </span>
     <span class='ocr_line' id='line_1_101' title="bbox 1407 1595 2385 1636; baseline -0.003 -8"><span class='ocrx_word' id='word_1_671' title='bbox 1407 1598 1538 1636; x_wconf 79' lang='lat' dir='ltr'>rustica,</span> <span class='ocrx_word' id='word_1_672' title='bbox 1560 1597 1641 1628; x_wconf 91' lang='lat' dir='ltr'>Ach.</span> <span class='ocrx_word' id='word_1_673' title='bbox 1661 1598 1732 1635; x_wconf 80' lang='lat'>250,</span> <span class='ocrx_word' id='word_1_674' title='bbox 1755 1596 1824 1627; x_wconf 87' lang='lat' dir='ltr'>sch.</span> <span class='ocrx_word' id='word_1_675' title='bbox 1842 1601 1912 1627; x_wconf 86' lang='grc'><strong>505.</strong></span> <span class='ocrx_word' id='word_1_676' title='bbox 1940 1600 2003 1627; x_wconf 85' lang='lat' dir='ltr'>Pax</span> <span class='ocrx_word' id='word_1_677' title='bbox 2028 1597 2091 1627; x_wconf 87' lang='lat' dir='ltr'>olet</span> <span class='ocrx_word' id='word_1_678' title='bbox 2116 1595 2281 1635; x_wconf 75' lang='lat' dir='ltr'>Dionysia,</span> <span class='ocrx_word' id='word_1_679' title='bbox 2298 1597 2385 1626; x_wconf 88' lang='lat' dir='ltr'>Pae.</span> 
     </span>
     <span class='ocr_line' id='line_1_102' title="bbox 1408 1641 2385 1683; baseline -0.006 -7"><span class='ocrx_word' id='word_1_680' title='bbox 1408 1648 1480 1676; x_wconf 85' lang='grc'><strong>530.</strong></span> <span class='ocrx_word' id='word_1_681' title='bbox 1497 1648 1522 1675; x_wconf 94' lang='lat' dir='ltr'>O</span> <span class='ocrx_word' id='word_1_682' title='bbox 1539 1644 1693 1683; x_wconf 77' lang='lat' dir='ltr'>Dionysia</span> <span class='ocrx_word' id='word_1_683' title='bbox 1712 1643 1913 1682; x_wconf 75' lang='lat' dir='ltr'>(exclamatio</span> <span class='ocrx_word' id='word_1_684' title='bbox 1929 1642 2096 1682; x_wconf 83' lang='lat' dir='ltr'>gaudentis</span> <span class='ocrx_word' id='word_1_685' title='bbox 2113 1642 2153 1673; x_wconf 85' lang='lat' dir='ltr'>de</span> <span class='ocrx_word' id='word_1_686' title='bbox 2179 1642 2282 1682; x_wconf 89' lang='lat' dir='ltr'>pace),</span> <span class='ocrx_word' id='word_1_687' title='bbox 2304 1641 2385 1673; x_wconf 82' lang='lat' dir='ltr'>Ach.</span> 
     </span>
     <span class='ocr_line' id='line_1_103' title="bbox 1411 1688 2384 1730; baseline -0.002 -9"><span class='ocrx_word' id='word_1_688' title='bbox 1411 1694 1478 1722; x_wconf 87' lang='grc'><strong>195.</strong></span> <span class='ocrx_word' id='word_1_689' title='bbox 1506 1692 1672 1730; x_wconf 87' lang='lat' dir='ltr'>Dionysia</span> <span class='ocrx_word' id='word_1_690' title='bbox 1698 1689 1854 1729; x_wconf 85' lang='lat' dir='ltr'>(inayna)</span> <span class='ocrx_word' id='word_1_691' title='bbox 1880 1697 1943 1729; x_wconf 81' lang='lat' dir='ltr'>per</span> <span class='ocrx_word' id='word_1_692' title='bbox 1967 1689 2166 1730; x_wconf 75' lang='grc' dir='ltr'>πεντετηρίὸα</span> <span class='ocrx_word' id='word_1_693' title='bbox 2191 1688 2384 1723; x_wconf 83' lang='lat' dir='ltr'>celebrata,</span> 
     </span>
     <span class='ocr_line' id='line_1_104' title="bbox 1408 1735 2384 1775; baseline -0.003 -7"><span class='ocrx_word' id='word_1_694' title='bbox 1408 1739 1491 1769; x_wconf 85' lang='lat' dir='ltr'>Pac.</span> <span class='ocrx_word' id='word_1_695' title='bbox 1519 1740 1590 1775; x_wconf 78' lang='lat'>876,</span> <span class='ocrx_word' id='word_1_696' title='bbox 1612 1739 1683 1767; x_wconf 88' lang='lat'>879.</span> <span class='ocrx_word' id='word_1_697' title='bbox 1714 1737 1888 1775; x_wconf 85' lang='lat' dir='ltr'>Dionysiis</span> <span class='ocrx_word' id='word_1_698' title='bbox 1915 1737 2082 1775; x_wconf 86' lang='lat' dir='ltr'>mysteria</span> <span class='ocrx_word' id='word_1_699' title='bbox 2106 1735 2384 1770; x_wconf 88' lang='lat' dir='ltr'>celebrabantur,</span> 
     </span>
     <span class='ocr_line' id='line_1_105' title="bbox 1408 1781 2389 1822; baseline -0.003 -7"><span class='ocrx_word' id='word_1_700' title='bbox 1408 1787 1492 1815; x_wconf 86' lang='lat' dir='ltr'>Ran.</span> <span class='ocrx_word' id='word_1_701' title='bbox 1510 1786 1580 1815; x_wconf 73' lang='grc'><strong>343.</strong></span> <span class='ocrx_word' id='word_1_702' title='bbox 1608 1786 1652 1813; x_wconf 83' lang='lat' dir='ltr'>Ex</span> <span class='ocrx_word' id='word_1_703' title='bbox 1668 1782 1841 1822; x_wconf 66' lang='lat' dir='ltr'>Dionysiis,</span> <span class='ocrx_word' id='word_1_704' title='bbox 1873 1782 2001 1813; x_wconf 85' lang='lat' dir='ltr'>Thesm.</span> <span class='ocrx_word' id='word_1_705' title='bbox 2020 1785 2091 1813; x_wconf 83' lang='lat'>747.</span> <span class='ocrx_word' id='word_1_706' title='bbox 2122 1783 2213 1821; x_wconf 83' lang='lat' dir='ltr'>(Huc</span> <span class='ocrx_word' id='word_1_707' title='bbox 2237 1781 2389 1820; x_wconf 78' lang='lat' dir='ltr'>referen-</span> 
     </span>
     <span class='ocr_line' id='line_1_106' title="bbox 1408 1828 2390 1868; baseline -0.002 -7"><span class='ocrx_word' id='word_1_708' title='bbox 1408 1830 1491 1861; x_wconf 86' lang='lat' dir='ltr'>dum</span> <span class='ocrx_word' id='word_1_709' title='bbox 1518 1830 1684 1861; x_wconf 83' lang='lat' dir='ltr'>scholium</span> <span class='ocrx_word' id='word_1_710' title='bbox 1701 1831 1903 1868; x_wconf 85' lang='lat' dir='ltr'>corruptum</span> <span class='ocrx_word' id='word_1_711' title='bbox 1930 1829 2022 1859; x_wconf 85' lang='lat' dir='ltr'>mate</span> <span class='ocrx_word' id='word_1_712' title='bbox 2049 1828 2098 1860; x_wconf 84' lang='lat' dir='ltr'>ad</span> <span class='ocrx_word' id='word_1_713' title='bbox 2119 1837 2150 1860; x_wconf 82' lang='lat' dir='ltr'>v.</span> <span class='ocrx_word' id='word_1_714' title='bbox 2170 1831 2230 1860; x_wconf 90' lang='grc'>750</span> <span class='ocrx_word' id='word_1_715' title='bbox 2255 1830 2390 1868; x_wconf 81' lang='lat' dir='ltr'>apposi-</span> 
     </span>
     <span class='ocr_line' id='line_1_107' title="bbox 1411 1875 2389 1916; baseline -0.003 -8"><span class='ocrx_word' id='word_1_716' title='bbox 1411 1878 1517 1915; x_wconf 87' lang='lat' dir='ltr'>tum.)</span> <span class='ocrx_word' id='word_1_717' title='bbox 1532 1878 1633 1908; x_wconf 84' lang='lat' dir='ltr'>Attici</span> <span class='ocrx_word' id='word_1_718' title='bbox 1647 1884 1754 1907; x_wconf 82' lang='lat' dir='ltr'>annos</span> <span class='ocrx_word' id='word_1_719' title='bbox 1776 1875 1981 1906; x_wconf 80' lang='lat' dir='ltr'>indicabant</span> <span class='ocrx_word' id='word_1_720' title='bbox 2003 1876 2082 1905; x_wconf 77' lang='grc' dir='ltr'>κατὰ</span> <span class='ocrx_word' id='word_1_721' title='bbox 2096 1876 2148 1906; x_wconf 84' lang='grc' dir='ltr'>τὸν</span> <span class='ocrx_word' id='word_1_722' title='bbox 2163 1875 2389 1916; x_wconf 75' lang='grc' dir='ltr'>ὑπερ-πίπτοντα</span> 
     </span>
     <span class='ocr_line' id='line_1_108' title="bbox 1407 1921 2387 1965; baseline -0.002 -11"><span class='ocrx_word' id='word_1_723' title='bbox 1407 1924 1533 1965; x_wconf 75' lang='grc' dir='ltr'>ἀριθμὸν</span> <span class='ocrx_word' id='word_1_724' title='bbox 1550 1925 1720 1954; x_wconf 85' lang='lat' dir='ltr'>niensium</span> <span class='ocrx_word' id='word_1_725' title='bbox 1741 1922 1803 1953; x_wconf 88' lang='grc' dir='ltr'>ἀπὸ</span> <span class='ocrx_word' id='word_1_726' title='bbox 1824 1926 1885 1952; x_wconf 80' lang='grc' dir='ltr'>τῶν</span> <span class='ocrx_word' id='word_1_727' title='bbox 1913 1922 2096 1959; x_wconf 69' lang='grc' dir='ltr'><strong>Διονυσίων,</strong></span> <span class='ocrx_word' id='word_1_728' title='bbox 2125 1925 2185 1953; x_wconf 88' lang='grc'>750</span> <span class='ocrx_word' id='word_1_729' title='bbox 2208 1921 2280 1959; x_wconf 84' lang='lat' dir='ltr'>(ubi</span> <span class='ocrx_word' id='word_1_730' title='bbox 2306 1930 2387 1952; x_wconf 88' lang='lat' dir='ltr'>non-</span> 
     </span>
     <span class='ocr_line' id='line_1_109' title="bbox 1411 1967 2388 2008; baseline -0.001 -7"><span class='ocrx_word' id='word_1_731' title='bbox 1411 1971 1511 2002; x_wconf 87' lang='lat' dir='ltr'>nulla</span> <span class='ocrx_word' id='word_1_732' title='bbox 1527 1969 1567 2001; x_wconf 83' lang='lat' dir='ltr'>cle</span> <span class='ocrx_word' id='word_1_733' title='bbox 1592 1972 1635 2000; x_wconf 84' lang='lat' dir='ltr'>iis</span> <span class='ocrx_word' id='word_1_734' title='bbox 1658 1971 1848 2008; x_wconf 81' lang='lat' dir='ltr'>corrupta).</span> <span class='ocrx_word' id='word_1_735' title='bbox 1875 1970 2014 2000; x_wconf 86' lang='lat' dir='ltr'>Festum</span> <span class='ocrx_word' id='word_1_736' title='bbox 2038 1969 2167 2000; x_wconf 81' lang='lat' dir='ltr'>Bacchi</span> <span class='ocrx_word' id='word_1_737' title='bbox 2185 1967 2282 2008; x_wconf 77' lang='lat' dir='ltr'>apud</span> <span class='ocrx_word' id='word_1_738' title='bbox 2298 1970 2388 2000; x_wconf 62' lang='lat' dir='ltr'>Nau-</span> 
     </span>
     <span class='ocr_line' id='line_1_110' title="bbox 1335 2015 1989 2058; baseline -0.008 -8"><span class='ocrx_word' id='word_1_739' title='bbox 1335 2016 1338 2041; x_wconf 76' lang='lat'>¹</span> <span class='ocrx_word' id='word_1_740' title='bbox 1404 2020 1550 2058; x_wconf 61' lang='lat' dir='ltr'>paenas,</span> <span class='ocrx_word' id='word_1_741' title='bbox 1567 2016 1645 2048; x_wconf 86' lang='lat' dir='ltr'>Ach.</span> <span class='ocrx_word' id='word_1_742' title='bbox 1670 2019 1738 2047; x_wconf 87' lang='grc'><strong>195.</strong></span> <span class='ocrx_word' id='word_1_743' title='bbox 1754 2015 1847 2046; x_wconf 85' lang='lat' dir='ltr'>Adde</span> <span class='ocrx_word' id='word_1_744' title='bbox 1866 2019 1989 2046; x_wconf 80' lang='lat' dir='ltr'>Lenaea.</span> 
     </span>
    </p>

    <p class='ocr_par' dir='ltr' id='par_1_28' title="bbox 1369 2061 2389 2151">
     <span class='ocr_line' id='line_1_111' title="bbox 1369 2061 2389 2105; baseline -0.003 -10"><span class='ocrx_word' id='word_1_745' title='bbox 1369 2065 1557 2105; x_wconf 74' lang='lat' dir='ltr'>Dionysium</span> <span class='ocrx_word' id='word_1_746' title='bbox 1575 2064 1698 2103; x_wconf 87' lang='lat' dir='ltr'>(Bacchi</span> <span class='ocrx_word' id='word_1_747' title='bbox 1713 2063 1893 2103; x_wconf 85' lang='lat' dir='ltr'>templum),</span> <span class='ocrx_word' id='word_1_748' title='bbox 1902 2062 1956 2102; x_wconf 86' lang='lat' dir='ltr'>sr.</span> <span class='ocrx_word' id='word_1_749' title='bbox 1974 2065 2046 2101; x_wconf 84' lang='lat'>216,</span> <span class='ocrx_word' id='word_1_750' title='bbox 2074 2061 2130 2093; x_wconf 85' lang='lat' dir='ltr'>nbi</span> <span class='ocrx_word' id='word_1_751' title='bbox 2152 2061 2250 2093; x_wconf 73' lang='lat' dir='ltr'>larvae</span> <span class='ocrx_word' id='word_1_752' title='bbox 2272 2061 2389 2100; x_wconf 61' lang='lat' dir='ltr'>affixae,</span> 
     </span>
     <span class='ocr_line' id='line_1_112' title="bbox 1400 2112 1545 2151; baseline -0.021 -8"><span class='ocrx_word' id='word_1_753' title='bbox 1400 2112 1455 2151; x_wconf 80' lang='lat' dir='ltr'>fr.</span> <span class='ocrx_word' id='word_1_754' title='bbox 1479 2115 1545 2143; x_wconf 87' lang='lat'>187.</span> 
     </span>
    </p>

    <p class='ocr_par' dir='ltr' id='par_1_29' title="bbox 1373 2156 2146 2198">
     <span class='ocr_line' id='line_1_113' title="bbox 1373 2156 2146 2198; baseline -0.005 -8"><span class='ocrx_word' id='word_1_755' title='bbox 1373 2162 1454 2190; x_wconf 85' lang='lat' dir='ltr'>Dion</span> <span class='ocrx_word' id='word_1_756' title='bbox 1461 2161 1565 2198; x_wconf 79' lang='lat' dir='ltr'>ysius,-</span> <span class='ocrx_word' id='word_1_757' title='bbox 1583 2159 1701 2189; x_wconf 77' lang='lat' dir='ltr'>vitiose</span> <span class='ocrx_word' id='word_1_758' title='bbox 1713 2166 1776 2197; x_wconf 85' lang='lat' dir='ltr'>pro</span> <span class='ocrx_word' id='word_1_759' title='bbox 1790 2157 1956 2194; x_wconf 79' lang='grc' dir='ltr'><strong>Διονύσου,</strong></span> <span class='ocrx_word' id='word_1_760' title='bbox 1973 2157 2056 2187; x_wconf 87' lang='lat' dir='ltr'>Pac.</span> <span class='ocrx_word' id='word_1_761' title='bbox 2076 2156 2146 2187; x_wconf 75' lang='lat'>347.</span> 
     </span>
    </p>

    <p class='ocr_par' dir='ltr' id='par_1_30' title="bbox 1372 2201 2391 2339">
     <span class='ocr_line' id='line_1_114' title="bbox 1372 2201 2390 2246; baseline -0.004 -9"><span class='ocrx_word' id='word_1_762' title='bbox 1372 2206 1539 2246; x_wconf 66' lang='lat' dir='ltr'>Dionysius</span> <span class='ocrx_word' id='word_1_763' title='bbox 1565 2205 1796 2236; x_wconf 87' lang='lat' dir='ltr'>dissimillimus</span> <span class='ocrx_word' id='word_1_764' title='bbox 1828 2203 2042 2243; x_wconf 75' lang='lat' dir='ltr'>&#39;rin-asyhulo,</span> <span class='ocrx_word' id='word_1_765' title='bbox 2071 2205 2242 2242; x_wconf 85' lang='lat' dir='ltr'>tyrannus</span> <span class='ocrx_word' id='word_1_766' title='bbox 2273 2201 2390 2234; x_wconf 87' lang='lat' dir='ltr'>crude-</span> 
     </span>
     <span class='ocr_line' id='line_1_115' title="bbox 1410 2249 2391 2291; baseline -0.005 -7"><span class='ocrx_word' id='word_1_767' title='bbox 1410 2254 1454 2284; x_wconf 86' lang='lat' dir='ltr'>lis</span> <span class='ocrx_word' id='word_1_768' title='bbox 1473 2255 1507 2284; x_wconf 90' lang='lat' dir='ltr'>in</span> <span class='ocrx_word' id='word_1_769' title='bbox 1526 2253 1655 2291; x_wconf 82' lang='lat' dir='ltr'>Sicilia,</span> <span class='ocrx_word' id='word_1_770' title='bbox 1674 2254 1832 2290; x_wconf 88' lang='lat' dir='ltr'>insanus,</span> <span class='ocrx_word' id='word_1_771' title='bbox 1860 2251 1900 2282; x_wconf 88' lang='lat' dir='ltr'>ab</span> <span class='ocrx_word' id='word_1_772' title='bbox 1929 2259 2056 2281; x_wconf 85' lang='lat' dir='ltr'>aurum</span> <span class='ocrx_word' id='word_1_773' title='bbox 2075 2251 2107 2281; x_wconf 88' lang='lat' dir='ltr'>et</span> <span class='ocrx_word' id='word_1_774' title='bbox 2134 2249 2320 2280; x_wconf 77' lang='lat' dir='ltr'>delicatam</span> <span class='ocrx_word' id='word_1_775' title='bbox 2347 2251 2391 2280; x_wconf 81' lang='lat' dir='ltr'>vi-</span> 
     </span>
     <span class='ocr_line' id='line_1_116' title="bbox 1412 2297 2391 2339; baseline -0.005 -8"><span class='ocrx_word' id='word_1_776' title='bbox 1412 2302 1487 2331; x_wconf 87' lang='lat' dir='ltr'>tam</span> <span class='ocrx_word' id='word_1_777' title='bbox 1516 2300 1635 2331; x_wconf 87' lang='lat' dir='ltr'>beatus</span> <span class='ocrx_word' id='word_1_778' title='bbox 1660 2299 1872 2339; x_wconf 69' lang='lat' dir='ltr'>praedicatus</span> <span class='ocrx_word' id='word_1_779' title='bbox 1899 2297 1942 2328; x_wconf 91' lang='lat' dir='ltr'>ab</span> <span class='ocrx_word' id='word_1_780' title='bbox 1970 2297 2244 2335; x_wconf 82' lang='lat' dir='ltr'>Atheniensibus,</span> <span class='ocrx_word' id='word_1_781' title='bbox 2276 2297 2317 2327; x_wconf 85' lang='lat' dir='ltr'>ut</span> <span class='ocrx_word' id='word_1_782' title='bbox 2342 2297 2391 2327; x_wconf 84' lang='lat' dir='ltr'>est</span> 
     </span>
    </p>

    <p class='ocr_par' dir='ltr' id='par_1_31' title="bbox 1336 2342 2388 2386">
     <span class='ocr_line' id='line_1_117' title="bbox 1336 2342 2388 2386; baseline -0.004 -9"><span class='ocrx_word' id='word_1_783' title='bbox 1336 2349 1339 2374; x_wconf 73' lang='lat' dir='ltr'>l</span> <span class='ocrx_word' id='word_1_784' title='bbox 1410 2346 1505 2386; x_wconf 80' lang='lat' dir='ltr'>apud</span> <span class='ocrx_word' id='word_1_785' title='bbox 1534 2346 1734 2385; x_wconf 71' lang='lat' dir='ltr'>Polyzeluin</span> <span class='ocrx_word' id='word_1_786' title='bbox 1763 2347 1947 2378; x_wconf 87' lang='lat' dir='ltr'>comicum;</span> <span class='ocrx_word' id='word_1_787' title='bbox 1983 2343 2036 2375; x_wconf 84' lang='lat' dir='ltr'>vel</span> <span class='ocrx_word' id='word_1_788' title='bbox 2052 2343 2149 2382; x_wconf 88' lang='lat' dir='ltr'>sacie</span> <span class='ocrx_word' id='word_1_789' title='bbox 2184 2342 2340 2374; x_wconf 79' lang='lat' dir='ltr'>diversus</span> <span class='ocrx_word' id='word_1_790' title='bbox 2367 2350 2388 2373; x_wconf 89' lang='lat' dir='ltr'>a</span> 
     </span>
    </p>

    <p class='ocr_par' dir='ltr' id='par_1_32' title="bbox 1336 2379 2392 2803">
     <span class='ocr_line' id='line_1_118' title="bbox 1336 2379 2391 2432; baseline -0.005 -8"><span class='ocrx_word' id='word_1_791' title='bbox 1336 2379 1340 2408; x_wconf 68' lang='grc' dir='ltr'>Ι</span> <span class='ocrx_word' id='word_1_792' title='bbox 1416 2393 1628 2432; x_wconf 74' lang='lat' dir='ltr'>Thrasybulo</span> <span class='ocrx_word' id='word_1_793' title='bbox 1648 2393 1837 2431; x_wconf 75' lang='lat' dir='ltr'>Colyttensi</span> <span class='ocrx_word' id='word_1_794' title='bbox 1851 2390 1971 2429; x_wconf 85' lang='lat' dir='ltr'>frater</span> <span class='ocrx_word' id='word_1_795' title='bbox 1997 2390 2069 2429; x_wconf 82' lang='lat' dir='ltr'>ejus</span> <span class='ocrx_word' id='word_1_796' title='bbox 2093 2391 2156 2421; x_wconf 88' lang='lat' dir='ltr'>aut</span> <span class='ocrx_word' id='word_1_797' title='bbox 2171 2391 2391 2430; x_wconf 79' lang='lat' dir='ltr'>propinquus</span> 
     </span>
     <span class='ocr_line' id='line_1_119' title="bbox 1410 2434 2390 2480; baseline -0.004 -10"><span class='ocrx_word' id='word_1_798' title='bbox 1410 2441 1552 2480; x_wconf 88' lang='lat' dir='ltr'>aliquis,</span> <span class='ocrx_word' id='word_1_799' title='bbox 1578 2439 1633 2470; x_wconf 90' lang='lat' dir='ltr'>Pl.</span> <span class='ocrx_word' id='word_1_800' title='bbox 1653 2443 1723 2470; x_wconf 82' lang='grc'><strong>550.</strong></span> <span class='ocrx_word' id='word_1_801' title='bbox 1744 2439 1929 2477; x_wconf 87' lang='lat' dir='ltr'>Dionysius</span> <span class='ocrx_word' id='word_1_802' title='bbox 1953 2438 1988 2467; x_wconf 88' lang='lat' dir='ltr'>in</span> <span class='ocrx_word' id='word_1_803' title='bbox 2012 2436 2132 2467; x_wconf 84' lang='lat' dir='ltr'>Sicilia</span> <span class='ocrx_word' id='word_1_804' title='bbox 2155 2435 2252 2476; x_wconf 81' lang='lat' dir='ltr'>apud</span> <span class='ocrx_word' id='word_1_805' title='bbox 2267 2444 2303 2467; x_wconf 87' lang='lat' dir='ltr'>se</span> <span class='ocrx_word' id='word_1_806' title='bbox 2331 2434 2390 2466; x_wconf 83' lang='lat' dir='ltr'>ha-</span> 
     </span>
     <span class='ocr_line' id='line_1_120' title="bbox 1412 2482 2391 2523; baseline -0.004 -5"><span class='ocrx_word' id='word_1_807' title='bbox 1412 2487 1509 2518; x_wconf 88' lang='lat' dir='ltr'>bebat</span> <span class='ocrx_word' id='word_1_808' title='bbox 1540 2486 1772 2517; x_wconf 68' lang='lat' dir='ltr'>Philoxenum</span> <span class='ocrx_word' id='word_1_809' title='bbox 1811 2482 2111 2523; x_wconf 82' lang='lat' dir='ltr'>(lithyrainboruin</span> <span class='ocrx_word' id='word_1_810' title='bbox 2145 2485 2293 2523; x_wconf 80' lang='lat' dir='ltr'>poetam,</span> <span class='ocrx_word' id='word_1_811' title='bbox 2335 2485 2391 2514; x_wconf 84' lang='lat' dir='ltr'>cui</span> 
     </span>
     <span class='ocr_line' id='line_1_121' title="bbox 1415 2529 2392 2570; baseline -0.002 -7"><span class='ocrx_word' id='word_1_812' title='bbox 1415 2532 1641 2564; x_wconf 84' lang='lat' dir='ltr'>Timandram</span> <span class='ocrx_word' id='word_1_813' title='bbox 1675 2531 1762 2562; x_wconf 88' lang='lat' dir='ltr'>dono</span> <span class='ocrx_word' id='word_1_814' title='bbox 1787 2530 1902 2568; x_wconf 84' lang='lat' dir='ltr'>dedit,-</span> <span class='ocrx_word' id='word_1_815' title='bbox 1930 2531 1967 2560; x_wconf 87' lang='lat' dir='ltr'>at</span> <span class='ocrx_word' id='word_1_816' title='bbox 1991 2529 2051 2560; x_wconf 86' lang='lat' dir='ltr'>ille.</span> <span class='ocrx_word' id='word_1_817' title='bbox 2076 2538 2184 2570; x_wconf 87' lang='lat' dir='ltr'>quum</span> <span class='ocrx_word' id='word_1_818' title='bbox 2211 2530 2392 2562; x_wconf 81' lang='lat' dir='ltr'>Galateam</span> 
     </span>
     <span class='ocr_line' id='line_1_122' title="bbox 1409 2577 2390 2618; baseline -0.001 -9"><span class='ocrx_word' id='word_1_819' title='bbox 1409 2579 1563 2618; x_wconf 81' lang='lat' dir='ltr'>pellicem</span> <span class='ocrx_word' id='word_1_820' title='bbox 1589 2578 1661 2616; x_wconf 83' lang='lat' dir='ltr'>ejus</span> <span class='ocrx_word' id='word_1_821' title='bbox 1693 2577 1910 2616; x_wconf 75' lang='lat' dir='ltr'>offendisset,</span> <span class='ocrx_word' id='word_1_822' title='bbox 1942 2586 1964 2607; x_wconf 84' lang='lat' dir='ltr'>a</span> <span class='ocrx_word' id='word_1_823' title='bbox 1997 2578 2146 2615; x_wconf 84' lang='lat' dir='ltr'>tyranno</span> <span class='ocrx_word' id='word_1_824' title='bbox 2168 2577 2325 2607; x_wconf 84' lang='lat' dir='ltr'>mitt1&#39;tur</span> <span class='ocrx_word' id='word_1_825' title='bbox 2353 2578 2390 2608; x_wconf 80' lang='lat' dir='ltr'>in</span> 
     </span>
     <span class='ocr_line' id='line_1_123' title="bbox 1412 2623 2390 2663; baseline -0.001 -7"><span class='ocrx_word' id='word_1_826' title='bbox 1412 2627 1594 2660; x_wconf 85' lang='lat' dir='ltr'>latomias‚·</span> <span class='ocrx_word' id='word_1_827' title='bbox 1613 2625 1692 2656; x_wconf 87' lang='lat' dir='ltr'>inde</span> <span class='ocrx_word' id='word_1_828' title='bbox 1701 2625 1885 2663; x_wconf 80' lang='lat' dir='ltr'>efsuyiens,</span> <span class='ocrx_word' id='word_1_829' title='bbox 1906 2627 2096 2663; x_wconf 86' lang='lat' dir='ltr'>tyrannum</span> <span class='ocrx_word' id='word_1_830' title='bbox 2110 2625 2149 2654; x_wconf 91' lang='lat' dir='ltr'>ut</span> <span class='ocrx_word' id='word_1_831' title='bbox 2167 2623 2339 2662; x_wconf 81' lang='lat' dir='ltr'>Cyclopem</span> <span class='ocrx_word' id='word_1_832' title='bbox 2354 2627 2390 2655; x_wconf 85' lang='lat' dir='ltr'>in</span> 
     </span>
     <span class='ocr_line' id='line_1_124' title="bbox 1411 2669 2390 2710; baseline 0 -8"><span class='ocrx_word' id='word_1_833' title='bbox 1411 2672 1666 2705; x_wconf 80' lang='lat' dir='ltr'>carminerisit,</span> <span class='ocrx_word' id='word_1_834' title='bbox 1683 2671 1735 2701; x_wconf 87' lang='lat' dir='ltr'>Pt.</span> <span class='ocrx_word' id='word_1_835' title='bbox 1753 2673 1821 2708; x_wconf 87' lang='grc'><strong>179,</strong></span> <span class='ocrx_word' id='word_1_836' title='bbox 1833 2674 1902 2701; x_wconf 80' lang='lat'>200.</span> <span class='ocrx_word' id='word_1_837' title='bbox 1919 2672 2106 2709; x_wconf 81' lang='lat' dir='ltr'>Dionysius</span> <span class='ocrx_word' id='word_1_838' title='bbox 2120 2669 2262 2706; x_wconf 80' lang='lat' dir='ltr'>Eubuli,</span> <span class='ocrx_word' id='word_1_839' title='bbox 2275 2672 2335 2710; x_wconf 81' lang='lat' dir='ltr'>qui</span> <span class='ocrx_word' id='word_1_840' title='bbox 2354 2672 2390 2702; x_wconf 83' lang='lat' dir='ltr'>in</span> 
     </span>
     <span class='ocr_line' id='line_1_125' title="bbox 1411 2717 2392 2757; baseline 0.001 -8"><span class='ocrx_word' id='word_1_841' title='bbox 1411 2717 1600 2757; x_wconf 70' lang='lat' dir='ltr'>cassibula</span> <span class='ocrx_word' id='word_1_842' title='bbox 1620 2717 1814 2747; x_wconf 81' lang='lat' dir='ltr'>recensebat</span> <span class='ocrx_word' id='word_1_843' title='bbox 1843 2718 2022 2747; x_wconf 87' lang='lat' dir='ltr'>contraria</span> <span class='ocrx_word' id='word_1_844' title='bbox 2051 2719 2085 2747; x_wconf 89' lang='lat' dir='ltr'>in</span> <span class='ocrx_word' id='word_1_845' title='bbox 2114 2717 2272 2756; x_wconf 86' lang='lat' dir='ltr'>Dionysii</span> <span class='ocrx_word' id='word_1_846' title='bbox 2295 2718 2392 2750; x_wconf 78' lang='lat' dir='ltr'>donia</span> 
     </span>
     <span class='ocr_line' id='line_1_126' title="bbox 1411 2763 1844 2803; baseline -0.005 -8"><span class='ocrx_word' id='word_1_847' title='bbox 1411 2765 1607 2803; x_wconf 75' lang='lat' dir='ltr'>conjuncta,</span> <span class='ocrx_word' id='word_1_848' title='bbox 1629 2763 1756 2794; x_wconf 84' lang='lat' dir='ltr'>Thesm.</span> <span class='ocrx_word' id='word_1_849' title='bbox 1780 2765 1844 2793; x_wconf 84' lang='lat'>137.</span> 
     </span>
    </p>

    <p class='ocr_par' dir='ltr' id='par_1_33' title="bbox 1372 2808 2393 3265">
     <span class='ocr_line' id='line_1_127' title="bbox 1372 2808 2392 2851; baseline 0 -8"><span class='ocrx_word' id='word_1_850' title='bbox 1372 2811 1551 2851; x_wconf 75' lang='lat' dir='ltr'>Diopitlies,</span> <span class='ocrx_word' id='word_1_851' title='bbox 1570 2811 1678 2841; x_wconf 62' lang='lat' dir='ltr'>Nicia?</span> <span class='ocrx_word' id='word_1_852' title='bbox 1694 2810 1838 2846; x_wconf 77' lang='lat' dir='ltr'>amicus,</span> <span class='ocrx_word' id='word_1_853' title='bbox 1854 2810 1917 2839; x_wconf 84' lang='lat' dir='ltr'>aut</span> <span class='ocrx_word' id='word_1_854' title='bbox 1934 2808 1973 2839; x_wconf 91' lang='lat' dir='ltr'>ob</span> <span class='ocrx_word' id='word_1_855' title='bbox 1992 2817 2114 2840; x_wconf 81' lang='lat' dir='ltr'>manus</span> <span class='ocrx_word' id='word_1_856' title='bbox 2129 2811 2262 2842; x_wconf 83' lang='lat' dir='ltr'>natura</span> <span class='ocrx_word' id='word_1_857' title='bbox 2278 2813 2392 2842; x_wconf 83' lang='lat' dir='ltr'>incur-</span> 
     </span>
     <span class='ocr_line' id='line_1_128' title="bbox 1411 2855 2393 2894; baseline 0 -5"><span class='ocrx_word' id='word_1_858' title='bbox 1411 2867 1471 2889; x_wconf 72' lang='lat' dir='ltr'>ras</span> <span class='ocrx_word' id='word_1_859' title='bbox 1495 2860 1558 2888; x_wconf 88' lang='lat' dir='ltr'>aut</span> <span class='ocrx_word' id='word_1_860' title='bbox 1575 2855 1730 2894; x_wconf 84' lang='lat' dir='ltr'>obfurta</span> <span class='ocrx_word' id='word_1_861' title='bbox 1749 2857 1781 2885; x_wconf 88' lang='lat' dir='ltr'>in</span> <span class='ocrx_word' id='word_1_862' title='bbox 1802 2855 2000 2894; x_wconf 78' lang='lat' dir='ltr'>reipublicoe</span> <span class='ocrx_word' id='word_1_863' title='bbox 2024 2855 2325 2889; x_wconf 85' lang='lat' dir='ltr'>administratione</span> <span class='ocrx_word' id='word_1_864' title='bbox 2337 2866 2393 2889; x_wconf 90' lang='lat' dir='ltr'>no-</span> 
     </span>
     <span class='ocr_line' id='line_1_129' title="bbox 1412 2902 2391 2944; baseline 0.001 -9"><span class='ocrx_word' id='word_1_865' title='bbox 1412 2907 1498 2935; x_wconf 86' lang='lat' dir='ltr'>tatur</span> <span class='ocrx_word' id='word_1_866' title='bbox 1516 2906 1579 2943; x_wconf 86' lang='lat' dir='ltr'>Eq.</span> <span class='ocrx_word' id='word_1_867' title='bbox 1606 2904 1696 2933; x_wconf 65' lang='lat'>1084).</span> <span class='ocrx_word' id='word_1_868' title='bbox 1716 2902 1879 2941; x_wconf 75' lang='lat' dir='ltr'>Diopitlws</span> <span class='ocrx_word' id='word_1_869' title='bbox 1896 2904 2015 2933; x_wconf 86' lang='lat' dir='ltr'>orator</span> <span class='ocrx_word' id='word_1_870' title='bbox 2032 2902 2300 2943; x_wconf 82' lang='lat' dir='ltr'>animosissimus,</span> <span class='ocrx_word' id='word_1_871' title='bbox 2311 2904 2391 2944; x_wconf 84' lang='lat' dir='ltr'>fere</span> 
     </span>
     <span class='ocr_line' id='line_1_130' title="bbox 1414 2948 2390 2989; baseline 0.002 -9"><span class='ocrx_word' id='word_1_872' title='bbox 1414 2948 1742 2989; x_wconf 53' lang='lat' dir='ltr'>ua*iv.i{›r3n:,‚fi›rtasse</span> <span class='ocrx_word' id='word_1_873' title='bbox 1760 2948 1848 2978; x_wconf 72' lang='lat' dir='ltr'>idemv</span> <span class='ocrx_word' id='word_1_874' title='bbox 1874 2950 1931 2988; x_wconf 86' lang='lat' dir='ltr'>qui</span> <span class='ocrx_word' id='word_1_875' title='bbox 1957 2957 1979 2979; x_wconf 85' lang='grc' dir='ltr'>(ι</span> <span class='ocrx_word' id='word_1_876' title='bbox 2004 2948 2202 2988; x_wconf 83' lang='lat' dir='ltr'>Phrynicho</span> <span class='ocrx_word' id='word_1_877' title='bbox 2227 2958 2390 2982; x_wconf 85' lang='lat' dir='ltr'>memora-</span> 
     </span>
     <span class='ocr_line' id='line_1_131' title="bbox 1415 2994 2391 3035; baseline 0.002 -8"><span class='ocrx_word' id='word_1_878' title='bbox 1415 2999 1484 3034; x_wconf 84' lang='lat' dir='ltr'>tur,</span> <span class='ocrx_word' id='word_1_879' title='bbox 1504 2997 1596 3034; x_wconf 65' lang='lat' dir='ltr'>l&#39;esp.</span> <span class='ocrx_word' id='word_1_880' title='bbox 1617 2998 1688 3025; x_wconf 83' lang='lat'>380.</span> <span class='ocrx_word' id='word_1_881' title='bbox 1710 2994 1874 3033; x_wconf 73' lang='lat' dir='ltr'>Diopitlics</span> <span class='ocrx_word' id='word_1_882' title='bbox 1892 3003 2039 3034; x_wconf 84' lang='lat' dir='ltr'>maguus,</span> <span class='ocrx_word' id='word_1_883' title='bbox 2062 2999 2122 3026; x_wconf 85' lang='grc' dir='ltr'>Λυ.</span> <span class='ocrx_word' id='word_1_884' title='bbox 2148 2999 2221 3035; x_wconf 82' lang='grc'><strong>988,</strong></span> <span class='ocrx_word' id='word_1_885' title='bbox 2244 2997 2391 3029; x_wconf 81' lang='lat' dir='ltr'>hocloco</span> 
     </span>
     <span class='ocr_line' id='line_1_132' title="bbox 1416 3041 2391 3083; baseline 0.001 -10"><span class='ocrx_word' id='word_1_886' title='bbox 1416 3045 1521 3080; x_wconf 83' lang='lat' dir='ltr'>rates,</span> <span class='ocrx_word' id='word_1_887' title='bbox 1549 3041 1635 3073; x_wconf 85' lang='lat' dir='ltr'>alibi</span> <span class='ocrx_word' id='word_1_888' title='bbox 1659 3043 1697 3071; x_wconf 82' lang='lat' dir='ltr'>ut</span> <span class='ocrx_word' id='word_1_889' title='bbox 1713 3043 1867 3072; x_wconf 54' lang='lat' dir='ltr'>*incurris</span> <span class='ocrx_word' id='word_1_890' title='bbox 1891 3042 2048 3073; x_wconf 83' lang='lat' dir='ltr'>manibus</span> <span class='ocrx_word' id='word_1_891' title='bbox 2067 3042 2261 3083; x_wconf 76' lang='lat' dir='ltr'>exhibetur,</span> <span class='ocrx_word' id='word_1_892' title='bbox 2293 3043 2391 3075; x_wconf 86' lang='lat' dir='ltr'>donis</span> 
     </span>
     <span class='ocr_line' id='line_1_133' title="bbox 1413 3087 2390 3128; baseline 0.003 -9"><span class='ocrx_word' id='word_1_893' title='bbox 1413 3090 1587 3128; x_wconf 79' lang='lat' dir='ltr'>corrumpi</span> <span class='ocrx_word' id='word_1_894' title='bbox 1614 3089 1765 3127; x_wconf 81' lang='lat' dir='ltr'>cupiens.</span> <span class='ocrx_word' id='word_1_895' title='bbox 1788 3087 1885 3126; x_wconf 72' lang='lat' dir='ltr'>Apud</span> <span class='ocrx_word' id='word_1_896' title='bbox 1914 3087 2113 3119; x_wconf 84' lang='lat' dir='ltr'>Teleclidcm</span> <span class='ocrx_word' id='word_1_897' title='bbox 2132 3091 2251 3120; x_wconf 86' lang='lat' dir='ltr'>orator</span> <span class='ocrx_word' id='word_1_898' title='bbox 2273 3090 2390 3122; x_wconf 86' lang='lat' dir='ltr'>subin-</span> 
     </span>
     <span class='ocr_line' id='line_1_134' title="bbox 1413 3134 2390 3176; baseline 0.001 -10"><span class='ocrx_word' id='word_1_899' title='bbox 1413 3144 1529 3166; x_wconf 88' lang='lat' dir='ltr'>sanus.</span> <span class='ocrx_word' id='word_1_900' title='bbox 1545 3134 1644 3174; x_wconf 75' lang='lat' dir='ltr'>Apud</span> <span class='ocrx_word' id='word_1_901' title='bbox 1659 3134 1895 3173; x_wconf 83' lang='lat' dir='ltr'>Plirynichum</span> <span class='ocrx_word' id='word_1_902' title='bbox 1908 3135 2112 3175; x_wconf 82' lang='lat' dir='ltr'>appellatur</span> <span class='ocrx_word' id='word_1_903' title='bbox 2124 3143 2202 3166; x_wconf 87' lang='lat' dir='ltr'>cum</span> <span class='ocrx_word' id='word_1_904' title='bbox 2217 3137 2390 3176; x_wconf 76' lang='lat' dir='ltr'>tympanis</span> 
     </span>
     <span class='ocr_line' id='line_1_135' title="bbox 1413 3180 2390 3221; baseline 0.002 -9"><span class='ocrx_word' id='word_1_905' title='bbox 1413 3185 1483 3213; x_wconf 81' lang='lat' dir='ltr'>suis</span> <span class='ocrx_word' id='word_1_906' title='bbox 1509 3183 1620 3221; x_wconf 84' lang='lat' dir='ltr'>(quasi</span> <span class='ocrx_word' id='word_1_907' title='bbox 1656 3180 1883 3220; x_wconf 66' lang='lat' dir='ltr'>Cybebae-us),</span> <span class='ocrx_word' id='word_1_908' title='bbox 1910 3180 2006 3220; x_wconf 81' lang='lat' dir='ltr'>apud</span> <span class='ocrx_word' id='word_1_909' title='bbox 2033 3183 2222 3221; x_wconf 85' lang='lat' dir='ltr'>Amipsiam</span> <span class='ocrx_word' id='word_1_910' title='bbox 2246 3183 2390 3214; x_wconf 86' lang='lat' dir='ltr'>oracula</span> 
     </span>
     <span class='ocr_line' id='line_1_136' title="bbox 1414 3226 1975 3265; baseline -0.007 -5"><span class='ocrx_word' id='word_1_911' title='bbox 1414 3228 1570 3261; x_wconf 83' lang='lat' dir='ltr'>canenda</span> <span class='ocrx_word' id='word_1_912' title='bbox 1594 3227 1726 3258; x_wconf 80' lang='lat' dir='ltr'>dantur</span> <span class='ocrx_word' id='word_1_913' title='bbox 1742 3229 1874 3265; x_wconf 86' lang='lat' dir='ltr'>insano,</span> <span class='ocrx_word' id='word_1_914' title='bbox 1891 3226 1975 3258; x_wconf 87' lang='lat' dir='ltr'>ibid.</span> 
     </span>
    </p>

    <p class='ocr_par' dir='ltr' id='par_1_34' title="bbox 1377 3274 2294 3316">
     <span class='ocr_line' id='line_1_137' title="bbox 1377 3274 2294 3316; baseline 0 -9"><span class='ocrx_word' id='word_1_915' title='bbox 1377 3276 1562 3316; x_wconf 75' lang='lat' dir='ltr'>Diopithes,</span> <span class='ocrx_word' id='word_1_916' title='bbox 1580 3277 1679 3314; x_wconf 85' lang='lat' dir='ltr'>pater</span> <span class='ocrx_word' id='word_1_917' title='bbox 1693 3274 1875 3306; x_wconf 83' lang='lat' dir='ltr'>Menandri</span> <span class='ocrx_word' id='word_1_918' title='bbox 1893 3276 2024 3312; x_wconf 89' lang='lat' dir='ltr'>comici,</span> <span class='ocrx_word' id='word_1_919' title='bbox 2044 3275 2137 3306; x_wconf 88' lang='lat' dir='ltr'>Prol.</span> <span class='ocrx_word' id='word_1_920' title='bbox 2155 3277 2225 3313; x_wconf 90' lang='grc' dir='ltr'>ΙΙΙ,</span> <span class='ocrx_word' id='word_1_921' title='bbox 2243 3278 2294 3307; x_wconf 88' lang='lat'>78.</span> 
     </span>
    </p>

    <p class='ocr_par' dir='ltr' id='par_1_35' title="bbox 1377 3322 2389 3455">
     <span class='ocr_line' id='line_1_138' title="bbox 1377 3322 2389 3361; baseline -0.002 -6"><span class='ocrx_word' id='word_1_922' title='bbox 1377 3325 1530 3355; x_wconf 84' lang='lat' dir='ltr'>Dioscuri</span> <span class='ocrx_word' id='word_1_923' title='bbox 1563 3331 1606 3353; x_wconf 63' lang='lat' dir='ltr'>ea·</span> <span class='ocrx_word' id='word_1_924' title='bbox 1633 3330 1692 3352; x_wconf 84' lang='lat' dir='ltr'>oro</span> <span class='ocrx_word' id='word_1_925' title='bbox 1717 3323 1840 3361; x_wconf 76' lang='lat' dir='ltr'>qeniti,</span> <span class='ocrx_word' id='word_1_926' title='bbox 1859 3324 1915 3352; x_wconf 73' lang='lat' dir='ltr'>Aa.</span> <span class='ocrx_word' id='word_1_927' title='bbox 1933 3324 2004 3360; x_wconf 87' lang='grc'><strong>695,</strong></span> <span class='ocrx_word' id='word_1_928' title='bbox 2028 3322 2155 3352; x_wconf 84' lang='lat' dir='ltr'>calami</span> <span class='ocrx_word' id='word_1_929' title='bbox 2172 3323 2244 3354; x_wconf 81' lang='lat' dir='ltr'>albi</span> <span class='ocrx_word' id='word_1_930' title='bbox 2266 3331 2389 3354; x_wconf 82' lang='lat' dir='ltr'>corona</span> 
     </span>
     <span class='ocr_line' id='line_1_139' title="bbox 1414 3367 2389 3406; baseline 0 -6"><span class='ocrx_word' id='word_1_931' title='bbox 1414 3368 1760 3405; x_wconf 65' lang='grc' dir='ltr'>1·()(1ἑι)ιὶιι)ιίιυ·,Ναί).</span> <span class='ocrx_word' id='word_1_932' title='bbox 1782 3371 1970 3406; x_wconf 83' lang='grc'><strong>1005,1006.</strong></span> <span class='ocrx_word' id='word_1_933' title='bbox 1988 3367 2249 3400; x_wconf 67' lang='lat' dir='ltr'>Lacedaemoniis</span> <span class='ocrx_word' id='word_1_934' title='bbox 2261 3370 2305 3399; x_wconf 87' lang='grc' dir='ltr'>τὼ</span> <span class='ocrx_word' id='word_1_935' title='bbox 2329 3369 2389 3400; x_wconf 86' lang='grc' dir='ltr'>σιώ</span> 
     </span>
     <span class='ocr_line' id='line_1_140' title="bbox 1416 3415 2388 3455; baseline -0.001 -8"><span class='ocrx_word' id='word_1_936' title='bbox 1416 3416 1512 3454; x_wconf 74' lang='lat' dir='ltr'>(lit-ti,</span> <span class='ocrx_word' id='word_1_937' title='bbox 1532 3417 1609 3446; x_wconf 79' lang='lat' dir='ltr'>Pac.</span> <span class='ocrx_word' id='word_1_938' title='bbox 1630 3417 1701 3453; x_wconf 71' lang='grc'><strong>211,</strong></span> <span class='ocrx_word' id='word_1_939' title='bbox 1725 3423 1786 3454; x_wconf 80' lang='lat' dir='ltr'>per</span> <span class='ocrx_word' id='word_1_940' title='bbox 1803 3423 1886 3455; x_wconf 83' lang='lat' dir='ltr'>quos</span> <span class='ocrx_word' id='word_1_941' title='bbox 1908 3415 2036 3453; x_wconf 81' lang='lat' dir='ltr'>jurant</span> <span class='ocrx_word' id='word_1_942' title='bbox 2059 3417 2224 3454; x_wconf 76' lang='lat' dir='ltr'>Lacoence,</span> <span class='ocrx_word' id='word_1_943' title='bbox 2243 3417 2320 3455; x_wconf 86' lang='lat' dir='ltr'>Lys.</span> <span class='ocrx_word' id='word_1_944' title='bbox 2337 3418 2388 3447; x_wconf 89' lang='lat'>81.</span> 
     </span>
    </p>
   </div>
   <div class='ocr_carea' id='block_1_7' title="bbox 1335 1871 1339 2507">
    <p class='ocr_par' dir='ltr' id='par_1_36' title="bbox 1335 1871 1339 2507">
     <span class='ocr_line' id='line_1_141' title="bbox 1335 1871 1339 2507; baseline 0 0"><span class='ocrx_word' id='word_1_945' title='bbox 1335 1871 1339 2507; x_wconf 95' lang='lat' dir='ltr'> </span> 
     </span>
    </p>
   </div>
  </div>
 </body>
</html>
