2533 3808
191 223 194 225 ’
235 246 258 277 4
887 229 1139 269 SCHOLIA
1173 229 1233 267 IN
1271 228 1709 267 ACHARNENSES.

234 340 324 363 πτει.
381 322 524 363 Ἄλλως,
561 319 612 356 ὅτι
644 316 866 368 καθαίρονται
897 316 927 352 οἵ
960 316 994 352 ἐν
1027 331 1069 367 τῃ
1099 313 1268 366 ἐκκλησία

233 382 350 434 χοίρου
376 378 589 432 σφαζομένου
615 392 673 413 και
693 379 710 413 ὁ
732 375 844 428 ῥητωρ
866 377 1035 430 μαρτυρεῖ
1061 375 1212 422 [AEschin.
1235 387 1269 443 pr

233 455 267 487 4,
291 442 335 491 ιο]
352 458 365 472 «
388 436 539 488 (ἐπειδὰν
553 436 590 472 τὸ
608 433 793 486 καθάρσιον
812 438 1033 487 περιενεγθῇ,
1054 449 1113 472 και
1127 435 1143 469 ὁ
1163 429 1270 482 κηρυξ

234 517 249 531 «
267 496 328 540 τὰς
338 495 500 548 πατρίους
516 492 620 545 εὐχὰς
641 492 694 529 εὔ
681 492 796 540 ζηται,
816 493 893 531 τότε
911 493 951 540 δὴ
967 491 1099 531 κελεύει
1115 491 1272 539 δημηγο-

235 573 250 588 «
270 560 351 607 ρεῖν.
374 554 406 603 11)
432 552 470 589 τὸ
497 551 531 588 δὲ
556 550 718 600 θυόμενον
740 550 904 601 χοιρίδιον
931 551 987 589 ἐπὶ
1010 549 1176 602 καθάρσει
1201 560 1270 582 των

199 619 216 643 5
234 613 348 651 τόπων
375 610 539 662 κάθαρμα
563 610 770 655 ἐκαλεῖτο,
758 625 775 645 ο
797 609 832 646 δὲ
857 609 1113 663 περικαθαίρων
1133 608 1270 654 καθαρ-

232 672 303 718 τῆς.
327 670 418 722 (Και
436 668 534 721 παρὰ
551 684 613 719 μεν
639 669 707 710 τοῖς
725 672 890 718 κωμικοῖς
909 669 1073 720 κάθαρμα
1100 665 1269 704 καλεῖται.

233 730 401 782 Αἰσχίνης
413 727 495 767 δὲέν
512 744 561 765 τι)
572 742 661 764 κατα
678 726 863 778 Τιυ.άρχου
881 732 918 773 [l.
937 743 964 767 c
969 732 980 773 ]
1003 724 1190 776 καθάρσιον
1206 736 1271 758 κα-

232 791 317 840 λεῐ.)

286 860 331 888 47.
361 850 378 885 ὁ
397 846 463 898 γὰρ
484 844 661 897 Ἀμφίθεος
686 844 872 896 Δίμητρος
892 838 934 890 ἦν
962 857 971 883 t
999 841 1125 895 Ἱερευς
1146 839 1272 889 Δήμη-

184 918 215 941 10
235 923 311 960 τρος
335 907 395 944 καὶ
424 903 665 957 Τριπτολέμου
686 905 703 940 ὃ
731 902 920 955 Ααιρίθεος.
940 901 1132 939 πέπαικται
1161 913 1273 947 κωμι-

234 982 301 1010 κως
326 969 449 1003 ταῦτα.
476 964 608 1002 Κελεου
634 977 700 1013 γαρ
721 960 972 1013 Τριπτόλεμος.
993 973 1104 997 ταυτα
1125 955 1160 995 δὲ
1180 932 1272 1005 λέγει

234 1027 268 1063 ἐν
294 1024 434 1075 παιδιᾷ,
456 1020 626 1059 σκώπτων
645 1019 702 1057 τὸν
724 1019 930 1071 Εὐριπίδην,
952 1017 1005 1055 ἀει
1024 1016 1133 1063 ἡδέως
1157 1016 1273 1085 ἀπαγ-

235 1082 401 1134 γέλλοντα
429 1080 472 1118 τὰ
494 1079 575 1130 γένη
596 1078 648 1128 (ἐν
685 1077 800 1120 ἄλλοις
825 1092 860 1114 τε
879 1092 937 1115 και
958 1074 1138 1128 καταρχὰς
1154 1076 1214 1119 τῆς
1237 1073 1272 1108 έν

235 1141 385 1194 Ἰαύροις
401 1140 613 1192 Ἰφιγενείας·

186 1207 214 1231 ¹5
418 1215 524 1254 Πέλοψ
536 1215 552 1244 ὁ
566 1212 749 1248 Ταντάλειος
760 1212 800 1247 εἰς
814 1212 917 1242 Πῖσαν
937 1211 1038 1251 μολὼν

420 1263 537 1292 θοαῖσιν
549 1261 653 1295 ἵπποις
669 1259 825 1298 Οἰνομάου
836 1260 929 1297 γαμεῖ
943 1257 1047 1297 κόρην·

420 1308 494 1347 ἑξῆς
507 1308 619 1348 Ἀτρεὺς
629 1307 774 1338 ’έῧλαστεν
785 1317 791 1323 ·
811 1306 939 1346 Ἀτρέως
950 1306 981 1335 δὲ
994 1307 1065 1339 παῖς

419 1354 782 1394 ΜενέλαοςἈγαμέμνων
793 1363 836 1383 τε.
852 1355 906 1383 τοῦ
925 1353 950 1382 δ’
966 1351 1035 1391 ἔφυν
1050 1350 1123 1390 ἐγώ.

235 1424 294 1459 τοῦ
312 1421 347 1458 δὲ
369 1421 498 1458 Κελεοῦ
521 1418 695 1469 μέμνηται
714 1415 935 1467 Βακχυλίδης
954 1413 1010 1452 διὰ
1030 1416 1095 1451 τῶν
1113 1411 1273 1462 ”]’μνο)ν.

183 1495 218 1521 20
236 1477 378 1521 ”.Αλλως
389 1479 399 1528 )
421 1477 478 1514 τὸν
500 1476 710 1528 πρόπαππον
738 1476 860 1511 ἑαυτοῦ
889 1473 1004 1523 λέγει,
1031 1471 1066 1515 ὃς
1094 1470 1276 1523 Ἀμφίθεος

235 1536 427 1588 ὁμωνύμως
448 1536 615 1573 ἐκαλεῖτο.

287 1609 332 1633 49.
363 1594 470 1640 τηθην
491 1592 600 1643 ἐμήνξ
619 1589 738 1636 Τήθας
759 1589 905 1626 ἐκάλουν
925 1587 988 1631 τὰς
1007 1587 1174 1639 μάμμας,
1199 1588 1261 1637 (κα
1241 1585 1276 1623 αὶ

234 1652 380 1700 τηθελὰς
399 1652 460 1695 τὰς
478 1648 805 1702 μαμμοθρέπτους).

289 1726 335 1751 52.
367 1709 517 1753 σπονδὰς
542 1724 618 1747 ποιε
606 1711 715 1745 εισθαι
743 1719 751 1745 :
784 1709 897 1749 Οὗτος
924 1705 992 1757 γὰρ
1020 1704 1184 1747 ὃσκοπος
1217 1706 1277 1741 τοῦ

184 1785 217 1808 ‘25
238 1770 430 1822 δράματος,
456 1767 545 1805 ὥστε
578 1764 729 1808 σπονδὰς
757 1767 903 1811 ποιῆσαι
938 1778 1023 1815 προς
1049 1763 1277 1811 Aetnessottgm-

235 1829 337 1872 νίους.
361 1848 365 1851 ·

291 1900 338 1925 53.
369 1884 474 1938 ἐφόδι’
497 1885 559 1922 οὐκ
589 1882 660 1933 ἔχω
685 1895 693 1920 ;

238 1944 308 1995 εἰμὶ
324 1943 394 1994 (καὶ
411 1942 529 1995 ἐφόδια
548 1943 609 1979 οὐκ
625 1939 720 1991 ἔχω).

290 2002 341 2040 διὸ
358 2001 523 2054 εἰρήνης
508 2001 678 2048 ἐπιθυμῶ.
696 2005 733 2034 R.
755 2004 837 2035 Vict.

185 2074 220 2098 30
293 2074 341 2100 54.
371 2062 402 2098 οἱ
430 2057 565 2101 τοξόται
594 2070 602 2095 :
635 2055 770 2094 Τουτό-
764 2070 877 2108 -ιρησιν
905 2057 950 2097 εἷς
969 2055 1037 2091 τῶν
1065 2051 1277 2105 πρυτάνεων,

236 2118 385 2157 κελεύων
417 2116 576 2154 ἐκὸαλεῗν
605 2130 662 2152 τον
690 2113 868 2166 Ἀμφίθεον
893 2129 938 2156 ως
965 2110 1142 2163 υὸριστήν.
1174 2109 1279 2161 (Ἄλ-

237 2179 316 2219 λως.
337 2179 438 2213 τοῦτο
458 2175 496 2211 ἐκ
509 2176 576 2210 τῶν
593 2171 793 2224 πρυτάνεων
815 2170 865 2213 τίς
887 2185 990 2222 φησι,
1018 2169 1167 2207 κελεύων
1191 2171 1277 2206 ἀπε-

237 2235 373 2272 λαύνειν
386 2233 442 2271 τὸν
462 2230 653 2284 Ἀμφίθεον.
675 2229 741 2267 εἰσι
758 2228 793 2266 δε
810 2231 839 2266 οἱ
860 2227 996 2272 τοξόται
1017 2227 1203 2278 δημόσιοιε
1191 2243 1279 2273 υπη-

240 2292 352 2346 ρέται,
385 2289 535 2343 φύλακες
563 2304 624 2327 του
651 2288 788 2333 ἄστεος,
820 2286 876 2324 τὸν
902 2286 1047 2339 ἀριθμὸν
1076 2286 1201 2337 χίλιοι,
1227 2284 1276 2323 οῗ-

185 2362 218 2385 35
237 2366 323 2393 τινες
345 2349 509 2402 πρότερον
543 2347 605 2398 μὲν
630 2345 740 2383 ὤκουν
765 2343 827 2390 τὴν
860 2343 989 2395 ἀγορὰν
1017 2359 1127 2393 μεσην
1153 2359 1279 2389 σκηνο-

238 2408 485 2458 ποιησάμενοι,
505 2405 645 2457 ὕστερον
663 2403 698 2442 δε
713 2402 910 2453 μετέὸησοιν
931 2403 978 2444 εἰς
995 2399 1128 2453 Αρειον
1151 2401 1276 2451 πάγον.

239 2468 424 2504 ἐκαλοῦντο
444 2468 537 2502 ουτοι
561 2479 620 2501 και
646 2461 780 2500 Σκύθαι
805 2460 864 2498 καὶ
895 2459 1091 2505 Πευσίνιοι,
1111 2461 1278 2502 Πευσῖνος

713 1879 799 1920 εὈτι
831 1881 870 1917 ἐκ
902 1882 961 1917 τοῦ
995 1877 1148 1928 πολέμου
1174 1880 1278 1924 πένης

239 2523 328 2566 τινὸς
346 2525 414 2560 τῶν
435 2521 545 2559 πάλαι
573 2518 846 2569 πολιτευομένων
869 2517 1095 2561 συντάξαντος
1124 2517 1167 2555 τὰ
1199 2519 1278 2570 περὶ

242 2581 389 2629 αὐτούς.)

188 2660 222 2684 40
294 2653 340 2678 55.
370 2632 398 2676 ὦ
415 2634 636 2690 Τριπτόλεμε
660 2648 668 2673 :

242 2714 318 2751 ρους
337 2696 454 2748 ὥσπερ
477 2695 536 2732 καὶ
557 2692 765 2744 συμμάχους
787 2693 1016 2729 ἐπικαλεῖται.

242 2757 276 2794 δὲ
287 2787 296 2804 ,
315 2757 530 2796 ἀπωθοῦντες
540 2782 549 2799 ,
570 2751 834 2793 ἀπελαύνοντες.

667 2810 728 2848 Ἐν
749 2808 815 2861 γὰρ
829 2811 872 2860 τῇ
891 2807 1008 2861 εἰρήνῃ
1030 2807 1222 2859 κρέμανται
1243 2811 1279 2846 αἱ

687 2634 776 2677 Τοὺς
793 2635 915 2671 ἑαυτοῦ
933 2631 1119 2685 προγόνους
1140 2632 1276 2671 ἐπικού-

1074 2691 1280 2743 Ἀπάγοντες

294 2829 339 2853 58.
370 2812 430 2851 καὶ
446 2810 621 2864 κρεμάσαι
639 2824 647 2848 :

243 2872 396 2914 ἀσπίδες.

191 2949 223 2972 47,
296 2945 341 2969 60.
371 2929 413 2976 ἢν
433 2928 482 2979 μὴ
508 2927 587 2980 περὶ
617 2926 752 2979 εἰρήνης
773 2923 1064 2978 πρυτανεύσητε;
1089 2923 1193 2974 (Ἀντὶ
1220 2929 1279 2963 τοῦ

243 2987 524 3041 χρηματίσητε,)
552 2985 743 3038 σκέψησθε,
764 2983 931 3036 πράξητε.
965 2983 1080 3021 πάντα
1118 2982 1184 3035 γὰρ
1211 2984 1280 3021 ἀπὸ

244 3049 312 3086 τῶν
332 3045 529 3097 πρυτάνεων
548 3043 784 3096 διεπράττετο.
806 3042 993 3094 (ἐχρήσατο
1007 3041 1042 3079 δὲ
1055 3043 1098 3093 τῇ
1115 3041 1204 3086 λέξει
1221 3043 1280 3079 καὶ

245 3103 464 3154 Δημοσθένης
486 3108 530 3149 [p.
550 3116 620 3149 191,
639 3102 709 3150 15].)

297 3176 341 3200 61.
364 3164 394 3199 οἱ
413 3160 509 3213 παρὰ
537 3159 703 3211 βασιλέως
728 3173 736 3197 ;

192 3242 227 3268 50
246 3220 321 3260 κατ’
341 3219 474 3270 ἐξοχήν.

247 3277 446 3332 ἀρχομένων
464 3293 508 3314 τα
525 3275 696 3326 ὀνόματα,
714 3279 781 3313 οἱον
802 3274 961 3326 βασιλευς
981 3274 1281 3324 Λακεδαιμονίων,

250 3334 408 3388 βασιλεὺς
436 3333 660 3374 Μακεδόνων.
687 3331 848 3384 (διαφορὰ
877 3331 912 3368 δέ
941 3333 1012 3369 ἐστι
1032 3329 1199 3383 βασιλέως
1223 3331 1282 3367 καὶ

249 3393 426 3446 τυράννου.
459 3390 618 3442 βασιλευς
643 3390 704 3440 μὲν
731 3389 796 3441 γαρ
823 3406 861 3427 εκ
885 3389 1061 3441 προγόνων
1088 3387 1178 3426 κατὰ
1198 3389 1277 3426 δια-

769 3158 879 3202 οὕτως
905 3161 922 3196 ὁ
950 3161 1096 3211 Περσῶν
1122 3158 1282 3209 βασιλεὺς

531 3234 607 3260 τους
625 3217 660 3254 δὲ
672 3218 795 3260 ἄλλους
809 3217 940 3267 ἔλεγον,
957 3215 1197 3268 προστιθέντες
1213 3232 1280 3254 των

1331 312 1438 364 δοχὴν
1461 313 1533 364 ἔχει
1558 313 1620 360 τὴν
1645 313 1756 367 ἀρχὴν
1785 314 1841 352 ἐπὶ
1865 315 1979 367 ῥητοῖς
2001 314 2117 352 mecm
2146 315 2278 368 γέρασι.
2307 316 2367 355 τύ-

1331 386 1447 422 ραννος
1470 370 1564 408 δὲτὸ
1585 371 1701 423 ἄρχειν
1727 371 1846 423 βιαίως
1874 371 2119 425 σφετερίζεται.
2147 376 2301 425 χρῶνται
2329 373 2365 412 δὲ

1329 427 1523 480 ἀδιαφόρως
1548 428 1629 466 ἔνιοι
1667 435 1737 472 τοῖς
1764 430 1922 480 ὀνόμασι.
1960 429 2101 483 Ἱέρωνα
2137 430 2198 481 μὲν
2223 432 2367 482 βασιλέα

1329 485 1500 538 Πίνδαρος
1523 491 1586 532 [ol.
1606 501 1636 533 Ι,
1654 492 1701 533 34]
1720 489 1839 534 καλεῖ,
1853 488 1910 525 τὸν
1928 488 2176 540 Συρακουσίων
2189 489 2366 541 τύραννον.

1329 543 1482 586 Εὔπολις
1497 543 1531 581 δε
1552 546 1586 582 ἐν
1609 544 1772 617 Δημοις-
1759 545 1889 596 εἰσάγει
1911 546 1968 583 τὸν
1986 546 2236 599 Πεισίστρατον
2265 551 2366 598 βασι-

1327 601 1366 639 λέ
1352 618 1403 640 α.
1431 602 1520 639 ἀ)λα
1548 619 1607 640 και
1627 603 1703 646 τοὺς
1730 606 1883 654 βασιλεῖς
1905 604 2071 648 πολλάκις
2082 605 2279 678 τυράννους
2307 605 2365 643 λέ-

1327 677 1438 712 γουσι.
1472 660 1680 713 πρέσῧεις
1662 677 1696 698 οε
1731 666 1825 700 ουτοι
1852 662 1937 700 εἰσὶν
1957 665 1988 700 οἱ
2016 679 2095 715 περι
2119 664 2176 701 τὸν
2203 664 2368 717 Μόρυχον

1328 719 1582 769 εμπλησθέντες
1594 735 1681 772 τρυφ
1685 736 1734 766 ης.
1740 721 1750 766 )

1381 791 1426 817 63.
1457 778 1517 815 καὶ
1537 784 1605 821 τοῖς
1622 781 1756 816 ruffio-z:
1779 780 1862 821 Τοῖς
1884 777 2025 822 κόλποις
2050 779 2120 822 τοῖς
2136 780 2368 830 πεποικιλμέ-

1328 852 1413 879 νοις·
1440 836 1516 874 ἐπεὶ
1546 839 1563 873 ὃ
1588 835 1679 879 ταὼς
1709 835 1874 879 ποικίλος.
1899 835 1940 886 (ἢ
1969 836 2021 874 ὅτι
2048 836 2226 889 πορφύρας
2249 837 2368 889 ἔχουσι

1329 895 1388 931 καὶ
1407 894 1545 946 τιάρας,
1568 896 1613 938 ὡς
1629 893 1730 938 αὐτός
1762 910 1857 947 φησι.
1884 893 2002 946 τιάραι
2029 893 2065 932 δέ
2090 896 2155 932 εἰσι
2174 909 2366 948 περικεφα-

1328 953 1426 990 λαῒαι
1453 952 1626 1005 Περσικαὶ
1644 955 1773 995 ταῶνος
1797 951 1909 1004 πτερὰ
1929 951 2098 1004 ἔχουσαι.)
2122 951 2145 999 ἢ
2165 951 2217 990 ὅτι
2232 952 2371 999 ἥκοντες

1330 1010 1398 1048 ἀπὸ
1416 1011 1583 1062 Περσίδος
1599 1010 1691 1054 ταὼς
1704 1010 1840 1062 ἔχοντες
1853 1010 2074 1056 ἐληλύθασιν.

1725 1068 1862 1112 Ἔξίασι
1879 1067 1945 1122 γὰρ
1964 1071 1994 1107 οἱ
2015 1068 2178 1122 πρέσὲεις
2191 1070 2372 1107 κεκαλλω-

1330 1127 1490 1178 πισμένοι
1524 1127 1586 1179 (ὡς
1614 1127 1683 1166 ἀπὸ
1706 1126 1967 1178 Ἐκὸατάνων),
2004 1127 2078 1172 ’ἥτις
2108 1128 2181 1166 ἐστὶ
2210 1127 2367 1181 Περσικὴ

1330 1185 1439 1229 πόλις.

1384 1259 1429 1283 66.
1461 1244 1632 1297 ἐπέμψαθ’
1664 1247 1757 1294 ἡμᾶς
1783 1257 1791 1282 :
1823 1243 1890 1282 Διὰ
1921 1243 2056 1282 τούτων
2081 1244 2273 1297 παρίστησι
2308 1243 2372 1290 τὴν

1331 1319 1399 1340 των
1430 1303 1615 1349 Ἀθηναίων
1647 1300 1839 1352 μαλακίαν,
1869 1301 1982 1344 ἄλλως
2008 1301 2263 1340 ἀναλισκόντων
2295 1317 2374 1344 τους

2386 601 2402 624 (71

2392 890 2424 915 10

1383 1082 1429 1107 64.
1459 1063 1487 1107 ὦ
1505 1069 1674 1107 ’κὸάτανα
1695 1083 1703 1108 :

2393 1179 2425 1203 15

1933 1359 1999 1375 ‘xlx

1336 1361 1480 1413 χρόνους
1515 1361 1565 1398 εἐν
1570 1376 1614 1398 κα
1649 1360 1798 1412 κέρδους.
1829 1359 1907 1409 Πρὸ
1930 1369 2064 1397 ὸωοεκα
2095 1361 2179 1397 ἐτων
2209 1363 2317 1411 ἠρχεν
2355 1363 2374 1398 ὃ

1334 1419 1533 1469 Εὐθυμένης
1549 1418 1723 1465 Αθηνησι.
1744 1417 1960 1454 καθάπτεται
1980 1417 2046 1470 γὰρ
2062 1434 2131 1455 των
2147 1417 2372 1470 πρεσὲευτυν

1332 1480 1377 1520 ὡς
1393 1477 1552 1524 ἐπίτηδες
1567 1474 1884 1529 χρονοτριὸούντων
1903 1477 1937 1513 ἓν
1963 1477 2039 1519 ταῖς
2054 1476 2273 1529 πρεσὸείαις,
2288 1476 2374 1530 ὑπὲρ
2393 1476 2428 1501 20

1332 1540 1392 1574 τοῦ
1408 1535 1551 1573 πλείονα
1570 1534 1690 1585 μισθὸν
1708 1533 1913 1584 λαμὸάνειν.

1351 1646 1372 1653 .-
1386 1608 1433 1633 67.
1461 1594 1515 1632 ἐπ’
1536 1592 1751 1643 Εὐθυμένους
1775 1591 1941 1644 ἄρχοντος
1966 1605 1974 1631 ;
1995 1587 2108 1636 Οῧτος
2125 1595 2142 1630 ὁ
2167 1592 2300 1644 ἄρχων,
2323 1593 2374 1646 ἐφ’

1334 1668 1371 1690 ου
1388 1651 1560 1698 κατελύθη
1586 1651 1625 1688 τὸ
1653 1650 1818 1703 ψήφισμα
1843 1649 1882 1687 τὸ
1907 1650 1987 1702 περὶ
2013 1654 2073 1688 τοῦ
2103 1649 2152 1701 μὴ
2176 1651 2374 1702 κωμῳδεῖν,

1333 1709 1463 1779 γραφὲν
1481 1710 1537 1747 ἐπι
1559 1709 1771 1760 Μορυχίδου.
1786 1707 1910 1779 ἴσχυσε
1924 1708 1960 1745 δὲ
1979 1708 2118 1758 (ἐκεῖνόν
2135 1724 2173 1746 τε
2191 1708 2250 1746 τὸν
2261 1711 2375 1747 ε’νιαυ·

1333 1769 1390 1805 τὸν
1408 1784 1468 1805 και
1486 1766 1544 1805 δύο
1559 1783 1636 1810 τους
1650 1766 1774 1816 ἑξης)’
1760 1766 1817 1803 επὶ
1834 1766 2027 1804 Γλαυκίνου
2044 1781 2080 1804 τε
2096 1765 2156 1804 καὶ
2173 1765 2375 1818 Θεοδώρου,
2394 1764 2428 1789 ²⁵

1335 1826 1409 1876 μεθ’
1423 1825 1479 1867 οὒς
1493 1825 1546 1862 ἐπ’
1568 1823 1788 1874 Εὐθυμένους
1807 1822 1992 1870 κατελύθη.

1387 1898 1433 1922 68.
1465 1882 1521 1920 διὰ
1544 1885 1611 1920 τῶν
1638 1881 1845 1934 Καϋστρίων
1875 1896 1883 1920 :
1909 1878 2107 1934 Καΰστριος
2131 1880 2289 1931 ποταμὸς
2315 1885 2378 1929 τῆς

1334 1941 1463 1984 Λυδίας
1477 1941 1556 1993 περὶ
1576 1941 1746 1987 Μίλητον,
1766 1940 1915 1986 πλησίον
1938 1939 2089 1989 Λυδίας,
2113 1939 2196 1991 παρ’
2219 1934 2247 1992 ᾧ
2273 1940 2333 1978 καὶ
2359 1944 2377 1978 ὃ

1333 1999 1446 2043 Ἄσιος
1465 1998 1606 2049 λειμών.
1628 1998 1707 2036 ἔνθα
1733 1998 1792 2036 καὶ
1816 2001 1920 2049 χῆνες
1945 1998 2011 2036 εἰσὶ
2036 1997 2158 2036 πολλοὶ
2185 1998 2376 2049 διαιτώμε-

1333 2074 1396 2098 νοι.
1418 2058 1477 2096 καὶ
1496 2057 1657 2110 υΟμηρος
1673 2062 1725 2103 [11.
1746 2065 1784 2107 Β,
1804 2061 1870 2102 460]
2396 2051 2430 2076 ³⁰

1455 2158 1571 2196 χηνῶν,
1588 2156 1607 2192 ἢ
1621 2153 1769 2195 γεράνων,
1783 2154 1814 2193 (ἢ
1828 2153 1950 2184 κύκνων
1962 2153 2211 2195 δουλιχοδείρων,

1459 2202 1555 2234 Ἀσίω
1568 2202 1598 2232 ἐν
1609 2203 1754 2242 λειμῶνι,
1765 2200 1941 2241 Καϋστρίου
1958 2200 2034 2241 ἀμφὶ
2045 2201 2160 2241 ῥέεθρα.

1333 2284 1451 2338 γενικὴ
1473 2283 1509 2322 δέ
1523 2285 1595 2322 ἐστι
1611 2299 1650 2321 το
1666 2281 1780 2321 Ἀσίω.
1783 2283 1794 2332 )

1387 2357 1431 2382 69.
1462 2341 1722 2392 ἓσκηνημένοιε
1742 2340 1912 2380 Κέκλιται
1931 2356 1970 2378 το
1993 2342 2088 2392 ῥημα
2109 2338 2178 2377 ἀπὸ
2195 2341 2258 2411 τῆς
2276 2337 2377 2399 πριὲ-

1333 2418 1395 2448 της
1419 2417 1487 2438 των
1507 2399 1792 2452 περισπωμένων.
1814 2401 1842 2436 εἰ
1865 2397 1931 2470 γὰρ
1952 2402 1993 2445 ἠν
2015 2397 2084 2435 ἀπὸ
2104 2400 2166 2444 τῆς
2181 2397 2314 2450 τρίτης,
2333 2401 2375 2444 ἠν
2392 2405 2424 2433 3ε

1335 2459 1376 2497 ἂν
1397 2458 1453 2496 διὰ
1469 2474 1527 2496 του
1548 2474 1594 2504 ω,
1614 2459 1659 2501 ὡς
1679 2455 1950 2508 κεχρυσωμένοι.

1387 2531 1432 2555 71.
1463 2515 1594 2568 σφόδρα
1615 2513 1683 2567 γὰρ
1704 2513 1882 2564 ἐσωζόμην
1906 2527 1914 2552 :
1936 2514 2002 2552 Ἐκ
2021 2516 2080 2550 τοῦ
2093 2512 2247 2551 ἐναντίου
2263 2512 2376 2559 ἀπήν-

1334 2590 1437 2621 τησεν
1459 2575 1677 2624 ἀγανακτῶν.
1709 2574 1737 2609 εἰ
1757 2572 1824 2622 γὰρ
1851 2573 1948 2621 ὑμεῖς
1968 2570 2165 2609 ἀπόλλυσθε
2185 2570 2273 2609 οὕτω
2295 2571 2376 2609 διά-

1334 2648 1469 2684 γοντες,
1488 2630 1667 2681 ἐσωζόμην
1687 2630 1755 2682 ἄρα
1773 2629 1842 2680 ἐγὼ
1867 2628 2157 2682 πολιορκούμενος
2173 2629 2241 2666 ὑπὸ
2262 2632 2376 2668 Λακε-

1336 2690 1534 2741 δαιμονίων,
1560 2688 1808 2739 κατακείμενος
1835 2687 1895 2725 καὶ
1920 2687 2097 2725 καθεύδων
2127 2689 2162 2725 ἓν
2187 2690 2237 2740 τῷ
2267 2688 2375 2740 τείχει
2394 2700 2430 2726 40

1336 2750 1392 2788 ἐπὶ
1426 2747 1609 2802 φρυγάνων
1637 2747 1696 2784 καὶ
1734 2746 1897 2796 καλάμης
1932 2745 1991 2783 καὶ
2021 2748 2211 2797 συρφετῶν.
2243 2745 2284 2784 τὸ
2317 2742 2375 2785 οὖν

1336 2808 1515 2857 ἐσωζόμην
1535 2808 1569 2843 ἐν
1591 2805 1744 2858 εἰρωνείᾳ
1761 2805 1865 2855 λέγει.

1388 2879 1433 2905 72.
1464 2863 1641 2908 ἔπαλξιν·
1666 2864 1896 2915 Προμαχῶνα
1921 2863 1988 2899 τῶν
2017 2876 2156 2912 τειχων.
2189 2877 2327 2915 φορυτω
2364 2876 2374 2901 :

1336 2923 1511 2976 Φορυτος,
1532 2921 1689 2975 φρύγανα
1707 2921 1843 2972 ἄχυρα,
1865 2919 1925 2957 καὶ
1946 2919 2014 2957 ἀπὸ
2033 2935 2096 2970 γης
2115 2919 2293 2970 αἰρόμενος
2309 2918 2377 2956 ὑπὸ

1337 2982 1464 3033 ἀνέμου
1473 2981 1608 3033 χόρτος.
1632 2988 1650 3016 1
1649 2987 1715 3016 e'ct.
1735 2978 1878 3031 φορυτὸς
1890 2976 2060 3030 ψιαθῶδές
2072 2993 2105 3015 τι
2118 2976 2279 3028 πλέγμα,
2296 2977 2331 3014 ἐν
2347 2980 2376 3030 ᾡ
2394 2986 2426 3011 ⁴5

1335 3056 1414 3083 τους
1433 3038 1586 3090 στάχυας
1604 3036 1851 3088 ἐμὸάλλουσιν.
1868 3035 1890 3081 ἢ
1910 3050 2046 3088 φορυτι)
2066 3038 2110 3087 τῇ
2128 3038 2166 3073 ἐκ
2192 3034 2374 3088 φρυγάνων

1338 3113 1514 3150 στρωμνῃ.
1539 3097 1594 3146 (74)
1610 3094 1796 3147 χρυσίδων,
1816 3108 1954 3146 χρυσων
1972 3095 2119 3145 φιαλῶν.
2145 3100 2184 3130 R.

1389 3168 1436 3195 73.
1462 3154 1679 3205 (ξενιζόμενοι
1696 3152 1753 3190 δέ·
1745 3183 1753 3191 .
1771 3151 2052 3204 Προτρεπόμενοι
2068 3153 2115 3195 εἷς
2130 3151 2174 3189 τὰ
2191 3149 2267 3195 ξένα
2289 3149 2375 3202 βρώ-

1339 3229 1433 3264 ματα
1448 3228 1506 3250 του
1529 3210 1697 3263 βασιλέως
1711 3226 1778 3248 των
1800 3211 1974 3262 Περσων.)

1390 3284 1436 3310 75.
1466 3273 1494 3308 ὠ
1512 3268 1656 3322 Κραναὰ
1673 3268 1800 3311 πόλις.
1817 3269 1941 3318 (Ἰουτο
1958 3267 2136 3320 τέτριπται
2149 3264 2216 3304 ὑπὸ
2228 3266 2296 3302 τῶν
2309 3280 2374 3302 πα·
2388 3272 2423 3299 50

1336 3331 1456 3367 λαιῶν.
1479 3327 1538 3365 καὶ
1561 3326 1733 3378 Αἰσχύλος
1751 3326 1818 3379 γὰρ
1835 3325 1894 3363 καὶ
1916 3327 2097 3378 Σοφοκλῆς
2112 3323 2306 3376 ἐχρήσαντο
2329 3325 2371 3374 τῇ

1337 3385 1452 3437 λέξει.)
1462 3385 1552 3436 λέγει
1563 3385 1597 3422 δὲ
1615 3383 1844 3437 Κραναὰςτὰς
1855 3383 2008 3431 Ἀθήνας,
2043 3381 2186 3429 ἤτοι-τὰς
2198 3379 2370 3432 τραχείας·
