2517 3792
1138 171 1311 213 AVIUM.

174 259 253 298 Ald.
268 258 358 297 ἀλλὰ
375 256 527 309 κερουμή
547 260 590 295 V.
609 260 630 302 ἡ
646 256 822 306 κολυμὸὰς
836 258 1026 295 Bentleius
1043 258 1087 295 ad
1105 260 1189 295 Cal-

174 318 324 355 limach.
342 332 378 367 p.
404 316 491 366 469.

229 378 317 424 307,
340 382 386 420 24
413 371 509 417 οὗτος
527 374 698 412 dubium.
724 375 903 418 πιππίζειν
925 379 968 411 G.
998 374 1187 418 πιππύζειν

173 433 255 470 Ald.

229 493 325 540 319,
347 493 394 534 43
416 490 607 529 ὑπόπτευον
630 490 664 528 ἓὲ
690 490 810 534 αὐτοὺς
833 495 876 528 Y.
901 492 1103 529 ὑπώπτευον
1127 493 1189 528 αὖ-

172 546 248 590 τοὺς
265 550 310 585 G.
327 542 414 586 εἶναι
435 564 508 587 om.
526 553 570 586 Υ.

226 608 319 653 322,
345 611 393 651 48
411 607 560 660 θηρατὰς
577 607 662 645 Ald.
683 606 938 658 ἡμαρτημένων
959 610 991 643 V

226 667 321 713 326,
341 667 388 704 53
408 667 484 716 ἐμοὶ
505 666 571 716 γάρ
593 667 675 702 εἰσιν
697 668 738 701 V.

227 725 323 772 329,
350 738 394 773 19
416 724 597 774 νεμόμενοι
615 727 658 759 V.

228 783 325 828 336,
351 795 398 819 22
423 783 507 821 εὈτι
532 782 606 819 {io-t.
628 785 675 819 V.

228 842 302 884 348
317 869 327 886 ,
351 844 398 886 48
431 842 546 878 πάντα
574 843 685 877 ταῦτα
706 842 748 875 V.
766 859 815 866 —-
835 838 883 874 50
912 836 1109 886 legebatur
1130 836 1188 872 καί

173 899 284 936 ἐκεῖσε
304 900 361 936 καὶ
381 900 480 952 δεῦρο
500 899 589 948 μηδο
613 913 658 938 ως
676 896 779 941 τίσση
804 894 900 944 (μηδ’
915 894 1001 934 ὅλως
1019 892 1099 938 τίση
1115 896 1187 937 V.).

174 979 225 984 —
245 957 287 993 51
322 956 417 1009 παρὰ
437 963 522 993 πᾶσι
544 955 709 992 correxit
732 953 951 990 Diudorfius
975 964 1021 987 ex
1043 951 1189 987 scholio

176 1021 263 1059 424.
283 1015 500 1065 Legebatur
517 1011 776 1064 παραπλήσιον.
804 1014 862 1047 De
883 1022 922 1045 10
946 1010 1027 1059 ipsa
1054 1010 1187 1046 confe—

175 1073 335 1110 rendum
357 1073 527 1110 scholion
541 1072 587 1107 ad
600 1073 712 1120 Vesp.
739 1069 847 1106 1326.
868 1071 956 1104 Post
974 1070 1126 1105 τοιοῦτον
1144 1070 1188 1103 V.

174 1131 282 1180 ponit
302 1131 364 1167 illa
391 1130 592 1179 superiora
611 1125 974 1179 γράφεται-ῥύγχος,
995 1126 1018 1162 l.
1040 1127 1086 1170 43
1112 1139 1187 1175 seq.

229 1188 301 1224 353
314 1217 323 1234 ‚
343 1201 364 1224 2
387 1185 475 1224 κατὰ
494 1186 533 1223 τὸ
550 1185 617 1230 δεξ.
637 1186 721 1223 Ald.

226 1246 324 1293 357,
343 1260 363 1294 7
385 1245 448 1283 κᾶν
470 1245 646 1295 μείνωμεν
667 1247 714 1281 V.
731 1266 783 1271 —
803 1258 827 1292 9
847 1242 1047 1293 legebatur
1069 1241 1125 1279 διὰ
1151 1242 1190 1279 τὸ

173 1304 285 1354 μέλος.

227 1363 322 1409 358,
347 1376 392 1400 10
412 1365 465 1402 Οὐ
484 1377 559 1401 om.
578 1367 622 1400 V.
643 1363 720 1410 Qui
740 1362 787 1399 ad
810 1362 912 1398 hunc
933 1374 1083 1398 versum
1097 1390 1106 1407 ‚
1127 1375 1187 1397 πο-

172 1418 272 1469 λέμει
293 1421 457 1469 (πολεμεῖ
477 1421 539 1471 G.)
559 1419 887 1473 προσυπακουστέον
909 1418 947 1456 τὸ
970 1418 1021 1467 (τὸ
1038 1431 1112 1455 0111.
1130 1418 1189 1467 G.)

173 1478 258 1530 πρὸς
274 1478 337 1524 τὴν
360 1478 503 1531 χύτραν.

230 1537 301 1573 361
327 1539 454 1579 Μεῖζον
475 1536 514 1574 τὸ
533 1551 584 1587 τρ.
603 1540 648 1573 V.

229 1595 317 1631 363.
351 1595 488 1632 Suidas
514 1609 551 1632 v.
584 1593 884 1646 Ὗπερακοντίζεις
917 1593 1190 1644 1111ος110111)115

175 1652 329 1690 scholiis
364 1654 403 1689 in
437 1653 538 1690 hunc
575 1655 702 1690 locum
734 1667 824 1690 usus
862 1654 977 1690 fnisse
1014 1653 1189 1697 videtum

175 1711 320 1760 quippe
342 1711 409 1760 qui
440 1712 492 1747 sic
516 1711 630 1748 habet
648 1727 655 1748 :
676 1710 975 1763 Ὑπερακοντίζεις
1001 1709 1043 1747 σύ
1072 1712 1104 1760 γ’
1122 1709 1189 1755 ἤδη

176 1768 302 1806 Νικίαν
317 1767 374 1805 τὸν
392 1771 654 1820 στρατηγοῦντα
672 1773 850 1818 μηχαναῖς
874 1767 931 1805 καὶ
948 1774 1018 1810 τοῖς
1036 1783 1191 1819 στρατη-

174 1824 324 1875 γήμασι.
348 1825 542 1878 Σύμμαχος
554 1826 638 1878 πρὸς
648 1825 710 1871 τὴν
725 1826 850 1871 Μήλου
864 1825 1077 1878 πολιορκίαν.
1094 1825 1192 1877 Φρύ-

174 1898 270 1935 νιχος
297 1884 514 1937 Μονοτρόπῳ
539 1901 554 1917 α
569 1884 645 1921 ἀλλ’
668 1883 906 1936 ὑπερδέξληκε
932 1883 1020 1922 πολὺ
1043 1883 1101 1921 τὸν
1123 1885 1192 1921 Νι-

174 1942 255 1979 κίαν
277 1942 488 1994 στρατηγίας
507 1941 631 1988 πλήθει
652 1942 710 1979 καὶ
729 1941 930 1993 εὑρήμασιν.
948 1960 963 1975 »
989 1942 1012 1987 ἢ
1035 1942 1086 1979 ὅτι
1108 1957 1192 1994 φρο-

175 1999 355 2051 νιμώτατα
373 2000 531 2045 Μηλίους
549 2002 642 2053 λιμῷ
659 2002 804 2038 ἀνεῖλεν.
823 2002 912 2038 Haec
928 2014 1016 2038 sane
1031 2014 1078 2038 ex
1094 2001 1192 2038 bene

175 2060 342 2109 antiquis
359 2068 397 2096 et
420 2060 575 2109 optimae
602 2067 702 2096 notae
720 2059 873 2096 scholiis
902 2059 1091 2109 descripta
1112 2072 1192 2096 esse

176 2127 348 2167 apparet.
367 2120 481 2155 KUST.
511 2119 727 2168 στρατηγιῶν
751 2117 876 2162 πλήθει
896 2133 933 2154 τε
953 2116 1192 2169 κάξευρῆμασι

177 2177 360 2224 Toupius.
377 2197 428 2203 —
447 2189 492 2211 22
521 2174 767 2226 φρονιμώτατα
789 2188 863 2211 0111.
892 2178 934 2211 G.
964 2174 1028 2227 γὰρ
1048 2189 1122 2212 0111.
1144 2179 1190 2212 V.

175 2234 270 2283 λιμῷ
293 2232 359 2285 γὰρ
380 2237 426 2270 G.
445 2232 550 2270 Conf.
571 2233 618 2269 ad
632 2232 749 2269 schol.
770 2246 804 2269 V.
832 2233 914 2269 186.

231 2291 303 2333 364
318 2319 327 2336 ,
369 2297 415 2334 24
447 2293 478 2327 οἱ
506 2290 573 2342 γὰρ
605 2305 664 2342 πρ.
701 2294 745 2327 V.
780 2290 934 2327 ἐλελελεῦ
967 2290 1050 2327 Ald.
1068 2314 1122 2322 —
1144 2292 1189 2328 25

191 2347 358 2400 Ερετρεὺς
378 2352 424 2384 V.
446 2349 574 2385 Achaei
593 2361 724 2384 versus
745 2348 847 2397 apud
870 2348 1023 2385 Suidam
1043 2363 1070 2386 s.
1090 2348 1191 2387 Ἔλε-

177 2406 235 2442 λεῧ
265 2407 304 2443 111
330 2415 442 2443 sunt:
466 2405 539 2458 ὥρα
565 2408 699 2456 βοηθεῖν
724 2405 815 2443 ἔστ’·
842 2405 909 2455 ἐγὼ
941 2406 970 2443 δ’
1000 2407 1188 2457 ἡγήσομαι.

659 1513 671 1521 e

177 2347 187 2360 2

1164 2467 1178 2477 x

177 2464 428 2516 προσὸαλλέτω
450 2465 500 2507 τὶς
518 2470 619 2517 χεῖρα
640 2464 818 2516 φασγάνου
835 2465 926 2515 >aaz
945 2480 952 2487 ·
976 2465 1144 2516 σάλπιγγι
1161 2467 1190 2502 ο’

177 2523 279 2565 ἄλλος
297 2525 343 2565 ὡς
362 2522 466 2574 τάχος
484 2523 695 2572 σημαινέτω.
716 2521 791 2575 ὥρα
807 2522 968 2574 ταχύνειν
985 2539 992 2547 ·
1019 2525 1188 2564 ἐλελελεῦ.

231 2582 327 2628 368,
348 2584 392 2618 31
418 2584 688 2633 συμπατριῶται
702 2585 746 2618 V.
772 2585 1026 2633 συμπατριῶτα
1044 2585 1087 2621 G.
1108 2582 1190 2634 ξυμ-

175 2637 374 2691 πατριώτας
393 2639 473 2676 Ald.

230 2697 320 2745 369,
344 2697 391 2733 35
413 2695 599 2734 ἀπέκτενον
628 2706 702 2734 tres
727 2697 838 2735 codd.
856 2698 983 2737 Suidae
1000 2712 1028 2736 s.
1054 2698 1190 2738 Φεισό-

178 2756 288 2803 μεθα,
309 2755 336 2791 1.
354 2767 386 2791 0.
405 2753 624 2795 ἀπέκτεννον.
648 2757 873 2794 Eustathius
894 2771 931 2806 p.
956 2759 1073 2804 1604,
1094 2772 1117 2807 9
1135 2774 1142 2795 :
1166 2763 1187 2805 ἡ

178 2811 214 2848 δὲ
229 2812 263 2848 ἐν
280 2813 329 2862 τῷ
349 2813 544 2850 ἀνενείκατο
564 2813 776 2864 ἀνηνέγκατο
793 2814 902 2865 τροπὴ
920 2819 980 2853 τοῦ
1003 2832 1012 2853 ι
1030 2818 1076 2859 εἰς
1099 2833 1115 2855 ν
1131 2817 1188 2854 καὶ

177 2869 234 2906 ἐπὶ
253 2868 366 2905 ἄλλων
388 2870 495 2922 ἐφάνη
515 2871 689 2917 γίνεσθαι,
710 2874 756 2914 ὡς
771 2873 829 2910 καὶ
846 2872 902 2910 ἐπὶ
922 2877 982 2910 τοῦ
1010 2874 1077 2911 αἷεὶ
1098 2875 1189 2922 αἰὲν,

177 2927 314 2981 φαεινὸν
331 2927 472 2979 φαεννὸν
488 2957 498 2974 ,
519 2929 668 2967 κλεεινὸν
695 2931 864 2969 κλεεννόν.
893 2930 981 2969 οὕτω
999 2931 1035 2969 δὲ
1054 2933 1112 2970 καὶ
1132 2933 1189 2971 ἐπὶ

174 2991 234 3024 τοῦ
255 2985 378 3023 κτείνω
398 2985 528 3023 κτέννω
542 3002 549 3009 ·
573 2982 612 3024 οῧ
625 2990 750 3039 χρῆσις
764 2989 822 3026 καὶ
839 2991 872 3026 ἐν
891 2992 952 3041 τῷ,
970 2990 1021 3028 Τὸ
1040 2991 1187 3028 παλαιὸν

174 3045 298 3087 λύκους
319 3042 524 3081 ἀπέκτεννον
545 3046 578 3081 ἐν
601 3048 643 3096 τῇ
665 3046 825 3098 Ἀττικῇ,
845 3048 903 3084 καὶ
927 3047 1030 3097 νόμος
1059 3044 1101 3096 ἦν
1122 3051 1186 3086 λυ·-

176 3106 370 3142 κοκτοννεῖν
389 3101 401 3149 (
412 3114 482 3138 scr.
499 3103 714 3140 λυκοκτονεῐν
723 3104 754 3151 Δ1,
777 3104 836 3141 καὶ
855 3107 904 3156 τῷ
933 3105 1104 3143 κτείναντι
1125 3106 1186 3156 μὲν

175 3159 295 3198 τέκνον
313 3158 420 3196 λύκου
437 3159 605 3196 τάλαντον
630 3159 802 3207 δίδοσθαι,
822 3164 872 3213 τῷ
898 3161 933 3198 δὲ
956 3162 1084 3200 τέλειον
1113 3165 1185 3203 δύο.

176 3217 337 3256 Κτέννειν
370 3225 548 3266 tanquam
581 3219 761 3256 vitiosum
794 3219 842 3256 ab
873 3221 1014 3257 criticis
1046 3222 1188 3272 ubique

176 3276 282 3326 rejici
301 3277 419 3322 solet,
445 3277 515 3313 etsi
536 3289 612 3312 non
631 3290 718 3313 raro
740 3277 788 3313 ab
806 3277 916 3314 libris
937 3279 1011 3315 fide
1040 3280 1186 3329 dignis-

176 3336 278 3372 simis
296 3335 477 3372 oblatum.
494 3334 554 3371 Sic
571 3335 610 3371 in
630 3336 806 3372 Isocratis
820 3337 1023 3373 Panathen.
1044 3351 1080 3387 p.
1097 3340 1184 3381 263,

2187 190 2259 223 488

1248 264 1298 306 D,
1330 269 1404 306 ταῖς
1427 265 1615 308 πολιτείαις
1635 271 1709 308 ταῖς
1734 267 1794 303 οὐκ
1820 266 2045 318 ἀρεσκούσαις
2066 284 2262 320 μαχομενος

1249 320 1306 357 καὶ
1323 321 1505 359 καταλύων
1527 323 1585 360 καὶ
1612 322 1688 365 τοὺς
1713 327 1935 376 προεστῶτας
1959 328 2071 364 αὐτῶν
2097 329 2263 365 ἀποκτεί·

1249 393 1336 425 νων,
1365 380 1486 417 codex
1519 381 1683 418 L‘rbinas
1721 381 1951 420 ἁποκτέινων.
1987 387 2030 421 ln
2068 386 2259 435 Stephano

1249 439 1403 485 Byzant.
1422 451 1456 474 v,
1472 438 1639 490 Δυρὸαῖοι
1655 454 1661 474 ;
1680 434 1772 476 οἶτοι
1789 440 1866 477 οὔτε
1887 442 2064 480 ἀδικοῦσιν
2082 443 2160 480 οὔτε
2178 445 2264 481 ἁπο-

1249 494 1436 531 κτείνουπιν
1476 496 1666 545 ἀνθρώπων
1702 498 1822 534 οὐδένα
1843 527 1852 543 ,
1886 500 1982 536 liber
2012 503 2264 551 Seguerianus

1250 552 1490 600 (Montefaltn
1518 553 1613 589 Bibl.
1644 555 1756 591 Coisl.
1790 569 1828 606 p.
1854 557 1954 608 282)
1981 559 2246 598 ἀποκτέννουσιν

1251 609 1453 646 ἀποκτέννει
1488 611 1702 647 Nicarchus
1743 613 1779 649 in
1814 615 1931 650 Anth.
1963 617 2039 654 Pal.
2075 632 2086 653 1
2101 632 2112 654 1
2127 646 2138 662 ‚
2179 619 2259 668 395.

1249 670 1368 703 Dmn.
1389 670 1431 717 τῇ
1455 680 1530 705 0111.
1550 671 1595 707 V,

1304 727 1393 771 374,
1417 732 1461 769 41
1481 725 1678 774 legebatur
1700 726 1937 776 ἀπολλύμεθα.
1960 731 2207 780 ἀπολλύμεσθα
2223 736 2253 769 V

1251 786 1473 819 Correctum
1495 796 1541 819 cx
1561 784 1676 822 Suida
1693 798 1721 821 5.
1740 785 1816 821 Ἀπ’
1835 787 1978 839 ἐχθρῶν.

1305 843 1398 889 379.
1421 848 1470 890 49
1495 855 1549 890 sq.
1571 841 2075 888 οἳ-ἈΘηναίους-ταπεινὰς
2097 845 2188 897 ἔχειν
2209 847 2268 890 τὰς

1248 897 1388 950 πρῴρας
1407 899 1606 936 Dobraeus.
1631 900 1846 949 Legebatur
1865 901 2268 949 οὒς-Ἀθηναῖοι-τα-

1249 955 1385 998 πεινοὺς
1425 956 1517 1008 ἔχειν
1558 956 1636 1001 τοὺς
1672 957 1833 1010 πύργους.
1875 960 2082 1010 (ταπεινοὺς
2118 960 2268 1013 πύργους

1249 1013 1339 1065 ἔχειν
1364 1016 1424 1065 V.)

1305 1075 1376 1110 383
1393 1101 1402 1115 ,
1435 1088 1449 1110 1
1477 1072 1572 1126 παρὰ
1602 1072 1639 1110 τὸ
1669 1088 1745 1113 om.
1766 1079 1812 1112 V.
1831 1098 1872 1103 -
1901 1089 1920 1112 2
1948 1077 1993 1119 ὡς
2013 1078 2267 1116 ὑποδεισάντων

1249 1131 1336 1169 ΑΙι1.
1355 1130 1439 1184 ὑπὲρ
1460 1134 1519 1169 τοῦ
1536 1135 1592 1182 V.,
1613 1146 1690 1169 non
1712 1136 1759 1171 G.

1306 1191 1378 1229 386
1392 1222 1400 1238 ,
1426 1205 1470 1229 10
1488 1191 1609 1235 ἔξωθεν
1631 1195 1680 1243 τῷ
1699 1192 1852 1245 τρυὲλίῳ
1870 1197 1914 1230 V.
1932 1215 1983 1222 —-
2005 1207 2019 1230 1
2032 1208 2046 1229 1
2070 1194 2106 1231 δὲ
2126 1208 2201 1232 om.
2220 1199 2266 1232 V.

1305 1252 1397 1299 390,
1420 1264 1463 1286 21
1492 1249 1638 1294 ἐξόπλας
1655 1254 1698 1287 V.
1723 1251 1756 1295 ἐξ
1775 1250 1890 1288 ὅπλων
1906 1252 1992 1289 Ald.
2010 1274 2056 1279 —
2080 1266 2127 1289 22
2147 1256 2268 1290 καθω-

1250 1308 1372 1345 πλίσαι
1392 1313 1436 1345 V.
1458 1308 1724 1352 καθοπλίζεσθαι
1741 1310 1823 1347 Ald.
1842 1331 1892 1337 —
1915 1310 2037 1346 23-25
2065 1312 2117 1346 sic
2140 1312 2178 1347 in
2199 1315 2242 1347 V.
2260 1339 2270 1357 ‚

1250 1372 1409 1419 παραινεῖ
1428 1365 1467 1403 ἂν
1488 1365 1558 1416 (μὴ
1589 1367 1656 1415 G.)
1689 1366 1912 1404 παντάπασιν
1930 1368 2069 1417 ἀμελεῖν
2097 1368 2185 1417 μήτε
2207 1368 2269 1417 μὲν

1251 1428 1404 1476 φανερῶς
1429 1426 1612 1475 πολεμεῖν.
1640 1425 1800 1463 τουτέστι
1832 1425 1926 1476 (1100
1954 1439 2029 1463 0111.
2051 1429 2111 1472 G.)
2139 1427 2188 1464 δεῖ
2211 1428 2269 1463 καὶ

1253 1482 1301 1532 μὴ
1331 1487 1517 1535 φοροῦντας
1554 1483 1660 1530 αὐτὴν
1689 1483 1828 1534 ἐγγύθεν
1858 1482 1964 1534 ἔχειν.
1997 1485 2178 1522 Scholion
2209 1499 2269 1521 sc·-

1251 1555 1369 1590 quens
1388 1555 1460 1578 om.
1483 1545 1528 1578 G.

1306 1600 1394 1648 395,
1418 1601 1464 1636 33
1486 1598 1747 1651 Καλλίστρατος
1764 1600 1850 1637 Α1(1.
1874 1599 2144 1652 Καλλιστράτης
2161 1603 2208 1639 Β.
2222 1603 2267 1637 V.

1251 1667 1288 1694 et
1305 1658 1457 1694 codices
1477 1658 1602 1694 Suidae
1623 1672 1650 1695 5.
1668 1658 1895 1709 Κεραμεικός.
1917 1660 2075 1696 correxi
2094 1673 2142 1696 ex
2161 1661 2270 1696 scho-

1251 1716 1302 1752 lio
1320 1720 1403 1753 Pac.
1429 1722 1522 1761 144,
1540 1715 1607 1752 ubi
1625 1725 1679 1753 est
1697 1715 1718 1761 ἢ
1737 1717 1994 1769 Καλλικράτης.
2012 1727 2049 1754 01
2068 1716 2089 1762 ἢ
2111 1718 2270 1754 fortasse

1253 1775 1316 1810 hic
1349 1787 1503 1823 quoqne
1534 1787 1604 1823 pro
1637 1774 1695 1810 καὶ
1729 1775 2018 1811 restituendum.
2053 1778 2139 1820 Quo
2170 1775 2268 1812 sacto

1252 1848 1336 1885 φησι
1356 1832 1551 1882 praestabit
1571 1833 1726 1882 vulgato
1755 1848 1851 1884 φασι.
1875 1834 2028 1870 Eaedem
2054 1834 2169 1884 hujus
2194 1848 2268 1870 no—

1253 1891 1364 1927 minis
1394 1891 1622 1939 corruptelae
1651 1900 1738 1927 sunt
1763 1892 1802 1927 in
1822 1890 1928 1927 libris
1957 1892 2270 1941 Harpocrationis

1252 1963 1280 1987 S.
1299 1947 1433 1986 Ἕκατό
1465 1949 1567 1985 πεδον
1581 1978 1589 1994 ,
1613 1947 1745 2000 Ἑρμαῖ
1763 1957 1799 1985 01
1821 1949 2054 2001 Κεραμεικὸς,
2081 1949 2187 1987 libris
2213 1960 2271 1987 ta-

1252 2020 1337 2045 men
1354 2006 1584 2058 quibusdam
1601 2015 1704 2043 recte
1726 2007 1973 2059 Καλλικράτης
1994 2008 2269 2057 1)raebentibu5‚

1252 2075 1294 2103 ut
1312 2067 1497 2116 scriptum
1521 2066 1625 2115 apud
1654 2066 1834 2103 Photium
1852 2075 1911 2103 est
1939 2080 1967 2103 s.
1989 2066 2119 2118 Ἑρμαῖ
2137 2081 2174 2117 p.
2202 2068 2244 2103 15
2259 2097 2268 2113 ‚

1258 2139 1314 2170 17.
1333 2123 1587 2161 Eximendum
1610 2123 1727 2172 igitur
1752 2124 1824 2160 hoc
1845 2138 1943 2174 opus
1971 2126 2124 2175 scriptis
2153 2127 2270 2163 Calli-

1253 2183 1360 2220 strati
1382 2196 1403 2218 a
1421 2181 1600 2219 Clintono
1621 2182 1852 2217 enumeratis
1873 2186 1974 2218 Fast.
1999 2184 2095 2219 Hell.
2126 2183 2202 2219 vol.
2226 2185 2269 2229 3,

1253 2255 1290 2291 p.
1314 2241 1400 2277 530.
1432 2242 1606 2277 Ceterum
1630 2240 1886 2287 Harpocratio
1916 2253 1944 2275 5.
1973 2240 2185 2292 Κεραμεικός
2205 2242 2267 2277 111-

1252 2312 1363 2336 verso
1390 2298 1524 2334 ordine
1557 2296 1803 2347 Καλλικράτης
1831 2296 1852 2342 ἢ
1882 2299 2075 2348 Μενεκλῆς,
2097 2307 2137 2335 ut
2156 2299 2271 2336 scho·

1252 2358 1359 2393 liasta
1395 2357 1513 2392 Pacis.
1546 2358 1589 2391 In
1621 2354 1779 2404 reliquis
1812 2356 2145 2403 grammaticorum
2175 2358 2269 2396 locis

1252 2415 1430 2458 Μενεκλῆς
1447 2412 1468 2458 ἢ
1497 2414 1611 2451 Καλλ.
1631 2412 1756 2449 Verba
1777 2414 1810 2450 ἐν
1830 2418 1900 2455 τοῖς
1915 2422 2000 2450 ante
2021 2414 2268 2466 συγγράμμασι

1253 2474 1362 2522 ponit
1385 2475 1429 2508 G.
1454 2475 1622 2508 Numero
1649 2471 1826 2520 singulari
1849 2473 1883 2508 ἐν
1914 2473 2268 2525 τῷ-συγγραζμματι

1251 2541 1353 2569 recte
1371 2539 1533 2568 utuntur
1549 2529 1665 2566 schol.
1686 2530 1792 2566 Pacis
1817 2538 1855 2566 et
1873 2532 2129 2579 Harpocratio
2150 2546 2178 2568 s.
2199 2533 2270 2570 Κε-

1252 2587 1425 2642 ραμεικός.
1451 2588 1598 2625 Deinde
1618 2587 1697 2639 περὶ
1720 2586 1909 2633 Ἀθηναίων
1932 2592 1976 2626 R.
1994 2591 2039 2625 V.
2060 2599 2097 2626 et
2119 2590 2267 2627 Suidas.

1252 2652 1334 2686 Hoc
1350 2648 1487 2684 vitium
1510 2645 1779 2695 corrigendum
1799 2646 1913 2683 etiam
1931 2647 2033 2696 apud
2051 2650 2267 2697 Harpocra-

1253 2708 1394 2743 tionem
1415 2713 1452 2742 et
1469 2705 1648 2741 Photium
1671 2717 1700 2740 s.
1721 2703 1864 2754 Ἑρμαῖ.
1893 2708 2012 2741 Dm).
2043 2720 2146 2757 φασιν
2177 2703 2266 2742 οὕτω

1249 2769 1294 2802 V.
1315 2774 1351 2801 et
1367 2764 1512 2803 Suidas.
1534 2762 1747 2813 Legebatur
1770 2777 1875 2814 φασι,
1896 2764 2036 2800 omisso
2053 2762 2153 2799 οὕτω.
2171 2765 2262 2800 Sui--

1249 2824 1314 2860 das
1332 2831 1418 2873 post
1435 2821 1541 2863 οὕτως
1561 2821 1680 2870 pergit
1698 2818 1772 2857 ἔστι
1792 2819 1827 2856 δὲ
1842 2820 1901 2856 καὶ
1916 2821 2022 2869 δῆμος
2037 2820 2262 2872 Κεραμεικός,

1250 2880 1316 2918 εἰσὶ
1337 2878 1372 2917 δὲ
1399 2880 1490 2916 ἔνθεν
1512 2878 1570 2914 καὶ
1590 2876 1683 2914 ἔνθεν
1708 2878 1834 2922 στ’ἧλαι
1863 2877 1919 2913 ἐπὶ
1938 2883 2008 2919 τοῖς
2037 2877 2187 2930 δημοσία
2205 2894 2263 2915 τε·

1250 2936 1454 2987 θαμμένοις,
1472 2935 1614 2985 ἔχουσαι
1632 2932 1820 2984 ἐπιγραφὰς
1837 2937 1901 2969 ποῖ
1916 2932 2059 2977 ἕκαστος
2078 2933 2261 2975 ἀπέθανεν.

1249 3020 1294 3024 -—
1313 2998 1357 3038 34
1381 2993 1471 3034 ἅπας
1491 3006 1564 3028 om.
1588 2995 1633 3027 V.
1656 2990 1737 3027 Ald.
1758 2990 1879 3026 Iidem
1903 2990 1995 3027 ἔνθεν
2015 2991 2074 3029 καὶ
2095 2994 2262 3031 ἐντεῦθεν.

1249 3074 1300 3081 -
1316 3053 1441 3088 36-38
1467 3049 1582 3086 verba
1602 3048 1667 3084 εἶσὶ
1693 3046 2068 3093 (ἴε-τετελευτήκασιν
2098 3052 2263 3089 scholia·

1248 3119 1313 3148 stae
1334 3122 1431 3154 esse,
1453 3121 1531 3144 non
1552 3105 1733 3143 Meneclis
1751 3113 1815 3141 aut
1832 3106 2039 3144 Callicratis
2052 3137 2063 3155 ‚
2080 3109 2260 3147 observat

1247 3167 1479 3204 Dindorfius.
1496 3187 1548 3192 —
1570 3165 1613 3209 37
1639 3156 1708 3199 οἷον
1729 3163 1763 3198 ἐν
1781 3165 1824 3199 R.
1844 3163 1926 3201 Ald.

1301 3226 1394 3273 399,
1419 3231 1463 3268 41
1487 3222 1576 3260 Ἀντὶ
1596 3224 1656 3257 τοῦ
1684 3219 1780 3272 παρὰ
1798 3224 1858 3267 R.;
1879 3222 1982 3271 quod
2002 3224 2093 3261 serri
2117 3234 2256 3274 potest,

1247 3284 1276 3320 si
1296 3293 1382 3333 post
1401 3282 1502 3333 ὄρνεα
1525 3281 1830 3328 interpungatur.
1858 3282 1976 3318 Dm).
1998 3280 2070 3319 ἔστι
2093 3282 2130 3319 δέ
2153 3299 2204 3326 τις
2221 3285 2257 3321 ἐν

1245 3340 1362 3392 Ἄργει
1380 3340 1431 3382 ἷὰς
1446 3356 1481 3376 π.
1501 3339 1585 3376 Ald.
1604 3363 1654 3369 -—
1671 3337 1717 3380 43
1737 3335 1846 3387 λέγων
1872 3342 1896 3388 Ῠ
1915 3341 1958 3377 R.
1983 3337 2126 3391 Ὀρνεάς
2143 3345 2187 3379 R.
2213 3343 2253 3378 V.

2067 3423 2121 3453 31-
