2533 3808
221 212 293 244 214

218 359 331 382 νονται
348 342 414 394 γὰρ
431 342 469 379 ἐκ
484 343 545 386 τ’·7,ς
558 341 699 391 ὀρεινῆς·
716 336 842 388 πέτρας
857 334 924 386 γὰρ
946 339 1031 371 εἰναι
1051 333 1169 371 αυτόθι
1181 347 1254 370 ποι-

218 402 315 443 κίλας
343 416 391 437 τι1
425 397 586 450 χρώματι
617 412 673 434 και
704 393 924 442 διαλεύκους,
951 391 1070 442 ὁμοίας
1099 397 1168 434 τοῖς
1193 389 1253 433 τὰς

217 460 309 511 ὄψεις
327 460 514 509 λεπριῶσι,
532 455 590 493 καὶ
611 453 667 492 διὰ
685 468 783 491 τουτο
802 451 907 493 ούτως
926 450 1154 500 ωνομάσθαι
1141 465 1178 487 εκ
1194 465 1252 486 του

184 533 199 556 5
220 517 356 559 πάθους·
381 514 413 564 (ἢ
437 514 493 552 διὰ
512 514 551 551 τὸ
575 529 651 556 τους
676 511 820 563 πρώτως
842 509 1049 554 οἰκήσαντας
1074 507 1136 553 τὴν
1152 506 1252 544 πόλιν

216 574 325 625 ταύτῃ
344 590 387 625 τῃ
410 572 499 610 νόσω
523 573 772 621 κατεσγῆσθαι.
799 584 877 611 τους
903 571 960 604 οὐν
991 565 1255 618 πλησιοχώρους

218 631 426 684 Λεπρεώτας
450 630 571 673 αὐτους
597 631 727 667 καλεῖν.
756 643 834 670 τους
862 627 922 676 δὲ,
951 625 999 676 μὴ
1029 624 1255 677 βουλομένους

217 693 326 728 δοκεῖν
346 690 513 741 ἄχθεσθαι
526 691 576 726 τῶ
593 687 756 738 ὀνόματι,
775 685 930 737 Λέπρεον
950 684 1011 731 τὴν
1032 683 1132 720 πόλιν
1151 681 1256 720 καλέ-

217 765 288 788 σαι.
315 748 499 809 ουδετέρως
527 746 594 799 γὰρ
617 746 752 796 λέγεται
774 748 793 790 ἡ
819 744 917 787 πόλις
934 743 971 781 τὸ
996 742 1161 794 Λέπρεον.
1186 740 1254 778 ὅδὲ

169 818 201 842 ¹0
222 811 406 861 ἀρσενικῶς
424 811 496 844 εἰπε
484 823 529 845 =.v
533 808 543 856 )

272 880 334 905 15.0
367 865 415 917 [ὃς
428 868 489 903 οὐκ
503 864 607 903 ἰδων;
617 863 707 903 Ἀλλ
722 862 872 908 εξάκοης
885 859 1017 912 μαθών.
1030 857 1256 903 πλεονάζειδὲ

217 925 255 962 τὸ
274 924 320 968 δ’ς.
325 926 338 975 ]

272 998 333 1022 151.
365 982 434 1020 ἀπὸ
452 981 648 1021 Μελανθίου
671 994 678 1019 2

220 1042 328 1079 δεῖται
343 1040 468 1093 λεπρὸς
481 1039 540 1078 καὶ
556 1038 831 1091 κακοπράγμων.

701 979 904 1030 (Μελάνθιος
920 981 937 1016 5
956 976 1116 1030 τραγικὸς
1130 992 1256 1028 κωμῳ-

887 1038 1107 1089 κωμῳδεὶται
1123 1034 1190 1087 γὰρ
1211 1036 1258 1077 εἷς

345 1099 353 1113 Ι
462 1099 469 1111 1
500 1101 509 1113 7
635 1097 642 1111 Ι
795 1096 804 1109 Ι
917 1094 928 1118 >-
978 1098 987 1109 7
1018 1095 1026 1107 x
1066 1096 1079 1122 g
1111 1096 1138 1117 v
1228 1096 1244 1104 ω

220 1102 396 1150 μαλακιαν
416 1115 475 1136 και
495 1101 699 1152 οψοφαγιαν.
724 1098 874 1134 Πλατων
895 1097 930 1133 δε
951 1111 1052 1133 αυτον
1065 1111 1098 1132 ..ν
1110 1109 1259 1137 ,κευαις

219 1161 263 1202 ὡς
282 1158 386 1196 λάλον
405 1157 570 1196 σκώπτει.
590 1155 746 1198 Καλλίας
765 1154 942 1200 Πεδήταις

169 1114 198 1138 15

341 1252 386 1288 τίς
403 1251 462 1292 ἄρα
475 1251 544 1286 τοὺς
553 1249 725 1281 Μελανθίου
740 1252 784 1289 τῷ
800 1248 963 1288 γνώσομαι
973 1271 981 1285 ,

344 1299 394 1334 οὓς
404 1300 441 1329 ἂν
456 1298 589 1338 μάλιστα
605 1295 856 1335 λευκοπρώκτους
872 1292 1011 1332 εἰσίδης.)

221 1376 293 1433 εἶχε
316 1379 507 1421 Μελάνθιος
523 1377 668 1429 λέπραν.
691 1376 909 1428 ἐκωμῳδεῖτο
931 1373 967 1412 δὲ
988 1373 1048 1411 καὶ
1071 1374 1118 1416 εἰς
1141 1375 1257 1423 μαλα-

221 1440 312 1478 κίαν.

275 1511 336 1536 152.
368 1497 443 1533 ἀλλ’
462 1494 578 1532 εἶσιν
563 1493 670 1545 ετεροι
692 1505 701 1530 :
724 1490 846 1530 Λείπει
866 1490 977 1529 τόποι.
994 1490 1123 1533 Ὀπους
1144 1488 1178 1526 δὲ
1196 1488 1261 1526 πό-

221 1558 272 1599 λις
292 1554 476 1607 Λοκρίδος,
495 1548 546 1603 (ἧς
570 1551 745 1602 μέμνηται
765 1550 925 1603 ζΌμηρος
954 1551 987 1587 ἐν
1005 1565 1055 1601 τῳ
1077 1547 1262 1600 καταλόγῳ

222 1616 303 1666 [531]
334 1632 348 1647 ι
364 1611 536 1652 Οπόεντά
560 1626 596 1648 τε
621 1608 822 1662 Καλλίαρόν
840 1625 891 1648 τε.
910 1610 940 1659 n)
962 1630 1014 1637 --
1038 1606 1263 1650 Οπουντίους

222 1676 258 1712 δὲ
280 1689 358 1716 τους
371 1670 516 1724 τυφλούς
533 1685 630 1723 φασι.
652 1677 689 1707 R.

279 1746 339 1771 153.
373 1730 459 1780 (ἀλλ’
482 1729 581 1780 ἔγωγ’
598 1726 825 1770 Ὀπούντιος·
845 1730 956 1768 Οὗτος
977 1724 1192 1777 συκοφάντης
1204 1739 1265 1761 πο-

223 1791 321 1844 νηρος
334 1806 393 1828 και
411 1787 660 1840 μονόφθαλμος,
682 1785 817 1830 ἔπαιξεν
837 1789 894 1822 οὐν
905 1801 957 1821 οτι
972 1800 1032 1822 ουκ
1046 1783 1086 1821 ἂν
1100 1783 1263 1834 γενοίυην

223 1849 362 1902 τυφλός
443 1845 588 1888 '‘A-MC
607 1845 660 1883 ὅτι
680 1843 932 1896 ἑτερόφθαλμός
945 1859 995 1886 τις
1012 1847 1066 1890 ἠν,
1087 1841 1161 1880 ὅθεν
1175 1841 1264 1880 οὕτω

225 1889 300 1951 τούς
316 1905 461 1959 τυφλούς
481 1920 596 1957 φασιν.
589 1906 611 1954 .)

238 1995 242 1999 -
281 1980 340 2005 156.
372 1967 404 2008 ἐς
430 1963 492 2009 τὴν
521 1962 643 2015 τριὸήν

169 1452 201 1476 20

171 1748 205 1772 25

671 1974 681 2000 :
701 1960 784 1999 Ἀπὸ
817 1966 1013 2012 μεταφορᾶς
1034 1962 1103 1997 τῶν
1132 1961 1264 2012 εὖυφῶν

226 2023 387 2075 ἱματίων,
417 2025 484 2060 τῶν
517 2019 778 2072 ὑπουργούντων
809 2021 854 2062 εἷς
888 2018 1001 2071 τρίψιν
1032 2019 1092 2056 καὶ
1128 2018 1264 2071 φόρεσιν

226 2084 355 2120 πολλοῦ
377 2079 514 2133 χρόνου.
539 2077 696 2128 (Ἄλλως.
721 2080 766 2120 ὡς
787 2077 843 2115 ἐπὶ
860 2079 999 2123 ἐσθῆτος
1020 2080 1042 2123 ἡ
1062 2077 1264 2130 μεταφορὰ,

227 2140 302 2179 ἀντὶ
318 2143 395 2185 τοῦ,
417 2141 461 2182 εἷς
477 2137 540 2184 τὴν
556 2136 762 2189 διατριὸήν.)

282 2213 343 2238 157.
373 2198 452 2235 ἄνευ
470 2195 676 2248 βαλλαντίου
698 2208 706 2234 z
723 2194 814 2233 Ἀντὶ
833 2198 911 2241 τοῦ,
932 2193 1012 2232 ἄνευ
1029 2194 1192 2246 ἀργυρίου
1207 2194 1267 2232 καὶ

228 2257 396 2304 δαπάνης,

284 2330 345 2354 158.
375 2313 558 2359 κιὸδηλίαν
589 2312 688 2351 :T5v
718 2313 756 2349 ἐκ
779 2315 837 2350 τοῦ
868 2311 1017 2364 ἀργύρου
1056 2310 1174 2363 ῥύπον.
1204 2327 1267 2362 μο-

227 2373 373 2426 χθηρίαν
393 2372 453 2410 καὶ
470 2370 690 2418 ζηλοτυπίαν.
710 2370 785 2420 ἅμα
806 2369 841 2407 δὲ
860 2368 911 2407 ὅτι
928 2368 971 2406 τὰ
985 2369 1185 2419 νομίσματα
1210 2369 1266 2407 κί-

1193 2427 1270 2466 Ἄλ-

228 2493 306 2533 λως.
328 2489 477 2535 κίὸδηλα
497 2487 633 2537 ἐλέγετο
651 2486 849 2537 νομίσματα
869 2485 912 2523 τὰ
931 2486 998 2523 ὑπὸ
1015 2485 1109 2524 Χίων
1123 2428 1269 2533 &GRK-r,-

231 2549 317 2600 μένα
333 2579 342 2595 ,
371 2547 447 2594 ἤτοι
481 2544 726 2598 βείῗλαμμένα,
752 2543 843 2583 κατὰ
869 2543 1000 2595 τροπὴν
1032 2549 1090 2581 τοῦ
1111 2561 1136 2596 χ
1164 2547 1210 2588 εἷς
1235 2561 1266 2583 κ.

232 2606 401 2651 Ἀθηναῖοι
417 2603 483 2656 γὰρ
500 2603 558 2641 καὶ
572 2604 652 2642 Χῖοι
664 2602 748 2654 πρὸς
768 2602 939 2647 ἀλλήλους
954 2601 1126 2653 ἐμάχοντο
1137 2632 1145 2648 ,
1161 2603 1212 2640 διὸ
1225 2602 1269 2640 τὰ

230 2663 325 2704 Χίων
364 2662 565 2713 νομίσματα
604 2660 693 2711 μετὰ
734 2664 793 2697 τοῦ
831 2675 856 2711 χ
889 2660 1059 2710 στοιχείου
1098 2660 1269 2706 Ἀθηναῖοι

231 2721 483 2775 ἐγχαράξαντες
497 2719 750 2772 ἀπεστρέφοντο
762 2748 771 2765 ,
783 2718 841 2755 καὶ
855 2718 999 2756 ἐκάλουν
1015 2718 1102 2755 αὐτὰ
1116 2718 1269 2769 χίὸδηλα

230 2784 274 2823 ὡς
291 2779 346 2818 διὰ
360 2783 419 2817 τοῦ
438 2795 463 2831 χ
482 2778 651 2830 στοιχείου
673 2778 760 2823 δῆλα
789 2776 883 2815 ὄντα.
908 2776 1164 2828 παραλαὸοῧσα
1191 2776 1226 2814 δὲ
1247 2780 1268 2823 ἡ

232 2837 390 2883 συνήθεια
410 2838 472 2883 τὴν
490 2835 604 2889 φωνὴν
621 2836 659 2873 τὸ
680 2835 910 2885 δεδολωμένον
927 2835 1081 2884 νόμισμα
1107 2836 1270 2882 κίέδηλον

231 2433 340 2478 ῧδηλα
358 2430 498 2481 λέγεται
517 2429 614 2481 παρὰ
631 2429 670 2466 τὸ
690 2428 755 2466 ὑπὸ
770 2428 866 2467 Χίων
882 2429 1101 2474 δεδηλῆσθαι.

179 2910 212 2934 45
232 2897 424 2946 ὠνόμασεν,
441 2893 659 2938 ἐναλλάξασα
680 2892 723 2930 τὰ
740 2899 894 2944 στοιχεῖα
912 2892 996 2944 πρὸς
1016 2892 1055 2930 τὸ
1077 2895 1269 2943 εὐγλωττό-

232 2970 339 3006 τερον.
343 2954 361 3006 Ἠ

289 3027 348 3050 159.
378 3012 451 3058 εἴδη
473 3010 659 3064 φυταρίων.
683 3018 718 3047 Β.
736 3018 776 3047 V.

288 3084 347 3108 160.
378 3070 607 3122 σισύμὸριαε
628 3069 756 3108 Φύλλα
787 3068 864 3106 τινὰ
890 3072 939 3111 οἱς
959 3073 1207 3121 στεφανοῦνται
1240 3072 1270 3108 οἱ

233 3127 383 3180 νυμφίοι.

289 3199 349 3223 161.
379 3184 550 3236 [νυμφίων
570 3184 640 3234 βίον
658 3198 666 3223 :
683 3184 734 3223 ἺΙ
750 3184 802 3222 ὅτι
819 3186 848 3222 οἱ
862 3188 1053 3235 γαμοῦντες
1067 3189 1301 3237 στεφανοῦν-,

232 3259 308 3289 ται,
325 3242 347 3288 ἢ
368 3242 420 3279 ὅτι
436 3244 647 3288 ἡδυπαθοῦσι
662 3243 747 3295 πρὸς
767 3243 828 3285 τὰς
846 3246 912 3280 τῶν
932 3243 1054 3294 γάμων
1080 3243 1244 3296 ἡμέρας]

290 3315 350 3339 162.
381 3304 444 3352 φεῦ
473 3304 534 3352 φεῦ
567 3313 574 3338 :
603 3298 709 3338 ’Ἔστι
739 3300 800 3350 μὲν
833 3301 892 3338 καὶ
923 3301 1184 3352 σχετλιαστικὸν
1213 3303 1272 3340 καὶ

236 3358 483 3409 θαυμαστικὸν,
499 3362 557 3395 νῦν
572 3358 606 3396 δὲ
627 3359 872 3408 θαυμαστικόν.

186 3210 220 3234 50

1013 191 1264 230 SCHOLIA
1298 191 1357 229 IN
1393 191 1549 230 AVES.

217 282 449 337 ὠνομάσθαι
431 301 452 329 η
474 283 528 321 δια
547 282 586 320 τὸ
604 280 666 326 τὴν
689 279 807 349 γώραν
828 278 941 315 αὐτων
959 276 1088 313 λέπειν·
1109 274 1252 327 διαφαί-
1279 278 1285 280 ’

1366 288 1427 313 165.
1459 273 1728 327 [περιπέτεσθε.
1745 274 1835 313 Ἀντὶ
1849 280 1928 322 τοῦ,
1944 275 2004 314 ἕνα
2020 274 2126 313 τόπον
2144 275 2275 329 ἔχετε]

1363 332 1572 383 κεχηνότες.
1594 332 1658 376 εΩς
1675 333 1796 386 μωροί.
1829 334 1867 372 τὸ
1894 305 1961 387 γδιρ
1986 333 2169 386 κεχηνέναι
2197 334 2254 372 ἐπὶ
2280 337 2348 373 τῶν

1311 389 1466 436 ἀνοήτων
1481 389 1812 442 παραλαμὸάνεται.

1366 462 1427 487 166.
1462 447 1636 497 (αὖτίκαῑ
1661 451 1744 486 Οῑον
1763 449 1896 493 εὐθέως.
1918 449 1992 499 ἅμα
2017 453 2065 502 τῷ
2084 450 2273 502 πυθέσθαι,
2299 449 2352 489 ὅτι

1311 522 1361 550 τις
1378 506 1545 553 άστατος,
1566 506 1689 549 εὐθέως
1711 506 1832 557 ἄτιμον
1853 508 2073 558 νομίζουσιν.)
2370 512 2388 538 ⁵

1368 579 1429 604 167.
1459 565 1538 608 τοὺς
1555 564 1763 615 πετομένους
1791 564 1832 610 ἢν
1865 565 1926 618 ἔρῃ
1947 580 1955 604 :
1981 567 2070 604 Ἀντὶ
2091 570 2172 614 τοῦ,
2189 567 2268 620 περὶ
2285 569 2354 605 τῶν

1312 622 1521 673 πετομένων.
1544 622 1618 660 ἔστι
1642 622 1677 660 δὲ
1698 622 1892 676 Ὁμηρικὸν
1915 629 1966 670 [ΙΙ.
1994 633 2038 671 Ζ,
2060 626 2127 676 239]
2157 625 2192 662 τὸ
2218 628 2353 677 σχῆμα·

1315 700 1328 714 «
1354 681 1527 733 εἰρόμεναι
1546 681 1671 724 παῖδας
1691 697 1727 718 τε
1744 681 1971 732 κασιγνήτους
1995 698 2044 719 τε.
2073 701 2088 715 »
2118 685 2135 720 5
2161 682 2196 720 δε
2222 682 2356 726 Τελέας

1314 740 1511 783 σκωπτικὸς
1528 739 1717 791 ἅνθρωπος.
1736 738 1828 790 λέγει
1842 738 1912 776 δὲ’
1892 755 1943 777 στι
1955 740 2020 786 ,ἥν
2037 756 2086 782 τις
2101 740 2258 793 ἐρωτήσῃ
2276 741 2356 794 περὶ

1313 814 1381 835 των
1403 797 1616 848 πετομένων,
1636 797 1685 840 τίς
1701 797 1790 851 ὅρνις
1809 801 1926 844 οὗτος,
1950 800 1967 835 5
1989 797 2160 840 Τελέας
2146 800 2216 852 ερεῒ
2231 815 2353 837 ταυτα.
2377 809 2410 833 10

1314 860 1410 899 οὗτος
1443 855 1477 893 δὲ
1505 855 1706 893 διεὸάλλετο
1738 858 1783 899 ὡς
1815 855 2073 905 εὖμετάὸλητός
2097 872 2174 899 τους
2200 855 2355 909 τρόπους.

1314 915 1397 967 πρὸς
1416 913 1482 967 γὰρ
1506 931 1548 966 τῃ
1566 914 1716 967 κιναιδίᾳ
1730 914 1789 952 καὶ
1804 914 1914 952 δειλία
1933 914 1993 952 καὶ
2016 914 2190 968 ὀψοφαγία
2212 915 2284 966 (και
2300 931 2359 954 νο-

1316 976 1468 1026 σφισμω)
1491 989 1551 1010 και
1569 973 1718 1025 πονηρία
1739 972 1936 1017 ὀνειδίζουσι
1950 972 2007 1011 τὸν
2027 972 2173 1012 Τελέαν.

1372 1046 1434 1070 168.
1470 1031 1533 1082 (τίς
1553 1031 1643 1083 ὅρνις
1669 1035 1766 1074 οὗτος
1789 1034 1806 1068 ὁ
1829 1030 1988 1075 Τελέας;
2016 1031 2168 1070 Πλάτων
2199 1029 2359 1086 Σύρφακι

1316 1090 1373 1128 ἐπι
1393 1094 1453 1128 του“
1475 1089 1606 1128 Τελέου
2383 1097 2413 1122 15

1441 1186 1506 1214 νοεῖ
1521 1183 1574 1223 μὲν
1589 1183 1678 1224 ἕτερ’,
1693 1183 1780 1224 ἕτερα
1794 1183 1825 1214 δὲ
1838 1186 1875 1224 τῇ
1891 1183 2012 1224 γλώττῃ
2025 1184 2119 1224 λέγει.

1318 1265 1539 1315 κωμῳδεῖται
1557 1263 1591 1301 δὲ
1609 1266 1655 1307 εἷς
1675 1263 1801 1303 πολλά.
1830 1263 2026 1315 Σύμμαχος
2044 1262 2079 1301 δὲ
2098 1263 2183 1316 πρὸς
2208 1263 2317 1311 οὐδὲν,
2337 1263 2360 1310 ἢ

1318 1321 1369 1358 ὅτι
1390 1322 1522 1366 Τελέας
1539 1322 1667 1374 ὄρνεον,
1684 1322 1759 1359 ἐπεὶ
1778 1322 1838 1360 καὶ
1861 1325 1896 1359 ἐν
1913 1325 1984 1365 τοῖς
2005 1321 2079 1368 ἑξῆς
2093 1323 2177 1373 [885]
2195 1321 2312 1376 ὅρνεόν
2328 1338 2362 1360 τι

1319 1380 1504 1431 καταλέγει
1532 1400 1545 1414 «
1567 1380 1667 1431 τελέα
1696 1380 1756 1418 καὶ
1775 1380 1914 1432 τετράδι
1939 1380 1998 1418 καὶ
2015 1383 2122 1418 ταῶνι
2144 1381 2203 1419 καὶ
2223 1381 2363 1432 βασιλί-

1320 1454 1406 1491 σκῳ.
1427 1440 1454 1489 υ)
1471 1462 1523 1468 —-
1539 1438 1721 1476 διαὸάλλει
1738 1439 1795 1476 τὸν
1813 1438 1947 1477 Τελέαν
1967 1441 2012 1482 ὡς
2028 1438 2222 1485 πλανήτην.
2241 1447 2282 1477 V.

1374 1509 1434 1534 169.
1465 1496 1686 1547 ἀστάθμητος
1706 1511 1715 1536 :
1738 1495 1883 1540 Ἄνισος.
1903 1496 2062 1540 ἄστατος.
2085 1504 2169 1534 Vict.

1376 1568 1436 1594 170.
1470 1554 1724 1609 (ἀτέκμαρτοςε
1747 1549 1843 1601 Οἷον,
1865 1561 2009 1605 σημεῖον
2040 1553 2097 1592 διὰ
2121 1558 2182 1602 τ’ῆς
2205 1554 2367 1603 πτήσεως

1321 1614 1383 1650 οὖν.
1400 1613 1590 1666 ἐμφαίνων.
1614 1620 1723 1667 μωμᾷ
1740 1613 1775 1651 δὲ
1793 1644 1803 1663 ,
1822 1615 1961 1666 ψέγεις.)
1978 1637 2030 1642 -—
2048 1613 2168 1657 δόλιος.
2189 1617 2227 1647 R·

1377 1686 1437 1711 172.
1468 1671 1568 1723 [μίαν
1600 1672 1701 1709 πόλιν
1732 1685 1740 1711 ;
1774 1672 1888 1710 Καλεῖ
1915 1675 1972 1709 ν’ὔν
2000 1671 2101 1709 πόλιν
2139 1671 2178 1710 τὸ
2205 1671 2367 1725 περιέχον

1323 1728 1447 1781 ἅπαν.]
2385 1751 2418 1775 25

2383 1457 2416 1483 20

1379 1802 1439 1827 175.
1473 1787 1579 1839 βλέπε
1599 1792 1658 1826 νῦν
1687 1788 1758 1826 ἄνω
1786 1802 1794 1827 :
1817 1788 1877 1831 Ὡς
1906 1787 1966 1826 καὶ
1994 1787 2038 1826 τὰ
2066 1789 2101 1825 ἐν
2126 1786 2244 1841 κύκλῳ
2269 1789 2365 1828 ἰδεῖν.

1323 1845 1651 1899 [διαστραφήσομαι
1672 1846 1706 1883 δὲ
1719 1845 1751 1897 7]
1768 1845 1825 1883 τὸν
1845 1847 2020 1898 τράχηλον
2041 1845 2172 1884 κλάσω.

1380 1919 1443 1943 179.
1475 1904 1616 1956 ὀρνίθων
1646 1904 1750 1947 πόλος
1783 1917 1792 1943 ;
1823 1905 1888 1977 Q>
1925 1903 1987 1955 μέν
2016 1921 2048 1942 τι
2079 1904 2299 1958 παραφράζει
2329 1905 2370 1943 τὸ

1323 1963 1569 2015 προειρημένον
1593 1965 1661 2000 τῶν
1677 1962 1834 2015 ὀρνίθων,
1851 1978 1903 2001 οτι
1923 1963 1996 2001 ἔστι
2012 1962 2115 2007 τόπος
2131 1979 2181 2006 τις
2203 1965 2316 2001 αὐτῶν
2334 1965 2368 2001 ἐν

1328 2026 1356 2074 ᾧ
1391 2021 1623 2074 διατρίὸουσι,
1644 2021 1683 2058 τὸ
1710 2021 1744 2058 δὲ
1764 2037 1822 2059 και
1842 2021 1926 2073 πρὸς
1950 2022 2008 2059 τὸν
2035 2021 2285 2073 σχηματισμὸν
2308 2026 2368 2060 τοῦ
2389 2038 2424 2063 30

1324 2078 1492 2129 ὀνόματος
1512 2078 1648 2129 παίζει,
1667 2078 1770 2122 τόπος
1793 2079 1852 2117 καὶ
1875 2079 1992 2122 πόλος.
2014 2079 2088 2126 ἑξῆς
2114 2079 2149 2117 δὲ
2169 2081 2372 2131 ἐτυμολογεῒ

1325 2137 1427 2174 αὐτὸν
1446 2137 1587 2174 ἀπὸτοῦ
1605 2139 1798 2176 πολεῖσθαι.
1820 2137 1925 2175 πόλον
1945 2140 2013 2191 γὰρ
2030 2139 2060 2175 οἱ
2077 2137 2222 2176 παλαιοὶ
2242 2139 2307 2190 οὐχ
2324 2141 2371 2182 ὡς

1325 2197 1355 2233 οἵ
1371 2195 1528 2247 νεώτεροι
1549 2194 1693 2245 σημεῖόν
1710 2211 1743 2233 τι
1761 2195 1822 2234 καὶ
1847 2195 1954 2249 πέρας
1981 2196 2114 2244 ἄξονος,
2140 2195 2231 2234 ἀλλὰ
2246 2195 2285 2234 τὸ
2303 2212 2370 2234 πε-

1327 2253 1440 2306 ριέχον
1459 2253 1566 2291 ἅπαν.
1594 2254 1786 2306 Εὐριπίδης
1811 2254 1964 2307 Πειρίθῳ
1981 2272 1995 2288 ι(
2016 2254 2075 2293 καὶ
2091 2253 2149 2292 τὸν
2166 2253 2371 2293 Ἀτλοίντιον

1326 2315 1480 2365 φρουρῶν
1500 2311 1619 2359 πόλον,
1643 2331 1656 2346 n
1678 2316 1724 2356 ὡς
1745 2314 1850 2351 αὐτοῦ
1870 2329 1907 2351 τε
1926 2312 2222 2365 περιπολουμένου
2244 2312 2304 2351 καὶ
2329 2313 2371 2350 δι’
2390 2328 2422 2353 35

1326 2372 1432 2409 αὐτοῦ
1448 2370 1588 2408 πάντων
1602 2371 1828 2424 ἐρχομένων.)
1851 2393 1884 2398 ——
1900 2372 2006 2415 πόλος
2021 2371 2120 2426 παρὰ
2133 2371 2172 2410 τὸ
2188 2373 2371 2410 πολεῖσθαι

1327 2430 1360 2465 ἐν
1382 2429 1476 2480 αὐτῷ
1495 2429 1623 2467 πάντα.
1645 2436 1683 2465 Β.

1387 2501 1449 2525 180.
1481 2487 1649 2536 θαυμάζει
1668 2485 1731 2532 τὴν
1747 2486 1849 2530 λέξιν.
1868 2494 1905 2524 Β.
1921 2494 1962 2523 V.

1383 2559 1444 2583 181.
1473 2545 1525 2582 ὅτι
1545 2545 1580 2582 δὲ
1601 2547 1760 2583 πολεῖται
1788 2559 1797 2583 :
1815 2545 2110 2595 Ὑπετυμολογεῒν
2133 2543 2294 2596 βούλεται
2312 2546 2372 2584 τὸν

1326 2603 1442 2641 πόλον.
2389 2616 2428 2643 40

1380 2675 1442 2700 183.
1472 2660 1514 2706 ἢν
1532 2661 1560 2698 δ’
1580 2660 1734 2706 οἰκίσητε
1751 2664 1851 2699 τοῦτο
1877 2674 1885 2699 :
1908 2660 2080 2714 Οἷονεὶιτὸ
2100 2660 2206 2712 μέσον
2227 2665 2287 2701 τοῦ
2311 2665 2372 2701 οὖ-

1328 2724 1428 2771 ρανοῧ
1447 2719 1505 2757 καὶ
1519 2723 1580 2765 τ’ἧς
1600 2723 1663 2769 γῆς
1683 2718 1740 2756 ἐὰν
1757 2719 2025 2771 περιτειχίσητε.

1381 2790 1442 2815 184.
1472 2776 1680 2822 κεκλήσεται
1697 2776 1794 2820 πόλις
1813 2790 1821 2815 ;
1836 2775 1984 2820 Ἔπαιξε
2003 2775 2100 2830 παρὰ
2111 2777 2149 2815 τὸ
2163 2777 2267 2822 πόλος
2282 2795 2373 2832 σχη-

1327 2850 1411 2886 ματι
1404 2850 1477 2877 ,σας
1492 2835 1553 2880 τὴν
1573 2834 1685 2872 πόλιν.
2176 2876 2185 2882 .

1383 2907 1443 2931 185.
1474 2909 1593 2945 ωσπερ
1601 2893 1832 2954 παρνόπων;
1851 2893 2080 2947 [Εὐχείρωτοι
2095 2894 2161 2949 γὰρ
2183 2897 2215 2934 οἳ
2237 2895 2371 2948 πάρνο-
2390 2911 2430 2937 45

1326 2968 1399 2996 πες.
1419 2951 1493 2989 ἔστι
1515 2951 1565 3002 δε]
1589 2955 1675 2994 εἰοος
1696 2953 1859 3005 ἀκρίδων.
1880 2955 1911 2990 οἱ
1932 2952 1967 2991 δὲ
1986 2952 2164 2991 κωνώπων
2181 2953 2332 3006 λέγουσι.

1383 3023 1445 3048 186.
1479 3009 1603 3060 (τους
1586 3010 1614 3047 ο’
1639 3004 1682 3047 αῧ
1705 3010 1829 3054 θεοὺςῑ
1854 3011 1898 3050 Γ
1901 3028 1918 3049 ν
1945 3014 2016 3055 τοῖς
2033 3013 2374 3059 Πελοποννησιακοῖς

1328 3069 1419 3107 κατὰ
1439 3069 1578 3106 πάντων
1606 3070 1753 3115 Μηλίων
1785 3070 1911 3109 Νικίαν
1943 3070 2146 3124 πέμψαντες
2173 3071 2370 3123 Ἀθηναῖοι,

1296 3159 1301 3203 Ι
1328 3127 1386 3165 ἐπὶ
1421 3142 1582 3165 τοσουτον
1613 3128 1865 3181 ἐπολιόρκησαν
1892 3128 2034 3175 αὐτους,
2060 3127 2150 3167 ὥστε
2177 3130 2271 3182 λιμῶ
2297 3130 2372 3167 δια-

1328 3189 1475 3239 φθεῖραι.
1487 3202 1536 3223 τω
1555 3185 1588 3223 δὲ
1604 3186 1814 3255 πρώτι1ἔτει
1832 3187 1956 3231 Νικίας
1971 3189 2092 3233 Μηλον
2109 3187 2368 3240 παρεστήσατο,
2389 3202 2424 3227 50

1299 3263 1301 3300 3
1328 3260 1365 3282 ου
1384 3243 1485 3294 μόνον
1507 3248 1674 3295 μηχανων
1695 3249 1926 3298 προσαγωγῇ,
1944 3245 2047 3306 ἀλλὰΝ
2053 3261 2112 3283 και
2129 3246 2239 3297 λιμω,
2254 3245 2310 3284 διὰ
2328 3247 2368 3284 τὸ

1329 3304 1520 3348 ἀποστῆναι
1542 3305 1675 3350 αυτι1ν,
1697 3304 1816 3355 πρώην
1838 3304 1987 3350 ὑποτελῆ
2007 3307 2125 3341 οὖσαν.
2130 3303 2142 3353 )

1297 3326 1301 3392 ί
1380 3363 1479 3413 λιμι1
1507 3361 1636 3414 Μηλίῳ
1660 3375 1668 3400 :
1691 3362 1789 3402 Ἀντὶ
1812 3377 1870 3400 του
1893 3361 2061 3414 μεγίστῳ.
2089 3361 2211 3407 Μ-ἧλος
2233 3361 2270 3399 δέ
2297 3364 2370 3404 ἔστι
