2485 3808
945 190 1199 231 SCHOLIA
1234 193 1295 232 IN
1330 194 1562 235 VESPAS.
2245 208 2313 239 149

241 297 305 323 590.
338 282 401 333 (ἔτι
418 283 446 320 δ’
463 285 484 328 ἡ
505 282 612 334 βουλὴ
630 284 684 334 χώ
702 284 809 334 δῆμος
827 298 835 322 :
855 284 898 323 Ἡ
924 285 1030 336 βουλὴ
1048 288 1106 324 καὶ
1125 290 1142 324 ὃ
1164 289 1225 333 δῆ-
1251 305 1256 347 Ι

188 355 267 392 μος,
283 340 364 379 ὅταν
385 340 546 392 ἀπορήσῃ
566 341 787 393 πράγματος,
805 346 873 386 τοῖς
890 345 1068 388 δικασταῖς
1089 347 1224 398 ἐπιτρέ-

187 401 273 449 πει.)

240 458 330 506 (592).
351 456 505 498 Εὔαθλος
522 470 529 495 :
549 457 702 501 Εὔαθλος
719 458 831 510 ῥήτωρ
846 460 1072 512 συκοφάντης,
1088 456 1126 498 οἷ
1142 477 1225 511 μνη-

150 526 167 550 5
186 514 321 566 μονεύει
334 515 393 552 καὶ
409 517 442 553 ἐν
459 514 661 568 Ἀχαρνεῦσι
676 516 735 553 καὶ
756 518 789 553 ἐν
809 516 976 555 (Ολκάσιν
994 518 1101 562 οὕτως
1118 538 1132 551 n
1149 519 1222 556 ἔστι

185 591 199 606 n
219 589 269 617 τις
285 573 432 624 πονηρὸς
456 576 537 622 ἡμῖν
571 573 709 619 τοξότης
735 574 938 625 συνήγορος,
973 575 1090 628 ὥσπερ
1124 576 1221 614 Εὔα-

184 650 199 664 u
214 632 302 674 θλος.
321 631 551 680 »μνημονεύει
567 630 602 668 δὲ
618 631 789 668 αὐτοῦκαὶ
808 632 958 670 Πλάτων
973 634 1006 670 ἐν
1017 632 1222 685 Πεισάνδρῳ

182 704 241 726 και
250 690 444 741 Κρατινος’
430 705 464 726 εν
476 689 666 741 Θράτταις.
677 689 924 739 κολακώνυμον
936 690 970 728 δὲ
982 685 1056 728 εἶπε
1069 691 1126 728 τὸν
1138 692 1222 729 Κλε-

181 745 329 796 ώνυμον.
349 746 482 798 εἴρηται
501 747 535 784 δὲ
552 747 604 784 ὅτι
624 747 757 791 κόλαξΓ
744 763 818 799 [και
835 728 1026 799 ῥίψασπις]
1042 748 1080 785 τὸ
1094 747 1130 785 δὲ
1144 748 1222 798 οὐχὶ

132 817 165 843 ιο
183 805 374 856 προδώσειν
397 808 508 854 ἡμας,
528 805 603 842 ἐπεὶ
623 805 762 856 λέγουσι
778 821 822 842 τα
842 809 985 842 τοιαῦτα
1005 808 1035 842 οἱ
1064 805 1220 858 ῥήτορες,

181 863 227 905 ὡς
239 862 325 913 ὑπὲρ
339 864 439 910 ἡμῶν
454 862 666 912 ἀγωνίζομαι
681 862 739 899 καὶ
754 862 832 913 οὐχὶ
846 862 1014 914 προδώσω
1030 862 1092 908 τὴν
1106 862 1219 900 πόλιν.

234 934 298 959 594.
330 922 410 970 (κάν
428 922 477 971 τῷ
496 919 597 971 δήμῳ
616 919 757 969 γνώμην
783 934 791 958 :
809 919 893 957 ιὈτι
909 923 926 957 ὁ
953 921 1161 972 δημηγορῶν
1185 921 1220 956 ἐν

181 980 231 1049 u}
250 979 370 1030 δήμῳ,
388 978 502 1029 φησὶν,
523 979 584 1014 οὐκ
604 977 717 1028 ἰσχύει
730 979 789 1022 τῆς
805 976 901 1022 νίκης
917 977 978 1023 τὴν
993 980 1120 1029 ψῆερον,
1140 976 1220 1014 ἄνευ

181 1040 242 1083 τῆς
260 1036 435 1089 κρίσεως
418 1037 485 1072 τῶν
512 1035 699 1080 δικαστῶν,
722 1037 752 1071 εἰ
775 1034 824 1084 μὴ
851 1034 1018 1087 πρότερον
1037 1051 1143 1088 προς
1138 1035 1220 1072 μίαν

131 1111 162 1134 15
182 1095 279 1140 δίκην
297 1093 497 1134 δικάσαντες
516 1094 547 1129 οἱ
567 1092 729 1129 δικασταὶ
746 1098 886 1143 παρεῖεν
906 1092 965 1129 καὶ
989 1092 1217 1145 ἐπιτρέψειεν.

232 1151 297 1190 κᾶν
315 1150 362 1201 μὴ
384 1151 462 1201 εἴπῃ
485 1149 528 1187 τὰ
545 1149 779 1202 δικαστηριαῑ
798 1153 881 1189 Οἱον
899 1151 1024 1200 μηκέτι
1044 1150 1136 1202 ἔχειν
1157 1150 1220 1196 τὴν

180 1207 373 1254 ἐξουσίαν”
351 1209 468 1245 αδικον
480 1210 643 1253 ποιῆσαι,
661 1207 737 1244 ἀλλ’
758 1207 853 1252 ἅπαξ
867 1211 1056 1260 κριθηναι(
1044 1207 1129 1260 υπὲρ
1143 1206 1220 1245 τού-

179 1282 260 1313 των,
296 1265 355 1304 καὶ
383 1264 432 1315 μὴ
456 1264 614 1314 γενέσθαι
642 1264 878 1318 ὑπερὸόλιμόν
907 1282 974 1303 τινι
1007 1266 1220 1311 ποιήσασθαι

178 1325 235 1362 ἐπὶ
253 1327 322 1362 τῶν
340 1326 487 1374 γνωμῶν
507 1323 566 1360 καὶ
587 1326 654 1361 τῶν
680 1324 932 1376 ψηφισμάτων,
956 1324 1045 1362 ἀλλὰ
1068 1324 1107 1362 τὸ
1128 1324 1220 1368 ἅπαξ

125 1401 160 1427 20
177 1382 290 1433 κριθὲν
309 1383 426 1434 κύριον
446 1376 560 1431 εἶναι.)

231 1455 293 1480 ⁵9³.
325 1440 438 1490 (αὐτός
456 1453 465 1479 :
485 1440 577 1478 Κατ’
597 1439 718 1491 ἐξοχὴν
732 1440 770 1478 τὸ
785 1440 893 1484 αὐτός.
912 1440 1168 1494 κεκραξιδάμας
1184 1440 1219 1478 δὲ

179 1503 197 1538 ὃ
211 1503 255 1552 τῇ
278 1502 341 1551 βοῇ
362 1498 552 1548 δαμάζων.)

232 1571 297 1596 599.
341 1556 537 1609 (Εὐφημίου
574 1569 582 1595 :
620 1555 637 1571 ς’
673 1572 706 1593 τι
732 1556 914 1616 Εὐφημιος
953 1559 1020 1595 τῶν
1047 1557 1133 1607 ἄγαν
1164 1557 1220 1594 ἐπὶ

179 1615 344 1667 κολακεία
360 1613 538 1652 διαὸαλλο
531 1613 643 1651 ,ιένων
661 1613 765 1660 ἐστὶν,
781 1618 809 1666 ᾧ
825 1614 1018 1666 παρείκασε
1037 1614 1095 1652 τὸν
1115 1615 1220 1654 Θεω-

126 1687 159 1713 25
180 1689 236 1726 ρον
255 1674 311 1711 διὰ
330 1672 514 1710 κολακείαν
543 1687 586 1709 τα
612 1671 822 1721 ὑποδηματα
847 1688 914 1709 των
939 1674 1110 1710 δικαστων
1128 1674 1219 1709 ἀπο-

178 1733 298 1783 ψῶντα
325 1730 385 1768 καὶ
410 1728 604 1781 ἀλείφοντα.
627 1731 797 1777 μετῆκται
820 1730 855 1767 δὲ
882 1730 949 1767 ἀπὸ
968 1732 1036 1767 τῶν
1057 1730 1216 1780 ἀγγείων.

178 1788 302 1842 κυρίως
317 1787 384 1840 γὰρ
397 1787 633 1840 περικωνῆσαί
650 1788 722 1824 ἐστι
741 1787 780 1824 τὸ
797 1791 973 1825 πισσῶσαι
991 1787 1035 1825 τὰ
1055 1788 1216 1840 κεράμια.

229 1861 294 1886 600.
324 1852 531 1899 περικωνεῑ;
553 1845 681 1898 Κύκλῳ
700 1849 844 1898 περιὺδί.
871 1854 954 1885 liet.

229 1920 293 1945 ⁶03.
324 1905 514 1956 ἔμπλησο;
537 1907 628 1956 Κορε
616 1903 742 1950 ἴσθητι.
771 1912 855 1942 Uict.

126 1983 160 2008 30
230 1977 294 2003 804.
324 1962 482 2016 πρωκτὸς
500 1963 673 2014 λουτρου;
691 1963 735 1998 ἐτ-
724 1978 833 1999 ιτων
856 1965 1069 2014 βιαζομένων
1089 1965 1135 2006 εἰς
1153 1978 1219 1999 κα·-

178 2022 237 2060 κὸν
255 2023 382 2064 αὐτοῖς.
411 2037 471 2059 και
497 2019 669 2072 παροιμία
692 2020 748 2057 ἐπὶ
771 2022 838 2057 τῶν
866 2036 914 2069 μη
944 2021 1143 2070 δυναμένων
1167 2020 1217 2056 νί-

177 2082 308 2132 ψασθαι
323 2095 384 2125 της
412 2078 544 2121 κοιλίας
562 2077 752 2130 φερομένης
772 2080 933 2129 συνεχῶς.
951 2085 987 2115 R.
1016 2079 1219 2130 (παροιμια-

178 2137 237 2175 κὸν
253 2141 354 2175 τοῦτο
372 2136 430 2174 ἐπι
457 2152 525 2173 των
551 2135 608 2173 ἐπι
637 2139 735 2173 κακῶ
754 2151 804 2172 τι)
829 2138 959 2172 ἑαυτῶν
990 2135 1174 2174 νικώντων.
1195 2135 1217 2181 ἢ

180 2196 237 2233 ἐπὶ
258 2198 328 2232 τῶν
343 2194 397 2232 ἀει
413 2194 655 2244 μολυνομένων
673 2193 732 2230 καὶ
752 2193 964 2244 βιαζομένων
979 2193 1215 2246 καθαίρεσθαι.

127 2264 161 2288 35
180 2256 198 2291 ὁ
210 2252 277 2305 γὰρ
294 2252 451 2305 πρωκτὸς
470 2251 678 2301 πλυνόμενος
692 2251 904 2303 περιγίνεται
921 2254 981 2297 τῆς
996 2251 1195 2303 καθάρσεως
1206 2281 1216 2301 ,

180 2311 240 2348 καὶ
261 2309 311 2348 ἔτι
328 2309 513 2360 μολύνεται
529 2309 588 2346 καὶ
607 2310 739 2358 μᾶλλον
757 2311 790 2346 ἐν
810 2312 853 2360 τῇ
872 2308 966 2361 ῥύσει
982 2312 1044 2355 τῆς
1059 2309 1216 2361 γαστρός.

181 2368 314 2421 εἴρηται
339 2366 374 2405 δὲ
396 2366 466 2404 ἀπὸ
493 2369 560 2403 τῶν
584 2366 646 2411 τὴν
672 2366 824 2418 γαστέρα
854 2365 1042 2419 φερομένην
1069 2366 1217 2417 ἐχόντων

180 2426 240 2464 καὶ
251 2427 285 2463 ἐν
302 2427 354 2477 τῷ
370 2423 602 2462 ἀπολούεσθαι
615 2423 813 2474 νικωμένων
827 2428 870 2475 τῇ
891 2429 991 2476 φορᾷ.
1073 2422 1215 2467 Ἄλλως.

181 2482 370 2536 Εὐφρόνιος
391 2481 465 2532 μὲν,
489 2484 536 2524 ὡς
559 2485 622 2528 τῆς
641 2481 769 2524 εἰκόνος
794 2483 899 2519 αὐτοῦ
925 2481 1075 2531 ματαίας
1093 2481 1216 2531 οὔσης,

83 2560 87 2563 ·
127 2556 162 2581 40
180 2540 232 2579 ὅτι
251 2540 410 2592 ματαίων
430 2542 622 2590 ἐπιθυμεῖς.
642 2539 702 2577 καὶ
715 2539 782 2592 γὰρ
798 2539 836 2577 τὸ
853 2539 955 2591 μέρος
971 2541 1080 2577 ἐκεῖνο
1095 2540 1217 2577 πλυνό-

181 2615 281 2649 μενον
301 2599 352 2636 ἔτι
371 2598 568 2649 μολύνεται.
588 2597 852 2650 Καλλίστρατος
866 2597 902 2634 δέ
916 2613 1011 2649 φησι·
1025 2597 1215 2649 παροιμία,

180 2656 337 2709 πρωκτὸς
361 2658 504 2707 λουτροῦ
534 2655 692 2708 περιγίνῃ
705 2685 715 2702 ,
748 2655 806 2693 ἐπὶ
834 2658 902 2692 τῶν
931 2655 1142 2706 βιαζομένων
1171 2658 1217 2699 εἷς

182 2713 287 2751 κακὸν
305 2713 455 2756 ἑαυτούς.
471 2716 516 2756 ὡς
532 2713 565 2750 εἴ
581 2729 630 2756 τις
653 2713 803 2765 βιάζοιτο
821 2712 868 2762 μὴ
894 2712 1178 2763 ἀποπλύνεσθαι.)

234 2784 298 2810 606.
329 2771 422 2821 (ὅταν
439 2770 549 2809 οἴκαδ’
567 2771 609 2809 ἴω
629 2785 638 2809 :
659 2770 745 2810 “Ort
768 2770 905 2808 παλαιὰ
930 2775 951 2817 ἡ
973 2770 1030 2808 διὰ
1046 2774 1216 2822 γυναικῶν

131 2840 165 2866 45
183 2828 350 2878 τημελία,
365 2828 424 2866 καὶ
441 2828 547 2872 οὕτως
561 2828 750 2878 ἐτημέλουν
766 2828 842 2872 τοὺς
859 2829 1012 2881 πατέρας
1024 2829 1083 2867 καὶ
1100 2830 1217 2881 γέρον-

185 2900 264 2931 τας,
282 2884 371 2923 ὥστε
389 2884 477 2934 μετὰ
494 2886 534 2923 τὸ
551 2886 646 2938 νίψαι
666 2886 818 2939 ἀλείφειν
837 2886 914 2929 τοὺς
926 2886 1056 2932 πόδας.
1078 2886 1216 2939 Εὐφρό-

184 2957 253 2985 νιος
274 2942 309 2979 δὲ
333 2942 394 2980 καὶ
416 2942 495 2986 τοὺς
512 2945 594 2995 παρ’
624 2943 774 2996 “Ομήρῳ
799 2943 965 2996 λιπαροὺς
982 2944 1090 2987 πόδας
1109 2943 1216 2988 οὕτως

184 2999 383 3037 ἀποδιδόναι
397 2999 490 3042 τινάς
508 3002 616 3052 φησι.)

236 3056 403 3102 εἷσήκονθ’
425 3070 434 3095 z
455 3057 662 3108 Προσιόντα.
690 3066 773 3096 Vict.

130 3126 167 3152 ω
237 3128 300 3152 609.
332 3113 589 3164 (ἐκκαλαμᾶται
605 3129 613 3154 :
629 3116 804 3169 Ἀποσπᾷ,
819 3117 888 3154 ἀπὸ
898 3119 966 3154 τῶν
983 3116 1038 3155 διὰ
1053 3117 1214 3167 καλάμου

182 3170 260 3215 τοὺς
276 3169 395 3223 ἰχθύας
413 3171 649 3223 ἀγρευόντων.)

236 3229 460 3273 παππάζουσ’
477 3242 486 3267 :
506 3229 678 3267 Παππίαν
697 3232 865 3269 καλοῦσα.
890 3239 973 3269 Vict.

235 3300 298 3325 610.
330 3284 477 3339 (φυστὴν
506 3289 616 3335 μᾶζαν
646 3287 809 3333 ῖΦυστὴ
839 3292 932 3338 μᾶζα
956 3292 978 3334 ἡ
1009 3288 1042 3332 ἐξ
1062 3289 1213 3342 ἀλφίτων

184 3343 244 3382 και
259 3346 360 3383 οἴνου.
381 3343 544 3388 ὀξυτόνως
561 3343 596 3381 δὲ
607 3373 616 3391 ,
638 3343 682 3387 ὥς
701 3359 802 3396 φησιν
819 3345 1052 3397 Ἥρωδιανός.)

1333 302 1397 327 612⁷.
1429 289 1569 340 ἔντραγε
1590 303 1598 328 :
1619 289 1869 342 Ἐντρύφησον.
1901 298 1980 328 vict.

1333 360 1395 385 613.
1426 347 1620 398 παραθήσει
1635 371 1685 375 -
1699 348 1983 400 καταρασάμενος
2000 363 2008 387 ;
2026 349 2077 387 Τὸ
2087 351 2234 401 ἐπαχθὲς
2247 354 2313 388 τῶν

1281 405 1420 442 οἰκετῶν
1436 405 1609 455 σημαίνει.
1630 405 1834 457 τονθορύσας
1853 420 1861 444 :
1882 407 2071 457 Γογγύσας.
2089 407 2161 445 ἔστι
2179 408 2214 446 δὲ
2230 408 2314 446 ποιὰ

1280 463 1390 514 (ρων-ἡ.
1420 471 1502 500 Vicl.
1525 464 1790 515 ἀριστοποιήσῃ.
1814 473 1853 501 V.

1332 533 1394 557 615.
1426 519 1507 556 τάδε
1527 519 1700 569 κέκτημαι
1725 535 1733 559 :
1757 521 1812 559 Τὰ
1834 524 1872 559 ἐκ
1894 525 1954 560 ταῦ
1977 523 2198 576 δικαστηρίου
2220 524 2310 576 χρή·
2331 536 2347 560 5

1280 592 1387 626 ματα.
1404 577 1529 622 σκευὴν
1545 576 1579 614 δὲ
1591 577 1666 614 ἀντὶ
1679 582 1738 614 τοῦ
1750 580 1956 617 πανοπλίαν.
1971 580 2098 630 βελέων
2112 581 2147 618 δὲ
2158 581 2313 633 ἀλεωρὴν

1331 633 1340 645 s

1279 648 1420 679 σκεπην.

1604 704 1612 729 :
1638 685 1751 739 (Εἶδος
1776 693 1924 743 ἀγγείου.
1945 694 2026 736 ἴσως
2046 695 2080 732 δὲ
2102 696 2157 733 διὰ
2174 697 2212 734 τὸ
2240 698 2315 735 διά-

1277 748 1463 797 πλασμα”
1445 763 1536 798 εγειν
1555 747 1631 785 ὄνου
1659 749 1826 801 μορρην.)
1849 773 1900 778 -
1925 751 2012 794 τινὲς
2034 753 2090 789 τὸν
2116 748 2215 800 οἶνον,
2238 756 2313 792 ἀντὶ

1278 820 1338 842 του
1359 805 1492 863 οἰνηρὸν
1510 807 1658 855 ἀγγεῖον.
1678 813 1716 842 P..
2337 821 2367 845 ιο

1331 875 1396 900 617.
1427 865 1526 904 οὗτος
1547 861 1583 899 δέ
1606 875 1614 900 :
1637 861 1661 911 (
1665 861 1794 906 Οόνος.
1816 863 1934 907 ἔπαιξε
1951 864 1986 902 δε
2002 868 2046 908 ὡς
2063 882 2146 918 προς
2163 883 2201 905 το
2216 871 2312 920 ζῷον.

1279 922 1487 970 βρωμᾶσθαι
1507 920 1577 956 δέ’
1563 934 1635 956 εστι
1651 919 1690 956 τὸ
1706 922 1876 958 πεινῶντα
1894 937 1950 959 τον
1970 922 2045 960 ὄνον
2063 926 2080 960 ὁ
2082 928 2242 974 γκασθαι.
2264 927 2315 962 δι-

1277 993 1331 1020 νος
1349 976 1417 1014 δέ’
1402 992 1494 1014 εστιν
1514 977 1650 1027 ἀγγεῖόν
1667 994 1700 1015 τι
1720 978 1902 1030 κεράμειον
1924 979 2013 1017 οἴνου
2041 984 2109 1018 οἷον
2128 982 2313 1035 πρόγυμα,

1279 1035 1381 1086 βάσιν
1397 1037 1457 1072 οὐκ
1477 1035 1571 1086 ἔχον,
1587 1035 1678 1072 ἀλλὰ
1698 1036 1851 1073 κάτωθεν
1869 1037 2084 1108 υπότροχον.)
2106 1040 2292 1093 στράτιον
2283 1058 2314 1078 ,ε

1276 1092 1316 1130 τὸ
1332 1094 1379 1136 εἰς
1398 1092 1547 1136 πολλοὺς
1568 1092 1654 1145 [τῶν
1675 1109 1957 1145 στρατευομένου
1960 1116 1977 1147 ,γ
1999 1098 2129 1142 διῆκον.
2150 1099 2314 1150 (ἐχρῶντο
2335 1112 2365 1136 15

1276 1149 1342 1203 γὰρ
1359 1166 1419 1188 και
1437 1150 1544 1203 κήρυς
1549 1166 1576 1187 ιν
1594 1153 1628 1188 ἐν
1646 1157 1717 1194 τοῖς
1732 1152 2003 1204 στρατεύμασιν.
2008 1155 2019 1203 )

1329 1208 1473 1252 κλίνας;
1498 1208 1719 1252 Ἀνακλιθείς.
1750 1217 1838 1247 Ῐίσί.

1329 1280 1393 1305 621.
1427 1266 1527 1318 (ἅπερ
1548 1269 1565 1303 ὃ
1585 1266 1672 1309 Ζεύς
1688 1280 1697 1305 :
1715 1266 1754 1305 Ἃ
1772 1270 1821 1319 τῷ
1836 1268 1894 1307 Διὶ
1914 1268 2053 1307 εἰώθασι
2073 1269 2208 1321 λέγειν.)

1329 1337 1392 1363 626.
1424 1324 1500 1374 (καν
1522 1324 1716 1376 ἀστράρωζ
1739 1325 1859 1364 Φόοον
1878 1343 1945 1364 κατ
1947 1327 2120 1379 ’ἀρχὴν
2101 1328 2209 1373 οείξω.
2221 1345 2312 1368 ποττ-

1275 1381 1464 1426 πύζουσιν;
1485 1381 1590 1425 Ἔθος
1613 1382 1679 1435 γὰρ
1695 1384 1770 1426 ταῖς
1785 1386 1981 1436 ἀστραπαῖς
1995 1387 2199 1430 ποππύζειν.
2217 1404 2313 1441 παρα
2331 1403 2365 1428 20

1276 1438 1310 1475 δὲ
1342 1438 1385 1476 τὰ
1406 1439 1549 1477 εἰωθότα
1579 1439 1771 1490 λέγεσθαι
1759 1441 1825 1479 υπὸ
1854 1459 1922 1479 των
1949 1444 2136 1494 ἀνθρώπων
2166 1446 2224 1482 ἐπὶ
2254 1451 2312 1484 τοῦ

1275 1497 1550 1549 υπερῦάλλοντος
1570 1498 1676 1537 ὀόοου
1698 1498 1738 1536 λέ
1722 1515 1810 1549 εγει,
1831 1516 1886 1538 οτε
1905 1501 2114 1552 βρονταὶκαὶ
2134 1505 2311 1555 ἀστραπαὶ

1275 1554 1446 1614 γίνονται,
1465 1556 1629 1607 παίζων.)

1327 1626 1390 1650 631.
1420 1614 1496 1650 ἀντὶ
1515 1618 1574 1651 τοῧ
1591 1615 1719 1658 καλῶς.
1740 1622 1779 1651 V.

1328 1684 1394 1710 634.
1426 1673 1503 1708 ἀλλ’
1525 1672 1657 1723 ἐρήμας
1675 1686 1683 1711 2
1706 1672 1905 1725 Παφιμία,
1926 1672 2007 1723 (οὐκ
2027 1674 2159 1725 ἐρήμας
2177 1676 2308 1727 τρυγή-
2330 1694 2363 1718 25

1276 1731 1374 1779 σεις,)
1393 1729 1450 1767 ἐπὶ
1466 1732 1533 1766 τῶν
1555 1732 1662 1774 ἀδεῶς
1679 1747 1711 1768 τι
1727 1731 1960 1783 πραττόντων,
1979 1733 2024 1774 ὡς
2041 1733 2186 1782 μηδενὸς
2199 1735 2313 1777 αὐτοῖς

1276 1786 1581 1839 ἀντιπράττοντος,
1605 1788 1738 1840 ἐρήμας
1757 1789 1953 1840 τρυγήσειν.
1984 1787 2069 1838 (ἔστι
2090 1788 2125 1826 δὲ
2146 1790 2216 1828 ἀπὸ
2241 1794 2310 1829 τῶν

1274 1843 1334 1886 τὰς
1355 1844 1532 1894 ἀμπέλους
1552 1845 1745 1898 τηρούντων
1765 1846 2023 1898 ἀφροντίστως.)

1327 1915 1391 1941 635.
1425 1904 1563 1952 (καλῶς
1588 1902 1654 1956 γὰρ
1682 1904 1777 1956 ᾔδειν
1801 1917 1810 1942 :
1843 1903 1904 1942 Ἔν
1926 1902 2092 1954 εἰρωνεία.
2118 1905 2311 1943 τούναντίον

1274 1959 1340 2012 γὰρ
1357 1962 1573 2013 παραδηλοῖ,
1589 1965 1789 2012 πειθόμενος
1805 1960 1913 2004 οὕτως
1928 1960 2152 1999 πιθανώτατα
2168 1961 2311 2012 ἔμελλον
2332 1980 2364 2005 3ο

1274 2020 1375 2070 ἐρεῖν.

1327 2076 1436 2127 ταύτῃ
1457 2077 1670 2129 κράτιστος.
1700 2079 1763 2128 Τῳ
1786 2078 1880 2129 αὖτῳ
1897 2076 2015 2129 τρόπῳ
2034 2078 2069 2114 ἐν
2090 2092 2140 2114 τω
2158 2079 2313 2129 δημηγο-

1273 2137 1398 2205 γορεῖν.
1415 2134 1492 2180 ἤτοι
1509 2134 1618 2184 ταύτῃ
1636 2137 1678 2186 τῇ
1695 2135 1816 2185 γνώμῃ
1828 2164 1836 2180 ,
1857 2151 1909 2172 οτι
1929 2151 1987 2173 του
2006 2134 2153 2178 δικάζειν
2177 2135 2311 2186 βέλτιόν

1275 2193 1348 2229 ἐστι
1364 2208 1402 2229 το
1421 2191 1514 2230 ἔνδον
1530 2191 1778 2236 καθέζεσθαι.
1760 2209 1782 2238 η
1797 2192 1865 2229 ἀπὸ
1880 2198 2076 2245 μεταφορᾶς
2091 2194 2158 2229 τῶν
2172 2208 2310 2232 πυκτων

1274 2252 1342 2287 τῶν
1363 2249 1454 2287 κατὰ
1473 2249 1534 2295 τὴν
1555 2249 1673 2302 ἑτέραν
1689 2253 1790 2301 χεῖρα
1809 2249 1872 2296 τὴν
1892 2249 2035 2299 δύναμιν
2053 2248 2237 2301 ἐχόντων.)
2322 2269 2358 2294 35

1326 2321 1388 2345 636.
1420 2309 1486 2357 (ὡς
1509 2307 1543 2344 δὲ
1567 2307 1668 2344 πάντ’
1695 2307 1902 2353 ἐπελήλυθεν
1929 2322 1937 2346 :
1960 2307 2143 2358 Θαυμάζει
2168 2310 2185 2345 ὁ
2210 2311 2308 2363 χορὸς

1273 2369 1332 2402 τοῦ
1350 2365 1591 2408 Φιλοκλέωνος
1607 2364 1669 2411 τὴν
1686 2365 1914 2404 κατάστασιν.
1929 2368 1939 2415 )

1326 2437 1390 2462 639.
1423 2423 1591 2473 (δικάζειν
1615 2436 1624 2461 :

1274 2497 1337 2519 σαν
1355 2484 1400 2524 ὡς
1419 2481 1622 2534 φιλόδικοι.)

1327 2539 1474 2583 δικάζειν
1491 2553 1498 2577 :
1517 2539 1606 2578 Ἀντὶ
1626 2543 1684 2576 τοῦ
1705 2540 1824 2585 εἰπεῖν,
1845 2540 1962 2576 οἰκεῖν.
1988 2546 2070 2576 Ποῖ·
2328 2559 2367 2583 40

1325 2611 1389 2635 642.
1413 2598 1632 2649 σκορδινᾶται
1651 2610 1660 2635 z
1683 2597 1936 2648 Σκορδινᾶσθαι
1955 2595 2048 2633 ἐστὶν
2068 2595 2086 2634 ὃ
2105 2601 2259 2635 ποιοῦσιν
2279 2600 2310 2635 οἳ
2381 2589 2385 2591 λ

1330 705 1391 728 616.
1423 691 1479 728 τὸν
1505 690 1580 728 ὄνον

1687 2422 1696 2435 Ι
1769 2425 1779 2437 θ
1827 2428 1840 2434 ·-
1896 2425 1906 2437 ³
1948 2423 1962 2432 “
2080 2423 2089 2436 Ι
2178 2424 2205 2438 tx!
2231 2424 2245 2438 x(

1649 2427 1733 2462 Δεον
1751 2438 1858 2460 ειπειν
1876 2438 1992 2470 οικειν,
2011 2424 2159 2468 δικάζειν
2174 2439 2209 2462 οε
2226 2440 2311 2477 εφα-

1274 2655 1308 2700 ἐξ
1327 2655 1432 2693 ὕπνου
1457 2655 1697 2704 ἀνιστάμενοι,
1720 2654 1797 2704 (καὶ
1814 2653 1902 2704 μετὰ
1918 2654 2060 2704 χάσμης
2078 2653 2122 2691 τὰ
2140 2655 2228 2704 μέλη
2249 2657 2309 2692 ἐκ-

1271 2713 1445 2755 τείνοντες.
1463 2714 1566 2765 φησὶν
1582 2707 1639 2751 οῧν
1659 2711 1711 2750 ὅτι
1730 2717 1912 2763 χασμᾶται
1936 2711 1995 2749 καὶ
2016 2711 2219 2750 διατείνεται
2244 2713 2310 2750 ὑπὸ

1271 2775 1333 2818 τῆς
1353 2771 1532 2821 ἀθυμίας.)
1551 2792 1597 2797 —-—
1613 2773 1674 2808 οὐκ
1690 2770 1762 2822 ἔχει
1778 2769 1909 2807 ἑαυτόν.
1930 2777 1970 2806 V.

1325 2842 1388 2867 643.
1412 2828 1520 2874 σκύτη
1553 2829 1691 2880 βλέπειν
1720 2842 1729 2866 :
1755 2826 1806 2866 t'O
1826 2829 1900 2864 ἐστι
1920 2826 2059 2877 πληγάς
2078 2843 2130 2864 σοι
2149 2828 2305 2877 ἐμὸαλῶ.
2327 2844 2358 2868 45

1271 2910 1318 2916 -
1334 2887 1392 2924 καὶ
1411 2890 1510 2924 τοῦτο
1532 2902 1615 2939 φασι
1634 2901 1780 2937 παροιμ.
1802 2885 1858 2922 ἐπὶ
1881 2887 1948 2921 τῶν
1970 2884 2172 2935 ἐγγιζόντων
2189 2889 2304 2929 κακῶς

1271 2959 1348 2982 τινι.
1380 2951 1416 2981 R.
1446 2943 1634 2995 (παροιμία
1664 2942 1700 2979 δὲ
1730 2942 1867 2992 ἐλέγετο
1898 2942 1955 2978 ἐπὶ
1985 2943 2052 2978 τῶν
2090 2941 2304 2980 δειλιώντων.

1271 3001 1413 3044 Ἄλλως.
1444 3000 1616 3051 μέμνηται
1641 3003 1704 3046 τῆς
1726 2998 1914 3051 παροιμίας
1941 2997 2094 3041 Εὔπολις
2119 3001 2153 3036 ἐν
2177 3001 2308 3052 Χρυσῷ

1271 3058 1373 3110 γένει.
1390 3058 1473 3111 φησὶ
1489 3057 1555 3110 γὰρ

1389 3151 1524 3189 ἀτεχνῶς
1539 3149 1592 3189 μὲν
1609 3147 1661 3179 οὖν
1674 3148 1709 3180 τὸ
1725 3147 1898 3188 λεγόμενον,
1912 3148 2010 3185 σκύτη
2025 3149 2140 3188 βλέπει.
2323 3162 2357 3187 50

1272 3231 1407 3283 εἴρηται
1430 3230 1465 3267 δὲ
1485 3229 1541 3266 ἐπὶ
1560 3231 1627 3266 τῶν
1647 3230 1904 3281 ὑποψιαστικῶς
1924 3228 2148 3278 διακειμένων
2165 3228 2247 3280 πρὸς
2262 3228 2306 3264 τὰ

1273 3288 1441 3338 μέλλοντα
1464 3285 1567 3324 κακά.
1590 3286 1744 3323 πεπάναι
1769 3285 1804 3323 δὲ
1832 3286 2003 3336 μαλάξαι,
2024 3285 2278 3336 ὑπο-χαλάσαι.)

1325 3358 1389 3383 647.
1421 3344 1468 3393 μὴ
1503 3343 1588 3395 πρὸς
1621 3345 1704 3392 ἐμοῦ
1730 3343 1863 3394 λέγοντι
1898 3358 1904 3382 :
1939 3343 2027 3381 Ἀντί
2051 3347 2110 3380 τοῦ
2140 3342 2187 3392 μὴ
2219 3340 2302 3392 ὑπὲρ
