2533 3808
239 232 312 263 442
984 205 1280 246 ADNOTATIO

240 311 314 359 Ἑρ,
343 306 451 344 ψῃύν,
469 307 513 339 V,
529 329 566 335 ,.
581 307 627 343 44
657 295 884 349 περσέπτολιν
917 297 960 330 R.
979 297 1021 329 V.
1040 290 1245 342 περσέπολιν

238 366 361 403 Suidae
383 345 512 399 'codex
548 358 662 395 Paris.
702 360 731 389 A
767 367 795 390 s.
815 350 1030 402 Τηλέπορον,
1047 350 1114 386 ubi
1133 347 1247 384 verba

239 422 407 461 Παλλάδα
419 416 623 469 περσέπολιν
642 412 782 451 Ἀθάναν
800 406 1248 458 ΙθςυιιῐιιΓροΔΠαλλάδα

238 480 343 515 abest
364 491 382 512 a
398 475 506 511 codd.
526 473 640 511 Paris.
659 479 694 507 et
708 469 811 506 Leid.
828 467 957 513 κληίζιι)
975 470 1075 504 R.V.
1093 465 1247 513 πολεμο-

237 538 333 575 δόκον
348 539 393 573 V.
411 534 515 584 ἁγνὴν
532 537 575 569 G.
595 556 636 563 -
656 532 702 573 45
721 527 943 578 δαμάσιππον
961 539 1034 562 0111.
1055 528 1098 561 R.
1110 528 1152 561 V.
1170 523 1247 560 Ad-

237 595 313 631 didi
349 607 395 629 ex
430 591 573 629 scholio
606 589 756 626 Aldino.
795 585 1025 634 δαμνηπῶλον
1060 590 1116 618 est
1146 580 1247 630 apud

237 652 472 689 scholiastam
499 649 671 686 Aristidis
692 646 765 681 vol.
789 646 832 690 3,
859 657 896 693 p.
919 643 1015 688 538,
1043 638 1247 690 δαμόπωλον

236 710 338 760 apud
363 713 535 746 Tz‹·tzam
562 707 655 743 Hist.
680 704 830 749 1,.683.
859 701 978 737 Iidem
1002 702 1111 735 linem
1136 697 1248 746 hujus

238 780 367 804 versus
386 767 616 814 initiumque
635 763 827 811 sequentis
853 759 997 795 addunt
1017 757 1133 793 ἄϊστον
1157 770 1250 807 παρ-

237 823 341 861 Οένον.
360 827 583 874 Suspectum
603 829 727 856 tamen
747 826 804 855 est
821 816 937 853 ἄϊστον
956 828 1071 864 quum
1091 822 1250 863 propter

235 896 274 919 se
298 883 422 931 ipsum
452 890 530 917 tum
561 887 719 928 propter
748 876 859 912 unius
883 873 1023 922 dactyli
1047 872 1247 908 defectum.

237 943 412 977 Ceterum
447 937 662 987 Lamprocli
701 949 747 970 an
783 932 1003 969 Stesichoro
1044 931 1082 966 hi
1118 943 1249 966 versus

238 997 427 1034 tribuendi
456 998 531 1033 sint
559 997 593 1031 in
613 994 736 1030 medio
754 991 934 1039 relinquit
952 989 1152 1026 scholiasta
1170 988 1251 1024 Ari-

236 1056 353 1100 stidis,
373 1054 633 1092 Stesichorum
654 1050 891 1087 confidenter
910 1047 1081 1083 nominat
1100 1049 1249 1089 Tzetza‚

236 1114 300 1162 qui
324 1126 390 1148 sua
419 1126 465 1148 ex
493 1111 695 1147 scholiasta
722 1107 899 1144 Aristidis
928 1106 1104 1155 sumpsit.
1132 1108 1250 1140 DiND.

235 1200 273 1204 —
306 1173 348 1205 '6
380 1169 401 1214 ἢ
421 1170 497 1215 τηλ.
521 1172 565 1205 R.
590 1166 706 1218 βόημα
723 1169 764 1201 V.
794 1189 835 1195 -—
864 1170 910 1210 47
934 1162 1018 1200 πότε
1041 1164 1132 1199 ἐστιν
1149 1165 1194 1198 V.
1212 1190 1252 1194 -

239 1231 285 1272 48
308 1231 472 1280 ipio-‚042
490 1231 536 1264 R.
567 1224 811 1278 ἇριστοφάνους
833 1227 874 1259 V.
899 1226 1168 1271 Fragmentum
1188 1234 1251 1256 co·

237 1288 331 1324 dicis
361 1287 453 1323 dicit
484 1288 521 1322 in
550 1285 783 1321 bibliotheca
807 1281 1063 1318 Alexandrina
1091 1279 1138 1315 ab
1169 1279 1253 1314 Ari-

237 1346 422 1393 stophane
452 1343 697 1393 grammatico
735 1348 940 1389 repertum.
971 1366 1010 1370 .-
1041 1343 1089 1385 49
1124 1335 1252 1373 Κυδίου

238 1402 505 1450 Bernhardyus
525 1401 623 1450 apud
642 1404 860 1436 Buttmann.
878 1397 924 1433 ad
944 1398 1088 1433 Platon.
1108 1396 1252 1443 Dialog.

236 1462 293 1497 ed.
319 1474 426 1497 novae
453 1459 649 1495 Heindorf.
680 1459 752 1493 vol.
782 1471 811 1499 1,
834 1470 868 1505 p.
893 1456 952 1502 67.
978 1453 1127 1491 Κυδίδου
1148 1457 1192 1490 R.
1213 1456 1252 1488 V.

236 1544 274 1549 -
293 1521 311 1555 3
326 1518 519 1568 legebatur
537 1515 762 1568 περσέπτολιν
784 1513 894 1558 δεινὴν
919 1513 991 1549 Θεον
1014 1510 1253 1562 ἐγρεκύδοιμον

236 1577 458 1620 ποτικληίζω.
473 1574 595 1610 Verba
615 1572 727 1617 δεινὴν
748 1571 820 1608 Θεὸν
842 1571 1082 1622 ἐγρεκύδοιμον
1105 1582 1252 1605 memo-

237 1634 298 1668 riae
317 1646 446 1669 errore
465 1632 618 1669 aliunde
634 1639 720 1667 sunt
735 1631 851 1666 illata.
871 1627 996 1674 δεινὴν,
1013 1627 1254 1678 ἐγρεκύδοιμον

236 1692 443 1728 Minervam
466 1699 578 1727 vocat
597 1689 749 1726 Hesiod.
770 1689 911 1735 Theog.
934 1688 1021 1734 925.
1044 1686 1161 1722 Verbi
1185 1699 1255 1720 au-

238 1757 310 1785 tem
336 1748 534 1799 ποτικλῄζω
563 1747 715 1796 syllabae
741 1761 820 1782 ποτι
850 1754 941 1781 ortae
969 1752 1056 1780 sunt
1085 1756 1131 1779 ex
1158 1756 1256 1792 prae-

237 1808 385 1843 cedenti
430 1806 649 1857 περσέπολιν.
687 1805 960 1852 Aristophanes
997 1810 1123 1838 autem
1153 1801 1256 1850 quod

239 1864 408 1902 Παλλάδα
419 1864 624 1915 περσέπολιν
638 1862 748 1900 δεινὰν
762 1863 924 1912 scripsit,
939 1859 1064 1905 δεινὰν,
1076 1860 1256 1895 usitatum

238 1923 331 1959 illud
354 1923 516 1959 Palladis
536 1923 751 1972 epitheton,
773 1934 903 1956 versus
925 1919 1105 1968 explendi
1125 1931 1258 1955 caussa

238 1980 387 2030 adjecit.
420 1981 561 2017 Omisit
590 1980 655 2029 qni
688 1980 789 2015 hunc
823 1980 947 2015 locum
982 1978 1154 2013 imitatur
1184 1977 1257 2013 Dio

237 2041 368 2088 Chrys.
400 2040 474 2075 vol.
514 2054 544 2083 1,
575 2052 611 2088 p.
641 2045 742 2083 427:
774 2037 832 2074 καὶ
860 2041 918 2074 νῦν
949 2036 1003 2073 ἐπὶ
1027 2036 1166 2078 ταύταις
1184 2041 1258 2078 ταῖς

237 2097 370 2133 ἐλπίσιν
392 2099 515 2133 οἰκεῖτε
535 2095 597 2141 τὴν
621 2095 720 2132 πόλιν
741 2095 798 2132 καὶ
824 2093 902 2136 τοὺς
918 2094 1009 2136 υἱέας
1031 2094 1258 2146 παρασκευά-

238 2158 327 2199 ζετε,
346 2156 390 2197 ὣς
405 2153 563 2196 δυνατοὺς
576 2153 756 2203 ἐσομένους
769 2155 920 2205 χρῆσθαι
935 2158 1005 2194 τοῖς
1022 2168 1057 2189 τε
1074 2154 1184 2189 αὐτῶν
1201 2152 1258 2189 καὶ

237 2275 257 2320 ἢ
283 2274 450 2311 Παλλάδα
471 2272 678 2326 περσέπολιν
693 2302 701 2318 ,
735 2271 756 2317 ἢ
780 2275 829 2323 τῷ
854 2272 933 2308 ποδὶ
980 2273 1066 2320 βῶσι
1091 2270 1176 2323 πρὸς
1197 2270 1258 2317 τὴν

236 2331 356 2383 λύραν,
381 2332 445 2369 ubi
479 2331 648 2369 Παλλάδα
668 2329 898 2383 περσέπτολιν
928 2329 1074 2374 Ἀθηνᾶν
1108 2331 1258 2379 legitur,

239 2391 383 2436 Ἀθηνᾶν
407 2391 456 2427 ab
478 2392 688 2440 interprete
717 2391 842 2436 illato,
861 2397 899 2425 ut
922 2389 961 2425 in
982 2390 1066 2425 loco
1088 2389 1213 2425 Suidae
1232 2403 1259 2425 s.

238 2447 454 2500 Τηλέπορον.
481 2452 621 2486 Contra
649 2448 695 2485 de
718 2447 846 2484 verbis
870 2445 1061 2498 τηλέπορόν
1085 2462 1118 2483 τι
1144 2446 1260 2497 βόαμα

238 2505 358 2556 λύρας,
385 2506 655 2555 Aristophanes
683 2507 812 2542 omisit
831 2504 1118 2541 incommodum
1140 2514 1260 2541 metro

242 2564 468 2599 vocabulum
495 2563 598 2614 λύρας
626 2567 740 2599 Dim).
771 2587 809 2593 —
835 2566 855 2597 6
882 2561 1030 2599 Κυδίδου
1051 2562 1260 2610 legebatur.

293 2623 368 2669 969
390 2621 474 2657 Ald.
497 2619 662 2672 κάμψειεν
683 2636 690 2656 :

239 2677 459 2729 κεκλασμένη
492 2682 534 2729 τῇ
565 2681 661 2730 φωνῇ
690 2677 752 2724 τὴν
786 2677 877 2729 ᾠδὴν
912 2677 1128 2725 ἀνενέγκοιτο
1146 2706 1156 2724 ,
1190 2672 1259 2714 οἷον

723 2620 796 2657 ἀντὶ
822 2623 882 2656 τοῦ
916 2621 944 2655 εἷ
973 2618 1259 2664 κακοηθεύσοιτο·

240 2736 480 2788 καταισχύνων
499 2740 547 2789 τῷ
566 2739 735 2788 μαλθακῷ
754 2740 818 2782 τῆς
837 2737 963 2788 φωνῆς.
980 2763 1018 2768 .-
1038 2750 1050 2770 1
1062 2736 1081 2770 3
1101 2734 1262 2786 προενέγ-

241 2813 334 2834 κοιτο
350 2796 485 2834 ὃιιίιῖἃε
500 2810 527 2832 s.
543 2794 868 2845 Βωμολοχεύσαιτο.
887 2792 1152 2844 προσενέγκοιτο
1167 2796 1260 2829 R.V.

294 2870 384 2903 971,
418 2856 461 2890 16
493 2854 733 2891 scribebatur
760 2853 887 2890 Μιτυλ.
913 2855 958 2888 V.
995 2851 1260 2896 Μιτυλληναῖος.

244 2943 278 2946 .-
304 2929 344 2959 17
375 2913 470 2965 παρὰ
502 2911 754 2958 ΙΙαναΟηναίοις
774 2916 817 2949 V.
851 2908 1078 2955 Παναθήναια
1112 2909 1196 2946 Ald.
1226 2918 1263 2945 et

243 2971 376 3008 Snidas
399 2984 427 3007 s.
455 2972 599 3021 Φρῦνις.
625 2998 666 3005 -.-
692 2971 739 3006 30
761 2969 842 3006 lieri
865 2976 989 3018 potest
1011 2975 1052 3003 ut
1074 2981 1117 3004 ex
1147 2967 1263 3003 Suida

245 3030 413 3066 intulerit
448 3033 638 3066 Mnsnrus.
678 3032 799 3065 Dm).
846 3056 886 3060 -
926 3033 974 3070 24
1007 3025 1260 3076 Ἀριστοκλείδῃ

246 3087 388 3125 Suidas.
409 3086 669 3137 Ἀριστοκλείτῳ
688 3086 770 3123 Ald.
790 3084 939 3135 σχεδίοις
956 3083 1063 3121 ἔοικεν
1082 3084 1217 3120 suidas
1234 3098 1260 3120 s.

247 3149 376 3198 Φρῦνις
397 3155 435 3182 et
453 3145 524 3182 sub
546 3145 706 3195 Σχέδιον,
728 3145 795 3181 1ὼί
814 3147 924 3180 ταῦτα
950 3142 986 3180 δὲ
1005 3141 1152 3192 σχεδίοις
1172 3140 1262 3178 ἔοικε

248 3215 427 3254 tanquam
460 3204 722 3253 Aristophanis
754 3203 870 3239 verba
901 3201 1122 3238 afferuntur.
1151 3201 1259 3237 (Jonf.

249 3265 397 3302 Knster.
419 3262 465 3298 ad
485 3262 599 3298 schol.
619 3265 712 3298 Ran.
735 3262 794 3307 78.
815 3286 855 3292 —
875 3261 921 3297 25
943 3262 1006 3296 οὐκ
1024 3257 1062 3295 ἂν
1087 3256 1259 3305 ἐσιώπων,

251 3336 295 3367 27
312 3319 533 3360 κατακλάσας
555 3320 712 3366 Suidas,
742 3320 806 3368 qni
834 3315 1078 3368 ἔθος-ψυχρός
1105 3317 1258 3353 omittit.

754 3376 780 3389 'xl
808 3376 823 3388 Ἰ

249 3380 374 3417 Codex
395 3382 482 3428 ch.
510 3378 726 3428 κωμῳδεῖται
751 3392 784 3414 οε
804 3393 854 3413 οτι
875 3379 1009 3427 πρῶτος
1029 3374 1090 3420 τὴν
1110 3375 1258 3426 ἀρχαίαν

237 2222 306 2258 τοῖς
329 2216 506 2264 δημοσίοις
524 2215 748 2267 πράγμασιν,
771 2212 851 2250 ὅταν
875 2214 1002 2254 ἱκανῶς
1026 2212 1258 2264 καθαρίσωσιν

1310 204 1361 241 IN
1391 205 1560 251 SCHOL.

1306 293 1488 360 ξωμῳδίᾱν
1515 297 1655 337 ἔκλασεν
1678 302 1735 339 ἐπὶ
1756 302 1794 339 τὸ
1815 299 2088 351 μαλθακώτερον.
2110 292 2151 343 ἦν
2171 296 2206 333 δὲ
2221 298 2308 334 πάνυ

1307 363 1454 414 αμοξθσῡς
1476 354 1533 390 καὶ
1563 358 1710 407 ψυχρός.
1727 383 1767 390 —-
1786 362 1834 395 28
1852 357 2128 409 Ἀριστοκράτης.
2151 356 2310 392 Valcke-

1307 420 1434 444 narius
1457 413 1557 460 apnd
1581 416 1800 464 Bnrgesium
1830 418 1869 452 in
1894 416 2020 452 Diario
2045 414 2200 450 classico
2225 413 2310 449 fasc.

1309 470 1375 509 44,
1406 480 1442 516 p.
1473 471 1568 515 280,
1604 471 1837 523 Ἀριστόξενος.
1872 475 2071 522 Burgesins
2097 473 2175 522 ipse
2195 473 2312 522 (Depex-

1306 523 1457 574 κράτηςε
1491 529 1592 576 quod
1627 530 1874 578 probabilius
1900 532 2061 579 Phrynis
2083 539 2312 567 memoratur

1307 581 1344 617 in
1366 583 1574 632 fragmento
1596 588 1826 623 Pherecratis
1846 601 1891 623 ex
1913 589 2075 625 Chirone
2093 588 2193 638 apud
2216 589 2313 625 l’lut.

1308 641 1440 678 Moral.
1472 656 1505 691 p.
1536 650 1645 688 1142.
1671 649 1845 682 Fortasse
1878 654 1999 682 tamen
2028 647 2230 683 delendum
2257 646 2314 683 καὶ

1309 697 1579 751 Ἀριστοκράτης.
1601 707 1719 739 Dmn.

1361 759 1449 805 973,
1468 761 1512 802 34
1532 760 1707 811 εὐκόσμως
1717 765 1763 798 V.
1776 769 1813 798 et
1824 760 1958 798 Suidas
1973 759 2066 797 s.’Ev
2081 760 2315 812 παιδοτρίῧου.

1308 816 1497 864 εὖκοσμίως
1519 820 1600 855 Ald.
2286 848 2296 855 2

1361 887 1407 921 97
1416 875 1449 919 5,
1467 883 1512 919 42
1529 879 1638 914 αὐτῶν
1654 881 1743 915 R.V.
1758 905 1796 910 -
1809 878 1855 921 43
1871 875 1947 918 τοὺς
1961 874 2172 927 ε’ραστάςν.,
2185 880 2318 919 110116.

1362 933 1436 979 980
1465 935 1626 982 glossam
1661 935 1834 983 μαυλίζων
1867 934 1981 971 habet
2011 937 2056 970 R.
2088 934 2242 969 Thomae
2269 937 2319 971 M.

1309 989 1475 1027 scholion
1490 1005 1536 1028 ex
1551 993 1632 1029 cod.
1650 994 1764 1029 Paris.
1779 1007 1838 1042 ap.
1857 997 2024 1041 Ducang.
2039 992 2160 1029 Gloss.
2176 1005 2212 1040 p.
2226 992 2321 1040 890:

1311 1046 1489 1093 Ἐκδιδοὺς
1512 1051 1631 1088 ἑαυτὸν
1661 1052 1709 1094 εἰς
1734 1051 1914 1100 λαγνείαν,
1942 1050 2000 1086 καὶ
2027 1048 2237 1099 προαγωγὴν
2259 1048 2321 1094 τὴν

1310 1104 1367 1141 καὶ
1390 1106 1630 1159 μαυλίστριαν,
1658 1111 1764 1144 ποιῶν
1786 1107 1863 1151 τοὺς
1886 1106 2082 1160 ὀφθαλμοὺς
2103 1107 2160 1144 διὰ
2179 1108 2324 1159 σχημά-

1310 1177 1378 1199 των
1396 1179 1510 1201 Twfflv.

1364 1223 1452 1269 981,
1471 1225 1490 1259 3
1510 1222 1584 1259 ἀντὶ
1599 1222 1661 1269 τὴν
1679 1228 1723 1260 R.
1743 1225 1774 1260 ἀ.
1794 1226 1854 1260 τοῦ
1869 1222 1930 1268 τ”ην
1945 1228 1989 1261 V.
2008 1252 2047 1256 -
2065 1232 2084 1268 4
2103 1222 2222 1272 ἔτεμον
2241 1223 2323 1260 Ald.

1313 1278 1347 1315 δὲ
1376 1293 1450 1315 om.
1480 1285 1523 1317 R.
1542 1285 1586 1317 V.
1616 1282 1733 1318 Addit
1763 1282 1840 1318 Ald.
1871 1281 1954 1333 φησὶ
1987 1280 2041 1318 διὰ
2075 1281 2136 1327 τὴν
2160 1281 2325 1332 κεφαλὴν,

1313 1351 1396 1385 quae
1423 1338 1459 1373 in
1486 1342 1526 1374 V.
1550 1339 1602 1374 sic
1632 1340 1772 1389 scripta
1794 1348 1893 1384 sunt,
1918 1338 2001 1390 φησὶ
2023 1336 2058 1375 δὲ
2076 1340 2138 1383 τὴν
2161 1337 2326 1390 κεφαλὴν,

1313 1394 1415 1445 ἤγουν
1437 1394 1474 1431 τὸ
1499 1396 1584 1448 προς
1603 1402 1673 1439 τοῖς
1694 1396 1833 1448 φύλλοις
1853 1397 2038 1438 καυλῶδες.

1366 1455 1439 1500 983
1455 1484 1462 1496 ,
1483 1470 1501 1501 7
1520 1454 1676 1491 τουτέστι
1694 1455 1829 1505 κίχλας.
1859 1453 1970 1505 ἕτεροι
1989 1452 2024 1490 δὲ
2043 1457 2085 1491 V.

1367 1511 1456 1559 984,
1474 1526 1517 1548 10
1533 1510 1610 1554 τοὺς
1623 1511 1820 1563 κρωὸανούς
1833 1512 1962 1548 Ald.-.
1975 1518 2017 1555 14
2032 1525 2086 1561 sq.
2101 1509 2144 1547 τὰ
2161 1509 2329 1560 λεγόμενα

1314 1569 1441 1606 Διάσια
1467 1575 1573 1607 ταῦτα
1597 1572 1655 1607 καί
1673 1569 1854 1607 Διιπόλεια
1871 1570 2059 1621 (Διιπόλιοι
2074 1569 2130 1618 V.)
2158 1572 2202 1607 R.
2223 1573 2267 1606 V.
2292 1597 2330 1602 -

1321 1628 1363 1662 16
1384 1626 1419 1663 δὲ
1440 1642 1512 1664 om.
1536 1632 1579 1664 R.
1600 1628 1638 1666 τὸ
1660 1627 1696 1665 δὲ
1711 1628 1876 1677 τεττίγων
1899 1626 1951 1664 ὅτι
1972 1629 2085 1678 (adde
2110 1628 2274 1678 ἀρχαῖον)
2293 1626 2331 1663 τὸ

1314 1683 1390 1728 τους
1409 1684 1566 1734 τέττιγας
1586 1685 1791 1723 ἀναπλέκειν
1817 1685 1974 1722 τουτέστι
1991 1685 2190 1737 κρωὸύλους
2203 1700 2210 1707 ·
2234 1683 2256 1730 ἢ
2280 1683 2333 1721 ὅτι

1315 1746 1345 1780 οἱ
1362 1745 1503 1781 παλαιοί
1518 1749 1559 1781 V.
1578 1769 1616 1776 -
1635 1746 1678 1781 18
1696 1748 1755 1781 τοῦ
1774 1744 1952 1797 φαίνεσθαι
1967 1746 2009 1782 G.
2032 1743 2140 1780 διὰτὸ
2154 1741 2332 1795 φαίνεσθαι

1316 1806 1361 1839 R.
1379 1806 1424 1837 V.

1369 1861 1442 1908 985
1455 1889 1463 1904 ‚
1485 1868 1531 1905 24
1550 1859 1704 1905 Κυκίδης
1721 1858 1939 1910 διθυράμὸων
1955 1873 1992 1894 π.
2002 1862 2047 1895 V.
2066 1859 2162 1894 Hinc
2177 1857 2334 1905 corrigit

1317 1919 1539 1955 Dindorlius
1566 1919 1744 1956 Phoiium
1767 1932 1802 1967 p.
1831 1918 1922 1963 160,
1950 1931 2011 1964 19,
2037 1917 2215 1961 Κηδῖδηςι
2237 1917 2331 1952 διθυ-

1319 1970 1580 2022 ραμὲοποιητὴς
1605 1973 1758 2021 ἀρχαῖος.
1787 1999 1828 2002 -
1859 1971 1905 2006 30
1932 1968 2120 2006 Διιπολίων
2147 1968 2281 2005 Suidas
2303 1986 2332 2005 s.

1318 2029 1498 2080 Βουρόνια.
1517 2030 1704 2066 Διονυσίων
1725 2028 1804 2064 Ald.
1824 2053 1865 2058 —
1884 2029 1942 2064 32.
1975 2026 2146 2078 Βουρόνια
2171 2025 2270 2078 ἑορτὴ
2289 2029 2332 2063 R.

1317 2087 1504 2129 Διιπολίοις
1517 2091 1562 2123 V.
1580 2116 1618 2120 -
1639 2089 1684 2123 33
1700 2086 1782 2139 φησὶ
1800 2088 1889 2122 R.V.
1905 2110 1944 2115 —
1962 2086 2007 2128 34
2027 2098 2070 2134 5([
2100 2083 2158 2121 καὶ
2175 2083 2335 2120 τούτου-

1317 2144 1460 2182 τυθέντα
1485 2160 1529 2182 ex
1562 2149 1628 2191 R.;
1660 2146 1782 2194 prima
1815 2152 1960 2180 tantum
1983 2143 2100 2179 verba
2125 2141 2183 2178 καὶ
2214 2140 2336 2178 τούτου

1317 2204 1419 2256 χάριν
1439 2207 1517 2254 βοῦν
1540 2203 1674 2241 Ούουσιν
1696 2203 1811 2239 habet
1828 2205 1869 2238 V.
1884 2227 1925 2232 —
1942 2202 1988 2238 36
2007 2199 2181 2239 Θαύλωνα
2202 2200 2337 2237 Snidas

1319 2277 1350 2302 s.
1375 2263 1547 2316 Βουφόνια
1572 2272 1609 2300 et
1631 2262 1795 2301 Θαύλων.
1823 2260 1992 2299 Βαύλωνα
2014 2260 2098 2297 Ald.
2127 2263 2170 2296 lu
2191 2259 2338 2296 scholio

1320 2323 1429 2372 Regii
1453 2322 1592 2359 codicis
1618 2320 1779 2373 βουφόνια
1803 2318 1903 2372 ἑορτὴ
1928 2318 2120 2364 πολυτελὴς
2139 2327 2336 2355 vocantur.

1374 2383 1449 2429 986
1479 2381 1654 2417 omittere
1683 2380 1863 2416 videntur
1889 2382 1933 2415 R.
1960 2381 2005 2415 V.
2035 2402 2075 2409 —
2104 2379 2152 2426 39
2183 2392 2336 2429 τροπωσ.

1322 2441 1462 2489 Regius
1474 2469 1484 2485 ,
1503 2439 1588 2481 Ald.

1374 2499 1469 2546 988,
1491 2497 1540 2533 48
1561 2506 1648 2547 post
1667 2495 1798 2533 ἀσπίδα
1816 2495 1940 2544 pergit
1960 2497 2018 2542 V.,
2038 2491 2077 2530 τὸ
2104 2492 2181 2538 ἑξῆς
2207 2491 2270 2537 τὴν
2295 2493 2340 2528 ἀ-

1320 2556 1428 2593 σπίδα
1450 2558 1511 2601 τῆς
1531 2554 1781 2607 Τριτογενείας.
1802 2554 1861 2591 καὶ
1885 2556 1970 2605 (scr.
1999 2552 2060 2601 ὡς)
2089 2552 2123 2587 ἓν
2151 2553 2192 2601 τῇ
2213 2555 2338 2601 πομπῇ

1320 2613 1645 2665 ἀσπιδηφορούντων
1674 2614 1799 2660 αὐτῶν,
1827 2611 1901 2648 ’δέον
1930 2608 2247 2662 περικαλύπτεσθαι
2271 2609 2334 2655 τὴν

1296 2697 1301 2703 .
1321 2671 1500 2720 αἰσχύνην.
1517 2672 1618 2707 unde
1638 2671 1812 2707 Dindorf.
1837 2670 2001 2707 correxit
2020 2669 2213 2717 vulgatum
2234 2667 2290 2705 διὰ
2301 2667 2340 2705 τὸ

1321 2729 1628 2766 ἐπικαλύπτεσθαι.

1375 2794 1472 2835 994,
1505 2801 1550 2835 19
1580 2787 1793 2823 addebatur
1821 2785 1904 2837 ὅπερ
1935 2784 2054 2835 μέλλει
2087 2784 2245 2834 μολύνειν
2274 2783 2336 2831 τὴν

1322 2845 1406 2882 αἰδῶ
1422 2875 1431 2891 ,
1460 2860 1479 2881 e
1507 2846 1684 2895 proximo
1705 2845 1847 2880 scholio
1873 2844 2029 2880 illatum.

1375 2905 1472 2952 995,
1503 2917 1545 2939 21
1578 2904 1762 2954 πληρῶσαι
1783 2906 1827 2939 V.
1860 2902 2007 2939 Deinde
2033 2900 2262 2956 *spdoevotrsss
2283 2899 2344 2939 καὶ

1323 2961 1508 3013 ἀφανίζειν.
1536 2962 1617 2998 Ald.
1642 2988 1679 2992 —
1703 2963 1750 2997 28
1781 2974 1860 3010 sqq.
1896 2961 2139 3010 Moschopuli
2169 2960 2339 2997 scholion

1322 3022 1466 3058 editum
1497 3035 1516 3058 a
1546 3024 1733 3058 Creuzcro
1761 3020 1807 3057 ad
1830 3021 1964 3057 Plotin.
1997 3023 2055 3057 De
2086 3019 2342 3069 pulcritudine

1324 3093 1360 3129 p.
1384 3081 1474 3125 370.

1375 3152 1463 3186 997,
1489 3144 1531 3182 41
1567 3137 1632 3190 γὰρ
1659 3151 1733 3174 om.
1767 3141 1830 3182 R„
1859 3137 1925 3187 qui
1955 3138 2004 3180 45
2035 3136 2150 3173 habet
2179 3136 2340 3185 glossam

1321 3196 1489 3248 ἐκπέσῃς,
1511 3205 1547 3233 ct
1569 3199 1616 3233 50
1635 3201 1694 3233 τοῦ
1712 3196 1851 3247 πατρός.

1380 3271 1490 3299 1001,
1511 3271 1530 3292 2
1553 3270 1608 3306 sq.
1629 3256 1686 3292 καὶ
1700 3254 1793 3306 τάχα
1808 3278 1827 3282 -
1842 3254 2041 3307 Τριφάλητι
2055 3266 2129 3290 om.
2148 3257 2194 3291 R.
2212 3251 2342 3304 προκέ-

1322 3315 1423 3365 φαλοι
1446 3315 1593 3351 Suidas.
1627 3314 1862 3365 προσκέραλοι
1893 3317 1933 3350 V.
1956 3341 1996 3345 —
2020 3315 2040 3349 3
2071 3312 2239 3362 Γεωργοῖς
2258 3325 2341 3361 φησι

1321 3373 1377 3410 καὶ
1403 3374 1551 3411 Suidas.
1570 3399 1608 3404 -
1631 3382 1648 3417 4
1666 3372 1776 3424 Δημῳ
1793 3377 1836 3409 V.
1854 3370 1986 3420 Δήμοις
2002 3374 2046 3408 G.
2064 3382 2139 3408 om.
2158 3369 2294 3407 Snidas
2310 3381 2340 3410 s.
