2533 3808
236 196 309 228 174

284 288 327 312 85.
346 270 425 322 πρὶν
448 268 489 306 ἂν
509 266 621 319 {Si-513:
639 263 728 302 Ἀντὶ
747 265 807 301 τοῦ
825 262 905 315 πρὶν
926 262 1085 313 ἱδρώσῃς.
1105 259 1268 332 ἶΟμηρος

233 333 307 382 [Od.
326 338 349 367 1·
357 332 450 378 ,304]
468 349 519 354 —-
537 344 550 358 n
567 324 651 362 ἴδιον
679 324 725 365 ὡς
749 320 921 367 ἐνόησα.»
935 335 995 357 και
1008 319 1047 356 τὸ
1061 331 1181 368 καυμα
1195 318 1266 355 ἰδάἤ

232 391 343 438 λιμον,
361 387 500 438 ἱδρωτος
505 379 797 455 ‚ffeptxoeuenxo'm
814 385 855 415 V.
913 380 943 416 οἱ
960 377 1026 429 γὰρ
1039 376 1139 414 ι’πποι
1156 378 1189 414 ἐν
1208 375 1268 426 μὲν

231 462 274 495 τῃ
293 446 382 496 ἀρχῇ
402 444 463 479 οὐκ
487 440 571 477 εἰσὶν
593 438 678 482 ὀξεις
699 439 732 475 ἐν
750 453 800 490 τῳ
818 436 948 507 δρόμιξ).
971 434 1140 485 καμόντες
1157 434 1190 472 δὲ
1210 434 1269 472 καὶ

197 525 213 548 f,
232 502 436 555 ἱδρώσαντες
456 497 682 536 διαλυθέντων
698 512 765 534 των
782 496 926 545 μελῶν’
911 494 1085 546 οξύτεροι
1072 491 1228 530 ’ίνονταα
1239 519 1284 524 -

231 577 269 599 το
289 559 323 597 δὲ
341 558 497 610 σοὸαρως
519 555 567 607 μὴ
586 555 674 607 ἄγαν
692 553 887 596 σπουδαίως
906 551 1024 589 πέτου.
1046 559 1084 589 R.

283 632 329 657 87.
360 632 419 654 και
441 614 489 665 μὴ
510 619 587 651 πνεῖ
613 628 671 663 μοι
694 642 702 650 .
694 610 786 657 ’Μὴ
808 610 943 661 βδέσῃς.
965 611 1004 647 ἐκ
1029 607 1096 661 γὰρ
1115 611 1174 654 τ’ἧς
1199 606 1270 644 ἅνω

230 679 335 721 πνοῆς
360 673 420 711 καὶ
444 676 503 710 τοῦ
529 672 708 723 ἱδρῶτοςε
692 687 713 717 η
741 670 892 706 δυσυδια
913 669 1006 717 μᾶλ)
1010 683 1045 704 ον
1070 665 1191 712 ηυξετο
1210 668 1269 702 τοῧ

230 733 415 784 κανθάρου.
439 731 556 780 (δῆλον
573 729 608 766 δὲ
633 727 686 765 ὅτι
708 727 766 765 καὶ
787 726 870 763 αὐτὸ
889 725 974 778 πρὸς
990 724 1051 767 τὰς
1070 723 1196 777 τροφὰς
1216 724 1270 759 αἷ-

233 791 409 839 νίττεται.)
1170 834 1190 841 Ν

285 863 330 888 90.
361 842 390 885 (ἶ)
410 845 546 884 δέσποτ’
568 843 653 888 ἄναξ
674 857 683 882 :
705 842 771 881 Διὰ
790 842 828 880 τὸ
847 841 1032 892 μετάρσιον
1050 839 1151 877 αὐτὸν
1169 842 1271 891 ἧρθαι

232 923 291 945 και
310 906 506 958 προσδοκαν
526 901 753 947 ἐπιέησεσθαι
766 916 823 938 του
842 901 987 951 οὐρανοῦ
1001 897 1154 950 θειοτέρα
1170 896 1270 934 αὐτὸν

182 810 214 834 10

233 965 376 1015 ἐτίμησε
395 979 490 1015 φωνῃ
512 961 646 998 ἄνακτα
664 958 780 997 εἰπών.

286 1036 331 1062 92.
363 1022 662 1073 μετεωροκοπεῒς;
682 1020 771 1067 (Που
792 1015 846 1065 δὴ)
867 1015 944 1067 περὶ
963 1014 1007 1052 τὰ
1031 1013 1187 1067 μετέωρα
1207 1012 1271 1050 πέ-

182 1098 214 1123 15
235 1097 303 1127 τει,
322 1080 382 1118 καὶ
406 1079 519 1129 μάττν
541 1077 600 1116 καὶ
623 1079 667 1119 ὥς
693 1075 793 1126 ἔτυχε
817 1073 969 1123 κάμνεις.
1001 1077 1271 1124 μετεωροκοπεῖν

183 1150 186 1151 ’
233 1139 269 1177 δέ
293 1141 364 1176 ἐστι
389 1136 514 1188 κυρίως
534 1135 572 1173 τὸ
591 1137 639 1172 τῶ
662 1133 787 1171 πλάτει
805 1148 865 1177 της
888 1131 1007 1177 κώπης
1035 1130 1191 1180 ματαίως
1210 1145 1270 1174 την

234 1197 407 1235 θάλατταν
421 1195 573 1233 τύπτειν.
591 1216 643 1223 --
659 1192 723 1244 ἔφη
739 1192 774 1228 83
791 1207 852 1228 και
867 1192 899 1227 ἐν
917 1190 991 1232 ταῖς
1006 1187 1121 1241 Negas).
1125 1204 1176 1230 αις
1191 1188 1273 1237 [360]

234 1255 516 1308 μετεωρολέσχας
535 1268 611 1295 τους
628 1247 889 1304 φιλοσόφους,”
869 1264 920 1285 οτι
941 1246 985 1285 τὰ
1009 1246 1152 1299 οὔράνια
1173 1261 1273 1296 περι-

233 1317 378 1352 νοοῧσιν.
398 1311 641 1363 μετενήνεκται
659 1308 693 1346 83
710 1312 731 1354 ἡ
753 1307 841 1351 λεξις
859 1305 956 1359 παρὰ
974 1321 1012 1343 το
1031 1311 1103 1352 [Eq.
1121 1310 1187 1351 830]
1206 1323 1220 1337 «
1239 1303 1274 1341 τί

235 1371 508 1412 θαλασσοκοπεῗς
530 1368 588 1406 καὶ
607 1365 833 1419 πτερυγίζεις;
856 1383 870 1397 »
888 1372 928 1401 V.

287 1444 332 1469 94.
366 1429 677 1503 (παλαμησάμενος
704 1441 713 1465 :
742 1422 1049 1476 Μηγανησάμενος
1072 1421 1131 1459 καὶ
1155 1422 1272 1472 ἐγχει-

165 1506 168 1508 ’
200 1534 203 1535 7
235 1506 354 1542 ρησας,
367 1486 698 1536 ἀπὸτηςπαλάμης,
712 1489 733 1536 ᾗ
748 1483 832 1521 τὰτ·
806 1481 919 1520 πολλὰ
941 1480 1272 1529 κατασκευάζομεν.)

288 1562 335 1586 95.
366 1546 399 1584 τί
427 1546 525 1584 πέτει
556 1542 701 1595 εΠαρὰ
729 1540 959 1600 προσδοκίαν,
970 1538 1097 1576 ὡσανεὶ
1126 1552 1222 1587 εΛεγε
1240 1537 1274 1575 τί

235 1605 390 1656 κάμνεις.
412 1604 480 1642 ἀπὸ
496 1606 609 1642 κοινοῦ
629 1601 663 1640 δὲ
678 1601 716 1638 τὸ
734 1599 860 1651 μάτην,
877 1598 919 1635 ι’ν’
937 1602 958 1649 ᾐ
975 1597 1009 1635 τί
1030 1596 1143 1647 μάτην
1161 1599 1272 1634 πέτει.

289 1677 334 1702 96.
365 1664 514 1716 φλαῦρον
542 1675 550 1700 :
573 1660 661 1699 Ἀντί
678 1663 738 1697 τοῦ
757 1657 920 1711 φλύαρον,
941 1654 1062 1704 ἀηδὲς,
1081 1654 1272 1706 δύσφημον.

286 1735 333 1761 97.
363 1720 559 1764 ὀλολύζειν;
573 1718 625 1758 Τὸ
638 1716 725 1768 μετὰ
738 1719 890 1768 κραυγῆς
901 1714 1073 1765 εὔχεσθαι.
1086 1736 1138 1742 —-
1150 1712 1274 1762 εΌμη-

238 1795 292 1832 ρος
319 1785 373 1826 [11.
400 1787 441 1825 Ζ,
462 1783 526 1824 301]
540 1795 554 1811 «
582 1779 617 1814 αἱ
644 1776 671 1813 δ’
698 1776 847 1825 ὄλολυγῃ
874 1787 1001 1810 πασαι.
1031 1789 1046 1805 υ
1127 1769 1271 1813 Ἄλλως.

237 1838 413 1889 εὔγεσθαι.
439 1852 498 1873 και
525 1834 715 1887 Εὐριπίδης
729 1833 892 1903 ΞΕρεχθεῖ
910 1849 924 1863 «
946 1829 1116 1873 ὀλο)ύζετ’
1125 1858 1134 1875 ,
1157 1831 1185 1866 ὠ
1208 1845 1273 1879 γυ-

237 1897 366 1941 ναῖκες,
385 1911 429 1937 ως
450 1893 530 1944 ἔλθῃ
559 1891 619 1930 θεὰ
638 1893 770 1944 χρυσῆν
793 1890 923 1941 ἔχουσα
941 1887 1074 1940 γοργόν’
1095 1886 1274 1939 ἐπίκουρος

185 1965 220 1991 30
238 1954 384 1992 πόλει.»
401 1959 442 1987 V.

289 2025 334 2050 99.
363 2010 518 2062 λαύρας;
536 2007 678 2059 Λαύρας
691 2005 834 2048 ἐκάλουν
848 2003 908 2047 τὰς
922 2002 1041 2046 στενὰς
1057 2002 1179 2073 ρύμας,
1195 2002 1273 2040 ἔνθα

237 2074 335 2105 πᾶσα
357 2064 553 2118 ἀκαθαρσία
573 2064 677 2110 ἐστὶν,
698 2063 720 2110 ἢ
740 2078 817 2106 τους
834 2061 1007 2114 ῥυπαρους
1027 2061 1160 2104 τόπους.
1185 2063 1274 2098 ἀπο-

237 2125 363 2178 φράξαι
384 2128 440 2162 οὐν
462 2122 737 2176 παρακελεύεται
753 2121 812 2159 καὶ
833 2120 965 2163 πάντας
980 2119 1057 2162 τοὺς
1074 2135 1273 2171 κοπρωνας,

237 2183 293 2220 ἵνα
312 2183 359 2233 μὴ
380 2180 618 2234 προσπνέοντα
633 2180 811 2232 ἐρεθίσωσι
827 2178 883 2216 τὸν
905 2177 1087 2230 κάνθαρον.
1107 2177 1275 2230 μετέωρος

185 2253 218 2278 35
238 2240 310 2279 83
290 2257 336 2278 ων
357 2240 411 2278 ἐπι
430 2243 488 2277 τοῦ
506 2238 676 2292 κανθάρου
693 2237 804 2275 ταυτά
821 2252 917 2289 φησι.

292 2312 351 2337 102.
381 2299 459 2350 [οὐκ
478 2297 546 2335 ἔσθ’
566 2297 689 2340 ὅπως;
714 2294 771 2335 Ἰὰ
791 2294 868 2341 ἑξῆς
889 2294 933 2332 ιδ’
957 2293 1125 2345 ἰαμὸεῖα,
1152 2310 1198 2331 ων
1220 2293 1275 2331 ἐπὶ

236 2359 284 2409 τῷ
303 2356 393 2394 τέλει
409 2354 667 2408 παράγραφος]

294 2428 352 2453 107.
382 2414 563 2466 γράψομαι
580 2427 587 2451 :
604 2412 693 2450 Ἀντὶ
708 2414 768 2449 τοῦ
782 2409 1026 2462 κατηγορήσω.
1040 2409 1155 2454 παίζει
1170 2410 1204 2446 δὲ
1220 2409 1275 2447 διὰ

239 2471 276 2509 τὸ
295 2471 465 2523 φιλόδικον
481 2473 547 2506 τῶν
566 2467 764 2515 Ἀθηναίων,
783 2468 891 2516 λέγων
910 2466 969 2503 καὶ
986 2470 1044 2504 τοῦ
1063 2466 1143 2508 Διὸς
1166 2482 1275 2512 κατη-

186 2539 221 2564 40
239 2529 378 2580 γορῆσω
405 2531 450 2571 ὣς
477 2526 695 2579 προδιδόντος
726 2524 788 2571 τὴν
818 2524 977 2562 Ἑλλάδα
1009 2527 1079 2566 τοῖς
1106 2523 1272 2576 Πέρσαις.

237 2590 338 2624 τοῦτο
359 2584 394 2622 δὲ
409 2583 520 2634 λέγει,
537 2583 589 2621 ὅτι
607 2582 891 2632 Λακεδαιμονίοις
911 2581 1074 2627 ἐὲοήθουν
1091 2583 1121 2618 οἱ
1140 2581 1276 2633 Πέρσαι

239 2646 272 2681 ἐν
290 2646 338 2695 τῷ
359 2641 503 2694 πολέμῳ
522 2644 571 2693 τῷ
585 2641 915 2691 Πελοποννησιακῷ.
934 2661 984 2668 —
998 2642 1107 2675 ταῦτα
1123 2639 1150 2675 δ’
1167 2638 1206 2675 ἂν
1223 2638 1274 2683 εἴη

181 1385 215 1409 20

183 1678 217 1702 25

237 2701 345 2752 λέγων
367 2700 423 2737 διὰ
442 2700 519 2742 τοὺς
536 2699 814 2748 αὐτομολοῦντας
832 2699 881 2748 τῷ
896 2696 1009 2748 Μήδῳ
1025 2696 1083 2732 καὶ
1101 2695 1275 2746 ἀπαγγέλ-

237 2760 358 2800 λοντας
376 2757 419 2794 τὰ
447 2759 514 2793 τῶν
533 2755 720 2802 Ἀθηναίων
745 2754 954 2807 πράγματα,
979 2753 1034 2796 οὒς
1053 2752 1113 2790 καὶ
1135 2752 1276 2802 λαμῧά-

184 2825 218 2851 45
238 2832 349 2859 νοντες
369 2815 543 2859 ἐκόλαζον.
566 2822 604 2851 R.
622 2821 662 2850 V.

292 2875 382 2923 (108).
413 2873 584 2919 Μήδοισιν
612 2871 713 2909 αὐτὸν
740 2884 749 2909 t

238 2931 477 2969 καθάπτεσθαι
500 2929 678 2981 βούλεται,
699 2931 744 2971 ὡς
767 2927 988 2980 συνορώντων
1015 2925 1077 2976 μὲν
1099 2925 1161 2971 τὴν
1190 2926 1273 2977 βλά-

239 2989 316 3036 Grpe,
336 2989 395 3026 καὶ
412 2988 463 3026 ὅτι
484 2986 569 3040 ὑπὲρ
584 2990 652 3024 τῶν
670 2985 846 3036 πολεμίων
861 2984 952 3030 ἐστὶ,
971 2983 1224 3035 διαφθείρεσθαι
1241 2982 1275 3020 δε

239 3046 359 3089 αὐτοὺς
384 3045 528 3083 ἐώντων.
585 3044 697 3087 ἄλλως
721 3058 758 3081 τε
784 3042 843 3080 καὶ
864 3041 980 3094 φοὸεἰν
1009 3040 1130 3084 αὐτοὺς
1155 3041 1309 3092 βούλε-

190 3118 223 3142 50
241 3120 319 3150 ται,
351 3103 479 3146 δεικνυς
508 3119 559 3140 οτι
580 3101 820 3155 ἐωεδρεύοντας
841 3101 959 3150 ἔχουσι
984 3099 1168 3149 πολεμίους
1199 3114 1277 3141 τους

780 2869 982 2916 Λεληθότως
1004 2870 1072 2906 τῶν
1096 2867 1274 2914 Ἑλλήνων

243 3161 459 3214 βαρὸάρους,
487 3184 538 3190 ——-
564 3177 622 3198 και
647 3160 699 3197 οτι
726 3175 791 3211 περ
812 3158 900 3209 μετὰ
926 3159 1062 3195 πολλων
1082 3156 1274 3210 *χρημάτων

241 3220 300 3257 καὶ
319 3219 430 3256 πόνων
451 3225 559 3256 ποιεῖν
577 3218 724 3260 ἐκείνους
748 3217 834 3263 ἔδει,
855 3215 943 3254 ὥστε
965 3215 1115 3265 ἐμὲαλε
1084 3231 1131 3252 ειν
1156 3216 1203 3257 εἷς
1220 3230 1274 3266 ρι-

239 3276 408 3314 λονεικίαν
425 3292 484 3313 και
507 3275 686 3313 διάστασιν
706 3275 744 3312 τὸ
764 3273 980 3321 Ελληνικὸν,
1000 3277 1110 3310 ταῦτα
1137 3272 1190 3310 ἐπ’
1215 3287 1276 3309 ου-

241 3334 309 3371 δενὶ
326 3333 438 3386 κέρδει
456 3337 612 3371 ποιοῦσιν
631 3336 773 3375 ἑαυτοῖς.
795 3332 816 3370 ἃ
832 3332 898 3383 γὰρ
915 3331 1000 3383 ὑπὲρ
1015 3333 1082 3368 τῶν
1100 3329 1277 3380 πολεμίων

1305 2869 1403 2967 F

1305 2969 1308 2998 1

1009 175 1266 214 SCIlOLIA
1294 174 1365 212 IN
1381 174 1591 226 PACEM.

1328 244 1536 313 πράττεται,
1562 276 1672 297 ταυτα
1691 261 1752 297 οὐκ
1772 259 1900 307 ἄδηλον
1922 260 1974 298 ὅτι
1991 260 2082 301 κατὰ
2101 263 2170 299 τῶν
2187 263 2366 315 πραττόν-

1327 334 1395 355 των
1415 318 1556 368 γίνεται.
1579 325 1619 354 V.

1383 389 1445 413 109.
1477 374 1651 425 (οὐδέποτε
1681 377 1803 419 ζῶντος
1835 377 1918 426 ἐμοῦ
1948 390 1956 415 ;

1328 433 1445 486 γράψῃ
1468 435 1590 476 ζῶντος
1606 434 1716 483 ἐμοῦ.)

1384 505 1446 529 111.
1478 490 1590 540 (οὐχ’
1571 506 1645 528 εστι
1661 490 1758 543 παρὰ
1777 505 1914 530 ταυτατ
1933 494 2009 531 Ουκ
2030 492 2120 531 ἔστιν
2138 492 2252 536 ἄλλως
2271 492 2364 543 γενέ·
2385 510 2401 534 5

1331 552 1427 596 σθαι,
1445 551 1473 586 εἰ
1494 547 1542 596 μὴ
1565 549 1716 585 ἀνελθεῖν
1736 550 1782 591 εἷς
1797 549 1981 601 ουρανούς.)

1385 621 1446 645 110.
1477 600 1524 659 ([ιῦ
1541 606 1663 644 παιδία
1686 637 1693 644 .
1686 608 1831 644 ’Διπλ
1801 623 1831 652 η
1852 607 1911 644 καὶ
1931 608 2073 651 εἴσθεσις
2090 611 2136 652 εἰς
2155 608 2349 662 περίοδοι]

1386 664 1588 716 (ἀπέρχεται
1611 678 1618 703 :
1649 664 1817 711 Δηλονότι
1844 665 1996 712 ἀπέπτη.
2024 670 2042 704 ὃ
2071 666 2106 704 83
2126 667 2260 713 οἰκέτης
2284 668 2369 719 πρὸς

1330 722 1406 766 τοὺς
1419 724 1545 765 παῖδας
1559 722 1687 760 ἐκείνου
1704 722 1815 773 λέγει,
1830 725 1904 766 πῶς
1924 724 1983 760 καὶ
1998 725 2094 762 αὐτοὶ
2109 726 2278 772 δυνηθεῖεν
2294 726 2369 763 πεῖ-

1332 797 1390 818 σαι
1409 781 1465 818 τὸν
1482 781 1618 832 πατέρα
1637 780 1683 830 μὴ
1703 783 1926 831 ἀναπτῆναι.)

1387 853 1447 877 114.
1478 832 1506 876 ὦ
1526 839 1635 891 πάτερ
1659 852 1667 877 :
1691 839 1862 889 Σύστημα
1880 839 1993 891 ἕτερον
2014 841 2060 883 εἷς
2080 840 2140 878 δύο
2164 840 2368 893 διῃρημένον

1331 897 1518 950 περιόδους.
1536 897 1608 934 ἔστι
1621 898 1638 927 Ρ
1641 896 1655 934 3
1673 897 1904 949 τετράκωλον,
1919 897 1979 935 καὶ
1992 898 2137 936 ἕκαστον
2153 899 2370 947 δακτυλικὸν,

1986 376 2078 416 Οὔτε
2107 376 2260 430 πορεύσῃ
2286 376 2364 415 οὔτε

2394 796 2423 819 10

1284 965 1287 967 '
1331 956 1369 993 τὸ
1390 956 1452 1005 μὲν
1472 959 1608 1008 πρῶτΝ
1624 955 1682 993 καὶ
1697 956 1853 1007 δεύτερον
1869 956 2138 1003 καταληκτικὸν,
2155 956 2193 994 τὸ
2209 957 2244 995 83
2258 957 2371 1008 τρίτον

1333 1030 1393 1052 και
1419 1012 1583 1065 τέταρτον
1611 1013 1867 1059 ἀκατά)ηκτον.
1893 1013 2143 1051 ἀναπαιστικὸν
2171 1014 2206 1052 δὲ
2231 1014 2315 1052 αὐτο
2334 1014 2372 1052 οὔ

1333 1086 1458 1122 φαυεν,
1486 1071 1560 1108 ε’πει
1585 1070 1653 1107 από
1677 1086 1765 1113 τινος
1789 1070 1899 1122 τύγης
1917 1070 1994 1108 οὐδὲ
2015 1071 2276 1109 ἀνάπαιστον”
2257 1088 2371 1124 εογεν,

1333 1128 1423 1166 ἀλλὰ
1457 1127 1590 1172 πάντας
1626 1129 1815 1172 δακτύλους
1845 1129 1935 1175 πλην
1967 1133 2069 1182 τριῶν
2096 1130 2292 1169 συλλαὸων.
2329 1139 2370 1168 V.

1334 1187 1412 1239 [καὶ
1433 1186 1499 1224 εἰσὶ
1519 1190 1579 1233 τῆς
1605 1185 1666 1237 μὲν
1689 1187 1829 1239 πρώτης
1851 1187 2009 1239 περιόδου
2031 1187 2223 1226 δακτυλικὰ
2247 1188 2372 1241 τετρά-

1334 1260 1443 1295 μετρα
1463 1244 1633 1296 τέτταρα,
1653 1245 1713 1282 καὶ
1734 1247 1767 1282 ἐν
1785 1245 1915 1282 ἐκθέσει
1931 1246 2048 1283 ἐπικὸν
2067 1245 2112 1293 ἓν,
2133 1247 2206 1296 μεθ’
2225 1246 2374 1294 ὃτὰτῆς

2395 1090 2424 1113 15

1334 1301 1494 1354 δευτέρας
1510 1302 1668 1354 περιόδου
1689 1302 1792 1353 ὅμοια
1806 1303 1920 1341 πέντε.
1943 1304 1998 1340 ἐπὶ
2013 1307 2088 1347 ταῖς
2102 1304 2286 1342 ἀποθέσεσι
2299 1321 2372 1342 πα-

1335 1360 1543 1413 ράγραφος.]
1556 1359 1600 1397 τὰ
1615 1365 1758 1398 τοιαῦτα
1771 1362 2105 1414 παραχορηγῆματα
2124 1365 2301 1410 καλοῦσιν,
2316 1358 2371 1401 οἶα
2393 1383 2399 1388 ·

1333 1423 1390 1456 νῦν
1419 1418 1463 1456 τὰ
1482 1418 1603 1456 παιδία
1624 1420 1716 1456 ποιεῖ
1735 1421 1907 1457 καλοῦντα
1928 1420 1985 1457 τὸν
2012 1420 2160 1480 πατέρα.
2187 1425 2262 1458 εἶτα
2287 1421 2374 1472 πρὸς

1334 1477 1430 1515 ουδὲν
1451 1476 1501 1514 ἔτι
1520 1477 1652 1520 τούτοις
1670 1477 1851 1529 γρήσεται.
1872 1501 1921 1505 -
1934 1477 1974 1515 τὸ
1991 1479 2058 1518 δὲ
2041 1494 2062 1524 η
2060 1479 2109 1538 ῥ
2129 1477 2250 1529 ἔτυμός
2270 1494 2308 1529 γε
2323 1478 2375 1516 εἴ-

1338 1551 1438 1588 ρηται
1457 1535 1555 1586 παρὰ
1568 1534 1612 1572 τὰ
1631 1535 1664 1579 ἐξ
1680 1535 1806 1574 Αἰόλου
1823 1536 2012 1588 Εὐριπίδου
2028 1554 2042 1569 υ
2059 1536 2113 1590 ἀρ’
2127 1536 2252 1588 ἔτυμον
2273 1537 2374 1590 φάτιν

1335 1593 1453 1645 ἔγνων,
1471 1592 1595 1631 Αιολον
1617 1593 1733 1637 εὐνάζε
1739 1608 1767 1629 ιν
1784 1593 1888 1631 τέκνα
1908 1593 1988 1646 φίλτ
1991 1609 2067 1632 ατα.
2087 1613 2102 1627 ν
2119 1602 2156 1631 R.
2174 1603 2215 1632 V.

1391 1666 1452 1690 117.
1483 1652 1515 1694 ἐς
1532 1650 1708 1703 κόρακας;
1726 1651 1811 1689 Δέον
1826 1653 1932 1689 εἰπεῖν
1950 1654 1996 1695 εἷς
2010 1651 2165 1704 ουρανόν.
2180 1655 2211 1691 οἳ
2229 1651 2282 1700 δὲ,
2300 1652 2376 1690 ἀντὶ

1334 1713 1393 1747 τοῦ
1418 1708 1505 1759 μετὰ
1523 1712 1590 1746 τῶν
1608 1709 1743 1761 ὀρνέων.
1760 1709 1834 1760 ἅμα
1851 1709 1962 1748 δὲκαὶ
1983 1710 2034 1762 ἐφ’
2051 1710 2161 1763 ῧὸρει.
2182 1709 2293 1749 ἐδόκει
2307 1709 2376 1763 γὰρ

1336 1769 1518 1820 ἀνωφελῶς
1533 1767 1689 1814 ἀπιέναι,
1706 1767 1823 1820 ὥσπερ
1838 1771 1867 1806 οἳ
1888 1770 1934 1811 εἰς
1946 1768 1985 1805 τὸ
2005 1768 2125 1811 σκότος
2139 1768 2308 1811 ἀπιόντες.
2322 1793 2375 1797 —

1334 1823 1479 1868 Ἄλλως.
1503 1825 1670 1868 πολλάκις
1700 1825 1841 1875 εἴπομεν
1867 1824 1919 1862 ὅτι
1946 1827 1993 1868 εἰς
2018 1825 2172 1878 κόρακας
2201 1825 2317 1876 ἔλεγον
2344 1828 2374 1864 οἳ

1335 1882 1496 1929 παλαιοὶ,
1513 1883 1572 1920 καὶ
1593 1883 1656 1929 τὴν
1676 1883 1733 1920 ἐπὶ
1750 1883 1859 1935 τούτῳ
1875 1883 2027 1935 ἱστορίαν
2052 1883 2301 1934 διηγησάμενοι
2323 1889 2375 1930 [ad

1336 1942 1518 1991 Nub.133].
1546 1941 1688 1984 ἀστείως
1721 1940 1774 1987 δὲ,
1802 1940 1921 1986 ἐπειδὴ
1949 1942 2042 1978 δοκεῖ
2070 1945 2127 1978 ν’ὗν
2155 1943 2375 1988 ἀναπτῆσθαι

1941 1998 1967 2012 'r
1993 1998 2043 2012 Nl*

1336 2000 1462 2042 αυτοῖς.
1480 2015 1518 2037 το
1533 1998 1568 2036 δὲ
1583 1999 1798 2050 μεταμώνιος
1811 2001 1841 2036 οἱ
1858 1998 1920 2049 μὲν
1935 2001 2128 2043 ἐςεοεςαντο
2147 1999 2303 2049 ματαίως
2316 1999 2376 2037 καὶ

1335 2073 1419 2110 προς
1436 2057 1529 2095 οὐδὲν
1549 2073 1736 2109 χρησιμων,
1756 2060 1787 2095 οἱ
1802 2057 1838 2095 δέ
1854 2073 1938 2110 φασι
1930 2073 1957 2094 ν
1974 2057 2066 2100 ἰδίως
2084 2057 2302 2108 μεταμώνιον
2317 2058 2376 2096 τὸν

1336 2116 1496 2168 ἑτέρωθεν
1517 2115 1687 2169 μετέωρον
1705 2115 1900 2165 σημαίνειν,
1922 2115 2143 2165 πιστούμενοι
2158 2120 2260 2154 τοῦτο
2276 2110 2376 2169 παρὰ

1336 2174 1531 2225 Σιμωνίδου
1551 2174 1657 2217 οὕτως
1672 2173 1825 2216 εἰπόντος
1846 2193 1859 2206 «
1881 2173 1979 2211 κονία
1999 2173 2034 2211 δὲ
2056 2174 2153 2226 παρὰ
2174 2174 2298 2226 τροχὸν
2317 2190 2374 2224 με·

1336 2232 1506 2282 ταμώνιος
1526 2232 1644 2285 ἦέρθη.
1668 2251 1683 2265 u
1703 2240 1742 2269 V.
1766 2231 1940 2282 ματαίως,
1960 2231 2043 2284 πρὸς
2066 2231 2162 2269 οὐδὲν
2184 2232 2373 2284 χρήσιμον.

2008 2289 2193 2333 Β.Ἀλλι·)ς.
2214 2290 2375 2341 γελοίως,

1337 2348 1456 2395 ἐπειδὴ
1470 2349 1602 2400 ἤμελλε
1615 2348 1699 2401 πρὸς
1716 2348 1792 2392 τοὺς
1808 2348 1944 2400 ὄρνιθας
1960 2347 2178 2400 πορεύὲσθαι.
2198 2357 2239 2385 V.
2261 2356 2300 2386 R.
2319 2364 2378 2397 με·

1335 2406 1506 2457 ταμώνιος
1525 2420 1533 2445 :
1557 2406 1716 2448 Μάταιος
1737 2405 2010 2459 ἀνεμοφόρητος,
2031 2408 2179 2458 ἀχρεῖος.
2213 2413 2298 2444 Vict.

1391 2478 1451 2502 119.
1482 2463 1541 2501 καὶ
1567 2468 1667 2501 τοῦτο
1690 2463 1775 2514 πρὸς
1798 2463 1838 2500 τὸ
1863 2463 1897 2507 ἐξ
1924 2463 2050 2501 Αἰόλου
2080 2463 2270 2514 Εὐριπίδου
2296 2461 2377 2506 ἔπος

1337 2539 1351 2553 «
1373 2521 1515 2564 δοξάσαι
1530 2520 1619 2566 ἔστι,
1636 2519 1747 2572 κόραι·
1769 2520 1807 2557 τὸ
1824 2521 1852 2557 δ’
1873 2519 2043 2569 ἐτήτυμον
2057 2521 2119 2558 οὐκ
2135 2520 2207 2571 ἔχω
2220 2523 2342 2558 εἰπεῖν.
2359 2538 2373 2553 u
2393 2539 2430 2565 ⁴0

1336 2290 1434 2344 παρὰ
1454 2290 1515 2337 τὴν
1536 2290 1697 2328 ὑπόνοιαν
1722 2289 1756 2327 83
1778 2290 1966 2341 ἐπήγαγεν.

1336 2586 1373 2615 R.
1395 2587 1436 2615 V.
1458 2578 1598 2622 δοξάσαι
1618 2573 1676 2615 οὖν
1698 2578 1772 2614 ἀντὶ
1791 2581 1853 2616 τοῦ
1873 2580 2084 2624 ὑπονοῆσαι,
2108 2577 2259 2616 εἰκάσαι.

1392 2650 1450 2673 121.
1479 2635 1593 2688 ψακὰς
1616 2649 1624 2673 z
1641 2635 1691 2673 Τὸ
1706 2634 1948 2686 σμικρότατον,
1969 2635 1987 2673 ὃ
2006 2635 2065 2673 καὶ
2084 2635 2184 2688 νιφὰς
2203 2638 2373 2675 καλεῖται.

1336 2693 1483 2736 Ἄλλως.
1519 2692 1605 2742 μηδὲ
1638 2693 1760 2730 ὀὸολοῦ
1793 2692 1886 2735 ὄντος
1916 2696 2000 2742 ἡμῖν
2033 2693 2088 2730 διὰ
2120 2693 2179 2731 τὸν
2210 2694 2374 2745 πόλεμον.

1336 2775 1388 2780 --
1408 2752 1557 2823 γεωργὸς
1591 2750 1657 2802 γάρ
1685 2753 1768 2788 ἐστι·
1800 2750 1851 2788 διὸ
1883 2751 1942 2788 καὶ
1969 2754 2012 2803 τῇ
2048 2751 2180 2803 ψακάδι
2202 2753 2375 2804 ἁρμοδίως

1337 2810 1523 2862 ἐγρησατο.
1545 2817 1583 2846 R.
1606 2817 1645 2845 V
2393 2831 2427 2856 45

1393 2868 1480 2916 (123).
1510 2865 1715 2918 κολλύραν·
1707 2896 1714 2903 .
1746 2865 1908 2925 Κολλύρα
1935 2866 1973 2904 τὸ
2001 2866 2145 2905 ἔλαττον
2172 2882 2231 2904 του
2255 2867 2373 2920 ἄρτου,

1337 2924 1440 2975 [τινὲς
1467 2922 1501 2961 δε
1521 2923 1582 2969 τὴν
1610 2922 1779 2974 κολλύραν
1806 2917 1892 2966 εἶδος
1913 2924 2053 2975 ἅρτου],
2080 2923 2098 2962 ὃ
2131 2930 2200 2967 τοῖς
2227 2925 2376 2969 παιδίοις

1339 2982 1503 3022 διδόασιν
1531 2981 1648 3025 ἔπαιξε
1674 2980 1708 3018 δὲ
1737 2981 1834 3033 παρὰ
1859 2982 1898 3019 τὸ
1919 2982 2105 3034 λεγόμενον
2128 3001 2143 3016 κ
2167 2984 2197 3020 εἰ
2224 2982 2260 3020 δὲ
2286 2988 2374 3021 οἶνον

1339 3041 1447 3085 αἰτεῖ,
1468 3038 1628 3076 κόνδυλον
1644 3040 1738 3075 αὐτι)
1754 3039 1826 3085 δός,
1843 3058 1857 3072 »
1879 3039 1964 3092 ὑπὲρ
1984 3057 2045 3078 του
2059 3040 2179 3084 εθίζειν
2196 3055 2274 3083 τους
2295 3046 2375 3078 παῖ-

1339 3099 1398 3140 δας
1419 3096 1526 3144 μηδέν
1546 3112 1578 3133 τι
1595 3112 1754 3147 περιττον
1774 3098 1898 3143 ζητεῖν.
1915 3122 1966 3126 -
1985 3114 2044 3136 και
2060 3098 2144 3150 πρὸς
2163 3114 2205 3149 τῃ
2222 3097 2373 3150 κολλύρα
2395 3123 2429 3147 50

1339 3155 1414 3192 ἀντὶ
1433 3158 1491 3192 τοῦ
1512 3154 1596 3206 ὄψου
1616 3154 1791 3193 κόνδυλον.
1813 3154 1929 3200 ἔπαιξε
1951 3155 1987 3193 δὲ
2007 3135 2103 3208 παρὰ
2117 3158 2156 3193 τὸ
2172 3155 2371 3207 λεγόμενον.

1337 3210 1480 3255 Ἄλλως.
1510 3220 1551 3251 V.
1581 3212 1737 3264 φαίνεται
1767 3213 1805 3250 τὸ
1833 3213 1890 3251 ἐπὶ
1921 3216 1989 3251 τῶν
2017 3214 2164 3251 παιδίων
2189 3213 2374 3264 λεγόμενον

1340 3273 1485 3323 ἀρχαῖον
1513 3270 1561 3307 ὅν·
1588 3268 1629 3315 ἢν
1657 3270 1684 3306 δ’
1716 3275 1804 3307 οἰνον
1826 3273 1925 3322 αἰτῇ,
1946 3270 2127 3313 κονδύλους
2152 3272 2246 3322 αὐτῷ
2263 3271 2374 3318 δίδου,

1341 3329 1424 3380 ὑπὲρ
1444 3332 1502 3366 τοῦ
1524 3328 1641 3372 ἐθίζειν
1659 3327 1737 3371 τοὺς
1756 3331 1880 3372 παῖδας
1897 3328 2004 3379 μηδέν
2022 3344 2055 3366 τι
2073 3328 2233 3380 περιττὸν
2253 3330 2373 3369 αἰτεῖν.
