2485 3808
927 217 1177 256 SCHOLIA
1220 218 1277 257 IN
1315 219 1578 267 EQUlTES.

190 301 230 352 ἦν
254 305 288 344 δὲ
318 303 625 357 ὑπογραμματεύς.
652 303 953 355 [διαμεμαγμένας
986 303 1023 342 δὲ
1051 305 1227 357 πεφυρμέ-
1252 319 1259 364 ¹

188 381 259 410 νας.
273 379 391 416 -γρ,
412 365 515 402 Θεο-.
533 363 597 413 6.]

244 437 324 462 1108.
354 438 413 460 xv.
436 415 560 473 *10113'2011
587 434 718 459 Ο”““““Ον.

594 480 601 491 x
634 479 661 493 *xx
689 480 742 493 er«.

189 481 296 526 οὕτως
320 481 359 519 τὸ
378 479 543 533 ἰχθύδιον.
571 496 610 518 το
630 495 665 518 οε
686 483 776 527 ἑςης,
802 481 904 531 μόνον
921 484 970 519 τῖ’)
991 480 1116 519 ἐσθίειν
1143 481 1228 533 676—

744 421 816 459 Και
842 421 880 458 τὸ
899 421 996 474 ὄψον.
1017 421 1161 460 ἐκάλουν
1191 421 1226 460 δε

153 551 172 578 6
188 543 283 586 λαζε.
298 539 460 586 τοιαύτην
478 539 544 591 γὰρ
565 538 632 589 εγώ
650 555 702 577 σοι
723 540 909 592 ἀφθονίαν
899 541 1007 592 παρές
1010 556 1050 579 ω.

243 613 322 639 1107.
354 599 501 636 ἀνύσατε
517 602 575 636 νῦν
592 612 600 637 :
618 597 738 651 ''Ep-(o)
753 598 961 651 πληρώσατε
975 614 1033 636 και
1050 597 1098 648 μὴ
1115 597 1227 648 λόγοις

189 658 305 710 μόνοις
321 656 590 708 ἐπαγγέλλεσθε.

245 732 325 756 1109.
354 715 415 759 τὰς
431 715 529 761 ἡνίας
548 729 556 754 :
580 717 763 768 Τροπικῶς
784 715 852 753 ἀπὸ
868 718 935 753 τῶν
956 714 1135 767 ἁρμάτων.
1151 716 1226 756 ταῖς

190 775 256 829 γὰρ
285 776 397 822 ἡνίαις
415 778 634 826 ἧνιοχοῦνται
661 776 691 812 οἱ
717 773 818 812 ἵπποι
841 774 899 811 καὶ
923 775 953 810 οἱ
977 774 1080 823 δῆμοι
1106 772 1141 810 δὲ
1170 771 1226 809 διὰ

138 854 172 880 10
190 838 256 873 τῶν
272 833 562 883 πολιτευομένων.

245 907 325 932 1110.
354 890 511 944 τρέχοιμ’
532 889 572 928 ἂν
588 890 679 937 ἤδη;
701 889 868 941 Ἐγγύθεν
891 889 960 927 ἀπὸ
982 892 1042 926 τοῦ
1068 888 1161 934 ἡνίου
1185 887 1224 925 τὸ

189 949 345 1003 τρέχοιμ’
364 950 548 998 ἐπήγαγεν.
566 948 747 986 διαὲάλλει
762 948 796 986 δὲ
812 947 918 985 πάλιν
934 947 1012 991 τοὺς
1027 945 1226 993 Ἀθηναίους

188 1012 234 1054 ὡς
248 1009 392 1056 ἥττονας
411 1007 560 1058 κέρδους.

242 1081 320 1107 1111.
349 1061 378 1104 ὦ
419 1067 508 1116 δῆμε
542 1079 552 1104 ε
590 1065 707 1111 Διπλῆ
743 1064 803 1102 καὶ
837 1064 982 1107 εἴσθεσις
1020 1063 1080 1102 καὶ
1123 1062 1226 1113 μέλος

138 1144 169 1168 15
189 1122 456 1177 μονοστροφικὸν
488 1122 672 1173 ἀμοιὸαιον
701 1122 870 1175 περιόδων
899 1121 1141 1174 τεσσάρων,ε
1126 1123 1225 1159 ἐναλ·

187 1182 251 1227 λὰξ
283 1186 344 1220 τοῦ
383 1184 486 1233 χοροῦ
521 1183 555 1218 ἐν
591 1180 735 1220 ἐκθέσει.
771 1180 963 1219 δεκάκωλοι
998 1180 1034 1218 δέ
1068 1182 1154 1217 εἰσιν
1188 1182 1224 1217 αἱ

186 1240 350 1294 περίοδοι.
391 1239 542 1278 Ἰωνικὸν
573 1239 610 1277 δε
641 1240 710 1277 ἀπὸ
732 1239 887 1313 μείζονος
912 1239 965 1290 [το
985 1239 1139 1311 μέτρον].

185 1299 230 1338 τὰ
250 1298 344 1350 μέν’
328 1314 420 1337 εστιν
441 1299 721 1351 ἑφθημιμερῆ,
703 1299 762 1337 δύο
787 1297 823 1336 δὲ
848 1297 1014 1348 ἡμιόλια,
1032 1298 1071 1336 τὸ
1101 1298 1224 1350 τέταρ-

185 1374 242 1397 τον
274 1357 334 1395 καὶ
364 1357 404 1395 τὸ
432 1356 589 1397 δέκατον.
626 1356 784 1410 [εὕρηται
804 1355 840 1395 δὲ
872 1356 963 1395 κατὰ
991 1357 1052 1403 τὴν
1082 1356 1224 1409 πρώτην

131 1416 302 1469 ωχώραν
337 1415 398 1454 καὶ
438 1416 552 1454 παίων
593 1416 668 1453 ἀντ’
704 1416 873 1455 Ἰωνικοῦ.
1056 1431 1125 1452 τισι
1163 1415 1223 1453 καὶ

185 1474 389 1528 διτρόχαιος.
428 1475 480 1526 ἐφ’
521 1473 651 1525 εκάστῃ

182 1536 232 1572 τῶ
250 1533 342 1572 τέλει
357 1536 418 1580 τῆς
435 1532 601 1586 τετάρτης
615 1530 841 1602 παράγραρος
860 1549 918 1570 και
939 1531 1079 1583 κορωνίς
1083 1537 1104 1579 .]

237 1606 316 1630 1121.
345 1595 423 1634 νοῦς
455 1591 516 1629 οὔκ
560 1591 609 1628 ἔνι
643 1596 718 1634 ταῖς
755 1590 880 1641 κόμαις
918 1604 927 1629 :
968 1592 1065 1637 Οἱον,
1106 1592 1140 1628 ἐν
1174 1593 1224 1642 τῷ

184 1649 364 1703 ἐγκεφάλῳ
401 1651 509 1700 ὑμῶν.
552 1648 603 1686 ὅτι
638 1649 774 1700 ἐκόμων
812 1651 843 1687 οἱ
871 1650 999 1692 ἱππεῖς.
1035 1648 1224 1701 ἐγκέφαλος

130 1722 164 1746 25
184 1710 245 1747 οὐκ
263 1707 356 1746 ἔστιν
375 1710 468 1758 ὑμῖν,
488 1707 565 1744 οὐδὲ
586 1706 663 1744 ἐστὲ
684 1706 872 1759 φρενήρεις.

237 1780 316 1805 1124.
344 1766 440 1804 ταῦθ’
462 1765 628 1811 ἠλιθιάζω
654 1778 663 1804 :
694 1766 927 1812 Ἀναισθητῶ,
965 1769 1223 1817 προσποιοῦμαι

184 1824 315 1872 ἠλίθιος
338 1818 438 1862 εἶναι.
459 1824 670 1871 ἀναίσθητοι
695 1823 762 1877 γὰρ
781 1827 812 1862 οἱ
837 1824 941 1872 λίθοι,
962 1825 1020 1877 ἀφ’
1045 1819 1083 1862 06
1104 1825 1164 1863 καὶ
1184 1824 1223 1863 τὸ

181 1884 320 1931 ἠλίθιος.
339 1881 362 1929 ἢ
383 1882 458 1920 ἀντὶ
476 1886 537 1920 τοῦ
558 1882 763 1929 ἀνοηταίνω.

235 1957 321 1991 1126..
345 1941 502 1995 βρύλλων
539 1954 548 1980 ;
589 1941 884 1992 Ἐξαπατώμενος
922 1941 989 1979 ὗπό
1024 1958 1126 1980 τινων
1161 1942 1222 1980 καὶ

128 2015 163 2041 so
182 1999 329 2052 μεθύων.
355 2000 552 2052 Σύμμαχος
580 1999 638 2048 δὲ,
665 2000 853 2048 ὑποπίνων,
888 2002 927 2037 ἐκ
957 2000 1139 2050 μιμήσεως
1161 2004 1223 2047 τῆς

180 2062 247 2098 τῶν
263 2059 397 2097 παίδων
412 2062 539 2112 φωνῆς.

235 2131 313 2157 1128.
341 2117 541 2170 προστάτην
571 2129 580 2155 :

179 2175 338 2215 τουτέστι
357 2173 580 2225 δημαγωγόν.

236 2247 315 2273 1129.
345 2233 426 2271 ὅταν
460 2249 482 2284 ῃ
514 2231 661 2275 πλέως;
683 2231 857 2282 Φαεινὸς,
880 2231 956 2269 ἀντὶ
981 2235 1041 2270 τοῦ
1068 2232 1217 2285 πλήρης.

129 2305 162 2331 33
184 2291 360 2330 τουτέστιν
381 2290 464 2328 ὅταν
485 2289 692 2336 ηὐξῆσθαι
674 2293 757 2342 δοκῇ·
778 2306 838 2327 και
856 2290 964 2340 μέγας
981 2294 1080 2329 εἶναι.

237 2364 313 2390 1130.
343 2350 430 2402 ἄρας
455 2348 612 2393 ἐπάταξα
633 2362 642 2387 z
678 2348 899 2395 Κατέοαλον,
920 2351 959 2386 ἐκ
983 2349 1136 2399 μεγάλου
1161 2349 1221 2387 καὶ

181 2412 344 2462 λαμπροῦ
367 2408 528 2447 ταπεινὸν
559 2408 726 2455 ἐποίησα,
752 2407 927 2446 τουτέστιν
964 2407 1071 2451 ἐάσας
1102 2410 1211 2447 πλου-

1178 1256 1224 1277 (JJJ

919 1417 929 1429 9
984 1415 1017 1427 ‹x›

914 1432 948 1453 ἓν
981 1431 1017 1452 ΟΞ

693 1474 843 1526 περιόδῳ
881 1472 1124 1526 παράγραρος.
1165 1473 1223 1510 ἐπὶ

610 2117 680 2155 Τὸν
713 2116 970 2169 προϊστάμενον
1002 2121 1062 2154 τοῦ
1095 2115 1219 2167 δήμου.

179 2471 305 2518 ἧσαι,
325 2467 465 2519 ὕστερον
486 2465 617 2511 πένητα
638 2466 802 2513 ἐποίησα.

235 2539 313 2565 1131.
343 2525 375 2563 εἴ
399 2541 452 2563 σοι
474 2525 647 2572 πυκνότης
672 2524 783 2562 ἔνεστι
807 2538 816 2564 :
849 2523 1010 2571 Σύνεσις,
1033 2524 1212 2578 φρόνησις.

126 2594 165 2620 4ο
180 2586 210 2623 εἰ
229 2587 379 2637 συνεχῶς
396 2584 456 2622 καὶ
476 2583 554 2636 περὶ
573 2583 708 2627 πάντας
726 2582 815 2621 οὕτω
836 2583 1005 2637 φρονοίης.

233 2656 312 2682 1136.
342 2641 460 2695 ὥσπερ
486 2641 671 2692 δημοσίους
698 2642 852 2680 :Asina
887 2645 965 2693 βοῦς
1000 2641 1022 2687 ἢ
1053 2641 1217 2694 ταύρους,

179 2700 202 2748 ἢ
223 2701 310 2740 ἄλλο
332 2717 366 2739 τι
385 2705 539 2739 τοιοῦτον
560 2704 665 2750 θῦμα.
701 2700 886 2750 δημοσίους
917 2701 976 2751 δὲ,
1011 2700 1090 2744 τοὺς
1119 2703 1217 2752 λεγο-

181 2759 301 2810 μένους
327 2758 548 2812 φαρμακοὺς,
575 2758 672 2811 οἷπερ
704 2759 908 2811 καθαίρουσι
937 2759 1000 2802 τὰς
1032 2759 1150 2803 πόλεις
1168 2763 1218 2812 τῷ

181 2820 311 2856 ἑαυτῶν
339 2817 442 2870 φόνῳ.
469 2817 492 2864 ἢ
517 2817 596 2861 τοὺς
626 2817 780 2868 δημοσία
813 2817 873 2855 καὶ
902 2818 969 2855 ὑπὸ
995 2821 1056 2864 τῆς
1086 2817 1219 2862 πόλεως

128 2886 164 2911 45
179 2874 413 2928 τρεφομένους.
432 2875 584 2928 [ἔτρεφον
606 2876 674 2929 γάρ
694 2891 788 2919 τινας
808 2876 982 2922 Ἀθηναῖοι
1005 2876 1084 2913 λίαν
1111 2878 1216 2927 ἀγεν-

180 2939 249 2976 νεῖς
279 2933 340 2971 καὶ
372 2934 568 2986 ἀχρήστους
599 2934 659 2973 καὶ
697 2936 732 2972 ἐν
770 2938 883 2987 καιρῷ
922 2941 1099 2988 συμφορᾶς
1128 2951 1218 2979 τινος

181 2990 390 3037 ἐπελθούσης
413 2996 455 3044 τῇ
484 2991 602 3039 πόλει,
621 2994 744 3043 λοιμοῦ
765 2992 856 3044 λέγω
885 2993 907 3039 ἢ
928 2993 1084 3032 τοιούτου
1104 2994 1214 3044 τινὸς,

181 3048 276 3087 ἔθυον
305 3048 444 3093 τούτους
469 3049 569 3088 ἕνεκα
588 3055 650 3089 τοῦ
678 3055 897 3104 καθαρθῆναι
919 3056 979 3090 τοῦ
1005 3052 1215 3103 μιάσματος.

180 3106 238 3150 οὒς
262 3106 323 3144 καὶ
355 3107 576 3158 ἐπωνόμαζον
605 3110 828 3162 καθάρματα.
861 3110 922 3149 καὶ
953 3112 988 3149 ἐν
1018 3111 1217 3163 Βατράχοις

127 3188 163 3213 50
182 3169 261 3211 [7³3]

331 3248 400 3280 οὐδὲ
413 3253 616 3289 φαρμακοῖσιν
632 3252 699 3290 εἰκῆ
718 3253 827 3293 ῥᾳδίως
845 3254 988 3295 ἐχρήσατ’
1007 3254 1070 3295 ἆν.]

235 3340 314 3366 1136.
344 3326 425 3364 ὅταν
454 3326 502 3376 μή
523 3342 577 3365 σοι
603 3328 724 3380 τύχῃς

181 3384 285 3436 τυχὸν
304 3384 406 3437 πόρος
420 3385 643 3437 χρημάτων
632 3390 665 3432 ἠ.

752 3333 946 3383 Τροπικῶς.
967 3331 1049 3370 ὅταν
1072 3331 1121 3381 μή
1151 3348 1204 3370 σοι

1243 2677 1249 2739 Ι
1282 2706 1292 2718 ,

2276 239 2316 269 71

1341 320 1418 346 1139.
1449 307 1525 352 ὃς
1509 325 1550 346 αν
1569 325 1590 360 ῃ
1614 309 1756 362 παχὺς.
1749 324 1756 332 ·
1790 312 1973 356 Πλούσιος.
1993 316 2013 360 ἡ
2041 316 2223 369 μεταφορὰ
2254 319 2323 356 ἀπὸ

1283 381 1352 402 των
1379 366 1518 418 χοίρων.
1538 368 1759 418 [ἐπιδειπνεῖς
1778 368 1831 417 δὲ,
1859 371 2019 420 δημεύεις
2035 374 2149 410 αὐτων
2177 378 2242 418 τὰς
2261 378 2321 446 06—

1642 429 1651 439 .
1683 428 1691 440 ,
1725 427 1733 438 1
1769 427 1784 439 ..

1284 482 1342 519 ἐπὶ
1362 498 1410 519 τω
1427 485 1563 520 θῦσαι
1546 499 1671 521 οειπνει
1651 452 1745 536 ’”ς.].

1339 554 1417 580 1142.
1445 543 1655 613 περιέχομαι
1677 557 1685 582 :
1708 545 1918 598 Ἐνεδρεύω,
1939 547 2114 591 ἐξαπατῶ.
2135 549 2158 596 ἢ
2182 550 2322 602 σορίζο-
2341 570 2356 593 5

1284 613 1347 648 μαι
1365 615 1424 637 και
1443 600 1656 652 ὑπέρχοααι.

1338 670 1416 695 1146.
1448 658 1540 708 [0683
1568 661 1677 697 δοκῶν
1702 663 1784 712 ὁρᾶν
1807 675 1815 701 :
1838 662 1929 701 Οὐδὲ
1956 665 2249 716 προσποιούμενος
2273 669 2321 704 εἰ-

1283 714 1377 752 δέναι
1396 716 1483 768 ἅπερ
1503 717 1654 763 ἠδίκουν.
1658 719 1672 769 ]

1337 786 1415 812 1149.
1444 775 1571 826 [ἅττ”“
1556 791 1597 813 αν
1615 776 1836 830 κεκλόφωσί
1831 794 1896 817 μου

1282 833 1380 883 ὠσι.]

1919 793 1928 819 :
1945 779 2041 818 Οσα
2057 780 2097 819 ἂν
2119 784 2323 836 κεκλοφότες

2344 858 2374 882 141

1338 904 1417 930 1150.
1449 891 1590 942 κημὸνε
1610 893 1769 944 Κημὸς
1755 911 1773 933 ο
1790 895 1893 939 κάδος
1912 899 1980 934 τῶν
2001 899 2222 946 δικαστικῶν,
2244 900 2321 939 ἔνθα

1282 949 1430 988 ἔὲαλλον
1462 967 1524 995 τας
1557 952 1606 1004 ψτ’
1601 968 1705 1005 [ρους.
1788 952 1934 998 Ἄλλως.
1967 957 2078 1007 κημὸς
2113 961 2130 996 8
2169 959 2226 996 ἐπὶ
2261 964 2320 998 τοῦ

1282 1008 1466 1057 καδίσκου,
1484 1014 1531 1054 εἰς
1559 1011 1595 1048 ὃν
1622 1011 1683 1055 τὰς
1708 1012 1844 1065 ψήφους
1873 1015 2038 1052 καθίεσαν
2067 1017 2102 1053 ἐν
2122 1019 2191 1060 τοῖς
2223 1019 2320 1055 δικα-

1283 1067 1445 1119 στηρίοις.
1466 1070 1670 1121 Κρατινος
1652 1070 1687 1108 οὲ
1705 1071 1808 1109 αὐτὸν
1824 1073 1857 1109 ἐν
1876 1072 2007 1123 Νόμοις
2027 1074 2198 1126 σχοίνινον
2212 1077 2321 1126 ἠθμὸν

1282 1128 1396 1166 καλει.
1425 1131 1579 1171 τοιοῦτος
1598 1128 1666 1181 γὰρ
1695 1129 1826 1181 ἐγίνετο
1843 1130 1903 1168 καὶ
1925 1135 1967 1178 ἠν
1988 1133 2178 1205 παρόμοιος
2199 1135 2318 1186 χώιῃ,

1282 1187 1328 1228 ὡς
1347 1185 1406 1223 καὶ
1431 1188 1645 1239 Σοοοκλης’
1631 1203 1665 1224 εν
1683 1187 1822 1241 Ἰνάχω.
1846 1188 1988 1242 ὕστερον
2015 1192 2051 1229 δὲ
2072 1194 2242 1245 ἀμφορεῖς
2261 1193 2320 1231 860

1282 1243 1424 1282 ἵσταντο
1453 1246 1488 1282 ἐν
1519 1251 1591 1289 τοῖς
1625 1247 1876 1298 δικαστηρίοις,
1909 1252 1926 1286 8
1957 1248 2000 1299 μὲ
2003 1266 2020 1286 ν
2049 1252 2221 1301 χαλκοῦς,
2241 1254 2259 1289 8
2287 1251 2323 1290 δὲ

1282 1302 1422 1347 ξύλινος.
1442 1320 1502 1341 και
1520 1307 1538 1343 ὁ
1559 1304 1622 1355 μὲν
1646 1304 1762 1356 κύριος
1779 1309 1835 1353 ἦν,
1852 1309 1869 1344 8
1895 1306 1930 1344 8:
1951 1307 2088 1360 ἄκυρος.
2111 1309 2184 1360 ἔχει
2204 1308 2239 1346 δὲ
2261 1325 2321 1347 και

1281 1364 1299 1399 8
1336 1363 1505 1413 χαλκοῦς,
1545 1379 1590 1406 ως
1626 1379 1729 1416 φησιν
1764 1364 2020 1416 Ἀριστοτέλης,
2060 1367 2321 1419 διερρινημένον

1281 1420 1450 1471 επίθεμα,
1477 1423 1523 1464 εἷς
1548 1421 1587 1459 τὸ
1614 1421 1721 1468 αὐτην
1753 1426 1860 1473 μόνην
1890 1423 1954 1470 τὴν
1980 1427 2094 1478 ’ψῆφον
2130 1426 2322 1465 καθίεσθαι.
2342 1450 2348 1455 -

1281 1479 1364 1531 πρὸς
1383 1483 1485 1518 τοῦτο
1504 1474 1561 1518 οῦν
1581 1484 1599 1518 ὃ
1618 1481 1740 1531 κημός.
1762 1483 1837 1520 ἀντὶ
1856 1481 1892 1520 δὲ
1919 1483 2045 1536 ψῆἲιων
2065 1500 2140 1527 ταις
2156 1500 2324 1537 χοιριναις

1282 1539 1312 1575 οἱ
1332 1538 1495 1576 δικασται
1515 1541 1569 1591 ἐγ
1563 1555 1678 1578 οωντο.
1706 1544 1811 1578 αὗται
1833 1541 1869 1579 83
1887 1541 2014 1594 κόγχαι
2035 1559 2105 1580 τινε
2098 1542 2125 1586 ’ς
2150 1545 2253 1594 εἰσιν,
2276 1560 2323 1588 ως

1282 1612 1385 1649 φησιν
1406 1598 1692 1650 Ἐπαφρόδιτος
1678 1615 1712 1636 εν
1734 1606 1810 1643 ταῖς
1826 1599 1970 1645 λέξεσιν.
1993 1617 2052 1639 και
2073 1604 2090 1639 8
2109 1607 2179 1646 τοῖς
2203 1601 2323 1646 ι’πποις

1279 1655 1318 1693 83
1337 1656 1592 1708 περιτιθεμενος
1611 1656 1719 1701 οὕτως
1744 1660 1902 1697 ἐκαλεῖτο
1922 1659 2051 1710 κημὸς,
2069 1662 2087 1697 ὃ
2109 1661 2323 1711 καλούμενος

1281 1714 1402 1766 φιμὸς,
1421 1731 1466 1757 ως
1487 1717 1650 1768 Ξενοφων
1670 1718 1703 1754 ἐν
1728 1718 1824 1760 τοῖς
1814 1718 1894 1770 περὶ
1918 1720 2065 1765 ἱππικης
2092 1724 2156 1765 [10,
2172 1723 2217 1766 8].
2235 1719 2374 1758 πλέ-ὶο
2341 1735 2371 1745 ·”

1281 1789 1354 1824 γμα
1378 1789 1412 1811 τι
1444 1775 1484 1811 ἐκ
1507 1773 1669 1825 σχοινίων
1697 1775 1876 1826 γινόμενον
1906 1775 2023 1827 ὅμοιον
2050 1780 2176 1830 ἧθμω,
2203 1780 2232 1815 ω
2261 1778 2322 1823 τὰς

1280 1832 1458 1886 πορφύρας
1490 1832 1748 1883 λαμὸάνουσιν,
1772 1836 1819 1877 εἷς
1853 1834 1871 1872 ὃ
1907 1838 1942 1872 αἱ
1974 1835 2148 1889 πορφύραι
2186 1836 2247 1874 καὶ
2277 1837 2323 1875 τὰ

2345 1154 2374 1177 15

1280 1891 1450 1943 κογχύλια
1483 1892 1712 1945 εἷο-ἕρπουσιν.
1742 1894 1776 1929 ἐν
1804 1894 1918 1937 αὐτοῖς
1947 1895 1983 1931 δὲ
2012 1894 2144 1938 τούτοις
2170 1896 2243 1932 ἐστὶ
2264 1896 2324 1933 καὶ

1279 1949 1319 1987 τὸ
1348 1950 1484 2002 δέλεαρ,
1513 1950 1559 1994 ὥς
1584 1966 1688 2003 φησιν
1717 1950 1950 2003 εΗρωδιανὸς,
1974 1952 2250 2005 παρατιθέμενος
2280 1953 2326 1991 τὰ

1281 2009 1497 2062 Σοφοκλέους
1513 2010 1552 2047 ἐκ
1577 2008 1762 2060 Ποιμένων
2341 2027 2375 2052 :30

1449 2101 1578 2138 κημοῖσι
1595 2099 1736 2134 πλεκτοῖς
1754 2099 1907 2140 πορφύρας
1923 2099 2035 2140 φθείρει
2052 2100 2149 2140 γένος.

1280 2179 1456 2230 Αἰσχύλος
1487 2180 1522 2216 ἓν
1557 2178 1751 2231 Λυκούργῳ
1791 2180 2034 2231 ἂλληγορικῶς
2065 2178 2142 2222 τοὺς
2173 2179 2323 2230 δεσμοὺς

1278 2236 1409 2287 κημοὺς
1447 2237 1564 2289 εἴρηκε
1610 2236 1667 2274 ’διὰ
1698 2236 1843 2284 τούτων,
1879 2256 1894 2271 «
1931 2237 1990 2275 καὶ
2028 2237 2151 2275 τούσδε
2190 2237 2321 2288 κημοὺς

1278 2295 1461 2346 στόματος.
1493 2314 1506 2329 υ
1588 2295 1732 2338 Ἄλλως.
1761 2295 1928 2339 Φαεινός·
1959 2295 2070 2346 κημὸς
2097 2298 2115 2333 8
2142 2295 2273 2347 χάὸος,
2303 2300 2321 2334 8

1278 2353 1533 2406 περιτιθέμενος
1560 2356 1631 2396 τοῖς
1653 2353 1781 2397 ἵπποις.
1810 2354 1870 2391 καὶ
1900 2357 2065 2404 κημῶσαι
2087 2353 2127 2391 τὸ
2158 2355 2320 2404 συγκλεῖ-
2338 2377 2372 2402 35

1278 2427 1349 2450 σαι.
1381 2412 1441 2450 καὶ
1469 2413 1499 2450 οἱ
1529 2411 1640 2464 ἰατροὶ
1667 2414 1833 2462 κημῶσαι
1864 2411 2004 2464 λέγουσι
2032 2412 2070 2449 τὸ
2098 2412 2155 2450 τὸν
2183 2413 2319 2465 ὀφθαλ-

1280 2471 1345 2521 μὸν
1364 2473 1535 2524 φιμῶσαι.

1330 2530 1546 2580 καταμηλῶν
1571 2543 1579 2568 ;

1277 2591 1340 2635 λην
1376 2587 1557 2625 καθίεσθαι
1592 2587 1660 2626 ὑπὸ
1691 2592 1751 2625 τοῦ
1785 2590 1906 2640 ἰατροῦ
1935 2588 1982 2630 εἰς
2009 2586 2068 2624 τὸν
2099 2586 2243 2636 λαιμὸν,
2274 2588 2340 2629 ὡς7

1841 2644 1953 2695 κημὸς
1995 2644 2030 2682 δὲ
2074 2646 2232 2682 ἐκαλεῖτο
2278 2644 2318 2682 τὸ
2337 2666 2371 2690 40

1606 2530 1845 2579 Καταμηλοῦν
1869 2528 1932 2579 μὲν
1958 2529 2076 2580 ἔλεγον
2101 2529 2140 2567 τὸ
2162 2528 2224 2575 τὴν
2250 2529 2318 2579 μή·

1277 2650 1414 2684 ποιοῦσι
1454 2646 1515 2684 καὶ
1555 2648 1586 2684 οἳ
1627 2648 1800 2696 ἐμοῦντες.

1277 2704 1515 2755 επιτιθέμενον
1544 2703 1686 2754 πλέγμα
1716 2707 1765 2756 τῷ
1793 2702 1922 2755 καδίῳ,
1949 2702 1991 2740 δι’
2019 2697 2059 2740 οῦ
2092 2703 2123 2740 οἱ
2154 2701 2317 2739 δικασταὶ

1276 2763 1440 2801 καθίεσαν
1468 2779 1529 2806 τας
1557 2762 1702 2815 ψήφους.
1730 2762 1769 2799 τὸ
1795 2761 1874 2800 ὅλον
1903 2756 1960 2800 οῦν
1991 2759 2151 2812 βούλεται
2179 2759 2230 2796 ὅτι
2252 2775 2316 2797 κα-

1275 2820 1553 2874 ταὺηςιιζόμενος
1587 2822 1701 2857 αὐτων
1729 2819 1790 2857 καὶ
1820 2819 1967 2863 δικάζων
1999 2817 2186 2887 ἀναγκάζω
2219 2819 2314 2867 ἐμεῖν

1275 2878 1336 2923 τὰς
1365 2879 1508 2922 κλοπάς.
1590 2877 1734 2920 Ἄλλως.
1763 2878 1977 2927 καταμηλων
2009 2876 2085 2913 ἄντι
2116 2879 2177 2913 τοῦ
2205 2890 2316 2912 κατα-

1275 2937 1423 2982 δικάζων
1456 2937 1516 2975 καὶ
1546 2936 1811 2988 εξοστρακίζων.
1841 2935 1911 2972 ἀπὸ
1936 2940 2133 2987 μεταφορᾶς
2164 2936 2233 2971 τῶν
2260 2936 2314 2972 ἰα-
2333 2954 2367 2979 45

1274 3012 1364 3049 τρων
1385 2999 1454 3034 τῶν
1475 2994 1731 3045 δοκιμαζόντων
1749 2993 1807 3031 δια
1826 2997 1887 3040 τῆς
1906 2993 2033 3043 μήλης.

1329 3069 1409 3093 1151.
1442 3054 1550 3103 ἄπαγ’
1581 3055 1614 3096 ἐς
1650 3052 1869 3104 μακαρίαν.
1891 3051 2064 3104 [Κορωνὶς
2088 3055 2184 3094 αὖθις
2214 3050 2313 3102 ἑτέρα

1274 3112 1448 3150 εἰσιόντων
1488 3113 1556 3148 τῶν
1597 3126 1805 3163 υποκριτων.
1838 3111 1869 3147 οἱ
1913 3109 1949 3147 83
1999 3108 2112 3160 στίχοι
2153 3107 2312 3158 ἷαμὸικοι

1272 3170 1448 3237 τρίμετροι
1476 3168 1713 3215 ἀκατάληκτοι
1740 3168 1803 3220 ριδ’
1810 3198 1821 3218 ,
1850 3166 1942 3214 πλην
1973 3171 2032 3206 τοῦ
2058 3168 2119 3215 πη’
2148 3147 2311 3218 ἰαμὸικοῦ

1274 3228 1484 3280 μονομέτρου
1501 3225 1850 3279 βραχυκαταλῆκτου.
1866 3242 1914 3263 ων
1929 3228 1948 3263 8
1966 3226 2178 3271 τελευταῖος,
2330 3243 2363 3266 50

1498 3315 1572 3346 ἷδειν
1592 3313 1708 3354 ἀμείνω
1725 3318 1762 3355 τῇ
1779 3314 1964 3355 Κεχηναίων
1981 3313 2079 3344 πολει.

1272 3389 1329 3427 ἐπὶ
1352 3392 1401 3442 τῷ
1432 3388 1523 3426 τέλει
1555 3388 1730 3441 κορωνίς.]
1746 3388 1915 3441 γράφεται
1937 3387 2005 3439 ἔρρ’
2035 3389 2081 3430 εἷς
2114 3384 2304 3436 μακαρίαν,
