2517 3792
1162 166 1317 206 PACIS.

195 262 356 306 ῡιονίκαίς
377 265 422 300 R.
439 263 486 298 V.
505 271 579 295 om.
598 256 679 294 Ald.
700 287 741 294 ..
763 256 811 292 52
834 269 888 306 sq.
911 255 1108 306 legebatur·
1125 269 1214 307 χρυ-

195 321 374 370 σάμπυκες
394 321 426 361 ἐς
440 318 468 354 δ.
488 331 546 366 μοι
562 313 818 353 συνανέὸαινον.
837 342 876 351 ..-
895 315 944 351 53
961 313 1215 363 συναντώμενοι

194 380 280 417 Ald.
295 374 572 424 συναντωμέναις
591 377 635 410 V.
654 403 694 410 .-
717 373 760 417 54
784 373 942 415 παιδίους
963 376 1005 411 V.
1027 372 1147 410 παιδία
1170 377 1214 410 G.

193 439 228 474 .-”
258 438 325 473 1-3
351 434 388 472 οὕ
415 431 650 470 ποτ’-ἀοιδαί
672 445 745 468 oni.
773 431 857 469 Ald.
884 462 925 468 -.
948 445 968 467 2
991 433 1153 481 γλυκεῖαν
1172 434 1214 467 V.

199 525 233 531 .-
254 495 274 530 5
297 493 358 543 μὲν
377 493 538 529 alterum
564 504 639 528 om.
660 494 703 527 V.
719 520 759 526 -
780 491 802 526 6
823 490 927 527 πάλιν
948 489 1070 527 τούτου
1090 494 1133 526 G.
1150 504 1215 525 πε-

194 551 413 604 ριφερόμενος
431 555 478 588 V.
498 581 538 587 .-
561 563 604 585 12
623 551 642 599 β
660 552 719 585 τοῦ
747 548 956 598 ἷαμὲοποιοῧ
981 552 1022 586 V.
1043 547 1216 597 Legeba—

194 618 255 647 tur
278 608 357 652 τοὺς
385 612 406 660 β
432 607 671 658 ἷαμέοποιούς.
706 607 875 644 Iudicavi
906 608 1078 643 lacunam
1100 621 1106 642 :
1129 618 1216 641 narn

192 668 337 705 excidit
364 667 645 705 substantivum
667 666 833 715 aliquod.
857 668 975 702 Dxxo.
998 695 1039 701 -
1068 664 1108 699 13
1135 679 1216 712 σμι-

191 725 350 778 κρολόγοι
375 726 463 763 Ald.
489 755 531 762 .-
556 731 597 768 14
621 723 802 773 Σιμωνίδη
828 727 871 760 V.
898 754 939 760 ...
970 724 1014 759 15
1041 721 1136 773 παρὰ
1156 725 1216 768 V.‚

192 797 269 821 non
286 789 331 822 G.
356 816 396 821 -
428 785 472 820 16
495 782 656 834 νεμήσεις
685 783 935 831 Tyrwhittus.
968 780 1216 819 Scribebatur

193 841 362 892 νεμέσεις.

247 902 338 950 698,
364 902 407 938 18
428 900 487 938 καὶ
504 899 712 951 φιλάργυρος
724 902 767 936 V.

247 960 338 1008 699,
362 972 481 995 20-22
501 958 746 998 Ἀντὶ-..ἄλλως
762 970 836 993 om.
851 958 913 1002 V.,
933 955 998 1005 qui
1012 954 1127 992 habet
1142 969 1215 991 πα-

195 1017 313 1069 ροιμία
331 1020 406 1054 θεοῦ
425 1017 494 1054 θέλ.

248 1089 320 1122 702
343 1077 381 1112 in
405 1079 447 1111 R.
472 1073 547 1111 ἀντὶ
571 1076 631 1110 τοῦ
651 1071 908 1124 λιποψυχήσας.
930 1073 977 1115 εἷς
996 1072 1216 1125 οἰνοφλυγίαν

193 1132 228 1170 δὲ
244 1136 262 1171 ὁ
282 1134 453 1185 Κρατῖνος
472 1131 711 1168 διαὸάλλεται.
728 1161 770 1166 -
791 1133 838 1167 26
858 1130 1010 1173 ἐκλυθεὶς
1031 1135 1072 1168 V.
1087 1139 1124 1168 et
1138 1131 1218 1168 Sui-

193 1192 259 1229 das
287 1205 316 1228 s.
341 1190 571 1242 ‘sspatxtoicaq.
588 1189 764 1232 ἑλκυσθεὶς
790 1190 871 1226 Ald.
902 1191 975 1227 λιπ.
1014 1193 1052 1227 V.
1076 1190 1216 1241 λειποψ.

191 1250 280 1288 Ald.
298 1258 336 1286 et
353 1249 501 1295 Suidas,
520 1249 582 1285 hic
599 1257 636 1285 et
653 1262 712 1297 29.
735 1279 776 1284 -
799 1262 846 1297 29
865 1248 938 1286 ἴσον
958 1251 995 1285 V.
1010 1248 1050 1285 τὸ
1067 1248 1218 1301 ὼρακιά-

191 1324 255 1351 σας
273 1309 360 1346 Ald.
382 1339 423 1345 -.
446 1310 493 1346 32
511 1310 707 1345 σκοτῶσθαι
727 1316 763 1345 ct
780 1306 856 1345 ἴσου
870 1310 916 1347 V.
931 1307 1004 1345 ἴσον
1021 1312 1067 1345 G.

247 1373 336 1415 704,
359 1368 406 1404 36
423 1367 483 1404 καὶ
500 1380 574 1404 om.
594 1370 636 1403 V.

247 1427 342 1473 706,
372 1427 420 1463 38
449 1426 684 1463 συνελθουσῶν
706 1427 807 1462 V.-
822 1425 869 1473 39
894 1423 1216 1469 συνανελκύσθησαν

187 1487 236 1524 R.
269 1489 314 1522 G.
339 1484 619 1530 συνελκύσθησαν
644 1488 686 1521 V.
718 1485 780 1522 Sic
807 1482 1010 1527 ξυνέλκυσον
1033 1497 1080 1521 ex
1110 1483 1215 1527 ξυνα-

191 1541 356 1581 νέλκυσον
381 1552 608 1594 corruptum
634 1543 790 1580 videtur
815 1543 854 1579 in
882 1542 1011 1579 verbis
1032 1552 1156 1593 poetae
1182 1557 1215 1579 v.

193 1607 282 1647 417.
305 1603 422 1639 Dum.

248 1673 336 1705 712,
361 1660 410 1696 52
429 1658 596 1710 βλήχωνα
616 1663 663 1697 V.
681 1689 721 1696 .-.
740 1658 786 1695 53
809 1657 992 1710 ἀποστύφῃ
1010 1662 1054 1696 R.
1069 1660 1155 1698 Ald.
1177 1690 1216 1696 ,-

194 1717 240 1761 54
259 1717 425 1768 γλήχωνα
441 1719 578 1756 Suidas
595 1732 623 1755 s.
642 1716 708 1755 Διὰ
722 1717 859 1768 χρόνου.
875 1716 1059 1768 γλήχωνας
1074 1722 1118 1755 R.
1136 1719 1215 1755 Ald.

190 1774 369 1826 γλήχωνος
393 1780 437 1813 V.
459 1775 627 1826 γλήχωνα
644 1780 690 1813 G.
715 1777 768 1825 γλ.
787 1774 945 1812 πίνουσιν
964 1776 1111 1814 Suidas.
1127 1776 1218 1814 ἐσθί-

190 1848 284 1877 οντες
297 1833 429 1880 πολλὴν
445 1838 490 1870 V.
506 1865 548 1871 .-
563 1848 584 1870 2
599 1834 636 1871 τὸ
650 1833 728 1884 γὰρ,
752 1835 771 1870 3
791 1848 846 1884 sq.
862 1835 938 1877 τοὺς
955 1833 1217 1885 βλαπτομένους

191 1890 258 1928 ὑπὸ
278 1894 340 1937 τῆς
358 1891 497 1944 ὀπώρας
514 1901 551 1928 et
572 1892 729 1942 γλίχωνα
749 1896 790 1929 V.

245 1964 333 1997 717,
356 1952 401 1987 18
419 1949 454 1987 δὲ
480 1964 556 1987 om.
575 1954 621 1989 R.
643 1950 769 2001 χόλικα
786 1953 829 1987 V.
850 1950 938 1989 Ald.

245 2015 317 2055 724
330 2022 406 2055 ,22
422 2008 512 2046 Ἀντὶ
530 2013 589 2046 τοῦ
605 2017 642 2045 et
665 2009 710 2045 223
733 2002 827 2051 οὗτος
844 2017 881 2046 et
896 2007 952 2045 διὰ
972 2022 1048 2046 0111.
1066 2012 1111 2047 R.
1124 2037 1133 2055 ‚
1150 2010 1216 2059 qui

191 2065 293 2116 μόνος
306 2067 389 2120 παρ’
407 2069 521 2110 αὐτοῖς
534 2067 667 2113 θνητός.
688 2066 787 2110 τινὲς.

246 2127 335 2173 726,
355 2127 403 2162 32
421 2128 463 2177 τῇ
483 2129 544 2178 θεᾷ
560 2129 603 2163 V.

246 2185 335 2230 728,
355 2189 403 2227 40
423 2197 478 2233 sq.
493 2184 532 2221 τὸ
549 2182 787 2234 γεγαμηκέναι
801 2182 908 2229 αὐτὴν
928 2187 995 2231 V.‚
1016 2192 1052 2221 et
1068 2198 1140 2222 om.
1155 2187 1215 2237 τῷ.

246 2254 336 2290 729,
359 2249 405 2288 47
427 2241 486 2278 καὶ
501 2240 634 2279 κάτισοι
653 2242 742 2278 Ald.

246 2301 334 2346 733,
357 2314 371 2335 1
386 2314 399 2335 1
423 2299 478 2335 διὰ
492 2299 549 2336 τὸν
567 2299 670 2352 χορὸν
685 2303 731 2338 V.
746 2330 786 2336 -.
809 2314 822 2336 1
834 2314 854 2336 2
870 2300 1068 2350 legebatur
1088 2300 1214 2351 στίχοι.

191 2359 371 2396 Correxit
386 2359 605 2396 Dindorfius
627 2359 722 2396 duce
743 2359 860 2396 Suida
883 2373 911 2396 s.
937 2359 1157 2411 Παράὸασις.
1176 2392 1216 2397 -.

196 2418 242 2454 16
260 2416 322 2467 μὲν
336 2431 412 2454 om.
425 2422 486 2464 V.‚
504 2418 618 2454 habet
633 2418 779 2454 Suidas,
795 2420 883 2454 Post
896 2418 972 2455 λίαν
989 2419 1124 2456 desunt
1136 2420 1214 2468 syl-

191 2472 286 2513 labae
320 2486 393 2513 tres
426 2498 497 2513 υυ-
523 2490 639 2513 :nam
668 2485 831 2512 metrum
861 2486 917 2514 est
945 2478 1213 2527 Eupolideum.

191 2535 404 2572 Meinekius
437 2535 591 2585 supplet
619 2534 686 2572 ὑπὸ
705 2534 810 2572 τοῦδ’.
845 2567 886 2572 .-
922 2550 968 2572 22
1004 2537 1106 2573 αὐτοῦ
1119 2566 1128 2582 ,
1167 2539 1213 2574 23

192 2592 516 2645 μεταχειριζόμενος
535 2597 579 2630 R.
602 2593 946 2646 μεταχειριζομένους
964 2598 1007 2632 V.
1033 2595 1104 2633 ἐστὶ
1126 2599 1214 2645 μοῦ-

192 2667 256 2689 σαν
273 2651 350 2689 τινὰ
377 2651 498 2689 ἑαυτὸν
520 2652 700 2689 ἐπαινέσαι
720 2656 764 2690 R.
778 2683 819 2689 -.
836 2667 881 2700 27
903 2652 992 2696 τινὲς
1011 2654 1095 2707 πρὸς
1115 2656 1217 2692 εὐτα-

193 2708 265 2753 ξίαν
302 2712 369 2746 τῶν
405 2713 436 2747 Θ.
470 2715 514 2748 R.
536 2741 578 2748 ,...
610 2725 657 2760 29
687 2711 920 2761 αἰσυμνήτας,
956 2713 1042 2749 vide
1082 2712 1214 2749 Ebert.

191 2769 353 2805 Dissert.
363 2769 478 2823 sicul.
490 2783 524 2818 p.
540 2783 560 2805 2
570 2784 600 2806 1.
611 2769 724 2806 Addit
734 2773 775 2806 V.
786 2771 1009 2808 αναπαιστικ.
1022 2771 1074 2823 ἐφ’
1085 2765 1109 2821 ᾗ
1120 2771 1214 2817 ἁπλῆ

193 2825 252 2862 καὶ
270 2824 446 2867 ἐπέκθεσις
471 2828 517 2869 εἷς
533 2826 596 2873 τὴν
619 2827 818 2874 παράὸασιν
840 2828 1077 2865 ἀναπαιστικὰ
1093 2828 1215 2881 τετρά-

194 2898 304 2936 μετρα
318 2884 561 2930 καταληκτικὰ
570 2885 640 2933 λα’,
658 2882 704 2923 ὧν
723 2887 919 2923 τελευταῖον
939 2887 1042 2939 παῦρ’
1059 2887 1215 2930 ἀνιάσας.

729 2956 803 2987 &937-
900 2978 903 2980 ,

250 2984 324 3029 735
357 2982 572 3035 παρέκὸασιν
608 2988 654 3022 R.
701 2986 904 3037 παραὲασιν
933 2990 981 3024 V.
1014 2986 1215 3040 παράὲασιν

195 3044 241 3079 G.
265 3041 349 3078 Ald.
364 3069 374 3086 ‚
395 3055 477 3091 quae
499 3042 636 3079 deinde
656 3043 868 3082 ἀνάπαιστον
888 3046 996 3082 καλεῖ.

250 3102 341 3149 736,
367 3104 413 3139 32
439 3102 597 3139 sortasse
617 3102 666 3139 δεῖ
689 3104 730 3140 δ’.
747 3109 864 3142 Dmn.
878 3132 929 3139 .-
945 3107 991 3143 33
1011 3106 1133 3144 codex
1153 3108 1216 3144 θυ-

193 3157 325 3211 γατέρα
341 3167 378 3196 et
395 3159 514 3207 δῆμος,
535 3162 582 3203 34
602 3159 791 3203 ἐξετέλεσα.

249 3223 338 3265 740,
355 3218 402 3255 36
421 3215 457 3254 δὲ
480 3216 538 3254 καὶ
556 3221 602 3254 V.
623 3218 710 3255 Ald.

249 3283 340 3323 741,
374 3281 418 3320 41
456 3291 558 3325 ματτ.
588 3275 700 3325 μάζης
721 3281 768 3314 V.
788 3305 841 3312 .-.
869 3284 917 3322 42
941 3278 1097 3316 Εὔπολιν
1129 3282 1214 3316 Do—

195 3334 331 3373 braeus.
363 3334 580 3385 Legebatur
609 3334 815 3386 Εὐριπίδην.
846 3336 930 3374 Ald.
955 3335 1034 3390 Ἤρ.
1054 3336 1210 3375 πίνοντα.

2221 180 2293 211 473

1278 269 1328 283 -
1347 253 1389 291 51
1428 252 1588 304 ἔχθεσΟαι
1620 255 1706 292 Α1(1.
1725 284 1768 290 -.
1797 256 1845 293 52
1881 259 1957 307 ἄγει
1985 269 2043 294 και
2077 256 2295 301 σκώπτοντος

1585 323 1602 343 τ

1277 355 1384 389 ταῧτα
1400 356 1445 389 R.
1460 352 1520 403 ἄγε
1535 369 1598 390 ταυ
1612 353 1736 400 (ταῦτα
1756 355 1816 405 G.)
1831 355 1889 393 καὶ
1906 355 2123 399 σκώπτοντος
2139 360 2185 394 V.
2201 357 2294 408 ἄγειν

1277 413 1385 446 ταῦτα
1406 410 1464 447 καὶ
1484 410 1702 456 σκώπτοντος
1721 413 1804 453 Α1(Ι,
1819 415 1886 451 Vel
1906 424 1991 452 autc
2010 416 2066 453 vel
2083 424 2168 465 post
2185 419 2295 453 ταῦτα

1279 469 1387 516 plura
1415 469 1648 505 exciderunt.
1683 471 1827 508 Deinde
1853 473 1889 508 οὗ
1919 473 2041 523 βιωτόν
2062 477 2106 510 V.
2129 490 2143 506 «
2166 474 2296 523 Neque

1279 525 1394 561 vcrba
1429 540 1552 576 neque
1588 536 1751 564 metrum
1784 530 1872 567 satis
1912 532 2092 580 expedire
2128 544 2294 581 possum.

1278 584 1349 621 Sed
1371 585 1464 622 illud
1498 586 1631 631 video,
1664 600 1734 636 pro
1755 589 1792 625 οὐ
1820 590 1961 639 βοιωτὸν
1988 592 2187 641 legendum
2213 607 2297 630 συο-

1279 642 1446 682 δοιωτῶν.
1465 661 1479 676 υ
1506 648 1671 681 Ρο115οΝ.
1700 647 1846 695 praesat.
1876 649 1924 685 ad
1944 650 2089 687 Hecub.
2120 665 2156 701 p.
2183 663 2295 690 Lvul.

1279 701 1387 737 Cous.
1408 703 1569 739 Meinek.
1591 705 1696 740 Com.
1716 707 1744 749 Ι,
1767 717 1803 753 p.
1831 712 1918 750 224.

1333 766 1424 814 745,
1443 780 1462 802 2
1489 766 1615 819 ἥρερον
1646 771 1692 803 V.
1726 766 1847 821 ἔφερον
1865 775 1911 808 G.
1931 793 1982 800 —
1998 773 2018 809 3
2036 773 2228 824 ἀναιρεῖται
2250 777 2296 813 V.

1279 822 1491 875 ἐπανέρηται
1511 825 1595 862 Ald.

1333 888 1421 934 746,
1443 894 1462 931 4
1485 887 1667 939 “Υστριχίς
1687 889 1720 927 δὲ
1742 893 1763 935 ἡ
1782 894 1827 928 R.

1335 945 1422 989 749,
1466 942 1510 978 15
1544 942 1658 978 Τοῦτο
1680 945 1723 979 R.
1746 943 1895 980 Ald.—
1915 945 1960 980 16
1996 946 2030 982 ἐν
2061 962 2127 998 κρα
2157 946 2297 984 πάντων

1280 996 1394 1039 ἄλλοις
1417 998 1546 1047 (ἄλλων
1569 1003 1629 1046 G.)
1648 1003 1690 1036 V.
1709 1028 1757 1033 --
1785 1016 1826 1047 17
1850 1002 2046 1051 legebatur
2064 1003 2156 1047 ὅστις
2185 1007 2299 1047 αὐτοῖς

1278 1055 1525 1108 -παρέδωκε.
1549 1076 1563 1089 «
1586 1062 1685 1108 Lege
1709 1057 1800 1102 ὅστις
1829 1061 1860 1111 γ’
1889 1063 2004 1105 αὐτοῖς
2029 1073 2066 1099 et
2099 1063 2298 1116 παρέδωκα.

1278 1115 1407 1152 Verba
1427 1125 1515 1153 sunt
1535 1117 1705 1166 AEschyli
1723 1118 1770 1155 de
1787 1132 1826 1156 se
1847 1121 2038 1170 loquentis
2064 1123 2199 1159 eodem
2222 1124 2300 1159 sere

1279 1175 1408 1222 modo,
1441 1189 1518 1225 quo
1549 1177 1720 1225 loquitur
1749 1179 1851 1228 apud
1880 1180 2174 1229 Aristophanem
2203 1184 2298 1217 Ran.

1283 1235 1379 1278 1045
1396 1244 1432 1271 et
1443 1249 1540 1285 seq.»
1555 1238 1933 1286 Ponsos.1)raefat.ad
1948 1238 2095 1276 Hecub.
2109 1253 2147 1289 p.
2158 1253 2298 1275 xLV111.

1278 1315 1324 1320 —
1346 1305 1391 1341 19
1415 1292 1551 1346 ὕψωσεν
1580 1307 1654 1330 om.
1687 1298 1730 1329 R.
1759 1299 1806 1332 V.
1832 1296 2055 1346 ἐμεγάλυνεν,
2083 1297 2301 1349 ἠσφαλίσατο

1278 1355 1322 1387 V.
1345 1351 1425 1388 Ald.
1443 1375 1493 1379 —
1510 1365 1556 1388 22
1580 1350 1721 1404 ῥήματα
1739 1352 1848 1402 σεμνὰ
1866 1367 1939 1390 0111.
1962 1358 2006 1391 R.

1333 1416 1423 1461 752,
1459 1417 1506 1453 25
1537 1417 1586 1467 τῷ
1605 1415 1775 1468 Ἡρακλεῖ
1804 1421 1917 1454 V.—
1942 1432 1991 1468 29
2020 1432 2098 1469 seq.
2136 1419 2211 1458 ἀντὶ
2240 1424 2300 1458 τοῦ

1277 1473 1459 1527 (Ηρακλέα
1477 1490 1556 1524 μιμ.
1580 1478 1683 1512 R.—-
1703 1477 1745 1512 31
1769 1476 1972 1528 ἐπεχείρισα
1992 1478 2073 1515 Ald.

1333 1540 1422 1584 753,
1447 1540 1492 1582 34
1518 1540 1611 1590 αὐτῷ
1632 1542 1675 1576 V.
1695 1539 1752 1576 τὸν
1779 1539 2029 1593 Ἀριστοφάνην
2048 1545 2094 1579 R.
2111 1565 2158 1570 —
2174 1543 2222 1580 25
2245 1542 2301 1580 διὰ

1278 1596 1316 1633 τὸ
1351 1598 1430 1646 (τοῦ
1459 1598 1702 1647 Dindorfius)
1741 1598 2024 1651 βαρέαροθύμους
2056 1603 2100 1637 R.
2131 1601 2187 1638 διὰ
2223 1600 2302 1644 τοὺς

1281 1655 1538 1708 βαρέαρισμούς
1560 1658 1608 1695 V.
1633 1657 1715 1693 Ald.

1333 1726 1421 1772 755,
1442 1728 1490 1775 39
1509 1726 1778 1777 Ἐρατοσθένης,
1794 1728 1894 1764 conf.
1911 1728 2026 1766 schol.
2047 1732 2162 1779 Vesp.
2188 1732 2299 1766 1032.

1280 1808 1326 1814 —
1345 1791 1393 1828 40
1415 1784 1614 1834 legebatur
1632 1785 1899 1835 ἐλάμποντο.--
1918 1792 1965 1830 44
1984 1789 2014 1824 οἳ
2038 1797 2075 1824 et
2093 1788 2208 1833 ἐίκτην
2225 1802 2300 1825 orn.

1278 1848 1376 1881 V.—
1391 1844 1438 1887 46
1458 1843 1698 1881 scribebatur
1718 1843 1849 1890 Κύννη.

1334 1909 1421 1955 756,
1445 1913 1493 1956 49
1513 1909 1643 1953 πλῆθος
1664 1911 1709 1947 V.
1737 1907 1817 1944 Ald.
1840 1929 1890 1936 —-
1911 1907 1958 1944 50
1983 1907 2107 1960 διώρυξ
2137 1912 2184 1946 R.
2212 1910 2301 1947 Ald.

1279 1965 1391 2019 διόρυξ
1412 1969 1452 2003 V.
1474 1964 1509 2003 δὲ
1525 1961 1618 2003 εἶπεν
1637 1980 1712 2004 om.
1729 1969 1774 2003 R.
1794 1969 1893 2003 V.-
1918 1967 1961 2002 51
1991 1965 2075 2018 ἔχω.
2098 1966 2171 2004 δέον
2192 1971 2234 2004 V.
2252 1992 2303 1997 —

1280 2026 1327 2068 54
1350 2025 1443 2077 αὐτῷ
1473 2029 1517 2062 V.
1549 2025 1693 2061 Ald.—
1724 2026 1792 2061 1-3
1826 2024 1884 2062 καὶ
1917 2024 2175 2077 τοῦτο-ὕδραν
2205 2027 2303 2064 infra

1278 2093 1366 2133 post
1398 2083 1550 2125 κόλακας
1577 2083 1694 2120 habet
1717 2087 1758 2120 V.
1774 2105 1824 2111 —
1842 2084 1861 2120 3
1882 2092 1969 2133 post
2001 2082 2104 2134 ὕδραν
2125 2088 2172 2121 R.
2194 2087 2303 2135 ponit

1277 2144 1478 2193 superiora
1512 2143 1576 2179 illa
1612 2141 1770 2194 χαράδρα
1804 2141 1962 2179 δέ-τῶν
1993 2143 2163 2180 κολάκων.
2196 2145 2301 2181 Idem

1277 2202 1421 2238 omittit
1442 2203 1464 2238 l.
1490 2202 1601 2237 6-11.

1332 2267 1427 2312 758,
1456 2265 1500 2301 15
1523 2262 1676 2313 Λάμεια,
1711 2279 1755 2313 17
1776 2267 1818 2303 Λ.
1840 2265 2101 2316 λε’γεταιΥ.-
2117 2281 2160 2303 21
2189 2269 2300 2318 βαρυ-

1276 2327 1432 2373 θυμοῧσα
1452 2324 1534 2361 Ald.
1554 2346 1602 2351 -—
1620 2337 1667 2360 22
1692 2323 1880 2376 φοὸούσας,
1903 2326 1950 2361 25
1979 2328 1996 2362 ὁ
2022 2324 2109 2369 Ζεὺς
2130 2334 2215 2375 post
2237 2325 2301 2370 ἕως

1276 2377 1327 2430 οἷ,
1355 2385 1402 2420 26
1421 2384 1527 2429 αὐτῆς
1546 2392 1633 2433 post
1650 2382 1865 2435 ὀφθαλμοὺς,
1885 2398 1930 2430 27
1954 2383 2161 2437 ἐξαιρεῖσθαι
2178 2387 2302 2431 ἑαυτῆς

1275 2442 1350 2484 τοὺς
1375 2440 1570 2495 ὀφθαλμοὺς
1590 2441 1660 2489 καὶ,
1678 2444 1723 2485 34
1745 2442 1936 2492 δυσοσμίαν
1952 2444 1997 2485 ὡς
2017 2443 2176 2496 πρωκτὸν
2198 2444 2300 2482 αὐτὸν

1277 2502 1365 2549 (haec
1383 2503 1428 2543 ὡς
1446 2516 1505 2552 πρ.
1522 2516 1555 2537 α.
1580 2514 1657 2537 11011
1681 2501 1797 2538 habet
1815 2502 1874 2551 G.)
1898 2505 1940 2537 V.

1331 2567 1418 2612 763,
1443 2571 1485 2609 41
1513 2566 1607 2615 δεομ.
1629 2567 1697 2602 τῶν
1714 2564 1800 2602 νέων
1818 2569 1920 2603 V.—-
1938 2571 1984 2609 42
2005 2564 2128 2608 αὐτοὺς
2145 2570 2190 2603 G.
2211 2568 2300 2605 Ald.

1278 2622 1313 2660 δὲ
1332 2623 1391 2661 καὶ
1410 2638 1488 2660 om.
1507 2627 1553 2660 R.

1332 2684 1422 2731 767,
1448 2683 1494 2719 52
1515 2681 1586 2720 Καὶ
1605 2685 1707 2719 τοῦτο
1724 2685 1784 2728 R„
1807 2683 1872 2732 qui
1892 2682 1939 2719 53
1961 2696 2036 2720 om.
2060 2686 2077 2720 ὁ
2092 2682 2159 2737 Ἄρ.
2178 2700 2230 2735 τρ.
2252 2683 2298 2721 δὲ.

1332 2755 1420 2788 772,
1443 2746 1463 2784 4
1482 2738 1720 2792 προκειμένων
1745 2740 1881 2776 Α1(1.-
1898 2742 1919 2776 6
1944 2740 1985 2777 τὰ
2001 2754 2074 2777 om.
2094 2745 2138 2778 R.

1333 2804 1421 2845 774,
1440 2800 1460 2834 8
1478 2797 1636 2834 λείπεται
1656 2797 1817 2849 λαμπρὸν
1836 2798 1958 2834 codex
1977 2797 2132 2834 λείπεται
2152 2812 2300 2836 reman-

1278 2858 1326 2894 sit
1347 2871 1393 2894 ex
1413 2858 1461 2906 gl.
1482 2855 1594 2892 λείπει
1610 2859 1631 2902 ἡ
1649 2854 1694 2899 ἐξ.
1717 2859 1837 2892 Dixn.
1856 2856 2039 2906 φαλάκραν
2058 2856 2190 2892 codex.

1333 2922 1421 2969 775,
1446 2935 1489 2957 12
1509 2919 1772 2971 Στησιχόρειον,
1796 2921 1840 2956 18
1859 2918 2082 2971 προσῳδιακὰ
2096 2919 2234 2956 Ald.—
2249 2921 2296 2957 28

1277 2979 1400 3018 κώλων
1419 2980 1656 3025 Dindorfius‚
1678 2996 1692 3011 «
1711 2979 1783 3015 uisi
1805 2976 2181 3020 ἐννεακαιδεκακώλους
2204 2979 2298 3015 scri-

1277 3041 1456 3078 bendum.
1475 3059 1488 3071 »
1518 3039 1648 3077 Codex
1668 3039 1776 3076 κῶλα.
1797 3059 1845 3066 -
1862 3050 1910 3086 29
1940 3038 2174 3088 ἑνδεκάσημος
2193 3039 2295 3076 Din-

1277 3101 1430 3137 dorfius.
1453 3098 1583 3136 Codex
1606 3097 1813 3147 δεκάσημος.
1834 3096 1893 3132 Ad
1910 3098 2106 3147 sequentia
2129 3097 2187 3135 καὶ
2205 3097 2243 3135 τὸ
2264 3098 2296 3135 δ’

1276 3157 1394 3209 ὅμοιον
1412 3158 1514 3195 idem
1536 3164 1693 3193 annotat
1709 3170 1716 3192 :
1735 3173 1748 3187 «
1762 3158 1840 3192 Aut
1866 3155 2110 3192 scribendum
2127 3155 2187 3193 καὶ
2203 3155 2242 3193 τὸ
2265 3156 2296 3194 δ’

1277 3217 1480 3256 δακτυλικὸν
1498 3216 1631 3267 ὅμοιον,
1647 3224 1712 3252 aut
1729 3214 1848 3251 verba
1864 3213 1922 3251 καὶ
1939 3213 1978 3251 τὸ
1995 3213 2022 3251 δ’
2038 3213 2155 3264 ὅμοιον
2171 3223 2295 3252 trans-

1277 3277 1455 3329 ponenda
1477 3285 1565 3327 post
1585 3273 1788 3311 δακτυλικὸν
1815 3273 2068 3326 πενθημιμερές
2089 3275 2111 3311 l.
2135 3287 2197 3321 29.
2221 3276 2292 3312 Se-

1277 3334 1612 3387 (1116115ἷαμ6έλεγον
1624 3333 1788 3371 refertur
1798 3333 1846 3371 ad
1859 3332 1974 3371 verba
1983 3333 2115 3385 ἀνδρῶν
2126 3346 2162 3369 τε
2174 3332 2291 3376 δαῖτας
