2533 3808
204 262 280 297 250

257 351 320 376 100.
352 329 388 373 εὖ
407 332 474 385 γὰρ
490 326 551 370 οἶδ’
569 342 580 368 2
598 328 685 367 “Ότι
705 325 762 364 διὰ
780 323 839 362 τὸν
858 321 1010 371 πόλεμον
1038 319 1147 364 οὐδεὶς
1168 318 1238 356 πά-

205 410 310 448 ρεστι.

257 465 319 490 103.
348 446 525 501 φυλάττων
549 441 761 495 Εὐκράτην
753 471 761 479 .
791 435 991 491 Στρατηγὸς
1010 433 1197 481 Αθηναίων
1221 435 1238 470 ὃ

203 508 405 559 Εὐκράτης,
424 503 643 555 κωμῳδεῖται
663 498 698 537 δὲ
715 501 759 542 ὡς
776 495 968 546 δωροδόκος
988 509 1047 531 και
1069 491 1239 545 προδότης

169 570 185 592 5
203 567 261 604 καὶ
279 564 380 609 ξένος.

256 637 318 662 105.
348 624 388 660 ἐκ
405 635 466 662 τας
481 623 615 669 ταγᾶς;
633 616 700 654 Ἐκ
717 616 778 659 τῆς
793 612 933 656 τάξεως.

258 695 319 719 106.
349 676 653 732 πορπακισάμενος
683 687 691 712 :
723 676 807 711 Οἱον
837 667 1129 721 περονησάμενος.
1163 664 1239 702 ἀντι

203 743 261 777 τοῦ
285 736 485 789 (ἀπολαὸων
500 735 562 781 τὴν
580 732 722 781 ἀσπίδα)
743 730 816 779 ἅμα
834 745 882 765 τι1
898 727 1059 779 παρεῖναι
1075 725 1225 762 ἄπεισιν.

260 811 324 836 107.
357 796 432 834 ἀλλ’
454 793 530 832 οὐδὲ
550 795 673 843 μοιχοῦ
693 803 701 828 ;
721 786 884 827 Σκώπτει
901 785 936 823 δε
955 786 1106 835 συνεγῶς
1124 782 1240 827 Μιλη-

155 863 188 888 10
207 855 300 898 σίους
316 869 375 892 και
394 852 560 904 κωμῳδεῖ
572 851 617 892 ὡς
634 863 791 899 μοιγους,
811 842 929 889 ἐπειδὴ
951 841 1152 887 ἀπέστησαν
1171 841 1239 876 τῶν

205 912 404 960 Ἀθηναίων,
424 927 483 948 και
500 907 623 947 πολλοι
639 907 738 944 ἄλλοι
755 920 822 942 των
840 916 1029 949 νησιωτων.

257 969 437 1024 φεψάλυξε
458 971 542 1007 Οἳον
559 965 751 1017 ζωπύρημα
769 978 827 1000 και
844 959 1002 1012 σπινθηρ.

261 1043 321 1068 109.
352 1026 490 1066 ὅλισὸον
521 1039 530 1064 2
561 1025 698 1063 Αιδοῗον
731 1020 945 1073 δερμάτινον.
976 1032 1035 1055 και
1064 1018 1164 1053 τοῦτο
1196 1014 1241 1055 εἷς

205 1086 266 1131 τας
284 1084 470 1133 Μιλησίας.
487 1083 601 1128 παίζει
617 1081 688 1119 δὲ
672 1097 717 1124 ως
733 1085 802 1122 τοῖς
821 1076 970 1119 &Mo-601<
982 1072 1188 1127 χρωμέναις.

158 1158 188 1182 15
261 1159 323 1185 110.
354 1143 497 1189 σκυτίνη
521 1139 727 1192 ἐπικουρία;
749 1135 855 1190 Παρὰ
876 1134 938 1182 τὴν
960 1131 1161 1185 παροιμίαν,
1180 1145 1237 1167 συ-

206 1203 283 1250 κίνη
301 1201 478 1255 ἐπικουρία
492 1231 501 1248 ,
516 1199 573 1238 ἐπι
585 1202 652 1237 τῶν
672 1198 834 1235 ἀσθενων.
851 1197 868 1232 ὃ
885 1192 920 1231 δὲ
939 1194 984 1235 εἷς
1000 1190 1061 1237 τὴν
1079 1189 1240 1233 σκυτίνην

208 1262 388 1312 μετέέαλε.
417 1258 566 1297 σκύτινοι
588 1256 655 1309 γὰρ
676 1257 707 1293 οἱ
733 1253 877 1292 ὅλισῧοι.
903 1250 968 1289 εἶσι
987 1247 1022 1286 δὲ
1054 1245 1240 1299 δερμάτινα

208 1322 338 1367 αἰδοῖα,
353 1322 401 1361 οἷς
415 1331 567 1370 χρωνται
583 1317 618 1353 αἱ
634 1328 742 1366 ’χηραι
754 1314 924 1362 γυναῖκες.

260 1391 322 1416 113.
352 1393 410 1414 του
395 1376 586 1426 γκυκλον;
603 1373 656 1411 Ἰο
669 1369 902 1423 περιὸόλαιον,
922 1365 966 1416 (ἢ)
985 1381 1023 1402 το
1040 1362 1215 1414 ζωνάριον.

156 1442 190 1467 20
263 1449 324 1473 114.
355 1436 512 1472 ἐκπιεῒν;
534 1434 626 1483 Παρ’
641 1429 816 1467 ὑπόνοιαν.
837 1425 909 1464 δέον
931 1424 1035 1461 εἰπεῖν
1049 1421 1240 1473 μάχεσθαι,

207 1495 336 1530 ἐκπιεῖν
354 1496 442 1529 εἰπε.

261 1562 322 1588 115.
353 1551 468 1601 ψῆττα
505 1561 514 1585 z

209 1608 326 1659 μέσον,
342 1611 386 1650 ὡς
400 1609 430 1643 οἳ
447 1620 586 1658 σφηκες.
601 1603 694 1655 λέγει
710 1606 766 1640 οὐν
778 1599 905 1639 ὅτικαν
922 1597 1041 1649 συμὸῇ
1057 1596 1242 1646 τέμνεσθαι

546 1544 692 1597 ,ΙΟρνΞΟν
727 1559 800 1582 Εστῑ
834 1554 1047 1591 τετμημενον
1080 1535 1172 1574 Χαᾝὰ
1203 1550 1242 1572 ‘to

206 1666 246 1703 τὸ
261 1665 370 1715 ἥμισύ
388 1680 470 1714 μου,
492 1662 671 1715 βούλομαι.

155 1737 190 1761 25
263 1737 326 1761 117.
356 1719 534 1772 Γαϋγετον
555 1735 564 1759 2
582 1719 688 1771 ’Όρος
705 1718 910 1761 Λακωνικῆς
925 1730 964 1752 το
980 1709 1171 1765 Ταΰγετον.

263 1796 328 1819 118.·
351 1781 512 1830 ἔλσοιμἭ
532 1778 585 1817 Το
603 1793 622 1815 σ
641 1777 715 1815 ἀντι
732 1780 790 1814 τοῦ
810 1779 839 1812 θ·
867 1773 1015 1823 ἔλθοιμι.
1042 1774 1087 1814 ὡς
1113 1771 1241 1821 δυσγε-

210 1844 285 1893 ροῦς
300 1840 392 1882 ὄντος
408 1843 466 1876 τοῦ
481 1837 600 1875 τόπου.

264 1912 324 1936 125.
352 1898 385 1935 τί
403 1912 460 1946 μοι
478 1893 781 1967 μεταστρέφεσθε.
799 1891 860 1935 Ὡς
883 1890 1107 1936 ἀηδισθεισων
1129 1887 1241 1924 αὐτῶν

209 1957 268 2000 χαὶ
289 1970 596 2007 μεταστραφεισων
614 1952 671 1990 ἐπὶ
686 1968 735 1989 τι)
750 1950 856 2002 λόγω.

157 2035 192 2062 80
266 2029 324 2054 126.
354 2014 387 2052 τί
411 2029 468 2063 μοι
495 2018 630 2063 μυατε;
652 2008 792 2061 εὨσπερ
821 2007 903 2059 μύες
926 2004 1156 2049 καταδύεσθε,
1183 2017 1242 2040 και

210 2071 512 2124 σκαρδαμύττετε,
535 2069 557 2115 ἢ
582 2069 749 2118 μύλλετε,
768 2066 789 2114 ᾗ
810 2064 1050 2116 μυκτηρίζετε.
1071 2068 1160 2112 μυᾶν
1176 2059 1243 2111 γὰρ

208 2147 247 2169 το
261 2131 305 2168 τὰ
319 2131 419 2182 χείλη
436 2144 518 2181 προς
534 2105 671 2173 ἄλληλα
689 2125 860 2176 συνάγειν.

264 2204 324 2228 132.
352 2188 566 2240 παρατεμεῖν
597 2188 626 2223 θ’
652 2184 761 2235 ἥμισυ
793 2197 801 2222 t
835 2181 930 2234 Πρὸς
954 2195 994 2218 το
1006 2179 1104 2231 παρ’
1137 2192 1243 2223 αυτης

209 2248 399 2300 εἰρημένον.

159 2325 193 2350 35
264 2320 325 2345 133.
357 2305 432 2343 ἀλλ’
450 2303 525 2342 ἄλλ’
546 2301 598 2340 οτι
617 2300 760 2361 βούλει.

211 2363 291 2415 δίχα
308 2361 485 2404 συνουσίας
501 2364 593 2411 ἧμας
611 2362 707 2396 εἶναι.

265 2435 325 2460 135.
354 2419 446 2458 οὐδὲν
466 2419 532 2470 γὰρ
549 2421 642 2455 οἱον;
661 2415 750 2454 Αντι
761 2429 819 2452 του
838 2414 986 2451 κωλῦον.
1007 2410 1114 2453 οὕτως
1130 2409 1241 2447 Ἀττι-

256 2478 264 2491 Ι

211 2494 277 2517 κοι.

268 2549 326 2574 138.
357 2550 419 2573 ουκ
448 2532 520 2576 ἐτος
547 2531 604 2584 ἀφ’
631 2532 730 2581 ἡμῶν
757 2528 840 2567 εἰσίν
866 2542 875 2567 z
904 2526 994 2566 Ἀντὶ
1021 2529 1080 2564 τοῦ
1107 2527 1143 2563 οὗ
1172 2541 1240 2574 μα-

160 2610 194 2635 40
211 2593 332 2640 ταίως,
361 2590 450 2630 ἀλλὰ
482 2589 632 2632 δικαίως.
665 2590 710 2630 εἷς
737 2587 798 2633 τὴν
830 2585 1044 2656 Σοφοκλέους
1077 2582 1112 2621 δὲ
1142 2582 1245 2636 Τυρὼ

211 2655 321 2688 ταῦτα
338 2648 500 2687 συντείνει
518 2650 674 2685 ἐκθεῖσαν
691 2660 736 2682 τα
751 2659 855 2681 τεκνα
873 2644 919 2685 εἷς
935 2641 1064 2693 σκάφη.

268 2723 327 2746 139.
357 2705 452 2745 οὐδὲν
479 2705 545 2757 γὰρ
571 2702 674 2754 ἐσμὲν
702 2701 793 2747 πλὴν
819 2701 997 2739 Ποσειδων
1030 2713 1039 2737 z
1070 2698 1160 2737 Ἀντὶ
1186 2702 1245 2736 τοῦ

211 2766 304 2812 πλ·>ν
320 2783 369 2818 τῳ
390 2763 588 2837 βουλομένῳ
608 2762 803 2834 μίγνυσθαι.
828 2761 845 2796 ὃ
864 2757 931 2811 γὰρ
955 2758 1132 2796 Ποσειδῶν
1155 2756 1245 2794 κατά

211 2841 304 2868 τινας
332 2824 449 2862 λαὸὼν
479 2824 526 2865 εἰς
550 2820 679 2872 σκάφος
706 2816 941 2863 Μελανίππην
970 2816 1146 2861 συνῆλθεν.
1174 2814 1245 2851 ἔστι

161 2911 194 2934 45
214 2882 249 2920 δὲ
269 2898 328 2920 και
347 2880 518 2934 παροιμία
537 2879 595 2917 ἐπι
613 2893 680 2915 των
699 2874 953 2925 κυλινδομένων
971 2875 1020 2911 τῶ
1040 2873 1134 2910 αὐτῶ
1155 2871 1246 2924 πρά-

212 2958 337 2993 γματι,
366 2941 450 2978 ἄλλο
475 2938 510 2976 δὲ
535 2937 641 2989 μηδὲν
670 2938 757 2974 νοεῖν
787 2933 1018 2986 ἀνεχομένων.
1049 2933 1078 2982 (ὅ
1101 2932 1136 2969 δὲ
1158 2934 1244 2974 νοῦς·

213 2999 308 3038 ουδὲν
336 2999 455 3048 ἐσμὲν,
485 2999 514 3035 εἰ
543 2996 590 3047 μὴ
620 2993 851 3037 συνουσιάζειν
880 2991 939 3030 καὶ
965 2990 1104 3028 τίκτειν.
1134 2992 1152 3027 ὃ
1179 2988 1245 3041 γὰρ

215 3059 392 3096 Ποσειδῶν
421 3056 525 3108 ἐμίγη
552 3058 595 3107 τῇ
622 3057 730 3106 Τυροῖ
761 3068 820 3090 και
849 3050 1009 3101 ἐγέννησε
1037 3047 1158 3122 Νηλεα
1187 3047 1246 3085 καὶ

216 3115 373 3165 Πελίαν.)

165 3192 198 3216 bo
269 3186 330 3211 140.
360 3188 400 3210 συ
417 3170 483 3222 γὰρ
500 3169 558 3209 ἐὰν
573 3169 681 3221 γένῃῑ
696 3170 750 3220 Τῇ
765 3170 945 3217 Λαμπιτοῖ
959 3164 1062 3216 λέγει.

271 3243 331 3268 143.
360 3244 523 3279 γυναικας
558 3230 670 3265 υπνων
713 3239 721 3264 :
761 3227 975 3275 Κοιμᾶσθαι.
1016 3221 1167 3260 Ἀττικὸν
1207 3237 1246 3259 το

217 3290 344 3326 ὑπνῶν.
362 3289 400 3325 τὸ
416 3285 481 3339 γὰρ
497 3301 607 3323 κοινον
624 3287 763 3322 υπνοῦν.

272 3359 333 3385 145.
364 3345 450 3395 μόνη
472 3343 599 3382 τούτων
620 3341 736 3393 γυνήε
755 3339 855 3387 Μόνη
874 3339 960 3391 γυνὴ
981 3337 1151 3388 δυναμένη
1174 3353 1244 3386 μη-

218 3403 330 3457 χανὴν
346 3406 467 3456 ευρεῒν.

778 2298 792 2312 Ἰ
930 2296 949 2310 'q
1094 2293 1102 2307 A
1161 2292 1171 2306 Ι

788 2299 883 2338 Αλλο
900 2310 1018 2335 κελευε
1031 2325 1042 2345 ,
1061 2311 1110 2345 μη
1127 2309 1243 2345 μεντοι

857 239 1112 282 SCHOLIA
1148 237 1206 275 IN
1241 235 1442 278 LYS1ST
1456 236 1668 275 RATAM.

1352 331 1410 356 146.
1442 320 1471 355 εἷ
1496 319 1601 361 δ’ὡς
1624 319 1762 368 μάλιστ’
1784 320 2000 392 ἀπεγοίμεθα
2026 335 2034 360 ;
2065 322 2151 361 Εἰ
2133 322 2161 360 ο’
2185 323 2334 376 ἀπεχοί-

1295 380 1382 426 μεθα
1407 380 1466 413 τοῦ
1491 375 1611 422 πέους,
1639 376 1695 414 διὰ
1719 382 1819 415 τοῦτο
1847 379 1964 430 εἰρήνη
1994 395 2195 430 γενησεται;
2225 403 2271 408 -
2295 381 2335 421 τὸ

1295 433 1491 485 ἀπέχεσθαι
1509 449 1570 479 της
1589 449 1657 471 των
1678 435 1807 485 ἀνδρῶν
1831 437 2024 479 συνουσίας.
2041 445 2079 474 R.
2101 446 2174 478 Bar.

1351 505 1411 530 148.
1432 492 1482 550 ’νὴ
1502 492 1552 528 τὼ
1571 490 1636 529 θεώ
1659 506 1667 531 :
1690 492 1770 538 Τὴν
1797 494 1913 546 Κόρην
1935 496 1995 532 καὶ
2024 495 2195 549 Δήμητρα
2221 497 2332 549 λέγει,

1294 552 1339 593 ὥς
1357 549 1494 595 Ἀττική
1501 580 1510 588 .
2354 575 2370 599 5

1350 621 1413 646 149.
1448 607 1725 660 (ἐντετριμμέναι
1755 621 1765 647 1

1295 666 1495 719 τριὸεῖσαι.)

1351 738 1410 762 150.
1440 725 1509 767 τοῖς
1529 724 1755 795 ἀμοργίνοις;
1784 726 1830 763 Οι
1857 724 1919 775 μὲν
1945 725 2132 777 χρώματος
2158 722 2245 771 εἶδος
2272 729 2340 775 τὴν

1296 781 1465 850 ἀμόργην,
1485 797 1515 819 οι
1533 781 1571 819 δὲ
1593 781 1660 819 ἀπὸ
1680 781 1784 827 νήσου
1811 782 1979 834 Ἄμοργοῦ
2006 799 2083 827 τους
2108 784 2331 840 Ἀμοργίνους

1295 855 1460 891 χιτωνας,
1482 856 1526 882 ως
1545 839 1589 877 τὰ
1609 841 1752 892 Θηραῖοι
1774 840 1843 878 ἀπὸ
1860 841 1982 891 Θηρας
1999 841 2118 887 νήσου.
2358 857 2392 884 10

1351 913 1412 936 151.
1443 897 1545 935 δελτα
1573 914 1581 936 ;
1615 898 1706 936 ’Auri
1735 901 1793 935 τοῦ
1823 897 1862 935 τὸ
1898 899 2025 936 αἰδοῖον
2056 899 2095 936 τὸ
2127 906 2335 950 (υναικεῖον.

1295 960 1446 994 τοιοῦτον
1465 955 1531 1007 γὰρ
1548 955 1591 993 τὸ
1607 959 1742 1006 “stuzm-

1351 1028 1409 1052 152.
1439 1015 1504 1051 πλε
1491 1018 1587 1051 εκοῦν
1611 1028 1619 1052 :
1643 1013 1898 1060 Συνουσιάζειν,
1918 1013 2015 1067 παρὰ
2032 1014 2070 1052 τὸ
2089 1014 2292 1055 πλέκεσθαι.

1351 1086 1410 1110 155.
1441 1071 1490 1122 ογ’
1505 1088 1550 1109 ων
1568 1071 1766 1114 Μενέλαος;
1787 1070 1857 1109 “11
1850 1071 1989 1123 ιστορία
2004 1071 2101 1124 παρὰ
2118 1071 2261 1125 Ἰὸύκῳ.
2281 1074 2314 1122 (τ
2316 1073 2338 1111 ὰ

1297 1128 1333 1167 δὲ
1354 1129 1443 1167 αὐτὰ
1468 1145 1527 1167 και
1554 1128 1689 1181 Λέσχης
1709 1132 1727 1166 ὁ
1748 1130 1957 1181 Πυρραῖος’
1943 1145 1976 1167 εν
1997 1133 2040 1182 τῇ
2063 1137 2170 1201 μικρᾷ
2191 1130 2336 1182 Ἰλιάδι.)
2360 1153 2392 1179 15

1296 1188 1356 1225 καὶ
1374 1187 1563 1239 Εὐριπίδης
1582 1188 1751 1238 [Androm.
1770 1188 1836 1237 628]
1859 1206 1874 1220 α
1891 1187 1968 1224 ἀλλ’
1990 1204 2035 1253 ως
2059 1189 2186 1232 ἐσεῖδες
2206 1188 2337 1239 μαστὸν

1297 1243 1456 1282 ἐκὲαλων
1479 1243 1589 1296 ξίφος,
1606 1243 1728 1296 φίλημ’
1747 1244 1864 1289 ἐδέξω.
1885 1262 1900 1277 »

1350 1302 1446 1351 μαλα
1463 1308 1535 1340 πᾶς
1555 1301 1646 1344 Ἰους
1664 1301 1816 1351 μαστους
1835 1303 1930 1352 μηλα
1951 1302 2066 1355 φησίν.

1352 1372 1413 1397 157.
1442 1357 1483 1404 ἢν
1502 1358 1627 1410 ἀφίωσ’
1646 1373 1655 1398 :
1677 1358 1764 1398 Ἐὰν
1777 1360 1968 1412 παρίδωσιν
1984 1363 2015 1398 οἱ
2030 1360 2205 1413 ἅνδρες.Β.

1351 1430 1414 1455 158.
1446 1416 1495 1467 (τὸ
1512 1421 1570 1454 τοῦ
1589 1417 1854 1468 Φερεκράτους;
1874 1416 1962 1455 Ἐὰν
1981 1420 2075 1467 ἡμᾶς
2094 1419 2286 1468 παρίδωσιν
2307 1420 2337 1456 οἱ
2357 1441 2400 1466 20

1298 1473 1433 1526 ἄνδρες,
1458 1473 1535 1511 τότε
1563 1474 1669 1512 πάλιν
1696 1474 1829 1518 ἐξέσται
1855 1474 2005 1518 ὀλίσὸοις
2034 1475 2254 1527 χρήσασθαι,
2279 1475 2339 1514 καὶ

1298 1531 1480 1584 ἀποδέρειν
1512 1531 1557 1569 τὰ
1593 1532 1858 1584 ἀποδεδαρμένα
1893 1531 2015 1578 σκύτη.
2045 1531 2274 1585 Φερεκράτης
2304 1535 2339 1571 ἐν

1298 1590 1449 1642 δράματι
1476 1584 1550 1628 εἷπε
1576 1594 1698 1638 τοῦτο,
1725 1590 1817 1628 ἔνθεν
1841 1589 2008 1627 τάσσεται
2037 1592 2059 1635 ἡ
2085 1589 2256 1641 παροιμία
2281 1589 2341 1628 ἐπὶ

1297 1651 1363 1685 τῶν
1378 1648 1463 1686 ἄλλο
1478 1647 1686 1700 πασχόντων
1704 1642 1798 1692 αῧθις
1814 1649 1866 1701 ἐφ’
1885 1642 1933 1691 οἷς
1949 1646 2189 1698 πεπόνθασιν.)

1350 1705 1435 1744 κύνα
1466 1706 1574 1759 δέρειν
1605 1720 1614 1745 t
1644 1706 1778 1758 Σχῆμά
1804 1707 1896 1744 ἐστιν
1925 1705 2118 1744 ἀκόλαστον
2146 1707 2192 1749 εἷς
2218 1705 2257 1743 τὸ
2281 1707 2338 1743 αἷ-

1299 1765 1400 1802 δοῖον.
1420 1766 1453 1801 ἐν
1475 1764 1510 1801 δὲ
1531 1767 1599 1805 τοῖς
1620 1763 1827 1814 σωζομένοις
1850 1763 2116 1817 (Φερεκράτους)
2142 1767 2202 1801 τοῦ
2227 1779 2339 1814 κωμι-

1297 1825 1359 1859 κοῦ
1374 1826 1474 1860 τοῦτο
1491 1824 1560 1874 οὐχ
1578 1821 1785 1873 εὑρίσκεται.

1795 610 2124 659 Καλλωπισθεῒσαι,
2152 612 2213 656 τὰς
2243 613 2337 666 ὄψεις

2357 1737 2397 1762 25

1353 1899 1414 1924 159.
1448 1884 1503 1934 (τὰ
1533 1884 1763 1935 μεμιμημένα
1791 1897 1800 1922 1
1828 1883 1932 1922 Ἐπεὶ
1960 1885 2010 1936 τῷ
2034 1882 2164 1935 ὀλίσὸῳ
2184 1886 2339 1935 χρῶνται

1299 1942 1374 1980 ἀντὶ
1402 1946 1460 1980 τοῦ
1493 1942 1636 1981 αἰδοίου.
1667 1941 1818 1995 φλυαρία
1845 1941 1929 1994 φησὶ
1951 1940 1994 1978 τὰ
2022 1940 2090 1978 ἀπὸ
2114 1943 2183 1978 τῶν
2210 1932 2337 1980 ἄλλων.

1297 1999 1388 2050 λέγει
1403 1998 1438 2037 35
1456 1999 1500 2038 τὰ
1515 1999 1679 2052 εἰρημένα
1696 1999 1967 2052 Φερεκράτους.)
2357 2029 2396 2055 30

1354 2072 1416 2097 160.
1449 2060 1494 2100 εἷς
1511 2058 1548 2095 τὸ
1561 2058 1733 2108 δωμάτιον
1754 2072 1762 2096 :
1784 2060 1844 2100 Εἰς
1859 2057 1898 2094 τὸ
1915 2055 2102 2094 κοιτώνιον.

1354 2129 1413 2154 162.
1444 2116 1611 2168 παρέχειν
1632 2116 1700 2168 χρή
1724 2130 1732 2153 :
1763 2114 2006 2159 Συνουσιάζειν
2029 2112 2198 2160 δηλονότι.
2219 2113 2338 2152 τουτέ-

1299 2190 1372 2212 στιν
1391 2176 1452 2212 οὐκ
1472 2177 1510 2212 ἐκ
1525 2173 1774 2226 προαιρέσεως,
1793 2173 1871 2211 ἀλλ’
1899 2172 1980 2210 ἄνευ
1995 2173 2129 2219 ἡδονῆς.

1356 2246 1414 2271 165.
1445 2234 1630 2285 ἀπεροῦσιν
1662 2246 1671 2271 z
1707 2230 2019 2284 Ἀπαγορεύσουσιν
2052 2229 2113 2268 καὶ
2147 2227 2340 2267 παύσονται

1297 2296 1356 2330 τοῦ
1375 2291 1544 2342 πολέμου.
2289 2283 2292 2285 ’

1353 2364 1413 2388 166.
1438 2348 1592 2402 ξυμφέρῃ
1611 2361 1620 2387 :
1645 2346 1736 2387 Ἀντὶ
1754 2351 1813 2385 τοῦ
1832 2346 2037 2400 ἁρμόζηται.

1354 2422 1416 2447 170.
1447 2406 1638 2446 Ἀσαναίων
1659 2420 1668 2445 t
1689 2405 1890 2452 Ἀθηναίων.

1354 2465 1547 2518 ῥυχάχετον
1570 2478 1579 2503 :
1600 2463 1672 2502 Τὸν
1696 2463 1838 2515 θόρυὸον
1859 2462 1918 2501 καὶ
1938 2461 2117 2514 συρφετόν.

1355 2537 1417 2562 171.
1448 2522 1496 2572 μὴ
1513 2522 1707 2567 πλαδδιην.
1725 2519 1799 2572 (Μὴ
1815 2525 2063 2573 παραφρονεῖν
2055 2517 2142 2570 )μὴ
2162 2519 2339 2568 πολεμεῖν,

1301 2579 1348 2630 μὴ
1369 2579 1585 2626 πλησιάζειν.

1354 2651 1414 2676 173.
1444 2639 1509 2688 οὐχ
1528 2637 1566 2679 ἇς
1583 2636 1736 2679 σποδᾶςῖ
1756 2633 1867 2673 Οὐκ
1850 2650 1889 2672 αν
1911 2633 2024 2685 ἄγοιεν
2042 2632 2179 2685 εἰρήνην
2194 2634 2225 2670 οἱ
2245 2631 2341 2679 Ἀθη-

1300 2699 1409 2742 ναῖοι,
1439 2695 1501 2738 ἕως
1527 2694 1567 2732 ἂν
1598 2694 1928 2744 θαλασσοκρατῶσιν
1958 2707 2018 2730 και
2044 2691 2084 2728 τὸ
2113 2689 2274 2743 ἀργύριον
2302 2690 2341 2728 τὸ

1301 2753 1452 2790 ἅὸυσσον
1484 2756 1506 2803 ᾖ
1537 2750 1632 2802 παρὰ
1665 2754 1707 2800 τῇ
1743 2751 1845 2802 θεῷ
1830 2766 1864 2787 εν
1892 2753 1936 2801 τῇ
1965 2748 2160 2801 ἀκροπόλει.
2171 2748 2246 2808 ..καὶ
2274 2748 2341 2801 γὰρ

1301 2812 1436 2856 ἀληθως
1461 2808 1623 2847 ἀπέκειτο
1648 2808 1746 2859 χίλια
1773 2807 1940 2845 τάλαντα.
1970 2805 2129 2856 (ἤρξαντο
2152 2809 2210 2844 οὐν
2235 2808 2341 2844 κινεῖν

1302 2867 1390 2906 αὐτὰ
1408 2868 1463 2906 ἐπὶ
1486 2866 1640 2906 Καλλίου
1662 2866 1844 2918 ἄρχοντος,
1863 2867 1916 2916 ἐφ’
1932 2867 1971 2902 οὖ
1989 2863 2135 2915 εἷσηχθη
2152 2879 2192 2901 το
2209 2865 2340 2916 δρᾶμα,
2362 2905 2372 2921 l

1301 2924 1345 2968 ὥς
1365 2925 1448 2977 φησὶ
1465 2924 1693 2975 Φιλόχορος
1679 2939 1712 2960 εν
1731 2922 1880 2972 Ἀτθίδι.)
2370 2904 2395 2927 ⁵

1355 2983 1511 3024 σποδᾶςζ
1531 2981 1620 3019 Αντὶ
1640 2984 1697 3018 τοῦ
1716 2981 1878 3026 σπουδης.

1356 3054 1417 3078 175.
1449 3039 1525 3076 ἀλλ’
1554 3038 1626 3076 ἔστι
1652 3038 1711 3076 καὶ
1727 3038 1818 3076 τοῦτ’
1842 3040 1878 3074 εὐ
1905 3035 2269 3089 παρεσκευασμένον·

1300 3098 1421 3136 λαὸεῖν
1436 3097 1475 3135 τὸ
1492 3096 1652 3149 ἀργύριον
1674 3096 1742 3134 ἀπο
1758 3100 1817 3134 τοῦ
1832 3097 1921 3148 ἱεροῦ
1938 3098 1999 3142 τ’ἦς
2015 3098 2105 3134 θεοῦ.

1356 3170 1415 3195 179.
1444 3155 1534 3193 θύειν
1553 3155 1730 3198 δοκούσαις
1747 3168 1755 3193 :
1773 3153 2095 3208 Προσποιουμέναις
2112 3151 2214 3192 θύειν.
2408 3199 2410 3201 ‚

1356 3228 1417 3253 180.
1447 3213 1562 3252 πάντα
1582 3213 1612 3264 γ’
1630 3212 1703 3264 ἔχοι
1723 3227 1731 3252 :
1752 3213 1877 3252 Πάντα
1894 3212 1922 3250 δ’
1939 3211 2013 3264 ἔχοι
2026 3212 2153 3255 καλῶς.
2171 3209 2232 3248 καὶ
2250 3209 2332 3248 τάδε
2360 3192 2411 3220 ω’

1301 3271 1367 3325 γὰρ
1384 3272 1405 3309 ἃ
1421 3270 1529 3322 λέγεις
1546 3272 1661 3314 καλῶς
1681 3271 1764 3323 ἔχει.

1358 3343 1420 3369 183.
1449 3332 1494 3373 ὡς
1510 3329 1689 3380 ὃμιώμεθα
1709 3344 1716 3368 ;
1740 3329 1830 3368 Ἀντὶ
1847 3332 1905 3367 τοῦ
1922 3326 2014 3371 ὅπως
2029 3325 2225 3378 ὀμόσωμεν.
2263 3329 2266 3331 ’

1361 3406 1423 3432 184.
1456 3393 1631 3432 Σκύθαινα
1657 3406 1665 3430 :
1692 3391 1768 3438 Τὴν
1796 3389 1958 3445 ὑπηρέτιν
1983 3389 2089 3443 λέγει.
2117 3387 2253 3432 Σκύθας
2276 3386 2344 3440 γὰρ

2359 2324 2397 2349 35

2359 2615 2391 2639 40

2290 3036 2351 3076 Τὸ.
