2533 3808
149 256 196 289 60
889 229 1137 272 SCHOLIA
1172 229 1234 268 IN
1270 228 1536 276 EQUITES.

149 341 266 386 ἐλαίας
284 340 383 393 ἐρίοις
392 333 718 390 περιπεπλεγμένοις
732 329 988 380 ἀναδεδεμένος.
1003 328 1186 379 ἐξήρτηντο

150 401 186 439 δὲ
213 402 316 438 αὐτοῦ
344 401 454 448 ὡραῖα
479 393 593 430 πάντα
616 391 802 443 ἀκρόδρυα.
834 387 900 439 πρὸ
930 386 965 424 δὲ
988 389 1056 424 τῶν
1080 387 1189 437 θυρῶν

150 461 283 496 ἱστᾶσιν
310 454 415 499 αὐτ-κν
434 450 536 489 εἷσε-ιι
562 465 621 486 και
645 452 717 486 νῦν.
746 462 881 484 ποιουσι
911 444 946 483 δὲ
971 448 1071 482 τοῦτο
1099 439 1190 481 κατὰ

150 514 298 554 παλαιόν
332 528 365 549 τι
400 508 625 562 χρηστήριον.
657 508 687 544 οἷ
721 505 782 556 μὲν
811 504 878 556 γάρ
910 519 1013 557 φασιν
1053 502 1104 540 ὅτι
1137 502 1191 538 ὶι-

153 589 238 624 μου,
258 573 288 608 οἱ
309 569 361 615 δε,
379 567 431 605 ὅτι
450 566 645 615 καὶὶοιμοΝ)
663 563 725 610 τὴν
739 568 856 600 πᾶσαν
883 560 1138 632 κατασγόντρς
1139 574 1192 596 οι-

116 588 132 611 ev

151 644 331 680 κουμενην,
354 624 544 678 χρωμένων
566 623 641 661 τίνα
661 622 702 660 ἂν
718 621 849 673 τρόπον
866 622 1041 658 παύσαιτο
1060 634 1098 655 το
1120 618 1192 654 δει-

150 689 219 734 νὸν,
251 685 313 732 τὴν
345 683 442 722 λύσιν
483 681 614 728 ταύτην
652 684 670 719 ὃ
705 679 833 723 Πύθιος
868 676 1123 729 ἐμαντεύσατο,
1164 677 1192 712 εἰ

151 744 356 798 προηρόσιον
371 745 456 792 υπερ
478 739 642 778 ἁπάντων
660 739 831 785 Ἀθηναῖοι
851 736 998 774 θύσειαν·
1017 733 1192 773 θυσάντων

152 809 209 842 οὐν
247 805 315 840 τῶν
346 798 532 846 Ἀθηναίων
561 814 601 836 το
634 796 740 835 δεινὸν
771 795 960 834 ἐπαύσατο.
996 809 1055 831 και
1089 791 1195 834 ουτως

102 875 134 899 10
153 862 270 913 ὥσπερ
298 858 525 912 χαριστήριον
552 858 583 894 οἱ
605 854 822 907 πανταχόθεν
836 869 906 896 τοις
922 851 1136 898 Ἀθηναίοις’
1125 849 1195 894 εξέ-

152 935 291 970 πεμπον
312 920 379 956 τῶν
398 932 541 986 καρπων
560 914 723 953 ἁπάντων
739 912 799 956 τὰς
817 911 990 963 ἀπαρχάς
1006 910 1096 948 ὅτε
1079 909 1118 955 οὴ
1136 907 1196 946 καὶ

153 978 298 1030 Ἀὅαρίν
318 992 402 1029 φασι
426 975 483 1013 τὸν
500 973 746 1026 Υπερὸόρειον
764 973 802 1008 ἐ)
804 970 903 1008 θόντα
921 969 1045 1021 θεωρὸν
1070 969 1115 1011 εἷς
1134 966 1195 1013 τὴν

155 1036 331 1080 (Ελλάδα,
359 1032 550 1072 Απόλλωνι
581 1036 644 1078 θητ
647 1045 762 1078 ευσαι,
794 1045 853 1067 και
880 1028 970 1066 οὕτω
999 1024 1198 1077 συγγράψαι

155 1110 233 1137 τους
257 1107 439 1166 χρησμούς
452 1106 530 1133 τους
552 1093 610 1127 νῦν
633 1085 992 1140 προσαγορευομένους
1008 1083 1198 1136 Ἀίοάριδος.

107 1163 139 1187 15
159 1152 233 1190 οθεν
260 1167 365 1189 εισετι
384 1165 444 1187 και
463 1152 540 1196 ν’ὔν,
562 1146 699 1186 ἐπειδὰν
725 1147 889 1183 ἀνιστῢσι
913 1157 971 1182 τον
989 1141 1127 1190 κλάδον,
1143 1139 1202 1178 λέ-

157 1225 255 1261 γουσι
272 1223 395 1254 ταυτα,

300 1283 460 1325 ΕἷρΞῦἻ-ώνη
475 1285 557 1313 σῦκα
573 1292 607 1321 §S
611 1291 642 1321 ρΞ
630 1292 654 1311 »Α
667 1280 720 1310 καὶ
736 1278 844 1313 πίθναζ
860 1278 968 1319 ἄρτους

300 1331 353 1360 καὶ
371 1330 437 1369 με)ι
455 1329 485 1358 ἐν
502 1327 614 1366 κοτύὶῃ
629 1327 681 1356 καὶ
699 1326 730 1356 ἔ)
734 1336 799 1356 αιον
815 1324 1033 1363 ἀναρήσασθαι
1047 1345 1056 1361 ,

295 1388 346 1407 και
364 1375 461 1406 κύ)ικ’
478 1375 621 1414 εὔζωρον,
641 1375 682 1408 ὡς
697 1373 733 1402 ἂν
749 1371 905 1412 μεθύουσα
918 1370 1064 1409 καθεύδῃ.

101 1457 141 1481 2ο
158 1436 302 1482 Ἄιιι.))ι)ς
328 1437 536 1490 Πυανεξιίοις
556 1452 615 1473 και
632 1434 845 1486 Θαργηνιοις
861 1433 973 1485 (Ηλίῳ
997 1448 1057 1470 και
1077 1431 1204 1483 ζΏραις

163 1498 379 1550 ἑορτάζουσιν
409 1495 549 1540 Ἀθηναῗ
550 1510 593 1532 οι.
628 1492 768 1542 φέρουσι
786 1491 821 1529 δὲ
854 1493 884 1528 οἱ
912 1492 1035 1533 παῖδες
1061 1488 1139 1531 τούς
1167 1503 1204 1525 τε

165 1556 283 1594 θαλλ
255 1572 310 1598 ους
325 1555 425 1606 ἐρίοις
439 1554 572 1605 περιει)
565 1567 642 1600 ημε
635 1551 732 1598 ’νους,
746 1550 820 1588 ὅθεν
835 1551 1028 1602 εἷρεσιῖΝαι
1041 1547 1202 1598 λέγονται

160 1630 220 1652 και
245 1613 382 1655 τούτους
412 1627 479 1661 προ
507 1613 574 1648 τῶν
592 1612 701 1662 θυρῶν
734 1611 924 1661 κρεμῶσιν.
954 1606 1139 1659 ἐξηρτηντο
1173 1604 1208 1641 δε

160 1675 227 1710 τῶν
245 1673 378 1709 θαλλῶν
394 1686 429 1707 αι
443 1674 543 1721 ιῗ.)ραι
557 1668 645 1720 [το
627 1668 662 1706 οὲ
674 1666 964 1719 κατεσπαράξατε
980 1669 1073 1703 εἶπεν
1089 1663 1207 1710 ἐπειδη

109 1747 143 1771 25
164 1730 334 1775 ἀλλήλους
350 1728 470 1766 ι)θουν.
475 1728 488 1778 ]

216 1801 280 1827 733.
311 1786 352 1825 σὺ
373 1787 400 1823 δ’
420 1780 451 1823 εἷ
465 1784 515 1828 τίς
534 1799 543 1823 :
565 1786 626 1837 Τῷ
647 1782 899 1833 ἀλλαντοπώλῃ
924 1782 1029 1833 λέγει.

217 1859 282 1885 736.
315 1844 390 1883 ἀλλ’
427 1845 493 1894 οὐχ
521 1837 584 1880 οἷοί
617 1842 647 1879 τ’
677 1841 780 1891 ἐσμὲν
803 1854 811 1879 :
845 1840 936 1879 Ἀλλ’
969 1841 1006 1878 οὐ
1037 1838 1211 1889 δυνάμεθα

165 1903 346 1956 προσιέναι
366 1902 435 1940 οὐδ’
457 1896 494 1939 εὖ
515 1903 638 1947 ποιεῖν,
664 1899 901 1950 κωλυόμενοι,
920 1898 1040 1951 φησὶν,
1061 1897 1127 1935 ὑπὸ
1152 1900 1211 1934 τοῦ

167 1963 339 2005 Κλεωνος.

114 2044 150 2068 30
219 2034 285 2060 739.
314 2018 612 2078 λυχνοπώλῃσινε
631 2018 684 2055 Δι’
704 2015 932 2069 Υπέρὸολον.
949 2031 1009 2053 και
1028 2014 1129 2057 αὐτος
1145 2012 1212 2065 γαρ

167 2077 374 2128 δημα(ι)γὸς
401 2080 443 2122 ἣν
470 2075 674 2126 λυχνοποιὸς
704 2074 766 2113 ὤν.
794 2073 1036 2127 νευρορράφοις
1065 2072 1101 2111 δέ
1131 2087 1215 2125 φησι

168 2135 225 2174 διὰ
248 2135 305 2172 τὸν
329 2131 606 2186 προὲατοπώλην
625 2131 815 2171 Λυσικλεα.

221 2207 284 2232 740.
313 2192 373 2230 καὶ
390 2191 613 2241 σκυτοτόμοις
633 2204 642 2229 :
662 2189 799 2229 Κλέωνι
819 2188 880 2228 καὶ
896 2190 1077 2228 Λυσικλεῖ.
1097 2187 1216 2226 ὀνειδί-

169 2254 218 2296 ζει
245 2250 280 2288 δὲ
307 2251 412 2288 πάλιν
434 2248 590 2297 Κλέωνι,
614 2248 671 2302 ἀφ’
699 2247 773 2292 οἵας
795 2247 918 2300 τέχνης
939 2247 1014 2298 ἄγει
1039 2246 1099 2284 καὶ
1122 2246 1216 2300 φέρει

118 2332 152 2357 35
169 2309 231 2356 τὴν
248 2309 362 2348 πόλιν.

227 2368 326 2410 δίδως
346 2381 354 2406 :
375 2365 549 2418 Παρέχεις
561 2395 570 2413 ,
587 2365 610 2412 ἢ
638 2364 812 2408 πιστεύεις
828 2363 986 2402 σεαυτόν.

225 2439 291 2464 742.
323 2423 533 2477 ὑποδραμὼν
554 2427 621 2461 τῶν
642 2425 681 2461 ἐκ
702 2423 822 2462 Πύλου
841 2437 849 2461 :
874 2422 1122 2474 Καταδραμὼν
1141 2421 1219 2465 τοὺς

174 2487 209 2522 ἐν
231 2484 342 2536 Πύλῳ
368 2482 594 2536 στρατηγούς.
614 2483 689 2533 ἅμα
706 2482 741 2520 δὲ
767 2481 820 2519 ὅτι
835 2498 894 2519 και
917 2484 1068 2554 συνεχῶς
1086 2481 1220 2531 μέμνη-

174 2558 232 2580 ται
251 2558 309 2580 του
327 2544 360 2579 ἐν
375 2542 484 2579 Πύλι)
503 2541 783 2593 κατορθωματος.
840 2539 989 2582 ”Αλι.)ι)ς
1013 2539 1221 2611 bffiapmio-aq

123 2621 158 2645 40
177 2601 234 2638 διὰ
254 2616 316 2646 την
333 2599 430 2646 νίκην
449 2598 512 2645 τὴν
534 2600 567 2636 ἐν
596 2599 717 2650 Πύλῳ.
742 2600 776 2635 ἐν
795 2598 953 2649 σχήματι
970 2597 1004 2634 δε
1020 2613 1127 2644 ειπεν,
1146 2598 1221 2635 ἀντὶ

176 2663 237 2697 τοῦ
259 2656 484 2710 στρατηγούς.
507 2680 559 2686 —-
575 2673 622 2694 υπ
612 2656 834 2708 εκδραμιον;
856 2655 997 2693 Πάνυ
979 2655 1133 2707 οραμων.
1159 2664 1194 2694 C.

231 2729 296 2755 744.
329 2717 387 2753 ἀπ’
410 2714 637 2767 ἐργαστηρίου
658 2728 668 2753 2
685 2713 763 2752 Ἵνα
782 2713 870 2764 μηδὲ
885 2716 919 2752 ἐν
936 2713 1066 2756 τούτοις
1083 2714 1222 2752 ἀπολεί-

178 2778 304 2812 πεσθαι
328 2775 411 2825 δοκῇ
431 2777 490 2811 τοῦ
513 2772 671 2816 Κλέωνος
689 2776 707 2810 ὁ
728 2770 1021 2822 ἀλλαντοπώλης,
1043 2771 1136 2816 ἔδοξέ
1151 2788 1224 2816 πως

180 2849 296 2871 ου.οιον
323 2831 541 2884 ἐξευρηκέναι
561 2837 709 2884 πρᾶγμα
733 2831 802 2874 τοῖς
818 2830 937 2868 e’xez‘vm
956 2830 1222 2883 πεπραγμένοις.

128 2915 162 2939 45
181 2907 218 2928 ου
241 2890 307 2943 γὰρ
325 2893 342 2927 ὃ
374 2889 508 2937 Κλέων,
539 2905 660 2961 φησιζ.
671 2887 772 2961 μόνος
798 2888 983 2940 ἀλλοτρίαν
1003 2888 1099 2936 νίκην
1126 2889 1226 2939 μόνος

182 2949 400 3001 ὑφήρπασεν,
427 2948 517 2986 ἀλλὰ
542 2964 601 2986 και
621 2952 722 2991 οὗτος
742 2949 780 2985 ἐκ
809 2964 870 2994 της
897 2947 1029 2991 πόλεως
1061 2947 1168 2998 μέσης
1189 2948 1227 2986 ἔκ

182 3022 272 3048 τινος
294 3006 542 3059 ἐργαστηρίου,
557 3006 659 3059 φησὶ,
676 3005 809 3058 χύτραν
824 3005 1024 3059 ὑφειλόμην,
1041 3006 1147 3043 ἄλλου
1164 3023 1228 3044 κα-

184 3063 461 3107 τασκευάσαντος
478 3067 590 3117 ἑαυτῷ
605 3064 748 3118 τροφὴν,
766 3066 812 3108 ὡς
824 3066 982 3108 κάκεῖνος
995 3064 1034 3102 τὸ
1049 3064 1227 3117 ἀλλότριον

185 3121 393 3173 κατόρθωμα
409 3122 493 3160 ἴδιον
515 3123 713 3168 ἐποιήσατο.

239 3192 302 3218 748.
333 3177 504 3230 διάκρινον
531 3194 539 3218 :

189 3251 243 3279 σοι
257 3234 387 3287 μᾶλλον
409 3236 535 3279 εὔνους.

196 3336 200 3339 ,
242 3308 306 3335 749.
338 3294 386 3345 μὴ
413 3294 439 3331 ’ν
460 3298 501 3345 τῇ
523 3294 654 3333 πνυκί;
683 3295 783 3338 Ὡς
767 3312 808 3333 αν
828 3296 861 3333 ἐν
886 3298 928 3364 τῆ
950 3295 1080 3334 συνόδι)
1103 3295 1231 3342 ἀνόητα

192 3354 338 3405 δρι)ντος
352 3356 409 3389 τοῦ
431 3351 554 3402 δήμου.
569 3355 590 3398 ἡ
613 3352 648 3390 δὲ
666 3352 750 3396 πνυξ
770 3352 870 3396 τόπος
887 3354 976 3391 ἐστιν
997 3355 1033 3391 ἐν
1052 3371 1080 3405 ῳ
1102 3369 1141 3391 το
1160 3369 1230 3391 πα-

192 3411 290 3449 λαιὸν
309 3410 556 3458 ἠκκλησίαζον.

136 3212 170 3236 50
575 3178 764 3232 Σύγκρινον
787 3179 809 3225 ἢ
837 3179 1060 3225 ἀντεξέτασον
1087 3179 1231 3233 πότερός

1301 338 1363 363 751.
1393 325 1468 363 ἀλλ’
1501 326 1547 368 εἷς
1576 340 1615 362 το
1648 324 1770 395 πρόσθ’
1790 325 1895 376 ἐχρῆν
1915 330 2105 377 παρεῖναι;

2129 323 2284 371 Εἷςτὴν

1250 381 1367 434 αὔριον
1388 381 1464 440 χρὴ
1480 383 1642 434 παρεῖναι
1669 382 1825 425 ἅπαντας
1841 397 1900 420 και
1917 384 2018 420 συνε)
2020 383 2102 421 θειν.
2128 381 2182 433 [γέ
2166 397 2288 452 ζροντα

1250 438 1286 476 δὲ
1307 438 1412 476 πάλιν
1434 442 1526 476 εἶπεν
1559 439 1611 476 ὅτι
1643 441 1785 491 ἀρχαῖος
1807 442 1824 476 ὃ
1857 442 1925 477 τῶν
1948 440 2134 486 Ἀθηναίων
2167 441 2287 489 δῆμος.

1251 497 1450 541 δεξιώτατος
1463 496 1499 534 δὲ
1511 527 1520 544 ,
1538 497 1878 550 φιλανθρωπότατος,
1897 498 2189 550 προστνέστατος,
2208 499 2293 548 ἀγα-

1251 555 1315 598 θός.
1342 559 1403 602 τῆς
1430 556 1557 607 πέτρας
1585 554 1642 605 δὲ,
1676 558 1737 601 τῆς
1769 555 1904 598 πνυκός.
1937 556 2050 608 ὀρεινὴ
2073 557 2140 609 γὰρ
2162 551 2216 604 ἦν,
2247 557 2293 599 ὡς
2310 571 2327 596 5

1252 612 1371 651 ἔοικεν.
1375 613 1389 662 ]

1305 684 1370 709 755
1401 669 1595 720 ἐμποδίζων
1620 669 1799 721 ἷσχάδας;
1826 671 1940 709 Σῧκα.
1962 671 2092 723 ὥσπερ,
2118 672 2234 724 φησὶν,
2262 673 2293 710 οἵ

1253 727 1314 772 τὰς
1330 728 1477 780 ἰσχάδας
1493 728 1659 771 ἐσθίοντες
1679 728 1940 776 ἀνεμποδίστως
1955 729 2015 766 καὶ
2034 729 2173 781 λάὸρως
2188 729 2295 776 αυτὰς

1256 786 1424 836 ἐσθίουσι,
1445 786 1502 824 τὸν
1524 785 1626 823 αὐτὸν
1643 785 1770 839 τρόπον
1787 786 1847 824 καὶ
1862 790 1880 824 ὃ
1900 787 2025 836 δῆμος,
2048 786 2185 824 ἐπειδὰν
2203 789 2238 825 ἐν
2251 790 2294 839 τῇ

1254 845 1358 883 πνυκὶ
1378 847 1550 896 καθεσθῇ,
1575 844 1777 897 κατακρίνει
1795 844 1857 882 καὶ
1874 844 2029 895 δημεύει.
2049 845 2109 883 καὶ
2128 843 2246 898 ὥσπερ
2265 848 2295 884 οἱ
2318 858 2350 883 10

1255 902 1317 946 τὰς
1337 903 1485 955 ἰσχάδας
1506 903 1674 945 ἐσθίοντες
1694 904 1756 940 οὐκ
1780 902 1819 941 ἂν
1839 904 2019 953 μεταδοῖεν
2043 904 2192 955 εὐχερῶς
2211 918 2297 951 τινι,

1257 960 1365 1004 οὕτως
1386 961 1462 999 οὐδὲ
1485 965 1502 999 ὁ
1523 962 1631 1011 δῆμος
1655 962 1766 999 ἐκεῖσε
1784 961 1931 1005 δικάζων
1955 962 2017 998 οὔκ
2040 960 2080 999 ἂν
2101 962 2299 1014 φιλανθρω-

1257 1019 1424 1058 πεύσαιτο
1455 1019 1590 1073 ῥᾳδίως.

1645 1018 1790 1062 Ἀλλως.
1821 1018 1940 1066 ἐπειδὴ
1971 1019 2068 1056 εἴωθε
2099 1018 2144 1056 τὰ
2174 1019 2300 1057 παιδία

1258 1078 1425 1122 παίζοντα
1445 1078 1654 1115 ἀναῦοίλλειν
1680 1076 1742 1121 τὰς
1759 1077 1926 1129 ἰσχάδας,
1949 1077 2009 1116 καὶ
2027 1079 2059 1115 ἐν
2080 1080 2130 1130 τῷ
2152 1077 2301 1128 στόματι

1261 1137 1374 1174 αὐτῶν
1406 1136 1580 1188 δέχεσθαι.

1260 1198 1319 1232 τοῦ
1351 1195 1575 1245 μασώμενος,
1605 1194 1628 1240 ἢ
1662 1195 1926 1248 ἐμφορούμενος.
1959 1194 2042 1232 ἔνιοι
2063 1193 2118 1241 δὲ,
2143 1193 2212 1232 ἀπὸ
2241 1198 2301 1233 τοῦ

1261 1252 1318 1290 τὸν
1340 1257 1429 1290 σῦκα
1458 1253 1686 1303 λαμὸάνοντα
1712 1253 1870 1304 χάσκειν.
1892 1255 1922 1291 οἱ
1951 1253 2007 1300 δὲ,
2036 1252 2179 1290 παιδιάν
2211 1269 2302 1293 τινα.

1262 1308 1406 1354 Ἄλλως.
1444 1311 1644 1363 Σύμμαχος
1682 1310 1805 1355 οὕτως·

1615 1136 1839 1189 Ἀρίσταρχος
1872 1136 1908 1174 δὲ
1940 1136 1979 1174 τὸ
2003 1135 2197 1186 ἐμποδίζων
2225 1136 2302 1174 ἀντὶ
2322 1147 2354 1172 15

1847 1311 1917 1349 ἀπὸ
1955 1314 2023 1349 τῶν
2064 1312 2237 1362 μελισσῶν
2280 1315 2303 1358 ἡ

1502 1369 1643 1407 εἰώθασι
1677 1369 1743 1422 γὰρ
1793 1371 1822 1407 οἱ
1864 1370 2108 1422 μελισσουργοὶ
2157 1370 2306 1422 ἰσχάδας

1266 1427 1552 1478 συγκεκομμένας
1594 1427 1725 1480 ῥίπτειν
1769 1433 1846 1470 ταῖς
1885 1427 2087 1478 μελίσσαις,
2123 1427 2210 1465 ἐπὰν
2250 1428 2307 1466 διὰ
2324 1444 2359 1468 20

1266 1484 1412 1537 κρύος-ἢ
1448 1488 1606 1537 χειμῶνα
1640 1485 1764 1529 ἐξιέναι
1796 1488 2010 1523 κατοκνῶσιν
2044 1487 2083 1523 ἐκ
2113 1488 2182 1524 τῶν
2221 1486 2309 1536 σίμ-

1269 1543 1375 1591 ὅλων,
1405 1543 1462 1581 ἵνα
1496 1543 1629 1581 ἔνδοθεν
1663 1543 1814 1581 ἐσθίωσι.
1850 1543 2021 1596 κεχήνασι
2048 1543 2084 1582 δὲ
2113 1546 2144 1582 οἳ
2183 1547 2310 1596 μασώ-

1269 1617 1378 1652 μενοι.
1412 1600 1638 1654 Ἀρίσταρχος
1668 1601 1723 1649 δὲ,
1755 1617 1806 1638 οτι
1836 1601 2040 1652 μασώμενοι
2075 1602 2136 1647 τὰς
2162 1602 2312 1662 ἰσχάδας

1269 1666 1344 1703 ταῖς
1386 1659 1563 1710 μελίτταις
1608 1659 1787 1712 ρίπτουσιν
1828 1660 1850 1697 ἃ
1889 1661 1961 1704 τοῖς
2004 1660 2088 1699 ποσὶ
2123 1657 2311 1714 τρίὸουσιν.

1269 1718 1415 1762 Ἄλλως.
1451 1717 1570 1765 ἐπειδὴ
1605 1720 1636 1756 οἳ
1664 1718 1786 1761 παῖδες
1820 1717 2049 1770 περιτιθέντες
2079 1720 2156 1763 ταῖς
2192 1720 2312 1764 συκαῖς
2331 1740 2365 1765 25

1273 1775 1398 1828 βρόχον
1438 1775 1598 1814 εἰώθασιν
1635 1776 1757 1814 ἐσθίειν
1797 1778 2042 1827 ἐπιθυμουντες
2074 1780 2142 1815 τῶν
2181 1777 2311 1826 σύκων,

1272 1838 1346 1872 εἶτα
1380 1851 1446 1872 υπο
1467 1850 1527 1872 του
1547 1834 1638 1873 πάνυ
1655 1834 1851 1907 γλίχεσθαι
1880 1835 2083 1886 κεχήνασιν.
2107 1835 2155 1887 [ἢ
2189 1852 2313 1884 ουτως,

1272 1892 1324 1931 ὅτι
1369 1893 1466 1931 ειωθε
1503 1893 1547 1932 τὰ
1585 1893 1708 1931 παιδία
1749 1893 1919 1937 παίζοντα
1965 1894 2036 1932 ἄνω
2074 1894 2205 1948 ῥιπτειν
2253 1894 2315 1939 τὰς

1274 1952 1420 2004 ἰσχάδας
1454 1952 1476 1999 ἢ
1512 1952 1574 1996 τὰς
1607 1954 1676 1990 τῶν
1714 1951 1866 2004 βοτρύων
1903 1955 2030 2005 ῥᾶγας,
2056 1953 2116 1991 καὶ
2149 1955 2200 2006 τῷ
2232 1953 2317 1992 στό-

1276 2027 1361 2061 ματι
1397 2010 1500 2054 αὐτὰς
1535 2010 1722 2054 κατιούσας
1752 2010 1914 2062 δέχεσθαι
1943 2011 2120 2062 χαίνοντα.
2148 2010 2171 2058 ἢ
2199 2011 2251 2050 ὅτι
2273 2011 2318 2050 τὰ
2335 2028 2371 2054 30

1276 2069 1333 2107 ἐπὶ
1370 2072 1445 2113 ταῖς
1483 2073 1605 2113 συκαῖς
1647 2074 1738 2107 σῦκα
1775 2065 1831 2106 διὰ
1868 2069 2038 2119 καλάμων
2083 2072 2317 2119 ἀποσπῶντα,

1275 2127 1447 2179 κεχηνότα
1469 2131 1580 2166 ταῦτα
1601 2127 1808 2179 ὑποδέχεται
1827 2129 1876 2178 τῷ
1897 2128 2075 2180 στόματι.]

1329 2200 1394 2225 756.
1426 2186 1499 2237 [νῦν
1535 2187 1588 2224 δεῖ
1616 2202 1654 2224 σε
1687 2199 1697 2225 t
1730 2184 1887 2238 Κορωνὶς
1922 2185 1982 2224 καὶ
2016 2186 2162 2230 εἴσθεσις
2190 2190 2318 2239 χοροῦ,

1278 2243 1430 2297 ἓπῳδικὴ
1474 2243 1537 2295 μὲν
1579 2244 1636 2281 διὰ
1659 2243 1708 2292 ,τὸ
1740 2242 1830 2294 μετὰ
1866 2244 1928 2289 τὴν
1956 2244 2127 2296 κορωνίδα
2165 2245 2319 2283 κεῖσθαι·

1279 2302 1455 2356 μεσῳδικὴ
1489 2303 1524 2340 δὲ
1558 2302 1615 2341 διὰ
1642 2302 1681 2340 τὸ
1715 2301 1791 2348 ἑξῆς
1816 2301 2016 2352 εἰσάγεσθαι
2043 2302 2163 2356 ἑτέραν
2195 2304 2320 2350 διπλῆν
2339 2319 2374 2345 35

1278 2364 1317 2400 ἐκ
1355 2361 1483 2413 στίχων
1515 2360 1630 2399 πέντε.
1665 2356 1713 2399 ὧν
1739 2362 1770 2398 οἷ
1795 2359 1857 2410 μὲν
1891 2361 1992 2413 τρεῖς
2013 2360 2246 2414 ἀσυνάρτητοι
2284 2361 2320 2407 ἐξ

1279 2420 1447 2471 ἰαμὸικοῧ
1495 2418 1656 2472 διμέτρου
1706 2418 1955 2464 ἀκαταλῆκτου
1998 2422 2058 2456 τοῦ
2103 2418 2320 2469 καλουμένου

1279 2477 1558 2529 Ἀνακρεοντείου
1584 2477 1644 2514 καὶ
1677 2480 1866 2529 τροχαϊκοῧ
1904 2477 2129 2528 ἷθυφαλλικοῧ
2157 2479 2217 2514 τοῦ
2253 2492 2322 2514 κα-

1279 2536 1447 2586 λουμένου
1483 2534 1712 2587 Ἀρχιλοχίου.
1749 2536 1909 2572 καλεῖται
1948 2533 1983 2571 δὲ
2017 2537 2128 2572 ταῦτα
2166 2534 2322 2587 ἀσυνάρ-

1280 2608 1369 2639 τητα
1410 2592 1630 2644 Εὐριπίδεια.
1668 2592 1735 2630 εἶσὶ
1777 2591 1844 2644 γὰρ
1888 2590 1993 2642 ὅμοια
2032 2594 2082 2644 τῷ
2130 2592 2377 2645 Εὐριπίδουω

1266 1369 1456 1422 μεταφθρά.

1495 2723 1570 2762 ἑῷος
1583 2721 1664 2762 ἡνίχ’
1679 2720 1810 2759 ἱππότης
1824 2722 1988 2762 ἐξέλαμψεν
1999 2721 2109 2762 ἀστήρ.

1283 2832 1317 2891 οἱ
1344 2829 1379 2868 δὲ
1410 2830 1486 2876 ἑξῆς
1516 2829 1575 2867 δύο
1604 2829 1763 2880 ἷαμὲικοὶ
1797 2829 2025 2882 τετράμετροι
2059 2830 2324 2877 καταληκτικοί.

1286 2893 1360 2926 εἶτα
1394 2890 1428 2927 ἐν
1462 2888 1592 2926 ἐκθέσει
1627 2889 1699 2926 ἐστι
1738 2904 1776 2926 το
1811 2888 1942 2962 ἔθιμον,
1974 2889 2081 2935 διπλῆ
2113 2888 2326 2934 ἀνάπαιστος

1285 2946 1514 2999 τετράμετρος
1539 2946 1794 2993 καταληκτικῆ.
1821 2947 1875 2999 ὑφ’
1903 2946 1921 2984 δ
1946 2946 2185 3022 παῗράγραφος
2200 2948 2325 2995 διπλη,

1287 3021 1347 3043 και
1381 3004 1456 3051 ἑξης
1494 3004 1608 3056 στίχοι
1643 3004 1770 3055 ὁμοίως
1806 3004 1868 3055 ξγᾝ
1903 3005 1954 3058 ἐφ’
1987 3008 2034 3042 ὡν
2069 3008 2119 3058 τῷ
2146 3005 2240 3044 τέλει
2270 3022 2328 3045 κο-

1290 3063 1400 3115 ρωνίς.
1394 3068 1416 3110 .]

1342 3122 1456 3159 κάλων

2345 2988 2382 3016 45

1501 3134 1510 3159 2
1555 3120 1763 3173 Παροιμία,
1805 3120 1920 3159 πάντα
1967 3120 2008 3167 δὴ
2050 3120 2168 3159 κάλων
2209 3121 2326 3161 κινεῖν.

1291 3180 1454 3226 εἴληπται
1493 3178 1529 3217 δὲ
1565 3179 1638 3230 [ἐπὶ
1671 3181 1739 3216 τῶν
1776 3178 1874 3231 πάσῃ
1913 3179 2090 3233 προθυμία
2125 3180 2316 3232 χρωμένων

1291 3241 1469 3291 παρῆκται
1501 3237 1549 3284 δὲ]
1586 3236 1656 3274 ἀπὸ
1688 3239 1756 3273 τῶν
1784 3237 1960 3275 πλεόντων
1985 3237 2045 3275 καὶ
2067 3236 2330 3289 χειμαζομένων

1292 3296 1366 3348 [καὶ
1399 3312 1443 3333 τα
1477 3295 1612 3346 σχοινία
1643 3297 1724 3346 ptr-2.
1713 3294 1831 3332 .όντιι)ν
1868 3311 1928 3333 συν
1957 3298 2032 3338 ταῖς
2067 3294 2234 3346 ἀγκύραις
2271 3294 2363 3345 ἐπὶ

1293 3354 1520 3400 θάλασσαν,
1505 3353 1593 3391 ι’)στε
1622 3356 1680 3390 τοῧ
1712 3352 1883 3396 κ)ύδωνος
1911 3353 2080 3406 ῥύσασθαι
2109 3367 2150 3390 το
2179 3332 2363 3404 πλοῖον]Τ

1258 3405 1265 3447 A
1295 3429 1397 3460 O'F‘HV
1434 3428 1505 3459 Ουν,
1540 3427 1653 3450 παντα
1691 3427 1776 3449 xtvst
1806 3427 1999 3463 ’Κραγαατα
2029 3426 2088 3448 mu
2120 3425 2235 3448 πανῖα
2266 3427 2337 3460 μη-

2250 3474 2299 3506 ais
