2517 3792
291 184 2356 286 fflfflzssfflsswffifflffiffiffifflfflffiffiaefflffi

644 365 1990 470 ΕΚΚΑΗΣΙΑΖΟΥΣΑΙ.

1213 593 1469 610 ⁴0⁹—

525 710 1005 764 ΥΠΟΘΕΣΕΙΣ.

755 846 782 882 1.

303 958 348 994 Αἱ
367 955 524 1007 γυναῖκες
544 954 718 993 συνέθεντο
742 952 856 990 πάντα
881 950 1154 1003 μηχανήσασθαι
1180 952 1226 994 εἰς
1249 950 1288 988 τὸ

251 1018 343 1062 δόξαι
360 1018 476 1071 ἄνδρες
494 1010 598 1062 εἶναι,
612 1015 671 1053 καὶ
686 1014 964 1060 ἐκκλησιάσασαι
982 1020 1100 1051 πεῖσαι
1117 1015 1289 1066 παραδοῦ-

248 1097 304 1118 ναι
321 1080 417 1134 σφίσι
435 1079 497 1125 τὴν
517 1078 630 1128 πόλιν,
649 1076 945 1130 δημηγορησοίσης
959 1083 1040 1127 μιᾶς
1060 1077 1093 1121 ἐξ
1111 1078 1235 1115 αὐτῶν.
1252 1079 1286 1115 αἱ

249 1144 285 1181 δὲ
305 1142 463 1194 μηχαναὶ
478 1146 536 1180 τοῦ
554 1141 647 1185 δόξαι
665 1140 770 1184 αὐτὰς
792 1141 918 1193 ἄνδρας
935 1135 1020 1179 εἶναι
1035 1144 1202 1179 τοιαῦται.
1217 1140 1286 1179 πώ-

211 1221 228 1245 5
246 1222 358 1258 γωνας
376 1206 572 1257 περιθέτους
588 1205 646 1243 καὶ
667 1204 825 1257 ἀνδρείαν
842 1205 1128 1255 ἀναλαμόάνουσι
1146 1204 1285 1254 στολὴν,

244 1269 482 1322 προνοήσασαι
509 1268 568 1306 καὶ
597 1268 867 1319 προασκήσασαι
891 1268 930 1306 τὸ
957 1271 1061 1319 σῶμα
1088 1271 1212 1316 αὑτῶν,
1241 1272 1286 1313 ὡς

245 1332 297 1370 ὅτι
313 1332 466 1380 μάλιστα
481 1331 638 1380 ἀνδρικὸν
654 1325 740 1368 εἶναι
756 1331 861 1375 δόξαι.
876 1331 939 1382 μία
957 1331 992 1369 δὲ
1009 1332 1042 1376 ἐξ
1061 1334 1172 1370 αὐτῶν
1190 1334 1286 1384 Πρα-

246 1394 374 1448 ξαγόρα
391 1395 516 1446 λύχνον
537 1394 665 1446 ἔχουσα
690 1394 901 1446 προέρχεται
923 1394 1013 1433 κατὰ
1031 1394 1092 1438 τὰς
1116 1396 1285 1443 συνθήκας

244 1458 303 1496 καὶ
319 1457 420 1511 φησὶν
443 1476 456 1491 α
477 1450 505 1494 ὦ
525 1458 686 1510 λαμπρὸν
703 1458 815 1508 ὄμμα.
839 1477 853 1491 υ

731 1570 777 1607 ΙΙ.

429 1683 1075 1741 (ΑΡΙΣΤΟΦΑΝΟΥΣ

565 1819 701 1858 ΓΡΑΜ
707 1821 743 1858 Μ
749 1821 865 1859 ΑΤΙΚ
872 1822 951 1859 ΟΥ.

189 1938 221 1964 10
345 1927 407 1967 Ἐν
425 1929 494 1969 τοῖς
510 1928 649 1981 Σκίροις
667 1929 711 1967 τὰ
730 1930 841 1981 γύναι’
859 1931 990 1985 ἔκρινεν
1007 1934 1041 1971 ἐν
1062 1936 1200 1979 στολαῖς

327 1989 472 2042 ιάνέρων
492 1991 741 2043 προκαθίζοντα
752 2022 761 2040 ,
778 1995 962 2047 γενομένης
978 1997 1179 2046 ἐκκλησίας,

342 2052 562 2104 περιθέμεναι
581 2053 750 2105 πώγωνας
767 2058 956 2109 ἀλλοτρίων
975 2063 1117 2112 τριχῶν.

343 2115 509 2162 ἐποίησαν
529 2116 649 2160 οὕτως.
670 2121 887 2171 ὑστεροῦντες
903 2116 960 2160 οὖν
981 2126 1118 2169 στολαῖς

344 2177 463 2230 ἄνδρες
481 2183 653 2229 γυναικῶν
672 2182 847 2220 ἐκάθισαν·
871 2186 929 2222 καὶ
951 2186 992 2232 δὴ
1015 2187 1079 2237 μία

187 2248 219 2272 15
343 2241 535 2293 δημηγορεῖ
550 2243 629 2294 περὶ
647 2247 708 2281 τοῦ
727 2245 902 2290 λαὸούσας
918 2251 985 2286 τῶν
1003 2250 1091 2287 ὅλων

340 2302 405 2349 τὴν
423 2304 610 2355 ἐπιτροπὴν
630 2306 762 2357 βέλτιον
783 2308 895 2360 ἄρξειν
911 2312 1035 2364 μυρίον

342 2367 500 2405 ἐκέλευσέ
518 2369 547 2406 τ’
568 2371 613 2413 εἰς
632 2371 743 2409 κοινὸν
763 2373 876 2425 φέρειν
897 2374 940 2412 τὰ
957 2376 1127 2429 χρήματα

340 2430 400 2469 καὶ
418 2433 541 2483 χρῆσθ’
558 2432 686 2470 ἅπασιν
703 2433 735 2478 ἐξ
752 2434 827 2474 ἴσου
843 2442 918 2481 ταῖς
934 2439 1064 2483 οὐσίαις

339 2493 398 2531 καὶ
416 2501 490 2538 ταῖς
510 2496 640 2547 γυναιξὶ
661 2499 902 2547 μετατίθεσθαι
919 2502 996 2546 τοὺς
1014 2504 1166 2557 νόμους.)

639 2619 855 2634 “ooo—u

317 2698 573 2745 SCHOLIA
607 2703 665 2746 IN
700 2705 1183 2757 ECCLESIAZUSAS.

179 2830 215 2855 20
287 2829 313 2853 1.
341 2810 388 2855 Ὦ
416 2819 576 2872 λαμπρὸν
597 2835 606 2860 t
630 2823 841 2879 Πραξαγόρα
858 2828 982 2880 λύχνον
999 2831 1128 2883 ἔχουσα
1144 2835 1269 2888 προέρ-

231 2888 344 2924 χεται.
367 2876 609 2924 (ὑποπτεύεται
627 2881 662 2918 δὲ
676 2885 694 2919 ὃ
709 2882 835 2933 ἴαμὸος
850 2885 944 2933 ἢτοῦ
963 2889 1161 2941 Ἀγάθωνος
1176 2892 1269 2938 ἢτοῦ
1297 2917 1301 2940 5

233 2932 492 2980 Δικαιογένους,
513 2936 569 2973 διὰ
587 2938 648 2982 τὰς
677 2941 815 2995 ἑταίρας
840 2947 1116 2998 ἐγκαθιζομένας.
1143 2951 1161 2988 ὃ
1186 2952 1270 3004 πρὸς

231 3047 330 3084 λεται
349 3046 384 3084 δὲ
411 3050 517 3087 εἰπεῖν
543 3051 594 3089 ὅτι
619 3054 696 3099 τοὺς
724 3058 849 3111 ἄνδρας
877 3065 1108 3117 προλάὸωμεν
1135 3071 1181 3113 εἰς
1206 3070 1267 3117 τὴν

178 3115 212 3141 25
233 3105 433 3151 ἐκκλησίαν.

284 3167 343 3201 τοῦ
360 3165 575 3226 τροχηλάτου
598 3182 606 3207 :
627 3172 694 3209 Διὰ
717 3174 775 3212 τὸν
800 3178 969 3231 κεράμεον
995 3184 1130 3236 τρογόν.
1155 3202 1267 3225 κατα-

231 3224 426 3273 χρηστικῶς
448 3222 483 3259 δὲ
503 3228 608 3262 εἶπεν·
629 3230 665 3265 οὗ
684 3230 751 3283 γὰρ
771 3235 805 3271 ἐν
825 3241 940 3289 τροχῶ
960 3229 1159 3292 ἐλαύνεται,
1177 3246 1267 3284 ἀλλὰ

231 3277 328 3330 τύπῳ
347 3277 490 3327 γίνεται.
902 3278 928 3291 Η

283 3349 312 3374 ².
342 3336 510 3374 κάλλιστα
532 3352 540 3377 :
558 3338 601 3379 ‘H
620 3341 742 3392 ἔννοια,
759 3348 927 3389 κάλλιστα
947 3361 1015 3398 τοῖς
1032 3361 1147 3410 σοφοῖς
1162 3363 1266 3413 εὑρη-

1354 699 1466 749 μένον,
1486 705 1557 743 τοῖς
1589 694 1625 738 εὖ
1648 701 1902 752 σκεπτομένοις.
1929 703 1960 740 οἷ
1981 703 2016 741 δὲ
2048 707 2119 748 τοῖς
2142 707 2302 758 φύλαξιν,
2337 708 2390 747 ὅτι

1353 757 1442 807 μετὰ
1461 757 1596 809 λύχνων
1617 763 1814 798 σκοποῦσιν.
1835 760 1963 812 (ῥύμης
1981 761 2016 800 δὲ
2036 765 2096 809 τ’ἧς
2115 767 2254 816 ὁρμῆς.)

1404 833 1431 858 6.
1461 820 1552 872 ὅρμα
1578 822 1700 874 φλογός
1729 836 1737 861 :
1769 822 1954 873 Σύμὸολον
1979 826 2062 875 ἡμῖν
2092 826 2184 865 δίδου
2213 829 2291 881 περὶ
2321 833 2389 869 τῶν

1351 878 1582 927 συγκειμένων
1601 878 1656 916 διὰ
1675 883 1736 926 τῆς
1753 881 1887 934 φλογός.

1405 955 1449 981 10.
1478 943 1720 995 χορδουμένων
1759 958 1767 983 :
1806 946 2040 996 Κινουμένων.
2080 951 2181 986 τοῦτο
2212 949 2246 988 δὲ
2277 950 2387 1002 λέγει,

1349 1000 1424 1038 ἐπεὶ
1444 1003 1474 1039 οἱ
1491 1002 1767 1047 συνουσιάζοντες
1783 1008 1966 1044 κινοῦνται.

1405 1071 1448 1096 12.
1478 1059 1694 1113 ἀπορρήτους
1723 1061 1853 1113 μυχούς
1878 1076 1887 1101 :
1914 1063 1964 1102 Τὸ
1982 1065 2108 1103 αἰδοῖον
2127 1065 2220 1117 λέγει
2242 1070 2302 1114 τῆς
2324 1084 2387 1119 γυ-

1348 1115 1481 1164 ναικὸς,
1503 1116 1559 1154 διὰ
1578 1117 1617 1155 τὸ
1639 1118 1769 1168 μηδένα
1790 1120 1874 1158 αὐτὸ
1893 1121 2044 1172 βλέπειν.

1403 1187 1446 1211 13.
1479 1175 1638 1228 (ἀφαύων
1658 1189 1666 1214 :
1690 1176 1914 1230 Ἀποξυρῶν.)

1399 1231 1501 1284 τρίχα
1520 1247 1528 1272 :
1555 1236 1625 1272 Τοῦ
1644 1235 1772 1273 αἰδοίου
1790 1235 1853 1283 τὴν
1874 1239 2099 1289 ἐπικειμένην
2110 1240 2225 1293 τρίχα.

1402 1304 1443 1329 14.
1477 1291 1580 1336 στοάς
1600 1306 1609 1331 :
1635 1292 1689 1332 Τὰ
1703 1300 1845 1343 ταμιεῖα
1869 1295 1973 1340 στοὰς
1993 1297 2141 1349 λέγουσι.
2160 1300 2219 1338 καὶ
2235 1300 2302 1354 γὰρ
2323 1316 2387 1338 πα-

1347 1349 1503 1399 ραμήκη.
1524 1353 1620 1389 -ἐν
1641 1346 1693 1395 αἶς
1709 1355 1727 1389 ὁ
1744 1355 1846 1396 σῖτος.
1868 1362 1908 1393 R.

1401 1427 1444 1454 18.
1476 1414 1615 1468 Σκίροις
1643 1431 1651 1455 :
1674 1417 1787 1469 Σκίρα
1807 1419 1908 1471 ἑορτή
1926 1421 1999 1458 ἐστι
2018 1423 2079 1467 τῆς
2097 1422 2266 1474 Σκιράδος
2283 1423 2384 1470 Ἀθη-

1344 1477 1420 1518 νᾶς,
1438 1473 1711 1527 Σκιροφοριῶνος
1728 1475 1786 1515 ιδ’.
1810 1479 1840 1515 οἱ
1870 1477 1906 1515 δὲ
1924 1478 2110 1531 Δήμητρος
2126 1481 2185 1518 καὶ
2202 1480 2331 1535 Κόρης.
2350 1484 2384 1520 ἐν

1343 1525 1368 1581 ᾗ
1387 1533 1404 1567 ὁ
1421 1531 1528 1583 ἱερεὺς
1543 1536 1602 1570 τοῦ
1623 1533 1815 1586 Ἐρεχθέως
1835 1536 1929 1589 φέρει
1948 1537 2120 1576 σκιάδειον
2137 1539 2256 1578 λευκὸν
2268 1570 2278 1588 ,
2296 1541 2383 1579 ὃλέ-

1343 1604 1441 1638 γεται
1461 1592 1589 1643 σκῖρον.

1396 1667 1441 1691 22.
1473 1653 1512 1697 ἃς
1536 1655 1770 1708 Σφυρόμαχος
1803 1671 1812 1697 :
1845 1658 2062 1712 (Γράφεται)
2095 1660 2134 1704 ἃς
2164 1662 2382 1716 Κλεόμαχος.

1344 1711 1437 1762 (καὶ)
1465 1713 1550 1761 φασὶ
1568 1714 1778 1766 Κλεόμαχον
1794 1717 1956 1768 τραγικὸν
1974 1719 2176 1770 ὑποκριτήν.
2195 1714 2291 1764 οὗτος
2310 1722 2385 1775 φαί·

1341 1785 1436 1807 νεται
1456 1771 1724 1824 ὑποκρινόμενος
1748 1789 1828 1811 ποτε
1855 1775 2028 1828 εἰρηκέναι
2048 1777 2148 1829 ἕδρας
2177 1779 2210 1815 ἐν
2232 1779 2384 1832 δράματι

1341 1827 1400 1865 καὶ
1415 1830 1589 1882 ἐσκῶιρθαι
1603 1830 1660 1868 διὰ
1675 1830 1713 1869 τὸ
1729 1831 1966 1887 κακέμςρατον.
1981 1836 1999 1872 ὃ
2010 1834 2045 1872 δὲ
2060 1834 2294 1888 Σφυρόμαχος
2313 1839 2382 1891 ψή-

1341 1901 1453 1938 φισμα
1468 1888 1698 1938 εἰσηγήσατο,
1715 1889 1805 1928 ὥστε
1820 1890 1882 1935 τὰς
1895 1893 2060 1943 γυναῖκας
2081 1894 2142 1932 καὶ
2165 1894 2242 1939 τοὺς
2258 1896 2385 1950 ἄνδρας

1339 1944 1446 1997 χωρὶς
1458 1945 1659 1990 καθέζεσθαι
1673 1948 1732 1985 καὶ
1748 1947 1810 1992 τὰς
1825 1949 1963 2002 ἑταίρας
1977 1951 2084 2004 χωρὶς
2097 1954 2164 1990 τῶν
2183 1954 2381 2008 ἐλευθέρων.

1392 2021 1438 2047 26.
1463 2010 1630 2060 θαίμάτια
1643 2042 1652 2058 ,
1669 2011 1712 2049 τὰ
1724 2013 1861 2063 ἱμάτια.
1880 2021 1919 2054 R.

1390 2078 1436 2104 30.
1456 2066 1530 2119 ὥρα
1543 2069 1693 2119 βαδίζειν
1705 2083 1713 2109 :
1725 2070 1800 2109 Μία
1808 2074 1879 2109 τῶν
1912 2073 2109 2125 ἐρχομένων
2120 2079 2289 2126 γυναικῶν
2298 2079 2382 2131 πρὸς

1337 2122 1400 2170 τὴν
1419 2125 1652 2179 Πραξαγόραν
1667 2131 1776 2166 ταῦτα
1793 2129 1900 2182 λέγει.
1917 2151 1961 2157 -·
1973 2132 2081 2185 κῆρυξ
2097 2135 2115 2171 ὁ
2134 2134 2304 2188 ἀλέκτωρ.
2326 2144 2363 2174 R.

1390 2201 1436 2227 34.
1467 2193 1668 2242 θρυγονῶσα
1686 2207 1694 2231 :
1712 2192 1877 2245 “Ησύχως
1894 2197 2026 2234 κνῶσα.

1390 2259 1434 2285 36.
1466 2249 1680 2298 ὑποδουμένη
1705 2264 1714 2289 :
1733 2249 1789 2289 Τὰ
1807 2252 2017 2302 ὑποδήματα
2039 2254 2227 2305 βάλλουσα.
2249 2257 2379 2309 κνίσμα

1337 2319 1399 2341 σου
1416 2305 1474 2342 τὸν
1490 2308 1658 2358 ἠρεμαῖον
1680 2309 1838 2359 κνισμόν.

1388 2380 1433 2406 38.
1465 2369 1679 2419 Σαλαμίνιος
1698 2384 1706 2409 :
1726 2371 1787 2415 Ὡς
1803 2376 1973 2411 ναυτικῶν
1996 2374 2103 2412 ὄντων
2123 2379 2191 2415 τῶν
2210 2379 2376 2430 Σαλαμι-

1335 2424 1415 2462 νίων
1434 2426 1492 2463 καὶ
1510 2431 1729 2481 κατωρερῶν.
1747 2429 1889 2468 δύναται
1905 2432 1941 2469 δὲ
1957 2433 2017 2470 καὶ
2037 2434 2106 2471 ἀπὸ
2121 2438 2182 2481 τῆς
2208 2438 2374 2489 Σαλαμι-

1334 2482 1406 2526 νίας
1425 2483 1508 2527 νεὼς
1520 2488 1670 2523 νοεῖσθαι
1687 2486 1726 2524 τὸ
1747 2488 1972 2539 Σαλαμίνιος,
1990 2492 2036 2534 ὡς
2051 2491 2119 2529 ἀπὸ
2133 2496 2193 2540 τῆς
2205 2495 2376 2548 Παράλου

1335 2542 1528 2594 Παράλιος.

1385 2619 1429 2643 45.
1450 2606 1683 2659 κάρεὸίνθων;
1700 2608 1945 2656 Ὑποπίνοντες
1962 2613 2028 2667 γὰρ
2044 2613 2195 2654 ἔκαπτον
2212 2617 2380 2670 φρυκτοὺς

1332 2663 1535 2716 ἐρεὸίνθους.

1383 2739 1428 2765 46.
1449 2727 1510 2774 τὴν
1527 2730 1763 2779 Σμικυθίωνος
1782 2745 1790 2770 ;
1815 2732 1960 2785 (Λείπει)
1975 2737 2134 2785 γυναῖκα.

1382 2798 1429 2824 47.
1450 2785 1599 2836 {ficiet-2
1620 2801 1629 2825 ζ
1649 2788 1788 2838 Ἔμὸδις
1805 2792 1959 2843 ἀνδρεῖον
1983 2793 2163 2844 ὑπόδημα.

1380 2856 1426 2881 48.
1446 2843 1538 2881 κατὰ
1557 2845 1687 2896 σχολήν
1717 2861 1726 2885 t
1749 2848 1822 2885 ἀντὶ
1840 2853 1898 2886 τοῦ
1924 2850 2023 2899 μόλις
2044 2850 2066 2897 ἢ
2084 2853 2249 2905 ἀψοφητί.
2273 2862 2308 2892 R.
2324 2863 2361 2894 L.

1380 2914 1424 2939 49.
1446 2903 1703 2954 Γευσιστράτην
1728 2918 1736 2943 2
1754 2905 1860 2957 Παρὰ
1882 2906 1946 2952 τὴν
1960 2910 2203 2961 Αυσιστροίτην
2219 2912 2363 2964 εἴρηται.

1297 2941 1301 3028 ν
1379 2973 1423 2997 50.
1443 2958 1505 3005 τὴν
1516 2961 1686 3010 λαμπάδα
1706 2975 1715 3000 :
1732 2962 1806 3008 Τὴν
1827 2965 1914 3016 δᾷδα
1925 2965 2015 3016 λέγει
2032 2967 2088 3004 διὰ
2101 2968 2141 3006 τὸ
2154 2968 2261 3008 νύκτα
2270 2975 2368 3011 εἰναι.

232 2988 327 3026 οὐδὲν
343 2983 436 3027 εἶπεν
447 3020 458 3040 ,
477 2993 566 3030 ἀλλὰ
595 2996 696 3045 μόνον
713 2999 764 3038 ὅτι
780 3001 840 3046 τὰς
859 3005 996 3058 ἑταίρας
1007 3009 1059 3045 δεῖ
1072 3011 1171 3059 πως.)
1190 3012 1268 3062 βού-
1297 3029 1299 3039 ·

1373 3031 1418 3055 53.
1438 3017 1507 3055 ἔστ’
1521 3018 1640 3070 ὄφελος
1657 3033 1666 3058 :
1685 3020 1774 3058 Ἀντὶ
1790 3025 1849 3059 τοῦ
1871 3024 1906 3059 αἱ
1927 3025 2084 3074 εὐγενεῖς.

1378 3088 1425 3113 56.
1443 3075 1605 3127 τριχίδων
1627 3090 1636 3115 2
1662 3077 1765 3128 Λέγει
1788 3082 1856 3116 τῶν
1881 3082 2104 3132 καλουμένων
2129 3088 2187 3123 νῦν
2210 3089 2368 3139 θρισσῶν.

1326 3135 1428 3170 αὑται
1445 3133 1481 3170 δὲ
1498 3134 1694 3184 ἐσθιόμεναι
1711 3139 1805 3187 βῆχα
1825 3139 2072 3192 ἀνεγείρουσιν.

1378 3205 1425 3230 60.
1450 3190 1522 3243 ἔχω
1537 3191 1599 3235 τὰς
1616 3193 1806 3244 μασχάλας
1832 3209 1841 3233 :
1862 3194 2043 3259 Ἔθρεψαν
2066 3198 2134 3253 γὰρ
2153 3201 2291 3254 τρίχας,
2312 3203 2367 3242 ἵνα

1325 3247 1406 3287 ὅταν
1422 3252 1664 3301 χειροτονῶσι,
1683 3253 1827 3290 δοκῶσιν
1845 3254 1965 3307 ἄνδρες
1984 3261 2084 3297 εἶναι.

1377 3321 1421 3345 6ῐ.
1451 3307 1609 3359 λόχμης;
1629 3310 1705 3347 ἀντὶ
1719 3314 1778 3348 τοῦ
1801 3315 1981 3365 συμφύτου
1999 3315 2118 3355 τόπου.
2143 3320 2180 3350 R-

1377 3379 1421 3403 οι.
1447 3366 1531 3417 πρὸς
1544 3366 1602 3404 τὸν
1618 3367 1714 3414 ἥλιον
1733 3367 1868 3409 ε”Ωστε
1885 3373 2030 3422 μέλαινα
2042 3376 2251 3425 γενέσθαιὼς
2265 3379 2363 3432 ἀνήρ.

2408 1265 2440 1289 10

2406 1562 2438 1587 15

2402 1857 2438 1882 20

2399 2153 2433 2178 25

2396 2453 2433 2478 :30

2394 2759 2433 2785 35,

2387 3044 2425 3069 40

2383 3341 2417 3366 45
