2485 3808
804 205 1054 246 SCHOLIA
1091 206 1147 243 ΙΝ
1188 205 1440 244 LYSISTR
1453 205 1621 243 ATAM.

205 316 269 344 873.
296 303 336 341 τὸ
364 303 492 353 πλῆρες
524 298 646 337 αὐτόσε
680 301 717 336 οὐ
751 299 999 349 καταδήσομαι
1031 298 1099 336 ἀπὸ
1124 302 1214 346 τῆς

154 361 380 412 ἀκροπόλεως.

204 432 268 458 878.
297 417 428 460 οὐδενὸς
447 416 597 469 χρῄζων.
614 416 681 453 ὑπὸ
696 419 756 453 τοῦ
770 415 893 468 ἔρωτος
907 416 1076 462 δηλ)νότι.

204 490 268 515 877.
299 476 374 513 ἀντὶ
388 479 447 513 τοῦ
463 474 511 525 μὴ
529 474 691 525 ἀπέλθῃς.

116 550 134 575 5
203 546 268 572 878.
298 533 383 585 πρὸς
399 532 454 570 τὸν
478 533 587 570 παῖδα
603 532 708 582 λέγει.

204 604 267 629 881.
298 587 366 629 οἷον
390 592 537 643 ἄτροφον
564 591 634 628 ἀπὸ
662 593 722 636 τῆς
745 591 850 636 θηλῆς
874 593 935 628 τοῦ
958 593 1108 640 μαστοῧ.
1136 588 1184 640 μὴ

152 649 332 695 θηλασθέν.

201 722 264 746 883.
295 708 370 745 ἀντὶ
386 711 444 746 τοῦ
466 706 521 745 διὰ
537 707 576 744 τὸ
596 707 747 745 παιδίον.

201 779 266 805 888.
296 766 542 818 ποθεινότερον,
561 764 764 817 πραότερον.

102 837 133 862 ιο
209 838 272 863 887.
304 825 513 868 ἀλαζονικῶς
529 822 727 875 θρύπτεται.
745 825 767 868 ἡ
785 821 821 860 δὲ
837 821 1016 875 μεταφορὰ
1040 821 1108 860 ἀπὸ
1127 823 1187 858 τοῦ

152 881 306 933 βρενθίου
321 881 442 934 μύρου.

202 954 268 980 888.
298 940 336 978 τὸ
357 939 486 983 ἐντελὲς
507 939 594 986 δῆτά
611 941 714 978 ε’στιν.

203 1012 265 1037 889.
296 997 352 1036 διὰ
375 998 413 1036 τὸ
427 1000 553 1050 ὡραῖον
570 998 686 1036 αὐτοῦ.

203 1070 267 1095 890.
296 1059 338 1108 τῇ
361 1055 507 1107 μαμμία
522 1069 530 1094 :
548 1054 639 1093 Ἀντὶ
653 1057 714 1092 τοῦ
734 1052 825 1103 ἐμοί.

102 1137 133 1163 !5
204 1132 268 1158 898.
299 1118 347 1169 μὴ
367 1118 520 1171 πρόσαγε
537 1117 599 1164 τὴν
622 1116 726 1169 χεῖρά
754 1131 814 1165 μοι
833 1128 842 1154 :
869 1114 930 1158 Ὡς
949 1115 1053 1153 αὐτοῦ
1076 1115 1189 1153 ἇπτο-

153 1176 256 1227 μένου
276 1179 380 1223 αὐτῆς
401 1178 564 1228 αἰσχρῶς.

203 1249 266 1274 898.
295 1235 409 1286 ὀλίγον
447 1234 545 1285 μέλει
565 1249 614 1272 σοι
636 1249 648 1277 ;

154 1307 220 1330 σοι.

204 1353 266 1397 τῆς
287 1350 413 1404 κρόκης
431 1349 642 1403 φορουμένης
664 1363 674 1388 1

102 1421 136 1447 20
155 1407 270 1458 μένης.

206 1479 270 1504 898.
299 1465 509 1519 ἀνοργίαστά
532 1480 586 1503 σοι
607 1478 616 1504 :

154 1524 329 1577 ὠργίασας
351 1527 393 1576 τῇ
412 1524 609 1576 Ἀφροδίτῃ.

207 1602 270 1627 900.
300 1588 384 1641 πρὸς
405 1588 585 1630 Λάκωνας.
605 1600 639 1628 Ρ..

213 1658 277 1684 903.
306 1650 364 1684 νῦν
381 1647 410 1683 δ’
432 1644 653 1694 ἀπομώμοκα
671 1657 680 1682 :
697 1644 787 1682 Ἀντὶ
800 1647 859 1682 τοῦ
876 1642 1095 1697 ὃρκωμοσίαν
1112 1642 1196 1696 πρὸς

103 1721 138 1746 25
157 1701 218 1746 τὰς
232 1709 398 1754 γυναῖκας
415 1703 603 1749 πεποίηκα.

666 1232 764 1272 'Au-*t
783 1236 843 1271 τοῦ
863 1232 942 1271 οὐδὲ
958 1231 1072 1283 ὀλίγον
1093 1232 1191 1282 μέλει

705 1348 1008 1402 Διαφορουμένης,
1034 1349 1192 1386 διασπω-

638 1463 822 1504 Ἀτέλεστά
849 1479 913 1502 σοι.
940 1463 1018 1502 ἀντὶ
1045 1467 1105 1502 τοῦ
1131 1464 1194 1502 οὐκ

209 1765 433 1816 ἀπομώμοκα
449 1780 458 1804 :
476 1765 569 1818 Πρὸς
587 1764 638 1804 σέ.
657 1778 693 1808 L,

209 1837 273 1862 905.
303 1823 362 1861 καί
393 1839 448 1861 τοι
481 1824 512 1861 α’
542 1825 605 1860 οὐκ
633 1824 701 1875 ἐρῶ

156 1881 274 1921 πόθον.

211 1953 278 1980 907.
307 1939 458 1978 ἐναντίον
477 1943 538 1978 τοῦ
557 1938 696 1978 παιδίου
719 1953 729 1979 :
759 1940 837 1978 Οὔκ
856 1938 1042 1990 ἀποτόμως
1065 1955 1197 1992 παραι-

107 2015 141 2041 ³0
158 2003 268 2036 τεῖται
279 2027 290 2048 ,
311 1997 402 2042 ἀλλὰ
421 1997 477 2036 διὰ
495 1997 700 2052 προφάσεως
715 1997 869 2042 πλείονος
879 1998 1032 2050 ἓρεθίζει.
1047 2000 1200 2037 -έκοι-

161 2056 326 2106 *ww-R

211 2128 277 2155 908.
305 2117 334 2153 ὠ
353 2117 486 2160 Μανῆε
504 2112 654 2160 Οἰκέτης
667 2116 685 2151 ὃ
706 2116 842 2160 Μανης,

215 2191 278 2217 911.
309 2177 396 2216 ὅπου
416 2177 455 2215 τὸ
475 2177 591 2221 Πανὸς
611 2177 716 2215 καλόν
739 2190 748 2216 ;
770 2177 873 2216 'Ea-ev.
895 2178 1055 2230 ἐρωτικὸς
1071 2181 1088 2216 ὁ
1107 2179 1199 2219 Πάν.

162 2235 312 2282 πλησίον
334 2235 370 2273 δὲ
391 2251 452 2273 του
473 2235 625 2274 Πανείου
645 2239 667 2281 ἡ
690 2235 878 2288 Κλεψύδρα
896 2230 938 2282 ἦν
955 2252 1078 2288 κρηνη.

111 2313 145 2338 35
216 2311 280 2337 913.
309 2298 509 2348 λουσαμένη
533 2301 576 2350 τῇ
606 2298 796 2351 Κλεψύδρα
824 2314 832 2338 :
862 2299 924 2338 Ἐν
948 2303 991 2351 τῇ
1018 2301 1203 2352 ἀκροπόλει

164 2360 205 2402 ἠν
225 2371 334 2408 κρηνη
353 2358 376 2401 ἡ
401 2354 609 2407 Κλεψύδρα,
637 2355 802 2427 πρότερον
829 2356 998 2406 Εμπεδὼ
1019 2359 1069 2395 λε
1059 2359 1201 2407 γομένη.

164 2412 350 2463 ὠνομάσθη
371 2411 407 2450 δὲ
426 2411 633 2464 Κλεψύδρα,
648 2412 704 2450 διὰ
723 2412 762 2450 τὸ
779 2414 864 2452 ποτὲ
884 2417 946 2464 μὲν
967 2417 1203 2469 πλημυυρεῐν,

165 2471 248 2508 ποτὲ
268 2469 303 2508 δὲ
322 2471 440 2510 ἐνδεῖν.
470 2470 543 2521 ἔχει
568 2469 604 2507 δὲ
635 2469 696 2514 τὰς
721 2470 832 2524 ῥύσεις
851 2473 918 2510 ὑπὸ
944 2476 1024 2523 γῆν,
1053 2473 1204 2526 φέρουσα

165 2530 212 2572 εἷς
227 2528 284 2566 τὸν
305 2528 518 2599 Φλεγρεώδη
537 2529 704 2578 λειμῶνα.
727 2551 775 2558 -
791 2531 837 2573 εἷς
856 2530 918 2577 τὴν
940 2531 1138 2583 ἀκρόπολιν.
1156 2541 1194 2571 R.

114 2610 150 2635 40
225 2600 287 2626 917.
319 2585 369 2637 μὰ
387 2587 445 2624 τὸν
462 2586 645 2625 Ἀπόλλω.
638 2600 645 2608 ·
668 2589 744 2626 Οὔκ
765 2587 856 2626 ἔστιν
875 2589 975 2641 ὅρκος
992 2593 1176 2640 γυναικῶν.

219 2658 281 2684 980.
310 2643 406 2694 κάγὼ
425 2643 585 2694 ’κδύομαι
608 2658 617 2683 :
643 2646 767 2684 Λείπει
786 2645 825 2684 τὸ
841 2646 992 2695 ἱμάτιον.

220 2719 286 2745 983.
319 2706 464 2759 αἰσχρὸν
483 2707 584 2759 γὰρ’
569 2707 626 2746 επὶ
646 2706 743 2746 τόνου
765 2724 804 2759 γε
827 2722 836 2747 t
859 2709 950 2746 Ἀντὶ
970 2713 1029 2746 τοῦ
1051 2709 1107 2747 ἐπὶ
1126 2711 1206 2748 ἐπι-

168 2763 279 2802 τόνου.
299 2762 412 2801 λείπει
430 2763 497 2816 γὰρ
516 2768 538 2810 ἡ
557 2764 627 2804 ἐπί.
650 2766 787 2812 δηλοῖ
768 2781 804 2803 οε
825 2766 923 2803 ἐπι
905 2782 941 2804 οε
927 2766 1087 2818 ἕρματος.
1121 2769 1205 2819 (καὶ)

169 2819 330 2872 εΌμηρος
349 2825 423 2867 [οᾱ.
440 2829 493 2870 Μ,
510 2827 575 2868 423]
595 2841 610 2856 «
627 2822 778 2867 ἐπίτονος
797 2822 958 2874 βέολητο.
977 2843 992 2857 υ

120 2901 154 2928 ⁴5
225 2890 292 2916 925.
321 2877 381 2915 καὶ
400 2877 441 2923 δὴ
461 2877 619 2929 ’κδύομαι
637 2893 646 2918 ζ
664 2880 786 2919 Λειπει
802 2881 841 2919 τὸ
861 2882 1009 2931 ἱμάτιον.

225 2948 289 2974 988.
319 2934 497 2986 Ἡρακλῆς
518 2935 715 2980 ξενίζεται.
706 2952 714 2960 ·
741 2939 923 2991 Παροιμία
949 2941 1006 2978 ἐπὶ
1027 2944 1096 2979 τῶν
1118 2945 1208 2994 βρα-

175 2990 413 3031 δυνόντων.οἱ
435 2991 502 3044 γὰρ
531 2994 780 3045 ὑποδεχόμενοι
799 2996 857 3034 τὸν
877 2997 1058 3050 <Ηρακλέα
1080 3001 1210 3052 βραδύ-

174 3064 300 3086 ν.ουσιν
316 3047 491 3100 ἀδηφάγος
506 3049 572 3102 γὰρ
589 3051 644 3088 5⁹
622 3067 724 3103 ηρως.

227 3124 293 3150 989.
312 3109 482 3154 &vm-‘rate’
464 3112 708 3159 αναπήδησον;

124 3191 161 3219 ⁵0
177 3170 234 3219 θῇ.

229 3239 294 3266 830.
325 3225 500 3263 ἅπαντα
482 3240 594 3273 οητα;
616 3229 704 3267 Κατ’
725 3229 905 3281 ερώτησιν.

231 3301 296 3328 9323.
326 3288 473 3341 σισύραν
486 3291 547 3327 οὔκ
566 3290 678 3341 ἔχειςε
697 3293 881 3346 Διφθέραν,
900 3296 1041 3346 ἱμάτιον
1068 3300 1206 3339 πυκνόν,

259 3345 433 3384 ἄκναπτον
450 3346 587 3396 ἱμάτιον
604 3348 662 3385 καὶ
681 3364 777 3400 παχυ
794 3354 815 3395 ἡ
833 3352 970 3404 σισύρα.

731 1836 740 1862 ;
771 1824 824 1862 Οὐ
855 1822 998 1876 κρύπτω
1024 1822 1084 1861 τὸν
1114 1823 1196 1874 ἐμὸν

724 3112 802 3154 Ἵνα
818 3118 1097 3170 προσκεφάλαιον
1114 3122 1209 3173 αὐτῷ

2203 210 2275 241 259

1305 309 1369 333 938.
1399 295 1576 356 ἅνθρωπος
1598 293 1769 346 ἐπιτρίψει
1789 308 1832 343 με
1857 306 1865 331 :

1245 354 1420 405 ἄνθρωπος
1444 356 1471 402 (ε
1468 347 1557 403 ἰπε).

1296 426 1359 450 937.
1390 412 1466 448 ἀλλ’
1490 413 1636 464 ε’πῆρται
1661 410 1762 448 τοῦτό
1785 423 1850 461 γε;
1874 409 1927 449 Τὸ
1963 411 2088 447 αἰδοῖον
2116 408 2278 448 δείκνυσι.

1894 292 1982 331 Ἀντὶ
2005 295 2063 330 τοῧ
2092 294 2113 337 ἡ
2139 291 2224 342 γυνὴ
2256 296 2277 338 ἠ

1212 491 1215 496 <
1243 472 1326 522 παρ’
1344 470 1505 507 ὑπόνοιαν
1526 470 1561 507 δὲ
1584 469 1777 515 ἀπήντησε.

1297 541 1360 565 943.
1388 529 1417 564 Εἰ
1443 526 1491 576 μὴ
1524 541 1757 578 otmrpmuxov
1783 540 1861 577 γε’

1852 558 1860 565 .
1893 526 2000 579 Παρὰ
2028 526 2066 564 τὸ
2093 526 2279 579 διατρίὸειν
2301 540 2316 561 5

1214 626 1216 631 ,
1245 586 1303 622 καὶ
1325 584 1595 623 ἀναῆάλλεσθαι.
1618 589 1685 622 οἷον
1704 585 1881 637 διατριὸνς
1902 585 2006 634 γέμον
2027 601 2086 622 και
2108 587 2282 636 βραδυτῆ-

1214 638 1217 660 ³
1245 659 1312 686 τος·
1331 642 1406 679 ἐπει
1432 658 1490 679 και
1507 642 1732 694 τριὸόμενα”
1713 659 1785 680 ενια
1806 646 1872 680 τῶν
1896 642 2012 694 μύρων
2034 643 2121 689 ἡδίω
2137 659 2280 694 γινεται.

1248 700 1335 750 (ἅμα
1356 700 1391 737 δὲ
1411 701 1470 738 καὶ
1489 701 1572 752 πρὸς
1589 701 1650 746 τὴν
1673 700 1852 753 διατριὸὴν
1872 701 1991 751 λέγει.)

1299 778 1362 802 944.
1392 765 1526 802 τάλαιν’
1554 764 1621 815 ἐγώ
1639 778 1647 803 :
1665 767 1778 803 Τοῦτο
1804 765 1906 817 φησὶν
1925 764 1983 802 ἵνα
2008 765 2113 802 πάλιν
2134 765 2281 816 ἀπέλθῃ.

1249 823 1298 871 (οὗ
1317 822 1356 860 τὸ
1378 823 1528 875 Σύριον.)
1549 822 1684 861 Ῥόδιον
1703 822 1737 860 δὲ
1759 823 1865 873 μύρον
1881 822 1920 860 τὸ
1941 822 2010 860 ἀπὸ
2027 826 2087 868 τῆς
2107 823 2243 862 Ῥόδου·
2265 824 2282 862 ὃ
2308 837 2339 860 10

1246 883 1422 931 καλοῦμεν
1441 884 1542 931 ἡμεῖς
1562 881 1704 932 ῥόδινον.

1301 958 1365 983 947.
1395 944 1453 982 τὸν
1474 944 1694 996 ἀλάὸαστρον
1719 958 1728 982 :
1749 944 1825 990 Τὴν
1847 945 2059 997 μυροθήκην.

1303 1003 1379 1040 ἀλλ’
1397 1002 1511 1055 ἕτερον
1531 1003 1602 1055 ἔχω
1625 1017 1633 1042 :
1653 1003 1704 1042 Τὸ
1728 1003 1855 1040 αἰδοῖόν
1873 1019 1969 1056 φησι.

1302 1075 1369 1100 918.
1402 1061 1451 1112 μή
1470 1078 1529 1111 μοι
1546 1061 1626 1114 φέρε
1650 1076 1658 1100 :
1677 1064 1750 1100 Τοῦ
1766 1061 1886 1113 μύρου.

1303 1134 1366 1158 951.
1399 1120 1546 1164 σπονδὰς
1568 1120 1740 1157 ποιεῖσθαι
1765 1121 1886 1172 ψηφιεῖ
1906 1133 1914 1158 :
1942 1121 2055 1159 Τοῦτο
2087 1121 2243 1171 εἷρηκυῖα
2265 1123 2287 1166 ἦ
2312 1134 2342 1158 15

1250 1177 1336 1229 γυνὴ
1352 1177 1481 1216 ἄπεισι.

1303 1249 1368 1275 958.
1400 1234 1602 1274 ἀπολώλεκέ
1623 1251 1667 1286 με
1688 1250 1697 1276 ;

1251 1295 1366 1337 ναικὸς
1385 1294 1555 1347 ὀδύρεται.

1305 1366 1370 1392 933.
1400 1353 1626 1406 κάποδείρασ’
1643 1353 1776 1404 οἴχεται
1795 1367 1804 1392 t
1824 1355 1885 1396 Εἷς
1903 1352 1941 1390 τὸ
1961 1352 2118 1406 αἰσχρόν.

1306 1430 1370 1456 955.
1401 1417 1558 1469 ψευσθείς
1579 1431 1587 1456 ;

1722 1235 1767 1276 ‘O
1792 1234 1879 1288 ἀνὴρ
1900 1235 2117 1282 ἀπελθούσης
2145 1239 2205 1282 τῆς
2230 1252 2291 1287 γυ-

1606 1417 1697 1455 Ἀντὶ
1717 1421 1776 1455 τοῦ
1794 1417 1994 1464 ἀπατηθείς.

1307 1488 1371 1513 956.
1398 1477 1472 1518 πῶς
1488 1473 1618 1522 ταύτην
1633 1476 1902 1528 παιδοτροφήσω
1921 1489 1930 1514 :
1947 1475 2009 1519 Ὡς
2022 1475 2187 1529 θυγατρὸς
2200 1478 2294 1528 αὐτῷ

1255 1532 1440 1582 ἑπομένης.
1466 1533 1701 1585 κακεμφάτως
1718 1532 1754 1571 δὲ
1771 1534 1830 1571 καὶ
1847 1533 1905 1571 ἐπὶ
1922 1537 1981 1572 τοῦ
2003 1533 2133 1571 αἰδοίου
2151 1533 2294 1572 δύναται

1256 1589 1454 1630 ἀκούεσθαι.

1309 1662 1373 1687 957.
1405 1652 1472 1686 ποῦ
1492 1648 1700 1695 κυναλώπηξ
1719 1662 1728 1688 :
1749 1649 1806 1699 (Ο
1826 1648 2092 1701 Φιλόστρατος.)
2109 1649 2168 1687 καὶ
2185 1650 2296 1687 ἀλλα-

1256 1709 1320 1758 χοῦ
1339 1711 1412 1752 [Eq.
1437 1712 1516 1752 1069]
1537 1725 1551 1739 κ
1573 1706 1815 1759 Φιλόστρατος
1832 1710 1852 1753 ἡ
1874 1707 2096 1753 κυναλώπηξ.
2118 1725 2134 1740 n
2151 1709 2196 1750 ὡς
2210 1723 2296 1759 πορ-
2315 1725 2348 1749 25

1257 1763 1460 1801 νοὸοσκοῧ”
1440 1780 1535 1807 οντος
1554 1768 1612 1802 τοῦ
1638 1764 1893 1817 Φιλοστράτου.
1925 1764 2086 1816 βούλεται
2115 1765 2151 1803 δὲ
2174 1765 2295 1812 τίτθην

1259 1821 1520 1871 μισθώσασθαι,
1543 1838 1597 1858 ινα
1618 1821 1726 1875 θρέψῃ
1747 1823 1786 1860 τὸ
1802 1823 1952 1861 παιδίον.

1311 1898 1374 1924 968.
1405 1891 1502 1928 ποῖος
1533 1884 1600 1937 γὰρ
1628 1884 1650 1931 ἢ
1680 1886 1801 1938 νεφρὸς
1835 1886 1992 1938 ἀντισχοι
2019 1901 2029 1926 t

1260 1943 1385 1981 σαυτὸν
1403 1946 1572 1995 ἐπισχεῖν,
1591 1943 1699 1987 οὕτως
1718 1944 1952 1996 ἠρεθισμένος.

1312 2015 1374 2040 963.
1404 2002 1487 2040 ποία
1506 2002 1605 2055 ψυχή
1628 2015 1636 2040 :
1660 2003 1765 2054 Παρὰ
1788 2002 1832 2040 τὰ
1858 2003 1892 2047 ἐξ
1914 2003 2142 2057 Ἀνδρομέδας
2159 2024 2173 2040 a
2202 2008 2299 2045 ποῖαι
2319 2019 2352 2044 30

1259 2060 1414 2107 λιὸάδες,
1431 2060 1515 2098 ποία
1536 2060 1670 2112 σειρήν;
1689 2079 1703 2093 u

1313 2124 1409 2161 ποῖος
1426 2118 1466 2156 ἂν
1483 2119 1582 2170 ὄρρος
1605 2132 1613 2157 :
1639 2118 1729 2156 Ἀντὶ
1749 2123 1807 2156 τοῦ
1827 2119 1997 2171 πρωκτός.

1314 2189 1379 2214 988.
1411 2175 1487 2218 τοὺς
1504 2176 1643 2228 ὄρθρους
1665 2189 1673 2214 ;
1694 2176 1783 2214 Ἀντὶ
1802 2181 1862 2214 τοῦ
1879 2180 1914 2215 ἐν
1930 2183 2000 2221 τοῖς
2015 2178 2158 2231 ὅρθροις.

1315 2252 1378 2277 973.
1409 2239 1544 2288 θωμούς
1567 2253 1576 2278 t
1597 2239 1738 2291 Σωροὺς
1755 2239 1877 2284 ξύλων.
1900 2242 2010 2292 θωμοὶ
2031 2242 2067 2280 δὲ
2092 2245 2252 2294 λέγονται
2271 2247 2303 2283 οἱ

1263 2299 1329 2333 τῶν
1357 2299 1474 2347 πυρῶν
1496 2296 1613 2349 σωροί.
1641 2296 1756 2349 τυφὼς
1776 2297 1811 2335 δὲ
1844 2302 1865 2344 ἡ
1896 2297 1931 2343 ἐξ
1957 2301 2221 2350 ἀναθυμιάσεως
2242 2305 2304 2349 τ’ἧς
2323 2315 2356 2340 ³5

1263 2357 1325 2403 γῆς
1344 2354 1538 2406 συστροφὴ,
1551 2355 1632 2407 πρὶν
1653 2358 1894 2407 ἐκπυρωθῆναι
1914 2357 1973 2396 τὸν
1993 2358 2091 2412 ἀέρα.

1316 2424 1380 2449 974.
1414 2412 1558 2464 μεγάλῳ
1576 2415 1672 2466 τυφῷ
1694 2427 1702 2452 :
1722 2415 1877 2468 Μεγάλῳ
1893 2415 2058 2454 καύσωνι.

1318 2488 1383 2514 980.
1414 2482 1465 2528 πᾷ
1489 2483 1550 2513 τᾶν
1574 2477 1719 2514 Ἀσανᾶν

2058 1889 2144 1930 Πῶς
2168 1885 2298 1937 δυνήσῃ

1743 2491 1751 2516 :
1776 2478 1867 2517 Ἀντὶ
1886 2483 1945 2517 τοῦ
1972 2484 2040 2518 ποῧ
2065 2483 2134 2519 τῶν
2156 2481 2304 2529 Ἀθηνῶν

1266 2535 1357 2571 ἐστιν
1377 2537 1398 2579 ἧ
1419 2533 1599 2585 γερουσία,
1618 2535 1794 2574 τουτέστιν
1822 2540 1844 2583 ἡ
1864 2538 2052 2586 ἐκκλησία,
2072 2539 2132 2577 καὶ
2159 2543 2181 2586 ἡ
2203 2540 2306 2578 σύνο-

1266 2593 1331 2634 δος.
1353 2592 1594 2642 διατεταμένος
1612 2592 1646 2631 δὲ
1663 2589 1780 2640 ἦλθεν.
1803 2594 1872 2633 ἀπὸ
1891 2600 2005 2634 κοινοῦ
2027 2595 2063 2634 δὲ
2081 2601 2148 2635 ποῦ
2164 2598 2230 2636 εἶσὶ
2247 2598 2307 2636 καὶ
2326 2614 2358 2639 ω

1266 2652 1297 2686 οἱ
1316 2649 1515 2702 πρυτάνεις,
1532 2645 1580 2694 οἷς
1597 2651 1684 2688 θέλω
1698 2668 1731 2690 τι
1751 2652 1824 2690 νέον
1842 2655 1962 2693 εἰπεῖν.

1319 2727 1382 2752 988.
1412 2713 1631 2757 Κονίσαλος.
1623 2729 1631 2737 ·
1653 2715 1798 2765 Δαίμων
1821 2716 2027 2769 πριαπώδης
2055 2722 2072 2756 ὁ
2099 2719 2301 2762 Κονίσαλος·

1267 2772 1306 2809 ἐκ
1324 2776 1382 2810 τοῦ
1401 2788 1450 2822 μη
1467 2774 1576 2810 ὀκνεῖν
1595 2774 1654 2810 καὶ
1671 2773 1728 2810 ἐπι
1745 2774 1869 2818 κόνεως
1883 2775 2109 2847 μίγνυσθαι.

1319 2843 1384 2869 983.
1414 2847 1442 2867 ω
1462 2829 1654 2881 κυρσάνιε.
1646 2845 1654 2852 ·
1677 2832 1778 2880 (Ἀντὶ
1799 2848 1857 2870 του
1878 2835 1906 2870 ὠ
1926 2834 2062 2880 νεανία,
2083 2836 2111 2871 ὠ
2128 2833 2249 2887 55³9&-
2269 2834 2304 2884 ἢ)

1269 2889 1343 2925 ἀντὶ
1362 2903 1421 2925 του
1443 2887 1561 2925 εὐτελ’
1544 2904 1679 2926 εστατε.
1697 2905 1821 2941 κυρσος
1839 2889 1906 2942 γαρ
1929 2890 2061 2934 ευτελὲς
2080 2891 2245 2943 λάχανον.

1321 2963 1385 2988 935.
1417 2950 1568 2987 κᾶπειτα
1593 2950 1674 3002 δόρυ
1698 2953 1785 2997 &zu

2327 2915 2360 2941 45

1809 2952 1908 2991 εΔιὰ
1926 2969 1964 2991 το
1980 2954 2019 2991 τὸ
2043 2955 2172 2992 αἰδοῖον
2203 2958 2309 2994 αὐτου

1270 3007 1360 3059 μέγα
1381 3012 1488 3054 εἶναι,
1509 3007 1649 3052 ἐξέτεινε
1666 3008 1710 3046 τὰ
1725 3009 1850 3059 ἱμάτια
1867 3013 1910 3062 τῇ
1930 3011 2033 3063 χειρί.
2049 3013 2102 3050 ὃ
2084 3011 2120 3050 οὲ
2140 3008 2216 3052 εἷπε
2228 3013 2309 3066 δόρυ

1268 3065 1370 3117 ἔγεις.

1321 3137 1384 3162 986.
1409 3124 1459 3174 (οὐ
1479 3123 1536 3160 τὸν
1556 3123 1622 3162 Δία
1642 3137 1650 3163 :
1673 3125 1725 3163 Οὐ
1747 3124 1798 3175 μὰ
1816 3125 1873 3163 τὸν
1894 3126 1989 3177 Δία.)

1321 3202 1385 3226 988.
1419 3188 1506 3239 (παλ
1508 3187 1559 3231 εός
1578 3204 1623 3239 γα
1640 3188 1680 3235 νὴ
1698 3206 1755 3227 τον
1774 3190 1969 3244 Κάστορα;
1983 3190 2124 3248 Ὥσπερ
2140 3195 2178 3233 τὸ
2192 3212 2363 3246 πηγα-5υ

1268 3261 1324 3283 νον
1345 3245 1426 3284 ἔνιοι
1444 3246 1623 3318 ἀφαιρέσει
1642 3263 1703 3285 του
1722 3264 1750 3286 π
1776 3248 1904 3300 ἤγανον
1924 3250 2102 3302 λέγουσιν,
2123 3252 2229 3297 ουτως
2253 3257 2306 3293 ἐν·

1268 3306 1379 3340 ταῧθα
1396 3319 1488 3341 κατα
1503 3304 1543 3341 τὸ
1560 3304 1712 3343 ε’ναντίον
1728 3306 1910 3351 πλεονάζει
1931 3324 1970 3346 το
1990 3324 2027 3346 π.
2048 3310 2170 3358 ἠλεὸς,
2190 3311 2264 3349 ἀλε
2238 3326 2309 3357 εος,

1270 3360 1410 3403 παλεός.
1429 3360 1585 3399 τουτέστι
1603 3363 1707 3413 λῆρος
1719 3364 1779 3400 καὶ
1800 3363 1972 3415 μάταιος.)

2196 3445 2234 3469 17.
