2533 3808
149 198 223 231 318

199 290 262 315 318.
289 272 541 326 ἡμιδιπλοίδιον
560 284 569 310 :
586 270 638 308 T6
662 271 853 319 γυναικεῖον
877 266 1029 317 ἱμάτιον,
1047 266 1070 312 ἢ
1093 267 1176 303 ἀνα-

148 334 288 372 δόλαιον
305 333 487 382 γυναικῶν.

197 405 261 430 319.
290 388 481 442 περσικάς;
500 380 599 429 Εἶδος
615 382 860 434 ὑποδημάτων.

197 448 417 499 ὑφέλκομαι;
438 444 527 483 Ἀντὶ
543 447 602 481 τοῦ
622 439 936 495 περιδεσμεύομαι,
953 438 1174 489 ὑποδέδεμαι.

109 520 127 545 5
196 520 258 545 330.
288 508 321 544 ἐν
345 505 513 555 καθαρῷ;
529 495 642 540 Οἷον’
628 517 661 539 εν
680 500 820 554 ἐρημίᾳ.

195 578 262 602 330.
295 561 492 608 Κινησίας·
510 563 605 603 οὗτος
621 558 789 609 μαλακός.
808 565 845 595 Β.

196 635 258 661 333.
291 619 514 672 (κροκώτιονε
535 618 838 670 “Υποκοριστικῶς.
856 613 1035 668 εἴρηταιδ’
1053 614 1086 651 ἐν
1103 609 1177 652 ΒΞ-

142 680 280 732 τράχοις
299 677 416 729 [46]‚‘'
395 694 447 716 οτι
472 676 639 727 ἔνδυμά
624 692 697 714 εστι
718 673 942 719 Διονυσιακὸν
959 676 976 711 6
992 671 1174 725 κροκωτός.

142 741 288 776 ἐνταῦθα
324 736 359 774 δὲ
391 737 492 782 δῆλον
521 737 565 778 ὡς
593 736 798 785 γυναικεῖον.
834 730 1093 783 ἀμπισχόμενος
1127 729 1174 781 δὲ)

92 813 124 838 10
142 794 447 849 περιὸεὸλημένος.

193 868 256 893 337.
287 853 564 905 ἔκτετρύπηκενε
582 850 657 888 ἀντὶ
674 854 732 888 τοῦ
749 849 862 901 λάθρα
879 847 1026 895 ἐξηλθεν.
1048 855 1086 885 R

193 926 256 951 338.
285 910 446 963 νεώτερον
470 924 478 949 t
503 909 631 948 Καινὸν
648 908 707 946 καὶ
727 908 868 946 ἄτοπον.

193 984 256 1009 346.
288 969 471 1021 (κοθόρνωῑ
490 968 657 1057 Κόθορνος
671 960 756 1009 εἶδος
771 965 1009 1015 ὑποδηματος,
1028 963 1174 1017 ἁρμόζον

140 1028 355 1081 ἀμφοτέροις
355 1026 545 1076 ποσί-μ

91 1107 121 1132 15
193 1101 254 1126 347.
287 1085 361 1137 (τὴν
381 1083 551 1136 σισύραν;
572 1053 624 1123 T6
641 1082 824 1134 μαλλωτὸν
848 1084 1006 1135 στρῶμα.
1027 1080 1157 1134 φανὴ
1139 1080 1173 1119 οὲ

140 1144 308 1197 λαμπρὰ,
326 1143 489 1195 καθαρά.)

192 1217 255 1242 349.
285 1201 424 1254 γνώμην
444 1201 557 1252 εμήν;
573 1195 655 1239 Οἱον
672 1198 763 1237 κατὰ
777 1198 872 1245 τὴν’
857 1214 944 1249 εμην
957 1196 1098 1249 γνώμην
1115 1197 1174 1235 καὶ

139 1262 262 1307 οἴη.σιν

191 1333 253 1358 350.
283 1317 361 1356 ὅσον
379 1317 440 1368 ἐμὲ
454 1317 591 1356 εἰδέναι.
608 1323 645 1353 Β.

87 1402 121 1426 20
194 1397 256 1422 351.
286 1382 422 1433 ἱμονιάν
455 1395 464 1420 t
491 1379 623 1431 Ἱμονιὰ
646 1382 803 1418 καλεῖται
835 1378 874 1416 τὸ
898 1377 1062 1430 σχοινίον,
1085 1379 1118 1415 ἐν
1145 1371 1172 1429 ᾧ

139 1442 373 1495 ἀρύονταιτοῦ
393 1440 524 1482 ὕδατος.
547 1443 657 1477 ταῦτα
677 1439 712 1476 δὲ
731 1437 842 1489 λέγει,
863 1440 908 1481 ὡς
931 1439 1036 1475 αὐτοῦ
1053 1435 1171 1488 μακρὰ

139 1502 394 1542 ἀποπατοῦντος
411 1498 470 1536 καὶ
482 1497 648 1549 χέζοντος.
684 1518 691 1523 -

190 1579 252 1604 355.
282 1562 393 1617 ἀχράς
417 1578 466 1606 τις
490 1575 499 1601 :
530 1561 702 1600 Στένωσιν
737 1564 782 1612 τῇ
813 1560 939 1612 γαστρὶ
965 1557 1111 1611 παρέχει
1143 1560 1171 1609 (6

137 1622 318 1674 λεγόμενος
336 1620 417 1673 παρ’
440 1622 524 1669 ἡμῖν
545 1619 654 1662 ἄπιος.
683 1618 772 1657 οὕτω
795 1618 862 1671 γὰρ
878 1618 938 1656 καὶ
963 1618 1115 1657 Πλάτων
1136 1619 1170 1655 ἐν

91 1700 125 1730 25
141 1682 269 1732 Νόμοις
296 1679 417 1722 ἀπίους
439 1678 586 1731 εἴρηκεν.
612 1679 650 1715 οὐ
680 1677 780 1727 μόνον
808 1677 862 1725 δὲ,
888 1676 979 1715 ἀλλὰ
1003 1675 1063 1714 καὶ
1086 1678 1171 1728 παρ’

142 1740 297 1784 Ἀλέξιδι·
319 1737 378 1776 καὶ
394 1739 429 1775 ἐν
444 1736 586 1789 Ἀγρίοις
605 1735 836 1789 Φερεκράτει,

315 1835 383 1877 πρὶν
400 1834 592 1871 ἀνακυκῆσαι
605 1833 674 1869 τοὺς
690 1832 798 1869 ἀπίους
812 1833 984 1873 ἁρπαζέτω.

143 1922 261 1974 ἐπέχει
283 1921 318 1961 δὲ
334 1920 396 1968 τὴν
413 1920 566 1973 γαστέρα
583 1923 603 1966 ἡ
622 1919 761 1972 ἀχράς.)

190 1995 254 2020 356.
283 1979 560 2033 Θρασύὸουλοςε
589 1981 701 2021 Οὗτος
724 1977 912 2028 ἀντιλέγειν
940 1978 1076 2029 μέλλων
1101 1980 1170 2022 τοῖς

81 2051 116 2076 30
140 2037 422 2088 Λακεδαιμονίων
459 2036 626 2089 πρέσὸεσι
657 2035 737 2088 περὶ
769 2037 924 2073 σπονδων
957 2037 1168 2085 ἐληλυθόσιν,

139 2091 212 2134 εἶτα
232 2094 491 2149 δωροδοκήσας,
515 2094 670 2145 ἀχράδας
691 2093 970 2146 προσεποιήσατο
991 2094 1168 2148 βεὸρωκέ-

138 2176 210 2207 ναι,
227 2175 287 2197 και
305 2157 352 2209 μὴ
374 2158 538 2195 δύνασθαι
553 2156 676 2235 λέγειν.

190 2237 251 2262 357.
281 2216 348 2261 οἷον
367 2221 534 2259 ἐπίκειται
552 2220 612 2257 και
631 2219 753 2260 θλίὸει.
773 2225 812 2254 Β.

191 2294 254 2319 359.
285 2279 387 2317 ἀλλ’
375 2278 454 2317 όταν
470 2278 594 2331 φάγωῑ
612 2278 776 2329 (Αγωνιῶ
793 2277 848 2326 δὲ,
863 2277 922 2316 ἐὰν
940 2278 1059 2332 φάγω,
1076 2279 1167 2318 ουτω

84 2353 119 2378 35
137 2338 199 2385 τὴν
219 2337 370 2390 γαστέρα
391 2336 642 2387 στενούμενος,)
665 2338 711 2379 εἷς
726 2342 822 2374 ποῖον
843 2336 946 2375 τόπον
971 2353 1058 2391 χωρε
1052 2353 1124 2384 .,σει
1145 2342 1167 2385 ἡ

138 2396 230 2434 ἔνδον
247 2395 384 2447 κόπρος.

190 2474 252 2498 361.
284 2457 537 2509 (βεὲαλάνωκεν
566 2455 837 2496 ῖἜκλείδωσεν.
861 2455 1008 2507 βάλανος
1035 2457 1101 2510 γὰρ
1128 2458 1167 2496 τὸ

139 2521 186 2561 εἷς
204 2518 261 2555 τὸν
284 2516 413 2567 μογλδν
438 2514 601 2566 σιδήριον,
617 2514 635 2551 δ
653 2515 825 2564 καλοῦμεν
846 2514 1036 2565 μάγγανον.
1056 2520 1167 2554 ταῦτα

139 2576 168 2614 δ’
185 2576 319 2628 ειρηται
336 2589 394 2611 και
411 2575 444 2610 ἐν
462 2573 588 2615 ἄλλοις.
597 2573 608 2622 )

86 2649 120 2673 40
192 2647 254 2671 363.
283 2630 554 2683 Αχραδούσιοςε
574 2628 670 2681 παρὰ
692 2627 754 2675 τὴν
774 2628 937 2682 Ἀχράδα
956 2628 1028 2667 ἔστι
1047 2630 1081 2668 δὲ
1107 2632 1168 2678 δῆ-

140 2708 202 2743 μος
220 2694 280 2736 τ7,ς·
298 2686 583 2729 Ιπποθοωντίδος
603 2688 710 2741 φυλῆς
727 2687 760 2725 Α
765 2702 918 2739 χεροους
938 2694 975 2724 Β.

192 2768 256 2794 365.
286 2751 438 2803 Ἀμύνων
465 2765 474 2790 2
500 2749 640 2802 Ῥήτωρ
674 2748 888 2802 ἡταιρηκὼς,
920 2751 981 2787 οὐκ
1012 2751 1123 2804 ἰατρὸς
1151 2754 1168 2789 6

140 2811 305 2864 Ἀμύνων.

191 2884 254 2910 366.
285 2866 496 2914 Ἀντισθένην
526 2879 535 2906 2

88 2942 121 2966 45
139 2931 207 2966 τῶν
223 2925 495 2979 καταπρώκτων.
514 2933 552 2963 R.

192 2999 255 3025 367.
285 2983 498 3036 σφιγμάτων.
523 2991 561 3021 Β.

192 3056 255 3080 369.
286 3041 461 3080 Εἰλείθυια
489 3040 620 3079 εἘπεὶ
651 3042 686 3078 αἱ
715 3039 898 3077 ὠδίνουσαι
926 3041 1169 3079 ἐπικαλοῦνται

137 3100 202 3147 τὴν
224 3100 430 3139 Εἰλείθυιαν.
448 3099 508 3136 καὶ
528 3099 626 3142 αὐτὸς
642 3093 698 3136 οὖν
717 3097 1030 3151 στενοχωρούμενος
1046 3100 1168 3137 ε’πικα-

139 3159 251 3196 λεῖται
269 3156 388 3202 αὐτήν.

571 2865 686 2919 ἰατρὸς
717 2865 961 2918 θηλυδριώδης.
984 2866 1044 2904 καὶ
1075 2861 1170 2911 οὗτος

89 3235 125 3260 50
195 3235 258 3260 370.
287 3235 370 3258 κατε
372 3233 516 3271 [ομενον
534 3219 598 3257 ὑπὸ
613 3222 673 3266 τῆς
691 3219 832 3271 κόπρου.
849 3224 886 3257 Β.

195 3293 258 3318 371,
289 3276 494 3350 σκωραμίςῑ
522 3276 633 3327 (Ἀμις
653 3277 713 3328 μὲν
735 3279 768 3315 ἐν
789 3273 817 3330 ᾧ
836 3277 1012 3330 οὖροῦσι,)
1030 3293 1169 3329 σκωρα-

141 3336 199 3386 μὶς
218 3335 315 3387 (δὲ)’
300 3352 334 3373 εν
354 3338 382 3387 ᾧ
398 3337 647 3374 ἀποπατοῦσιν.

774 181 1030 221 SCHOLIA
1064 181 1122 218 IN
1160 180 1634 222 ECCLESIAZUSAS.

1284 279 1349 305 372.
1381 262 1490 317 (οὗτος
1504 268 1537 306 τί
1552 275 1660 313 ποιεῖς
1676 284 1685 310 :
1706 270 1807 323 Ἀνήρ
1822 286 1873 314 τις
1889 271 2036 310 ἐπανιὼν
2054 272 2122 309 ἀπὸ
2138 275 2198 319 τῆς
2213 275 2266 311 ε’κ-

1232 323 1376 369 κλησίας
1395 325 1559 377 Χρέμης.)

1285 394 1347 419 378.
1376 385 1398 428 ἦ
1419 382 1574 455 μίλτρςτ
1597 384 1700 422 Κατὰ
1719 384 1786 438 γὰρ
1810 386 1871 432 τὴν
1892 387 2020 440 ἀγοραν
2050 388 2190 426 ἐσόδουν
2218 391 2265 434 εἰς

1232 438 1418 485 ἐκκλησίαν
1459 456 1536 484 τους
1581 441 1776 488 Ἀθηναίους
1819 445 2069 498 μεμιλτωμένῳ
2110 447 2266 500 σγοινίῳ.

1234 497 1364 546 (μίλτος
1390 497 1425 536 δὲ
1455 499 1639 551 χρώματος
1658 494 1744 543 εἶδος
1768 503 1920 554 ἐρυθροῦ.
1942 503 2001 539 καὶ
2025 501 2186 575 ΪΟμηρος
2207 510 2258 551 [11.
2281 526 2297 550 5

1230 563 1255 593 B
1262 561 1346 602 ‚637]
1361 574 1375 589 ‹
1389 572 1466 603 νηες
1477 557 1751 609 μιλτοπάρῃοι.»
1763 559 2007 610 προσέρραινον
2023 559 2075 608 δε,
2088 562 2262 614 προσέὸα-

1230 614 1300 651 λον.
1321 614 1469 652 θύλακον
1489 615 1524 653 δὲ
1546 616 1739 668 ἀρτοθήκην
1765 617 1944 667 σημαίνειν
1966 618 2024 655 καὶ
2053 621 2087 656 ἐν
2114 621 2262 658 Πλούτω

1231 673 1407 719 ζητητέον.
1432 674 1660 725 αἰσχύνομαι,
1680 675 1795 728 φησὶν,
1815 676 1890 713 ε’πεὶ
1910 675 2004 719 κενὸς
2019 676 2143 729 ἔσται.)
2244 662 2250 673 ⁸

1283 743 1347 770 379.
1379 731 1525 770 ἔὸαλλον
1543 731 1671 785 κύκλῳ.
1692 744 1729 774 R.

1276 808 1338 834 382.
1367 798 1433 833 τῶν
1456 795 1619 848 ἀλφίτων,
1637 796 1711 834 ἐπεὶ
1730 796 1824 840 κενός
1844 798 1926 835 ἐστι.
1943 804 1981 835 Β.
2279 820 2311 845 ¹0

1282 867 1344 892 385.
1375 854 1578 905 σκυτοτόμοι
1596 869 1604 893 :
1622 854 1766 902 Ἐπειδὴ
1779 857 1809 893 οἱ
1827 855 2032 906 σκυτοτόμοι
2045 857 2080 894 ἓν
2095 861 2177 908 σκιᾷ
2194 871 2261 894 κα-

1230 912 1401 963 θεζόμενοι
1421 913 1640 964 ἐργάζονται,
1659 917 1760 951 τοῦτο
1780 914 1858 966 ἔφη.

1282 989 1346 1015 336.
1377 978 1414 1014 οὐ
1434 976 1500 1029 γὰρ
1519 990 1527 1015 :
1549 972 1608 1014 καὶ
1627 976 1705 1028 γάρ.
1727 985 1762 1015 Β.

1282 1047 1346 1073 390.
1376 1034 1415 1072 τὸ
1432 1036 1587 1088 δεύτερον
1608 1048 1616 1073 :
1637 1034 1679 1073 Ὁ
1700 1034 1766 1087 γὰρ
1785 1034 1982 1087 ἀλεκτρυὼν
2003 1035 2116 1088 τρίτον
2132 1037 2258 1075 κοκκύ-

1229 1094 1290 1136 ζει.
2281 1114 2314 1139 15

1280 1168 1342 1194 393.
1373 1155 1569 1207 ἀποίμωξόν
1587 1173 1630 1207 με
1650 1171 1658 1196 :
1679 1156 1785 1209 Παρὰ
1803 1157 1842 1194 τὸ
1861 1156 1894 1201 ἕξ
1917 1157 2093 1210 Αἰσχύλου
2111 1159 2260 1211 Μυρμι-

1229 1213 1266 1252 δό
1249 1229 1334 1252 ονων

1310 1323 1468 1365 Ἀντίλοχ’,
1484 1324 1662 1364 ἀποίμωξόν
1676 1336 1713 1365 με
1725 1328 1780 1356 τοῦ
1790 1325 1968 1363 τεθνηκότος

1308 1372 1360 1402 τὸν
1376 1374 1474 1407 ζῶντα
1488 1372 1611 1411 μᾶλλον.

1280 1482 1343 1507 393.
1373 1467 1470 1518 τάμὰ
1486 1466 1553 1519 γὰρ
1571 1467 1765 1519 διοίγεταιε
1786 1467 1878 1506 Ἀντὶ
1894 1470 1954 1506 τοῦ
1975 1469 2153 1508 ἀπόλωλα.
2277 1496 2311 1521 20

1279 1540 1343 1566 395.
1372 1528 1407 1564 ἐν
1424 1526 1525 1579 ὥρας
1547 1526 1643 1564 Ἀντὶ
1660 1530 1718 1564 τοῦ
1735 1526 1867 1579 ὄρθρου.

1278 1598 1343 1624 398.
1373 1584 1637 1637 παρείρπυσεν.
1658 1584 1752 1628 ΗΩς
1738 1584 1795 1622 επὶ
1813 1584 1921 1637 ὄφεως
1939 1589 2046 1634 εἶπεν,
2064 1585 2181 1633 ἐπειδὴ
2199 1602 2259 1625 τυ-

1226 1643 1306 1696 φλὸς
1321 1638 1375 1690 ἦν.

1276 1713 1340 1740 403.
1371 1702 1433 1739 οὐκ
1452 1700 1607 1738 ἐσώσατο
1627 1714 1635 1738 t
1660 1700 1734 1738 ἀντὶ
1750 1704 1811 1738 τοῦ
1830 1702 1892 1739 οὐκ
1911 1699 2032 1741 ἔσωσε.
2053 1709 2091 1740 Β.

1276 1779 1341 1805 404.
1369 1767 1444 1818 ὀπῷ
1465 1779 1473 1803 :
1499 1765 1599 1802 Πάνυ
1624 1763 1690 1816 γὰρ
1710 1764 1914 1817 δριμύτατος
1933 1768 1951 1802 6
1969 1766 2064 1810 ὀπός.
2082 1766 2254 1817 τιθύμαλ-
2273 1791 2308 1815 25

1223 1825 1320 1867 λος
1303 1824 1338 1862 οὲ
1358 1819 1444 1866 εἶδος
1471 1822 1655 1895 βοτάνης
1637 1823 1857 1875 οριμυτάτης.
1884 1823 1966 1866 ἴσως
1985 1823 2021 1861 δὲ
2046 1823 2133 1871 αὕτη
2157 1824 2255 1877 παρὰ

1224 1881 1384 1921 Λάκωνιν
1408 1881 1612 1934 εὑρίσκεται.
1635 1881 1774 1918 εἰώθασι
1795 1879 1831 1918 δε
1856 1881 1887 1918 οι
1910 1881 2019 1933 ἰατροὶ
2045 1881 2105 1919 καὶ
2128 1882 2256 1935 πατρί-

1225 1942 1284 1983 δας
1298 1943 1356 1978 ὑπ’
1371 1939 1569 1984 ἀλαζονείας
1581 1955 1648 1976 των
1667 1941 1819 1990 βοτανῶν
1835 1939 2023 2009 ὀνομάζειν,
2044 1934 2124 1989 (οἷον
2142 1943 2256 1993 Κυρη.

1223 1999 1339 2036 ναῖκὸν
1361 1996 1443 2035 ὀπὸν
1463 2012 1522 2034 και
1544 1996 1777 2048 Σαυρναίκόν.
1802 2012 1843 2043 ην
1861 1996 1976 2047 μέντοι
2000 1997 2180 2044 διαὸόητος
2195 1998 2254 2036 καὶ

1224 2060 1240 2094 6
1258 2054 1459 2098 Λακωνικὸς
1474 2054 1716 2104 τιθύμαλ.)ος)
2272 2069 2307 2093 30

1275 2127 1338 2152 408.
1366 2112 1471 2159 πένης
1484 2116 1590 2154 οὗτος.
1609 2119 1646 2148 Β.

1275 2186 1339 2211 416.
1369 2172 1463 2216 ηλιος
1481 2173 1623 2230 τραπῆ·
1615 2200 1622 2208 .
1644 2170 1705 2212 Εἷς
1722 2168 1919 2222 χειμερινὴν
1938 2170 2093 2217 δηλονότι
2111 2171 2253 2224 τροπην.

1274 2243 1337 2269 417.
1365 2229 1568 2281 πλευρῖτις.
1590 2222 1675 2271 εἶδος
1692 2227 1902 2278 νοσήματος.
1922 2236 1959 2267 Β.

1273 2300 1337 2326 433.
1366 2286 1558 2337 ἀντέλεγεν.
1578 2290 1616 2320 R·

1274 2358 1337 2384 424.
1366 2346 1434 2388 τοῖς
1450 2344 1586 2391 πένησι.
1607 2347 1645 2379 R.
2273 2358 2306 2384 35

1274 2417 1338 2442 425.
1366 2402 1482 2441 κλάειν
1499 2400 1616 2454 μακρά
1639 2414 1648 2439 t
1671 2403 1782 2439 Τοῦτο
1801 2400 1892 2452 λέγει
1911 2401 2059 2452 γέλωτος
2073 2401 2188 2455 χάριν.

1274 2475 1337 2499 436.
1366 2459 1603 2502 Ναυσικύδους
1622 2473 1630 2497 :
1659 2460 1704 2496 Οἱ
1729 2458 1791 2508 μὲν
1816 2458 1867 2496 ὅτι
1887 2459 2148 2511 ἀλφιταμοιὸός.
2168 2461 2199 2497 οἵ
2218 2459 2253 2498 δὲ

1222 2520 1273 2556 ὅτι
1297 2517 1419 2563 πένης·
1440 2518 1470 2554 οἱ
1491 2516 1525 2554 δὲ
1551 2516 1602 2554 ὅτι
1622 2518 1653 2554 οἱ
1674 2515 1920 2568 ἀλφιταμοιὸοὶ
1940 2519 2000 2554 τοῦ
2019 2516 2254 2560 Ναυσικύδους

1222 2580 1321 2614 τοῦτο
1335 2574 1548 2612 ἀπέλαυσαν.

1274 2645 1337 2671 428.
1367 2630 1578 2682 γυναικώδης
1594 2624 1700 2672 οὗτος.
1720 2635 1756 2666 Β.
2273 2649 2306 2673 40

1274 2703 1338 2728 433.
1369 2687 1663 2747 ἀνεὸορὸόρυξανε
1682 2686 1936 2738 Ἀνετάραττον.

1273 2751 1351 2785 νοῦν
1378 2745 1445 2798 γὰρ
1470 2749 1574 2796 εἰχον,
1601 2744 1642 2790 νὴ
1668 2744 1735 2782 Δία
1763 2757 1772 2782 :
1801 2745 1848 2782 Αἱ
1873 2747 2029 2794 γυναῖκες
2055 2746 2103 2789 εἷς
2128 2743 2252 2798 ἄνδρας

1224 2806 1475 2842 σκευασθεῖσαι.

1275 2880 1338 2907 440.
1369 2866 1482 2908 ἄλλως
1502 2864 1577 2902 ἀντὶ
1601 2867 1660 2902 τοῦ
1684 2864 1849 2914 ματαίως.
1865 2867 1965 2903 τοῦτο
1984 2865 2019 2903 03
2038 2867 2084 2909 ὡς
2108 2866 2144 2904 ἓν
2164 2867 2252 2919 ἐρω-

1223 2925 1331 2973 τήσει.
1348 2937 1384 2968 Β.
2213 2924 2223 2930 ”
2271 2938 2306 2963 45

1275 3000 1339 3026 441.
1367 2985 1588 3025 νουὸυστικὸν
1607 2999 1616 3024 :
1634 2986 1706 3024 Νοῦ
1723 2985 2007 3038 πεπληρωμένον.

1276 3058 1338 3084 443.
1368 3044 1444 3082 ἀντὶ
1461 3047 1520 3081 τοῦ
1535 3043 1612 3087 τοὺς
1628 3044 1833 3090 Ἀθηναίους.
1848 3051 1884 3083 Β.

1276 3116 1338 3141 446.
1369 3101 1581 3152 συμὸάλλειν
1600 3115 1608 3140 :
1628 3100 1879 3151 Μεταδιδόναι,
1893 3109 2030 3155 κιχρᾶν.

1276 3172 1339 3200 449.
1367 3158 1575 3197 ἀποδιδόναι.
1592 3166 1630 3196 Β.

1276 3232 1340 3256 450.
1369 3218 1408 3255 τὸ
1424 3219 1637 3268 ἀποστερεῖν.
1658 3225 1696 3255 Β.
2269 3230 2304 3256 ω

1276 3289 1339 3314 452.
1368 3276 1414 3318 εἷς
1434 3273 1560 3326 ἀγορὰν
1582 3274 1707 3327 φέρειν.
1726 3282 1762 3313 Β,

1276 3347 1337 3372 453.
1370 3332 1545 3384 βλάπτειν.
1561 3340 1597 3370 R.
