2517 3792
984 195 1402 238 ACHARNENsmM.

243 294 332 339 811,
353 293 400 329 30
417 292 452 329 ἐν
467 289 602 341 εὗδόμῳ
622 289 704 325 Ald.

241 352 329 396 813,
355 351 401 386 33
422 347 592 393 τοσαύτην
609 341 712 392 ἦλθον
727 345 846 383 πενίαν
862 349 906 382 R.
925 344 1013 382 ὥστε
1026 343 1070 382 τὰ
1086 345 1172 381 Ald-

242 410 331 455 816,
355 410 413 456 39,
442 413 489 450 40
518 407 589 443 hoc
619 406 753 443 ordine
779 410 822 443 R.
850 407 974 457 ε’μπορ.
1004 420 1138 457 πραγμ.
1164 403 1202 441 τὸ

191 467 316 518 πλῆρες
336 463 371 501 δὲ
392 462 713 516 Ἑρμᾶ-γένοιτο.

241 526 330 568 822,
354 524 400 560 53
428 526 484 560 νῦν
507 536 580 559 om.
604 527 647 560 R.

243 583 315 627 827
340 579 505 631 Μεγαρέα
526 582 623 617 Yivt.

243 641 330 685 833,
353 640 396 676 15
414 637 448 675 δὲ
465 653 537 675 0111.
559 642 602 676 R.
617 661 667 667 —
680 652 728 675 20
744 637 909 686 λέγοντες.
926 633 1202 684 Corrigendum

187 696 358 747 λέγουσιν,
379 698 449 734 uisi
468 698 609 747 aliquid
637 698 787 734 excidit.
815 700 930 733 Dffin.
953 716 1001 722 —
1021 695 1068 730 25
1089 692 1204 733 κοῖννις

190 757 278 794 Ald.

243 817 332 860 836,
353 818 413 863 30,
443 816 484 852 31
511 817 562 853 ita
587 816 751 852 correxit
781 812 1015 850 Dindorfius.
1040 811 1125 847 Ald.
1144 812 1203 846 τοῦ

189 874 581 927 χοροῧ,μονοστρορικὸν
600 875 728 924 (vulgo
745 868 1030 922 μονοστροφικὴν]
1046 868 1203 920 περίοδον

190 930 361 975 ἑξάκωλον
382 931 422 969 δ’.

245 990 333 1036 842,
355 995 397 1032 41
423 987 682 1039 Παρακλέπτων
701 1000 775 1024 0111.
790 989 835 1023 R.
850 983 996 1022 Deinde
1011 983 1205 1035 ὅτιόψώνια

194 1046 276 1084 Ald.

245 1105 333 1150 843,
351 1110 398 1149 47
421 1101 653 1153 ὡς-Πρέπις
675 1111 762 1152 post
775 1099 950 1154 Πρέπιδος
970 1100 1007 1137 in
1030 1104 1075 1137 R.
1092 1123 1142 1128 —
1157 1100 1204 1144 48

191 1160 376 1202 κιναιδείας
409 1161 496 1197 Ald.

244 1220 318 1263 845
336 1217 445 1271 φανὴν
460 1217 494 1255 δὲ
507 1218 686 1270 λαμπράν.
703 1217 767 1255 δίει
788 1216 824 1255 δὲ
841 1215 998 1268 διελεύσῃ
1016 1216 1101 1254 Ald.
1120 1225 1206 1267 post

191 1277 363 1314 scholion
386 1277 616 1327 proximum.

245 1336 335 1383 846,
358 1349 372 1371 1
392 1334 583 1388 φιλόνεικον
601 1335 686 1374 Ald.

245 1394 334 1439 850,
353 1394 389 1440 8,
405 1398 605 1431 Anacreon
631 1393 735 1443 apud
753 1393 887 1430 Athen.
911 1405 970 1438 12,
993 1406 1031 1443 p.
1059 1392 1145 1439 533,
1162 1395 1205 1429 E.

193 1472 242 1480 —
260 1465 275 1487 1
287 1465 301 1487 1
321 1450 518 1501 legebatur
535 1450 715 1496 δηλώσειν.
732 1472 782 1479 -
802 1464 845 1487 12
859 1448 895 1487 δὲ
915 1463 988 1488 0111.
1002 1453 1046 1487 R.

247 1509 337 1555 852,
360 1522 405 1545 21
430 1502 504 1545 εἶπε
527 1522 603 1546 0111.
626 1512 673 1545 R.

246 1567 335 1612 856,
361 1568 404 1603 31
435 1573 610 1618 πορφυρᾶς
636 1569 696 1612 τῆς
715 1566 904 1609 θαλασσίας
933 1565 1108 1604 Diudorf.
1132 1569 1207 1602 Le-

194 1623 355 1674 gebatur
371 1631 546 1677 πορφυρᾶς
562 1628 622 1671 τῆς
641 1623 827 1669 θαλάσσης.

247 1683 322 1719 858
339 1683 378 1719 in
398 1683 573 1720 lemmate
591 1683 669 1735 πρὶν
686 1682 708 1728 ἢ
726 1682 811 1720 Ald.

246 1741 334 1786 860,
366 1742 413 1778 38
435 1740 543 1778 ἰσοίτω
571 1744 616 1778 R.
635 1758 685 1770 -ό
713 1747 761 1786 40
787 1739 888 1776 τύλον
908 1738 944 1776 δὲ
963 1738 1021 1776 καὶ
1039 1738 1205 1778 τύλαν....

191 1797 259 1839 κῶς
276 1796 392 1847 ἔλεγον
417 1801 461 1834 R.
485 1796 585 1834 τύλον
606 1797 641 1834 δὲ
659 1797 857 1850 ζάρσενικῶς
876 1796 992 1847 ἔλεγον
1013 1797 1097 1834 Ald.
1121 1795 1208 1834 τύλα

191 1853 251 1892 καὶ
279 1854 377 1897 τύλος
406 1856 593 1908 ἀρσενικῶς
617 1856 750 1893 Suidas
773 1869 800 1892 s.
830 1854 944 1893 Τύλα.
972 1854 1119 1892 Deinde
1147 1858 1207 1891 τοῦ

191 1911 288 1963 ὤμου
310 1912 349 1950 τὸ
375 1916 421 1950 R.
446 1923 483 1950 et
506 1914 654 1951 Suidas.
674 1913 731 1950 τὸν
764 1906 858 1963 ῶμον
887 1912 945 1950 τὸν
972 1913 1054 1950 Ald.
1081 1935 1130 1941 —
1159 1919 1203 1957 41

191 1971 427 2021 πεπιλημένον
452 1972 606 2018 suidas,
627 1974 690 2022 qui
710 1972 769 2009 καὶ
789 1970 1014 2024 τετριμμένον
1039 1973 1078 2008 ἐκ
1097 1972 1210 2009 omit-

192 2031 247 2067 tit.
267 2029 512 2080 πεπυλημένον
538 2031 620 2067 Ald.

243 2089 332 2135 862,
353 2090 400 2133 48
421 2087 456 2125 δὲ
475 2090 506 2124 οἱ
527 2089 612 2126 Ald.

245 2146 335 2192 863,
358 2146 404 2182 52
425 2147 661 2197 ὄφθαλμιῶσιν
685 2146 818 2182 Suidas
835 2159 863 2182 s.
886 2145 1063 2197 Πρωκτός.
1082 2149 1207 2195 Lege-

190 2203 305 2240 batur
326 2204 526 2255 ὀφθαλμοῖς.
547 2225 597 2232 --
619 2205 638 2239 3
670 2204 709 2239 in
740 2217 851 2240 versu
879 2203 1207 2249 Ἔκκλησιαζουσῶν

191 2261 332 2310 legitur
348 2262 381 2300 ἐς
404 2260 502 2303 κυνὸς
517 2259 629 2310 πυγὴν
647 2263 742 2311 ὁρᾶν.

244 2318 320 2354 866
329 2321 374 2354 R.
391 2317 583 2354 habetdffo
598 2321 657 2354 τοῦ
674 2320 808 2371 Χαῖρις,
825 2313 862 2355 οἷ
879 2318 1033 2368 ἐμνήσθη
1052 2322 1084 2357 ἐν
1104 2322 1207 2372 ἀρχῇ.

192 2374 330 2421 Ἀττικὴ
350 2378 372 2420 ἡ
396 2376 558 2421 συνήθεια
578 2376 647 2413 ἀπὸ
666 2380 725 2413 τοῦ
748 2382 862 2429 χαῖρις
880 2383 1039 2428 χαιριεῖς,
1057 2378 1124 2415 ἀπὸ
1148 2382 1208 2424 τῆς

190 2439 394 2486 περιστερᾶς
404 2435 660 2486 περιστεριδεῖς.
679 2434 864 2485 βομὸύλιος
881 2434 915 2471 δὲ
933 2429 1018 2477 εἶδος
1030 2436 1206 2485 μελίσσης.

245 2494 339 2539 867,
360 2495 404 2530 16
422 2491 549 2535 Ἰόλαος
564 2492 674 2544 ἥρως,
716 2508 757 2539 17
796 2493 834 2530 τὸ
872 2492 927 2540 δὲ,
951 2509 996 2542 19
1013 2494 1052 2531 τὸ
1072 2494 1107 2531 δὲ
1127 2496 1208 2532 ἐπι-

188 2550 358 2603 χαρίτως,
382 2551 460 2587 haec
481 2552 607 2588 omnia
628 2566 701 2588 om.
724 2556 770 2589 R.

243 2608 335 2655 875,
356 2610 402 2645 32
425 2607 534 2660 ἀφύας
552 2609 700 2646 addidit
716 2614 915 2647 Kusterus.

243 2667 332 2713 877,
355 2668 401 2703 35
416 2666 593 2719 στορεννὺς
603 2671 645 2704 R.
667 2677 704 2704 et
715 2668 850 2705 Suidas
861 2682 889 2705 s.
903 2667 1058 2718 Χείμων.
1078 2684 1207 2722 στρων-

190 2725 246 2767 νὺς
277 2727 408 2763 Suidas
429 2740 456 2763 5.
479 2726 652 2778 Ὀρνιθίας
673 2737 708 2765 et
730 2729 787 2765 ed.
808 2729 966 2765 Mediol.
991 2743 1018 2766 S.
1048 2729 1204 2780 Χειμών.

191 2783 311 2831 Vulgo
331 2783 562 2834 στορέννυσιν,

244 2842 341 2889 879,
376 2856 412 2892 φ.
448 2843 653 2885 ἀσπάλακας
691 2846 826 2882 Suidas
864 2860 892 2882 s.
934 2846 1134 2889 Σκάλοπας.
1158 2852 1203 2884 V.

192 2899 413 2936 Schneider.
433 2900 478 2936 ad
492 2902 644 2939 Aristot.
664 2906 710 2940 H.
730 2909 773 2941 A.
784 2906 860 2941 vol.
880 2912 914 2952 4,
937 2919 973 2955 p.
991 2908 1203 2943 131.D1ND.

246 2957 321 2993 880
355 2955 486 2999 ἴκτιδας
502 2973 509 2994 z
531 2952 616 3001 εἶδος
630 2960 717 3004 ζώου
731 2964 777 3004 ὡς
790 2964 820 2999 οἵ
835 2963 1003 3014 κέστορες.
1018 2963 1040 3009 ἢ
1055 2963 1202 3017 ἔνυδρον.

191 3011 265 3050 ἔστι
281 3012 317 3050 δὲ
334 3014 540 3066 ἰχθυοφάγον
557 3018 638 3055 Ald.
655 3022 831 3057 Correxit
845 3022 1043 3059 Dobraeus.

246 3072 320 3108 882
337 3072 390 3108 sic
403 3073 444 3109 R.
460 3075 478 3110 ὃ
494 3075 570 3110 Δικ.
591 3074 684 3126 λέγει
707 3076 850 3128 ἄσμενος
868 3078 921 3122 δός
942 3095 1000 3130 μοι
1014 3080 1099 3132 πρὸς
1117 3080 1202 3132 (scr.

191 3129 406 3182 προσειπεῖν)
420 3130 608 3174 κωπαίδας.

244 3189 340 3234 883,
369 3189 429 3233 48·
446 3190 489 3226 51
517 3192 534 3226 ’5
557 3190 672 3241 στίχος
697 3193 871 3244 Αἰσχύλου
893 3194 976 3248 πρὸς
997 3195 1059 3241 τὴν
1082 3196 1201 3244 Θέτιν,

191 3244 288 3283 δέσπ.
304 3250 348 3284 R.
364 3268 416 3275 —
435 3261 448 3283 1
470 3249 579 3299 κορῶν
595 3251 794 3288 Bentleius.
814 3258 918 3303 κορᾶν
934 3257 978 3290 R.
999 3253 1100 3304 χορόν
1116 3255 1199 3292 Ald.

243 3304 333 3350 887,
351 3319 370 3351 7
389 3306 608 3356 κωμῳδεῖται
626 3307 712 3343 Ald.

242 3362 332 3408 888,
357 3376 369 3399 1
383 3377 396 3398 1
420 3362 567 3414 ἄρου).αν
587 3364 668 3401 Ald.
688 3386 738 3393 —
764 3379 807 3402 12
829 3365 864 3403 δὲ
879 3380 952 3404 0111.
971 3371 1015 3405 R.

2200 210 2275 244 395

1314 285 1389 334 895
1411 284 1476 338 γὰρ
1499 285 1538 323 τὸ
1557 285 1630 335 τίμ.
1645 301 1678 323 α.
1694 288 1760 323 ποῦ
1781 286 1874 324 ἐστιν
1888 288 1973 326 Ald.

1315 350 1404 398 896,
1426 351 1472 386 25
1489 350 1648 400 λογιστὰς
1680 350 1773 387 dicit
1790 352 2025 403 ἀγορανόμους
2041 369 2048 391 :
2064 354 2141 392 vid.
2158 356 2276 395 schol.

1261 408 1307 444 ad
1327 410 1413 453 723.

1317 467 1406 514 899,
1430 468 1475 501 30
1497 466 1554 502 δύο
1574 466 1717 515 στιγμαὶ
1744 481 1853 504 novae
1878 482 2050 518 personae
2068 480 2169 511 nota.

1316 537 1404 572 900,
1430 525 1475 560 32
1494 524 1515 560 ἃ
1532 530 1601 566 τοῖς
1623 527 1783 567 Βοιωτοῖς
1800 527 1860 562 οὐκ
1874 527 1956 564 εἰσίν
1973 530 2055 566 Ald.

1316 596 1359 630 9¹
1376 596 1405 627 1,
1424 582 1546 630 47-49
1561 584 1599 619 ἐκ
1612 585 1672 627 τῆς
1690 582 1796 628 θήῧης
1812 583 1866 620 ἴσ.
1881 613 1890 621 .
1908 615 1915 622 .
1935 614 1942 621 .
1955 587 2038 624 ἰστῶ
2053 589 2140 638 δεμα
2158 590 2278 627 δεικτι-

1263 641 1329 681 κῶς
1339 639 1378 676 τὸ
1389 642 1447 676 τοῦ
1457 641 1491 676 δε
1502 668 1641 676 ......
1652 655 1685 676 τι
1703 640 1962 689 ἦδικημένοςΗ.
1979 648 2069 690 Qnae
2083 648 2135 684 sic
2151 651 2275 687 corri-

1264 698 1385 746 genda
1406 698 1444 734 ἐκ
1461 700 1521 743 τῆς
1541 697 1679 744 Θήὸης,
1698 698 1784 735 ἴστω
1804 701 1821 735 ὁ
1842 699 1935 742 Ζεύς.
1955 703 2037 738 τῶδ’
2060 705 2128 752 ἐμοί
2152 707 2279 745 δεικτι-

1264 757 1330 796 κῶς
1348 755 1423 791 ἀντὶ
1438 760 1496 793 τοῦ
1515 755 1607 792 τοῦδ’
1624 754 1704 804 ἐμοί.
1722 756 1756 792 τί
1775 755 1830 792 δαὶ
1848 758 1966 795 παθών
1987 774 1994 795 :
2012 762 2044 797 τί
2060 762 2278 813 ἠδικημένος.

1264 816 1383 849 Dm».
1406 834 1452 840 —
1473 820 1518 860 47
1539 813 1601 850 ἴτω
1615 814 1698 850 Ald.
1719 827 1791 864 pro
1812 813 1910 852 ἴστω.

1319 872 1393 919 916
1405 900 1414 918 ,
1436 877 1456 915 4
1478 872 1536 909 καὶ
1557 872 1584 909 δ.
1605 873 1650 911 R.
1671 881 1707 909 et
1723 873 1852 910 Suidas
1868 887 1894 911 S.
1911 875 2097 927 Θρυαλλίς.
2113 878 2234 916 τούτου
2248 881 2278 919 δ.

1263 929 1351 966 Ald.

1319 1002 1393 1037 920
1406 1018 1416 1035 ,
1435 989 1506 1039 6—9
1523 989 1819 1042 Τίφην-βορέαν
1838 1001 1925 1041 post
1942 994 2152 1033 ἑλκυσθῶσιν
2172 999 2282 1047 ponit

1265 1047 1310 1084 R.
1329 1069 1379 1074 —
1395 1061 1432 1095 9,
1458 1061 1501 1084 10
1522 1047 1715 1089 καὶ-ναῦς
1734 1057 1770 1085 et
1790 1049 1927 1087 deinde
1944 1050 1978 1089 δὲ
1999 1066 2072 1090 om.
2091 1057 2135 1091 R.

1319 1125 1392 1161 927
1412 1112 1526 1150 habet
1542 1114 1677 1151 Suidas
1695 1129 1722 1151 s.
1743 1116 1912 1166 Φορυτός.

1320 1173 1409 1219 933,
1436 1173 1496 1218 37,
1514 1173 1561 1209 38
1581 1172 1799 1225 πυρορραγῆς
1814 1174 1962 1227 κέραμος
1977 1179 1996 1214 ὁ
2009 1177 2042 1214 ἐν
2057 1178 2138 1230 πυρὶ
2157 1179 2281 1232 ῥηγνύ-

1266 1245 1366 1280 μενος
1378 1231 1463 1267 Ald.

1320 1296 1409 1343 936,
1426 1301 1472 1339 40
1488 1295 1598 1332 ἐλαῶν
1613 1296 1813 1334 Elmsleius
1826 1298 1963 1336 collato
1976 1300 2130 1338 Polluce
2147 1316 2181 1348 7,
2201 1304 2243 1339 15
2255 1318 2282 1340 1.

1266 1353 1480 1403 Legebatur
1498 1353 1602 1390 ἁλῶν.
1622 1357 1667 1391 R.
1685 1355 1801 1392 habet
1818 1354 1838 1402 ἢ
1855 1356 1940 1406 (scr.
1961 1359 2023 1407 εἷς)
2040 1358 2078 1396 τὸ
2098 1361 2283 1413 ἐπιτρίὲειν

1266 1411 1325 1455 τὰς
1341 1412 1448 1455 δίκας.

1321 1471 1411 1520 945,
1433 1485 1446 1507 1
1469 1473 1559 1509 κατὰ
1577 1472 1728 1525 κορυφήν
1745 1474 1829 1511 Ald.

1320 1537 1416 1585 946,
1436 1538 1455 1572 3
1478 1536 1705 1586 ἓδεσμεύσατε
1722 1539 1809 1578 Ald.
1823 1561 1873 1567 ·--
1890 1540 1911 1577 5
1930 1538 1968 1578 τὸ
1992 1541 2023 1577 δ.
2052 1541 2108 1579 τὸν
2127 1558 2159 1580 σ.
2180 1544 2220 1580 in
2241 1547 2283 1581 R.

1267 1596 1444 1645 leguntur
1459 1604 1544 1633 ante
1562 1597 1735 1634 scholion
1748 1611 1784 1635 v,
1798 1599 1888 1646 937.

1321 1665 1395 1708 947
1411 1688 1421 1705 ,
1452 1673 1470 1705 7
1498 1658 1552 1697 ὅτι
1579 1658 1622 1697 τὰ
1644 1661 1695 1712 ep.
1716 1676 1748 1698 τ.
1778 1675 1853 1700 0111.
1871 1665 1915 1699 R.
1935 1663 2076 1701 :habet
2101 1665 2233 1704 Suidas
2253 1682 2284 1707 s·

1267 1718 1436 1768 Θερίζειν.
1467 1740 1515 1746 --
1549 1721 1571 1756 8
1589 1719 1716 1756 πολλοῦ
1740 1723 1786 1756 R.
1808 1729 1843 1756 et
1866 1721 1990 1758 Suidae
2019 1722 2107 1759 libri
2134 1727 2284 1774 optimi.

1266 1774 1414 1818 πολλοὺς
1428 1776 1557 1814 Suidae
1574 1777 1631 1814 ed.
1650 1777 1805 1814 Mediol.
1823 1779 2038 1829 Legebatur
2056 1782 2191 1819 πολλοὶ.

1321 1841 1410 1889 954,
1429 1854 1472 1876 21
1491 1839 1526 1877 δὲ
1545 1854 1619 1877 om.
1636 1844 1681 1877 R.
1699 1867 1740 1873 —
1754 1855 1800 1878 22
1819 1845 1836 1879 ὃ
1850 1843 2025 1889 Ἀθηναῖος
2039 1844 2125 1883 Ald.

1321 1899 1411 1948 959,
1435 1900 1476 1936 31
1502 1897 1557 1940 δός
1577 1914 1634 1948 μοι
1650 1903 1709 1946 R.,
1729 1901 1793 1950 qui
1815 1901 1951 1938 deinde
1968 1904 2120 1940 mutatis
2135 1904 2285 1942 sedibue

1268 1956 1590 2009 ἔγχελυν-κίχλας.

1322 2022 1411 2069 961,
1434 2023 1479 2065 34
1500 2030 1586 2070 post
1604 2023 1849 2074 Πυανεψιῶνος
1867 2026 1911 2061 R.
1929 2024 2036 2061 addit
2052 2024 2155 2074 ἤγετο
2172 2024 2206 2062 δὲ
2222 2027 2288 2063 ἀπὸ

1269 2079 1437 2131 Ὀρέστου
1451 2109 1460 2125 ,
1494 2078 1549 2116 ὅτε
1569 2075 1671 2126 ἦλθεν
1695 2082 1740 2124 εἷς
1763 2080 1905 2127 Ἀθήνας
1926 2085 2139 2133 καθαρθῆναι
2162 2085 2287 2134 βουλό-

1269 2153 1369 2187 μενος
1388 2137 1427 2174 τὸ
1442 2137 1502 2183 τὴς
1524 2138 1652 2188 μητρὸς
1667 2133 1764 2188 αἷμα.
1779 2170 1820 2176 ..
1848 2142 1893 2186 37
1913 2141 2156 2178 scribendum
2176 2143 2289 2180 Πιθοί-

1267 2211 1372 2245 για-
1406 2194 1570 2247 Χύτρους.
1593 2200 1709 2232 Dmn.
1733 2227 1773 2234 ....
1793 2199 1813 2234 5
1833 2197 1934 2249 κίστῃ
1950 2199 2050 2248 apud
2067 2202 2286 2236 Homerum.

1322 2255 1412 2303 966,
1434 2256 1480 2290 23
1498 2253 1642 2305 ὀψαρίου
1663 2255 1744 2292 Ald.
1765 2286 1806 2292 .-
1822 2262 1867 2299 24
1882 2255 2021 2305 λέγεται
2040 2255 2078 2293 τὸ
2097 2271 2169 2294 om.
2186 2262 2232 2295 R.

1322 2318 1418 2366 968,
1442 2319 1484 2354 31
1511 2317 1588 2367 λιγὺ
1616 2321 1660 2354 R.
1683 2327 1719 2355 et
1739 2320 1873 2357 Suidas
1891 2334 1919 2358 s.
1940 2320 2181 2371 Ἀπολιγαίνει.
2206 2323 2286 2373 λιγέι

1268 2376 1352 2413 ΑΙ(].
1370 2407 1410 2413 -.
1429 2378 1475 2412 32
1500 2375 1577 2418 τοὺς
1598 2376 1761 2424 ἱμάντας,
1788 2377 1843 2420 οὒς
1867 2380 1897 2415 οἱ
1921 2378 2286 2430 ἀγορανόμοι-ἔχοντες

1268 2433 1412 2471 ἔτυπτον
1431 2434 1577 2471 Suidas.
1594 2433 1660 2479 ἤδη
1683 2448 1757 2471 0111.
1780 2437 1820 2473 R.

1321 2512 1368 2547 97
1380 2512 1411 2544 1,
1429 2500 1475 2544 37
1495 2499 1652 2537 fortasse
1665 2498 1766 2550 μέλος
1780 2504 1896 2552 χοροῦ,
1915 2500 2027 2552 13:52².-
2045 2505 2220 2538 D1Nn.-.
2241 2507 2284 2540 R.

1267 2557 1345 2593 haec
1362 2556 1494 2604 habet,
1512 2558 1642 2608 ὃχορὸς
1666 2558 1970 2610 ὑποχωρησάντων
1991 2561 2058 2596 τῶν
2079 2561 2284 2612 ὑποκριτῶν.

1319 2620 1408 2669 974,
1430 2627 1475 2667 47
1493 2621 1659 2672 τρέφομεν
1679 2622 1763 2661 Ald.
1779 2654 1820 2659 .-
1835 2623 1882 2658 50
1897 2621 1933 2659 2&
1949 2636 2024 2660 om.
2041 2626 2085 2659 R.

1320 2683 1409 2729 980,
1427 2683 1448 2717 6
1466 2679 1643 2733 Ἁρμόδιον
1669 2684 1712 2718 R.
1731 2689 1767 2717 et
1785 2681 1920 2718 Suidas
1934 2695 1962 2719 S.
1981 2680 2151 2718 Οὐδέποτ’
2166 2682 2232 2732 ἐγώ
2247 2692 2284 2720 et

1267 2738 1446 2791 Πάροινος.
1471 2769 1512 2776 ...
1540 2752 1559 2784 7
1588 2739 1675 2775 vide
1704 2739 1927 2775 Athenaenm
1958 2739 2024 2784 15,
2052 2753 2090 2788 p.
2118 2741 2212 2788 695,
2243 2745 2281 2777 B.

1266 2798 1514 2836 scribebatur
1530 2796 1671 2847 φίλτατε
1695 2796 1864 2849 Ἁρμόδιε.
1881 2828 1921 2833 -
1934 2810 1968 2845 9.
1990 2801 2079 2833 Post
2098 2797 2282 2848 τυραννίδα

1266 2855 1371 2892 addit
1398 2855 1478 2892 Ald.
1500 2853 1658 2891 ἐπέθεντο
1684 2855 1715 2890 δ’
1734 2856 1848 2896 αὐτοῖς
1866 2853 2034 2905 τιμωρίας
2055 2854 2178 2905 χάριν,
2205 2855 2283 2891 ἀλλ’

1265 2914 1330 2963 οὐχ
1346 2914 1532 2964 ὑπεροχῆς,
1557 2914 1602 2954 ὡς
1629 2911 1866 2962 Ἀριστοτέλης
1891 2912 2082 2948 Πολιτικῶν
2108 2911 2145 2957 ε’,
2169 2912 2224 2950 διὰ
2242 2913 2282 2951 τὸ

1264 2971 1523 3023 προπηλακίσαι
1542 2969 1604 3018 μὲν
1624 2969 1686 3014 τὴν
1706 2968 1885 3020 Ἁρμοδίου
1904 2968 2074 3020 ἀδελφὴν,
2089 2971 2280 3023 ἐπηρεάσαι

1265 3029 1293 3065 δ’
1313 3028 1501 3080 Ἁρμόδιον·
1530 3030 1546 3064 ὃ
1578 3026 1643 3077 γὰρ
1673 3026 1849 3078 Ἁρμόδιος
1874 3025 1930 3062 διὰ
1946 3024 2008 3071 τὴν
2023 3027 2192 3079 ἀδελφὴν,
2212 3033 2230 3067 ὃ
2250 3030 2282 3066 δ’

1264 3085 1519 3138 Ἀριστογείτων
1544 3083 1599 3121 διὰ
1622 3084 1679 3121 τὸν
1707 3082 1896 3135 Ἁρμόδιον.
1914 3087 2005 3131 Quae
2027 3086 2209 3123 omittunt
2232 3092 2277 3126 R.

1264 3153 1300 3182 et
1329 3144 1472 3181 Suidas.
1502 3143 1690 3180 Videntur
1720 3142 1888 3191 ejusdem
1917 3156 1997 3179 esse
2022 3146 2189 3182 auctoris
2211 3148 2276 3196 qui

1264 3203 1478 3240 Aristotelis
1496 3203 1620 3238 locum
1646 3201 1805 3237 inseruit
1826 3200 1970 3238 scholio
1995 3216 2031 3238 v.
2057 3216 2119 3251 92.
2140 3207 2274 3241 DIND.

1262 3275 1352 3309 9-11
1379 3261 1492 3297 habet
1510 3260 1653 3298 Suidas.
1679 3261 1721 3296 Ι11
1746 3264 1786 3295 R.
1806 3260 1852 3306 gl.
1874 3268 1930 3296 est
1953 3254 2023 3297 οἷον
2048 3260 2192 3310 μέθυσος
2216 3263 2274 3299 καὶ

1261 3318 1432 3369 ὑὸριστῆς.
1447 3349 1488 3355 ,.-
1510 3331 1554 3354 10
1569 3317 1607 3354 τὸ
1625 3316 1659 3353 δὲ
1680 3316 1887 3366 Λάμπωνος.
1916 3321 2015 3368 Lege
2037 3320 2271 3368 Τελαμῶνοςτ

1260 3376 1336 3412 vid.
1368 3380 1454 3424 Lys.
1481 3377 1597 3424 1239,
1618 3383 1652 3411 et
1679 3375 1814 3412 Athen.
1839 3389 1874 3425 p.
1898 3377 1998 3426 6953
2019 3385 2055 3413 at
2076 3377 2271 3426 Λάμπωνος
