2533 3808
237 218 307 249 188

1002 203 1249 242 SCHOLIA
1283 205 1341 242 IN
1376 207 1584 246 PACEM.

232 294 434 346 Εὖριπίοεια
457 290 652 340 ἀντιλογίας
677 288 807 331 πολλὰς
835 287 907 338 3'732
935 287 994 324 καὶ
1023 287 1265 338 δικαζομένους
1322 289 1357 327 δὲ
1381 295 1500 339 τοῦτο,
1527 294 1616 330 ἀλλὰ
1645 295 1704 332 καὶ
1731 295 1812 334 ὅταν
1843 299 2040 349 βουλόμενοι
2069 302 2251 356 ἐφυορίσαι
2279 305 2355 343 τινὰ

233 353 308 390 εἷσά
311 367 374 401 γει.
379 353 389 400 )

284 423 347 447 535.
376 406 559 459 τρυγοίπου
579 417 587 442 :
606 402 864 455 Διυλιστῆρος
845 420 867 448 η
888 402 1109 453 πλέγματος,
1131 402 1241 440 ἔνθα
1227 420 1265 441 εκ

231 470 290 504 τοῦ
309 468 413 511 ληνοῦ
434 462 592 500 εἰώθασιν
612 461 791 505 ἐκπιέζειν.
815 461 875 498 καὶ
897 460 987 498 ἔστιν
1010 464 1032 507 ἡ
1054 462 1165 498 εὐθεῖα
1184 460 1263 513 τρύ-

197 535 214 559 5
232 539 348 575 γοιπος
367 520 690 574 προπαροξυτόνως,
711 521 776 571 οὐχ
797 522 814 556 ὁ
838 519 1043 571 τρυγοίπης,
1069 521 1114 562 ὡς
1139 518 1266 556 οἴονταί

231 597 328 624 τινες.
351 588 391 617 V.

286 637 498 709 (προὸατίων
514 635 772 688 βληχωμένων;
789 635 867 674 Πάῖ·
855 651 904 672 ·.ιν
919 635 977 672 ἐπι
990 634 1034 672 τὰ
1048 651 1108 680 της
1124 634 1266 686 θεωρίας

232 696 468 748 ἐπανέδραμεν
483 697 510 732 3
508 694 651 746 (κώμια.
668 695 717 731 δεῖ
733 697 788 730 οὖν
805 692 873 730 ἀπο
887 697 1000 730 κοινοῦ
1014 698 1101 730 νοεῖν
1115 692 1167 730 ὅτι
1179 707 1243 742 μετ

231 756 300 792 τῶν
321 754 434 791 ἄλλων
453 755 597 804 προεῖπε
616 768 676 789 και
694 755 752 789 τοῦ
771 751 907 788 ὄδωδεν.
913 752 922 800 )

183 818 214 843 10
285 825 348 850 536.
379 811 519 861 (κόλπου
544 809 734 860 γυναικὸςζ
757 809 894 847 Ἐπεὶ
881 808 962 846 όταν
979 807 1066 845 πολὺ
1087 813 1184 850 σταῖς
1208 823 1266 876 κρ-

234 869 389 920 μίζωσιν,
407 867 518 918 ὀλίγον
535 883 568 904 τι
587 866 813 904 κολπώσασαι
831 869 888 903 τοῦ
907 869 1049 917 χιτῶνος
1068 868 1105 903 ἐκ
1121 867 1269 917 περιζω-

235 942 341 976 ματος
355 927 427 963 ἐκεῖ
439 924 637 962 ἐντιθέασιν.
678 922 819 966 Ἄλλως.
838 921 1003 965 πολλάκις
1019 922 1085 974 γὰρ
1102 924 1134 960 ἐν
1150 922 1266 974 εἰρήνῃ

235 984 300 1021 ὑπὸ
321 984 467 1024 κόλπους
486 981 625 1034 φέρουσί
650 997 700 1028 τι,
726 981 785 1017 καὶ
810 981 914 1017 πάλιν
937 980 1072 1032 εἰρήνης
1097 980 1201 1026 οὔσης
1229 982 1265 1017 αἱ

234 1045 393 1091 γυναῖκες
413 1040 519 1081 ἀδεῶς
534 1041 579 1081 εἷς
597 1038 674 1081 τοὺς
691 1037 812 1089 ἀγροὺς
833 1037 1028 1089 ἐξέρχονται
1049 1037 1107 1074 καὶ
1128 1038 1269 1074 ἀνθολο-

185 1107 216 1132 15
234 1101 363 1148 γοῦσιν.
381 1095 549 1148 γράφεται
569 1097 614 1139 εἷς
637 1094 745 1133 ἷπνόν·
767 1095 861 1137 ἰπνὸς
881 1095 934 1142 δὲ,
954 1095 971 1133 ὃ
990 1098 1090 1145 ἡμεῖς
1110 1094 1267 1144 καμίνιον

234 1156 434 1204 καλοῦμεν.)

288 1225 352 1250 537.
384 1210 505 1257 δούλης
525 1209 713 1261 μεθυούσης
736 1223 745 1248 :
765 1209 961 1262 Ἱ’περὸολὴ
980 1209 1125 1261 εὐωχίας
1141 1210 1193 1247 ὅτι
1210 1209 1269 1246 καὶ

235 1271 266 1307 οἳ
287 1270 400 1306 δοῦλοι
418 1268 599 1319 μεθύουσιν
617 1269 667 1318 (ἐν
688 1267 834 1319 εἰρήνῃ).

288 1325 590 1377 ἀνατετραμμένου
601 1324 715 1375 γοώς.
707 1339 715 1346 ·
735 1324 1049 1376 ἀνακαμφθέντος
1031 1341 1053 1370 η
1067 1323 1269 1366 κενωθέντος

182 1392 216 1416 20
236 1386 282 1426 333
300 1400 377 1434 γην,
398 1386 442 1426 ὡς
464 1385 494 1420 οἳ
518 1384 552 1419 ἐν
579 1384 648 1425 τοῖς
669 1381 784 1425 πότοις
812 1363 1044 1434 σφαλλόμενοι
1072 1381 1138 1419 υπὸ
1165 1397 1206 1431 με
1193 1380 1269 1426 οης

235 1443 269 1478 ἐν
289 1444 338 1478 τιΝι)
359 1441 521 1491 ὑπηρετεῖ
511 1456 537 1476 ,ν
558 1439 580 1484 ἢ
601 1439 735 1483 παίζειν
756 1438 800 1476 τὰ
818 1443 915 1476 τοιαῦ
920 1456 962 1476 τα
988 1439 1127 1476 εἰώθασι
1147 1444 1268 1476 ποιεῖν.

287 1512 349 1536 538.
383 1498 509 1547 (α)λιι)ν
533 1499 707 1535 πολλῶνξ
737 1496 837 1535 Μετὰ
855 1497 893 1534 τὸ
918 1497 1008 1534 κατὰ
1035 1496 1135 1549 μέρος
1156 1497 1269 1533 πάντα

196 1545 199 1547 ⁴
235 1556 340 1592 εἰπεῖν
361 1541 515 1605 ἐπήγαγε
535 1554 593 1591 καὶ
613 1554 651 1591 τὸ
671 1554 816 1604 γενικὸν,
837 1553 894 1592 ἵνα
915 1555 974 1592 καὶ
998 1555 1110 1592 ἄλλων
1132 1556 1269 1592 πολλῶν

235 1612 334 1656 δόξαν
354 1613 608 1665 παράσχηται.)

181 1681 215 1705 25
286 1684 349 1708 5:39.
380 1669 622 1721 ἁπλουστέρως
645 1669 820 1708 ἐκδεκτέον
847 1674 957 1708 τοῦτο’
981 1669 1054 1708 ἔστι
1075 1670 1142 1723 γὰρ
1162 1673 1195 1708 ἓν
1213 1672 1271 1708 οὖ-

238 1731 328 1780 ρανῷ
348 1727 391 1765 e&
411 1727 617 1779 πράγματα.
640 1735 680 1764 V.

286 1799 349 1824 541.
380 1785 665 1837 (ὑπωπιασμέναι
686 1800 694 1825 :
721 1787 886 1838 Σοοδρῶς
911 1788 1098 1837 πληγεῖσαι
1124 1786 1189 1823 ὑπὸ
1209 1790 1268 1824 τοῦ

234 1844 388 1894 πολέμου
411 1844 489 1896 περὶ
508 1842 552 1880 τὰ
572 1843 733 1891 ὑπώπια,
759 1845 780 1881 ἅ
805 1847 895 1882 ἐστιν
921 1845 986 1881 υπὸ
1008 1848 1074 1882 τῶν
1097 1845 1207 1897 ὄψεων
1228 1845 1272 1883 τὰ

235 1901 423 1951 ὀ(κιι’)ματα
446 1901 504 1938 καὶ
530 1900 751 1953 κρούσματα,
773 1902 861 1955 ἅπερ
884 1918 943 1939 κο
929 1902 1052 1954 ρούλας
1073 1903 1200 1955 φασίν.)
1223 1931 1270 1937 -

183 1971 217 1996 30
237 1958 291 1996 δια
310 1975 368 1996 του
389 1958 619 2002 ἁπαξάπασαι
635 1959 739 1997 πάλιν
758 1975 835 2003 τους
855 1960 1051 2006 Ἀθηναίους
1071 1962 1269 2013 θεραπεύει,

235 2017 290 2054 ι’να
310 2017 357 2067 μὴ
379 2033 470 2055 ουτοι
489 2017 589 2067 μόνον
608 2017 698 2054 ἀλλα
714 2018 772 2056 καὶ
793 2018 920 2062 πάντες
941 2019 1143 2057 ἐπταικεναι
1164 2019 1270 2064 0630)-

236 2091 303 2125 σιν,
332 2075 444 2118 ἄλλως
467 2091 502 2112 τε
528 2075 586 2113 καὶ
617 2075 756 2122 αὔξησις
785 2081 843 2114 τοῦ
873 2093 999 2123 κακου,
1032 2080 1061 2115 εἰ
1091 2078 1138 2128 μὴ
1173 2078 1273 2131 μέρος

236 2132 365 2183 ἔὲλαψε
389 2135 456 2169 τῶν
484 2132 662 2179 Ἑλλήνιον
689 2137 706 2171 ὃ
730 2134 897 2185 πόλεμος,
925 2136 1001 2172 ἀλλ’
1027 2136 1145 2179 ἁπλῶς
1165 2138 1272 2174 εἰπεῖν

236 2189 373 2233 ἁπάσας
389 2189 448 2233 τὰς
463 2190 590 2234 πόλεις.
608 2200 648 2229 V.

184 2266 219 2291 35
291 2261 352 2285 542.
382 2248 441 2285 καὶ
457 2248 594 2292 κυάθοις
613 2263 622 2287 :
645 2250 727 2292 Τοῗς
745 2249 881 2293 κυάθοις
899 2253 1097 2321 προσθλῶσι
1116 2252 1159 2289 τὰ
1179 2252 1271 2290 ὑπώ-

234 2320 309 2343 πια.
325 2305 399 2343 ἐπει
414 2308 448 2343 ἐν
462 2306 642 2358 ὀξυὲάφοις
656 2309 799 2358 χαλκοῖς
811 2324 855 2345 τα
869 2309 1013 2346 ὑπώπια
1031 2310 1272 2361 ἀνατρίῦοντες

234 2361 257 2407 ἢ
273 2361 435 2406 τοιούτοις
451 2379 539 2401 τισιν
558 2366 670 2413 ἀφανῆ
690 2369 836 2402 ποιοῦσι.
861 2389 908 2394 -
926 2382 986 2404 και
1010 2367 1272 2420 Ἀπολλοφάνης

236 2421 270 2456 ἐν
286 2419 484 2472 Ιφιγέροντι
504 2439 518 2453 «
539 2421 662 2459 κύαθον
679 2422 824 2472 λάὸοιμι
842 2429 912 2466 τοῖς
932 2424 1111 2468 ιιπωπίοις.
1135 2444 1148 2457 υ
1170 2434 1208 2463 R
1230 2435 1270 2463 V.

238 2475 392 2525 (Ἄλλως.
407 2478 561 2528 ὂξύῧαφα
563 2481 719 2546 χαλκᾶ
709 2480 931 2532 πυρώσαντες
946 2498 1005 2519 και
1022 2482 1191 2528 ἐπιθέντες
1206 2486 1274 2522 ἐθε-

185 2550 220 2574 40
240 2533 385 2585 ράπευον
399 2551 474 2578 τους
488 2537 527 2572 ἐκ
539 2552 608 2572 των
624 2538 672 2573 πλ
673 2552 694 2581 η
698 2539 790 2587 γιιΝ)ν
785 2537 991 2588 μώλωπας.)

295 2593 384 2642 (544).
413 2591 587 2652 ἵναγνῷςε
606 2591 686 2631 Ἵνα
705 2595 773 2661 [ἰια
777 2597 863 2647 γινιΝ)ς
880 2596 991 2646 και]
973 2597 1147 2649 οιακρίνῃς
1160 2599 1199 2636 ἐκ
1212 2603 1271 2636 τοῦ

237 2649 376 2701 ἷλαρους
403 2654 488 2687 εἰναι
511 2651 569 2688 καὶ
597 2653 777 2705 κατηφεῖς,
802 2652 902 2690 ποίαν
931 2669 980 2696 τις
1006 2656 1118 2692 αὐτῶν
1147 2655 1271 2707 τέχνην

237 2708 525 2760 μεταχειρίζεται.
555 2711 585 2746 οἱ
618 2708 679 2758 μὲν
708 2709 798 2782 γὰρ
805 2710 848 2746 τὰ
888 2711 1059 2760 πολεμικὰ
1090 2714 1272 2757 ἀσκοῦντες

238 2767 499 2816 ἀχθόμενοιτοῗς
517 2770 697 2819 παροῦσιν,
709 2767 816 2805 καὶοτ
820 2784 829 2804 ι
848 2769 945 2820 ἀργοὶ
961 2768 1113 2820 ἔσονται,
1135 2772 1272 2823 στυγνοί

189 2835 223 2860 45
240 2826 321 2861 εἰσιν
337 2821 358 2868 ἢ
377 2839 559 2895 κατηφεις,
576 2826 606 2861 οἱ
620 2824 655 2862 δε
669 2824 713 2862 τὰ
729 2825 884 2878 εἷρηνικα
900 2827 1027 2879 ἱλαροί.

293 2894 355 2918 546.
385 2880 530 2918 τίλλονθ’
546 2882 691 2921 ἑαυτὸντ
709 2883 879 2921 Τίλλεινξ
865 2884 984 2922 εαυτὸν
999 2884 1135 2935 λέγεται
1151 2887 1190 2924 τὸ
1203 2890 1269 2925 τῶν

241 2940 361 2975 ἑαυτοῦ
378 2941 504 2990 τριχῶν
523 2940 820 2991 ἐπιλαμὲάνεσθαι
837 2958 895 2979 και
914 2943 1121 2996 σπαράττειν
1135 2961 1195 2988 τας
1211 2946 1269 2984 κό-

242 3010 318 3044 μας.
338 2996 613 3048 προσφορώτατα
636 3002 693 3036 οὖν
713 3000 768 3036 τὸν
788 3000 971 3052 λοροποιον
991 3004 1033 3052 τῆ
1056 3005 1190 3040 κεὀαλΝ
1160 3020 1189 3053 ῃ
1211 3004 1270 3042 καὶ

240 3058 314 3094 ταῖς
334 3052 418 3104 θριξι
422 3069 437 3089 ν
455 3055 557 3091 αὐτοῦ
575 3055 715 3102 ἐποίησε
731 3056 980 3108 λωὸιι)μενον,’
966 3059 1041 3097 επεὶ
1060 3075 1119 3097 και
1136 3064 1153 3098 ὁ
1170 3061 1271 3114 λόφος

190 3118 224 3144 50
242 3111 302 3154 τῆς
317 3112 449 3161 κε’ραλΝ
428 3126 468 3155 τς
484 3111 556 3148 ἐστι
575 3128 838 3167 σκεπαστηριον.

295 3179 356 3203 549.
386 3167 587 3217 ἐσκιμάλισε
619 3183 627 3208 z
654 3173 716 3209 ΤιΝι)
745 3188 840 3224 μεσῳ
868 3173 1029 3212 δακτύλω
1054 3177 1271 3228 συναρμόσας

241 3222 298 3259 τὸν
320 3223 363 3273 με
365 3239 426 3274 (αν
447 3240 505 3261 και
523 3226 654 3271 πλήξας
673 3207 856 3282 ἐφυὲρίζει.

942 3232 1095 3282 (Ἄλλως.
1118 3235 1192 3272 ἀντὶ
1210 3240 1270 3274 τοῦ

242 3280 528 3319 κατεδακτύλισε·

561 3286 763 3334 σκιμαλίσαι
795 3288 860 3340 γάρ
892 3291 965 3327 ἐστι
990 3291 1116 3343 κυρίως
1145 3292 1183 3329 τὸ
1211 3294 1268 3331 τὸν

243 3337 406 3376 δάκτυλον
425 3340 470 3383 εἷς
495 3340 550 3378 τὸν
565 3343 720 3394 πρωκτὸν
741 3349 798 3382 τοῦ
819 3346 933 3398 ὀρνέου
955 3349 1084 3398 βαλεῖν.
1104 3351 1141 3387 οὐ
1166 3350 1266 3400 μόνον

1291 3361 1301 3400 3
1293 3354 1466 3392 Ιλοῦνται
1482 3355 1524 3393 τὰ
1546 3372 1587 3406 με
1592 3373 1635 3395 σα
1655 3361 1721 3396 τῶν
1739 3361 1862 3398 ἐλαιιΝιν
1882 3377 1940 3399 και
1958 3365 2025 3400 τῶν
2043 3363 2220 3413 ἀμπέλων

1321 347 1378 384 τὸν
1394 349 1498 398 μέσον
1518 350 1721 389 οάκτυλον
1706 354 1904 400 εντείνοντες
1922 358 1981 396 καὶ
2000 375 2077 402 τους
2094 361 2232 406 ὶοιπους
2251 363 2355 401 συνά-

1323 420 1438 456 γοντες
1455 407 1607 450 δειξωσιν
1628 411 1735 449 αυτῶ.
1742 413 1751 460 )

1376 477 1440 502 553.
1476 466 1533 515 (ὡς
1556 466 1691 517 τάχισ’τ
1712 468 1792 507 ἄνευ
1817 471 2001 522 ὃορατίουε
2024 476 2129 526 Παρα
2148 493 2191 514 τα
2210 481 2270 514 τοῦ
2288 493 2356 516 πο-

1321 520 1429 570 λέμου
1446 522 1551 561 κακά.
1573 523 1693 574 πρώην
1718 526 1785 578 γὰρ
1809 528 1916 571 οὐδεις
1933 529 2013 581 δίχα
2035 533 2175 584 σιδήρου
2202 535 2292 585 ἐξῃει
2311 537 2358 579 εἷς
2379 556 2395 580 5

1322 577 1379 615 τὸν
1400 580 1502 631 ἀγρὸν
1523 582 1739 651 ὑφορώμενος
1758 599 1834 627 τους
1855 587 2056 636 πολεμίους·
2079 594 2136 627 νῦν
2159 591 2195 628 δὲ
2221 592 2357 644 εἷρηνης

1324 635 1428 682 οὔσης
1447 639 1727 689 παρακελεύεται
1745 640 1794 690 μὴ
1815 643 1991 692 βαστάσαι
2007 646 2170 698 σίδηρον.)

1377 706 1438 731 554.
1469 710 1604 747 σαπρας
1630 709 1638 735 :
1667 699 1828 741 Παλαιᾶς
1852 715 1911 737 και
1939 702 2099 753 ἀρχαίας.
2133 705 2267 757 (κυρίως
2296 706 2358 757 μὲν

1325 765 1456 803 σαπρον
1473 755 1503 789 οἱ
1528 754 1672 791 παλαιοι
1693 754 1760 792 ἕλε
1750 771 1808 806 (ον
1833 757 1872 794 τὸ
1893 773 2043 804 σεσηπος
2066 760 2122 798 διὰ
2140 762 2197 800 τὸν
2221 764 2357 816 χρόνον.

1323 811 1477 859 χρῶνται
1498 810 1533 847 δε
1551 813 1643 848 αυτιΝι)
1660 813 1718 850 καὶ
1738 814 1814 850 ἀντι
1833 819 1892 852 τοῦ
1911 816 2057 868 ἀρχαίου
2076 833 2135 855 και
2153 822 2331 872 παλαιοῦ.)
2382 840 2413 864 10

1378 881 1440 904 555.
1470 869 1661 912 παιωνίσας
1690 901 1697 908 .
1690 871 1929 922 Ἐὐξάμενος
1954 889 2013 911 και
2041 891 2110 918 τοις
2140 879 2227 920 θεοῖς
2256 879 2359 931 χάριν

1325 924 1478 974 {moJsoq
1457 940 1554 969 ησας.
1571 925 1684 964 παιὼν
1699 928 1765 980 (άρ
1782 931 1853 967 ἐστι
1845 946 1872 967 ιν
1889 930 1992 1000 ὕμνος
2008 933 2280 985 εὐχαριστὴριος.

1379 995 1442 1019 556.
1477 985 1516 1031 (ιι)
1530 984 1669 1031 ποθεινὴ
1690 998 1698 1024 :
1719 988 1764 1024 Οἱ
1783 1002 1888 1039 γεωρ
1874 988 1927 1025 ιοὶ
1943 990 2054 1027 ταῦτά
2071 1005 2154 1042 φασι
2169 991 2362 1037 πεισθέντες

1326 1039 1375 1089 τῷ
1389 1038 1476 1089 κηρύ
1480 1055 1598 1089 (ματ-ι.
1602 1043 1612 1090 )

1379 1110 1441 1133 558.
1472 1095 1511 1138 ἃς
1527 1097 1594 1147 ἐγὼ
1611 1098 1763 1150 ’φύτευον
1780 1101 1969 1152 νεώτερος.
1987 1102 2277 1156 Περισπούδαστα
2292 1105 2359 1158 γὰρ
2384 1126 2415 1151 15

1326 1158 1392 1195 πᾶς
1417 1156 1553 1203 ἡγεῖται
1574 1154 1662 1208 ἅπερ
1687 1157 1726 1194 ἂν
1748 1159 1848 1202 αὐτὸς
1868 1161 2070 1211 ἐρ(άσνται.
2093 1161 2149 1200 διὰ
2173 1164 2295 1202 τούτου
2326 1165 2362 1202 δε

1326 1209 1384 1246 τὸν
1410 1213 1478 1247 πο)
1481 1227 1518 1247 υν
1536 1217 1594 1249 τοῦ
1615 1216 1767 1265 πολέμου
1785 1232 1916 1287 χρονον
1927 1219 2027 1264 δηλ
1995 1234 2042 1265 οι,
2063 1237 2115 1258 οτι
2137 1223 2299 1294 νεώτερος
2315 1222 2362 1260 ὢν

1327 1266 1489 1318 ἐφύτευσε
1510 1285 1571 1312 τας
1587 1278 1712 1321 συκᾶς,
1733 1273 1771 1316 ἃς
1787 1289 1847 1311 ουκ
1867 1276 1934 1312 εἰόε
1953 1276 2122 1327 γηράσας.
2141 1281 2201 1318 καὶ
2219 1282 2281 1318 οὐκ
2301 1283 2363 1332 ἀρ·

1327 1325 1435 1362 κεσθε
1432 1341 1458 1368 ις
1476 1326 1586 1379 τούτῳ
1605 1330 1672 1374 ἐπή
1675 1345 1736 1380 γα
1723 1346 1760 1367 ιε
1774 1333 1956 1370 πολλοστιΝο
1972 1334 2098 1388 χρόνῳ.

1380 1396 1444 1422 561.
1474 1383 1534 1426 τας
1547 1401 1606 1437 γορ
1609 1387 1732 1437 γόναςῑ
1750 1391 1840 1438 (Πᾶν
1856 1394 1974 1433 σκεῦος
1975 1392 2162 1463 ἁρμόζον’
2147 1411 2181 1432 εν
2192 1396 2362 1448 πολέμῳ.)
2382 1421 2416 1445 20

1328 1463 1378 1467 —
1391 1445 1477 1478 ταῦτ
1481 1458 1501 1478 α
1515 1443 1587 1480 πά)
1592 1460 1620 1480 ιν
1635 1447 1679 1488 εἷς
1698 1461 1748 1483 τον
1762 1447 1934 1499 Λάμαχον
1951 1449 2147 1490 αἰνίττεται.
2165 1460 2203 1490 R.
2221 1462 2262 1491 V.

1381 1512 1443 1536 562.
1474 1495 1533 1537 εἶθ’
1561 1501 1656 1546 ὅπως
1680 1505 1922 1556 λιταργιοῦμεν
1947 1521 1955 1546 :
1982 1510 2080 1557 (Εἶτα
2101 1510 2190 1560 μετὰ
2208 1511 2248 1549 τὸ
2267 1511 2366 1556 εὔξα-

1329 1563 1407 1597 σθαι
1421 1565 1462 1613 τῇ
1481 1566 1559 1602 θεω.
1565 1565 1614 1614 )
1595 1580 1669 1602 αντι
1685 1570 1746 1604 τοῦ
1764 1567 1930 1613 συντόνως
1946 1570 2183 1622 δραμούμεθα.
2201 1573 2310 1627 (παρὰ
2325 1574 2365 1612 τὸ

1327 1617 1404 1654 λίαν
1419 1621 1460 1671 ἀρ
1463 1620 1533 1670 γον.
1536 1622 1546 1670 )

1381 1690 1443 1714 563.
1476 1679 1892 1753 ζ(οράσαντεςχρησιιιόν
1910 1700 1955 1724 τι.
1973 1693 2011 1723 R.
2384 1706 2418 1731 25

1382 1747 1446 1773 564.
1477 1752 1505 1773 ιι)
1527 1736 1693 1776 Πόσειδον
1716 1753 1724 1777 :
1753 1740 1796 1778 Ὁ
1818 1740 1933 1800 ‘Epo-‘⁹
1912 1759 1951 1788 ης
1975 1746 2062 1795 ὁρῶν
2085 1761 2163 1788 τους
2189 1746 2366 1799 ἀγροίκους

1330 1793 1375 1834 εἷς
1390 1794 1411 1828 ἀ
1414 1809 1526 1845 γρον
1512 1796 1543 1831 3
1532 1811 1578 1838 ιο
1581 1812 1660 1839 ιταρ
1674 1797 1757 1849 ’ρτσὶ
1773 1814 1811 1835 το
1825 1802 1853 1837 ὠ
1868 1800 2047 1840 Πόσειδον.

1382 1864 1443 1888 565.
1476 1853 1577 1904 (καὶ
1574 1868 1713 1906 οργονῑ
1733 1855 1877 1894 Ἐπεὶ
1859 1857 1914 1895 οιὰ
1935 1858 2096 1911 790'7063
2081 1859 2165 1905 ἐξινό
2168 1877 2222 1905 τες
2241 1861 2365 1900 ἔσπευ·

1331 1907 1410 1957 δον.)

1383 1969 1475 2015 μα’ζα
1505 1968 1563 2005 καὶ
1590 1970 1780 2008 πανδαισία
1811 1985 1819 2010 :
1850 1974 2051 2012 Πανδαισία
2080 1978 2101 2021 ἡ
2132 1976 2279 2028 δαψιλης
2306 1979 2364 2016 καὶ
2385 2001 2418 2025 30

1329 2023 1475 2061 παντοία
1490 2026 1630 2099 3602732.
1648 2031 1740 2077 μαζα
1755 2029 1792 2066 δέ
1805 2031 1896 2067 ἐστιν
1910 2034 1927 2068 ὁ
1942 2033 2106 2085 στρυφνὸς
2120 2033 2229 2086 ἄρτος.
2283 2035 2366 2074 Ἄλ-

1330 2081 1406 2123 λως.
1426 2081 1507 2119 ὅταν
1527 2100 1594 2136 γαρ
1620 2087 1666 2128 εἰς
1686 2102 1796 2124 κοινον
1821 2091 2021 2137 ἑστιωνται,
2045 2091 2190 2130 ἑκάστου
2210 2091 2367 2145 φέροντος

1329 2140 1440 2175 ἑαυτιΝ)
1455 2140 1600 2189 δεῖπνον,
1615 2142 1727 2180 πυκνα
1741 2145 1887 2217 (πάντα)
1897 2147 2065 2199 φαίνεται,
2079 2148 2198 2200 πῇμὲν
2209 2149 2253 2187 τὰ
2263 2166 2367 2203 προσ-

1330 2195 1376 2248 φά
1379 2212 1437 2246 για
1466 2198 1647 2251 φερόντων,
1665 2205 1714 2254 πῇ
1737 2201 1772 2239 δὲ
1797 2205 1909 2241 αὐτῶν
1938 2206 2166 2257 ἑστιωμένων.
2220 2207 2365 2252 Ἄλλως.

1330 2255 1414 2306 φασὶ
1430 2255 1496 2308 γαρ
1515 2273 1583 2294 παν
1601 2259 1749 2307 δεῖπνον,
1770 2263 1804 2298 ἐν
1824 2279 1852 2299 ιι)
1872 2262 2016 2306 ἕκαστος
2036 2267 2131 2317 αὑτῳ
2150 2265 2298 2315 κομίζων
2319 2268 2366 2310 333
2385 2293 2418 2319 35

1329 2313 1440 2350 κοινὸν
1465 2316 1688 2354 κατατιθεται
1711 2334 1770 2356 και
1789 2320 1916 2363 πάντες
1934 2321 2074 2359 πάντων
2095 2322 2295 2374 μετέχουσι.
2314 2324 2366 2375 (τὸ

1331 2370 1365 2407 δὲ
1382 2374 1497 2424 στῖφος
1518 2375 1629 2411 αὐτῶν
1651 2376 1777 2420 εἰκάζει
1798 2379 1952 2430 ἀλφίτοις
1969 2379 2028 2416 καὶ
2049 2380 2141 2432 μάζῃ
2165 2380 2222 2418 διὰ
2241 2381 2280 2419 τὸ
2299 2397 2366 2419 πυ-

1330 2428 1418 2466 κνόν.
1435 2437 1493 2467 καὶ
1510 2431 1627 2478 ἐπειδὴ
1642 2438 1869 2482 πυκνοῦνται,
1887 2435 1972 2474 ὅπου
1987 2436 2049 2486 μὲν
2064 2437 2109 2475 τὰ
2123 2438 2301 2491 ἅλιριτα,“
2280 2454 2365 2478 οπου

1330 2485 1365 2521 δὲ
1386 2487 1450 2523 οἱε
1430 2487 1649 2538 εστιώμενοι.
1676 2491 1885 2529 πανδαισίαν
1912 2492 1948 2530 δὲ
1967 2492 2029 2539 τὴν
2054 2495 2214 2541 ποικίλην
2237 2495 2297 2534 καὶ
2323 2499 2363 2535 ἐκ

1330 2543 1500 2596 διαφόρων
1519 2546 1612 2598 ὄψων
1632 2548 1792 2599 εὐωχίαν,
1815 2565 1896 2587 οταν
1923 2550 2065 2595 ἕκαστος
2082 2551 2125 2590 τα
2151 2555 2274 2591 ἑαυτοῦ
2296 2554 2364 2607 ὄψα
2382 2579 2428 2612 4,,

1331 2600 1494 2652 ἀνενεγκῃ
1521 2603 1580 2640 καὶ
1607 2608 1756 2650 καθῆται
1785 2607 1830 2649 εἷς
1856 2622 1895 2644 το
1920 2608 2044 2655 κοινὸν,
2065 2626 2084 2645 τ
2118 2609 2200 2647 ὅταν
2225 2613 2364 2649 πολλῶν
2422 2616 2427 2620 ’

1330 2672 1562 2729 προκειμενων
1578 2662 1776 2711 ἐοεσμάτιι)ν
1791 2663 1882 2714 λάὸῃ
1900 2681 1949 2708 τις
1963 2665 1980 2703 ὃ
1997 2665 2096 2705 θέλει.
2118 2683 2149 2705 οι
2165 2667 2200 2706 δὲ
2216 2671 2363 2707 πανδαι-

1330 2715 1407 2752 σίαν
1420 2717 1571 2776 λάχανόν
1585 2735 1617 2756 τι
1627 2719 1730 2770 ,ἔχον
1747 2723 1906 2759 παντοῖον
1924 2723 2066 2773 ἔδεσμα.
2082 2724 2121 2763 τὸ
2137 2724 2172 2763 δὲ
2188 2724 2277 2774 δ’λον,
2293 2743 2362 2765 πυ-

1329 2773 1405 2810 κνὸν
1423 2778 1479 2811 οὐν
1496 2775 1611 2828 ὥσπερ
1627 2780 1719 2827 μᾶζα
1733 2778 1792 2816 καὶ
1806 2781 2004 2819 πανοαισία.
2009 2783 2021 2832 )

1382 2845 1445 2870 566.
1475 2836 1496 2879 ἡ
1508 2834 1589 2894 γὰρ
1610 2840 1721 2888 σοῦρα
1750 2851 1759 2875 :
1788 2840 1924 2884 Νοησαι
1944 2841 1996 2878 δεῖ
2018 2841 2074 2879 τὸν
2101 2842 2209 2894 χορὸν
2229 2842 2360 2896 σφύρας

1329 2888 1472 2940 ἔχοντα,
1489 2896 1541 2935 αῖς
1557 2895 1812 2943 βι))οκοποῦσι,
1826 2912 1885 2934 και
1901 2897 2062 2950 θρινακας
2074 2916 2133 2937 και
2147 2915 2252 2948 σκευη
2270 2901 2360 2940 ἄλλα

1328 2949 1519 3000 γεωργικὰ,
1539 2951 1581 2987 δι’
1597 2955 1643 2988 ὡν
1661 2951 1722 2995 τὰς
1739 2953 1809 3004 βιιλ
1812 2970 1866 2998 ους
1881 2972 1941 3001 της
1954 2960 2015 3006 γ’ἧς
2032 2957 2174 3007 ἔμελλον
2190 2958 2360 3010 θραύσειν

1381 3020 1443 3045 567.
1474 3007 1662 3060 θρίνακες;
1691 2990 1747 3048 Ιά
1771 3012 1881 3059 πτύα,
1913 3016 2100 3067 (ἐργαλεῖον
2125 3011 2155 3069 ᾧ
2181 3017 2361 3070 ἀποχωρι-

1329 3066 1422 3108 ζουσι
1442 3068 1508 3102 τιιΝ)ν
1531 3068 1739 3118 σπερμάτων
1759 3070 1800 3106 τὰ
1821 3070 1945 3121 ἄχυρα.
1950 3072 2160 3126 )Ι[παρεόικε
2177 3074 2266 3112 δὲέν
2287 3090 2361 3117 ταις

1329 3121 1439 3160 ἅλωσι
1467 3123 1551 3175 πρὸς
1570 3125 1626 3162 τὸν
1648 3126 1783 3176 ἄνεμον.
1812 3129 1992 3182 ἐπαίρουσι
2011 3130 2048 3168 δὲ
2071 3131 2115 3169 τὰ
2135 3131 2248 3184 ἄχυρα
2273 3132 2359 3183 ὑπὲρ

1327 3183 1385 3216 τοῦ
1399 3181 1596 3226 ἀποπτῆναι
1611 3198 1669 3220 και
1684 3187 2000 3237 καθαρισθηναιτὸν
2013 3188 2120 3242 πυρὸν
2133 3187 2155 3235 ἢ
2169 3188 2230 3233 τὰς
2242 3188 2359 3242 κριθὰς

1327 3236 1348 3282 ἢ
1367 3237 1411 3275 ἄ)
1413 3240 1452 3275 λο
1467 3255 1498 3276 τι
1515 3243 1582 3277 τῶν
1602 3241 1762 3279 τοιούτων
1779 3245 2012 3318 γεννημάτων.
2015 3245 2034 3298 Ἦ

2382 2878 2429 2907 ἐξ)Ἰ

2378 3163 2414 3188 50

1380 3310 1442 3335 568.
1475 3298 1654 3350 μετόρχιον
1673 3314 1680 3338 :
1700 3301 1751 3339 Τὸ
1771 3303 1898 3351 μεταξυ
1912 3320 1978 3342 των
1995 3304 2119 3356 ὄρχων.
2133 3304 2228 3358 ὅρχοι
2242 3303 2277 3342 δὲ
2293 3319 2357 3342 κα-

2275 3362 2356 3401 ’Ak-
