2517 3792
8 3720 30 3792 bk·

973 153 1313 192 LYSISTRATAE.

2121 164 2197 198 497

907 273 1404 332 LYSISTRATA.

167 414 408 449 ARGUMENTA
433 409 580 460 primus
606 407 727 445 edidit
757 398 968 453 Kusterus‚
989 421 1035 445 ex
1054 421 1124 444 co-

113 468 215 515 dice,
245 477 286 506 ut
320 468 496 515 videtur,
527 467 711 505 Palatino.
744 466 882 502 Codice
909 471 1125 516 Augustano

113 540 202 564 usus
221 535 277 564 est
296 527 516 565 Brunckius.
536 529 654 562 Disn.
672 528 768 563 Sunt
782 525 894 561 etiam
914 525 951 561 in
972 527 1054 561 Pur.
1067 552 1078 568 ‚
1101 525 1125 561 i.

113 599 146 622 e.
164 586 339 635 exemplo
357 585 539 622 editionis
557 583 806 621 Frobcnianae
818 613 826 629 ‚
856 582 964 631 cujus
985 583 1127 632 margi-

114 642 228 681 nibus
257 643 439 680 Claudius
471 645 660 678 Puteanus
695 641 837 677 scholia
872 642 1044 690 ascripsit
1082 655 1128 678 ex

115 701 215 739 libro
236 702 384 752 optimo
410 709 465 748 et,
485 701 514 737 si
541 700 706 736 novitias
732 700 876 749 aliquot
895 700 1037 749 glossas
1058 699 1128 736 de—

118 760 294 806 traxeris,
324 759 554 796 Ravennatis
582 758 786 795 simillimo.
816 761 1000 795 Servatur
1018 758 1057 794 in
1071 756 1130 794 bi-

116 816 309 854 bliotheca
323 817 447 867 Regia.

170 880 268 912 Ano.
303 880 333 921 1,
365 877 384 912 3
404 888 459 924 sq.
486 876 657 923 ὁμοιῶσαι
677 872 711 910 δὲ
738 875 842 910 ἀναπ.
864 871 925 920 μὲν
946 877 1017 910 Ms.
1048 872 1132 909 Ku-

117 935 220 970 steri.
242 935 364 984 ὅμῶσα
381 933 635 970 Baroccianus
650 932 836 982 (Gratiani
851 931 898 967 de
913 934 948 968 S.
965 932 1133 976 Bavone,

118 992 143 1027 i.
161 1005 192 1028 e.
223 993 381 1029 Joannis
402 990 563 1035 Alberti,
593 990 632 1026 in
656 988 842 1026 Observv.
868 990 1023 1026 miscell.
1041 994 1134 1027 Am-

119 1050 257 1087 stelod.
283 1050 361 1087 vol.
387 1063 420 1096 7,
438 1062 475 1098 p.
496 1048 658 1097 125).-
676 1046 696 1082 5
716 1045 878 1092 ἀλλήλοις
912 1048 1133 1085 Brunckius.

119 1107 282 1153 ἀλλήλων
302 1111 348 1145 R.
378 1111 461 1144 Put.
491 1109 539 1144 K.
567 1105 608 1155 (i.
638 1118 669 1141 e.
698 1106 852 1142 Kusteri
881 1106 1025 1156 editio).
1046 1136 1094 1141 .-
1112 1108 1134 1142 6

118 1165 289 1217 ἐμπριλὰς
310 1179 358 1202 ex
377 1169 421 1203 R.
449 1168 545 1214 Aug.
572 1163 625 1213 [et
653 1163 753 1213 Bau]
771 1165 928 1201 accessit
953 1165 1053 1215 [Put.
1071 1167 1136 1216 ἐμ-

117 1222 259 1275 πρίλας]
279 1237 287 1259 :
307 1224 481 1261 lacunam
499 1222 628 1273 posuit
645 1225 846 1262 Kusterus,
874 1226 978 1260 Fort.
1007 1225 1042 1260 ἐν
1066 1223 1136 1261 πύ-

117 1282 206 1324 λαις.
239 1281 313 1319 Sed
356 1280 591 1318 desideratur
633 1280 748 1317 etiam
786 1280 946 1318 verbum
985 1282 1136 1318 finitum

118 1339 355 1389 respondens
393 1339 574 1389 proximo
611 1336 698 1382 αὐτὴ
739 1335 981 1391 δὲ-ἅπαντᾷ,
1013 1343 1135 1377 Dum.

118 1397 263 1436 Fabula
289 1398 374 1449 ipsa
396 1406 433 1434 et
456 1411 541 1447 quae
567 1405 784 1446 sequuntur
801 1396 890 1447 μετὰ
916 1399 983 1434 τῶν
1003 1399 1136 1437 οἰκείων

119 1457 327 1493 monstrosi
347 1455 524 1493 vocabuli
548 1456 826 1492 correctionem
841 1466 984 1494 certam
1004 1466 1136 1495 osten-

120 1519 216 1557 dunt
243 1512 532 1566 ElCHPlAAC,
560 1520 606 1560 εἷς
633 1518 819 1570 πατρίδας,
844 1529 886 1556 ut
917 1522 965 1557 sit
989 1521 1050 1564 τὰς
1076 1521 1137 1572 μὲν

120 1578 186 1622 ἔξω
203 1580 368 1623 (exteras
386 1577 575 1628 mulieres)
590 1576 756 1619 ἀπιούσας
779 1579 825 1620 εἷς
843 1579 1026 1630 πατρίδας.
1045 1584 1137 1617 Nam

119 1636 284 1680 ἐξωπίους
302 1649 457 1687 quoque
487 1636 536 1673 ab
571 1635 646 1672 hoc
666 1636 751 1672 loco
785 1637 951 1674 alienum
986 1647 1052 1675 est.
1092 1642 1136 1676 R.

121 1698 205 1732 Put.
228 1693 502 1732 καταλείπουσα.
517 1693 676 1731 Defendi
703 1701 829 1743 potest
846 1702 1036 1732 structura
1057 1697 1139 1734 sine

121 1753 242 1790 verbo
271 1754 398 1800 finito,
428 1766 658 1803 quamquam
689 1753 879 1801 integrum
907 1767 988 1790 esse
1012 1755 1137 1792 locun]

122 1813 278 1850 minime
293 1813 606 1863 praestiterim.—
620 1826 633 1847 1
643 1826 664 1847 o
680 1810 818 1861 ὀλίγων,
844 1826 857 1847 1
872 1826 884 1848 1
905 1812 1070 1856 τοξευτῶν
1085 1817 1135 1851 Κ.

121 1894 174 1900 -
191 1879 235 1916 14
257 1870 480 1923 ἐπιτρέψουσι
492 1871 724 1921 Brunckius,
739 1873 926 1909 incertum
944 1871 989 1907 de
1007 1885 1076 1908 suo
1091 1885 1139 1909 an

121 1943 170 1967 ex
195 1929 328 1967 codice
341 1934 438 1979 Aug.
465 1928 688 1981 ἐπιτρέπουσι
713 1933 754 1968 R.
780 1934 863 1967 Put.
882 1931 926 1967 K.
943 1954 982 1960 -
1000 1931 1044 1966 15
1071 1946 1139 1967 τα-

121 1990 300 2039 μιεύονται
313 1992 396 2028 Put.
414 1992 517 2025 K.—
535 1990 578 2025 16
594 1989 865 2026 καταπαύσωσιν
881 1993 924 2027 R.
942 1993 1025 2026 Put.
1043 1993 1137 2040 Aug.

121 2074 162 2080 —
182 2063 226 2097 17
242 2048 480 2098 καταπληγεὶς
496 2052 542 2086 R.
563 2052 645 2085 Put.
660 2049 700 2086 τὸ
720 2049 844 2101 θράσος
863 2053 912 2086 K.
938 2053 1021 2087 Put.
1033 2075 1073 2081 -
1090 2064 1132 2085 21

121 2109 390 2159 ἐγκαρτεροῦσαι
409 2110 457 2143 Κ.
477 2110 560 2143 Put.
575 2131 615 2137 —
628 2108 688 2144 23.
708 2111 766 2144 Ex
780 2108 853 2144 loci
874 2108 1059 2144 sententia
1081 2108 1138 2144 sa—

120 2167 192 2203 cile
220 2166 444 2215 intelligitur
473 2165 567 2214 quid
594 2165 778 2214 significet
805 2166 1051 2215 participium
1076 2181 1139 2216 χυ-

121 2228 361 2276 τροτομοῧσα,
383 2225 550 2267 irridens,
576 2224 728 2260 ludibrio
759 2225 910 2269 habens,
932 2227 1008 2260 ludi
1038 2239 1137 2262 cans.

121 2284 342 2320 Genuinum
379 2295 460 2318 esse
492 2285 667 2318 Graecum
717 2282 879 2319 verbum
913 2289 1137 2332 χυτροτομεῖν

122 2355 192 2378 nec
220 2341 411 2377 affirmare
435 2353 504 2376 nec
530 2353 668 2388 negare
697 2341 843 2377 ausim:
865 2340 1004 2390 quibus
1029 2355 1138 2378 secus

121 2399 314 2437 videbitur
329 2428 338 2446 ‚
378 2411 448 2448 per
495 2411 556 2434 me
601 2399 689 2435 licet
731 2399 857 2448 legant
906 2403 1136 2450 κερτομοῧσα.

121 2463 297 2496 Bizonen.
315 2456 574 2507 ἀπαγγέλλεται
594 2460 676 2493 Put.
692 2481 734 2488 --
755 2462 801 2500 24
830 2457 1033 2501 σπουδάζειν
1050 2461 1133 2493 Put.

120 2542 162 2550 .-
177 2517 225 2553 26
243 2515 483 2565 ἐμφανίζοντες
507 2513 582 2563 ἅμα
607 2514 665 2550 καὶ
694 2513 756 2558 τὰς
779 2513 947 2566 προτέρας
972 2520 1137 2564 γυναῖκας

121 2576 218 2613 scire
229 2575 344 2612 velim
359 2573 555 2623 quomodo
570 2572 827 2609 intellexerint
843 2573 1022 2610 editores.
1042 2574 1136 2610 Mihi

120 2643 210 2672 sunt
227 2632 404 2678 tenebrae,
421 2632 492 2668 nisi
508 2630 650 2668 scribas
668 2630 909 2683 ἐμφανίζοντες
930 2631 1004 2681 ἅμα
1021 2631 1079 2669 καὶ
1095 2631 1138 2669 τὰ

120 2691 201 2742 περὶ
220 2691 282 2733 τὰς
294 2695 522 2740 γυναῖκας.-
536 2703 582 2737 27
599 2690 630 2726 οἱ
646 2688 818 2735 Ἀθηναῖοι
837 2690 986 2726 addidit
1002 2694 1138 2727 Kuste-

121 2763 201 2787 rus.
226 2752 318 2786 Post
341 2747 503 2801 πρέσὸεις
530 2749 570 2785 in
607 2749 706 2797 Aug.
740 2757 796 2785 est
831 2749 988 2792 lacuna,
1022 2762 1135 2798 quam

121 2808 334 2846 Brunckius
369 2806 538 2856 quinque
575 2807 727 2856 punctis
758 2806 983 2855 designavit.
1010 2829 1059 2835 —
1087 2815 1134 2846 32

121 2864 389 2914 ἀναμνήσασθαι
402 2867 454 2900 Κ.
476 2864 578 2910 Put.‚
593 2865 633 2900 iu
653 2877 731 2914 quo
748 2865 869 2901 inesse
888 2873 1049 2913 possunt
1067 2879 1136 2902 ve-

121 2923 232 2973 stigia
249 2921 430 2958 vocabuli
449 2920 583 2973 φιλίας,
613 2922 718 2971 quod
746 2923 819 2959 hoc
842 2923 928 2959 loco
953 2923 1135 2961 excidisse

121 2989 232 3031 puto.
255 2982 317 3025 τῆς
344 2992 418 3016 om.
446 2983 489 3015 R.
515 2983 599 3016 Put.
628 2984 725 3029 Aug.
757 2978 1135 3030 παλαιὰς-γενομένας

120 3043 219 3089 Aug.
238 3042 321 3076 Put.
335 3060 371 3067 —
388 3038 434 3074 33
453 3037 637 3087 γενομένας
653 3041 699 3075 K.
717 3037 848 3080 εὐνοίας
863 3039 910 3075 de
927 3052 995 3075 suo
1021 3039 1134 3076 addi-

122 3097 180 3134 dit
196 3100 397 3134 Kusterus.
416 3120 457 3127 -
471 3097 518 3138 34
543 3095 706 3136 ἑκάστους
720 3099 770 3133 K.
784 3119 824 3126 -
843 3097 889 3133 35
918 3096 1132 3149 Κλεόκριτον

121 3157 206 3190 Put.
224 3152 421 3204 Λεώκριτον
438 3155 487 3189 K.
503 3155 569 3189 Est
585 3152 726 3202 olymp.
744 3166 792 3201 92
808 3167 896 3189 ann.
917 3167 947 3189 1.

175 3216 274 3250 Ano.
302 3215 350 3249 II.
371 3210 497 3262 Ἄριστ.
527 3225 581 3262 γρ.
611 3210 756 3247 addidit
777 3211 1064 3247 Dindorfius.-
1088 3226 1132 3249 10

121 3269 294 3319 τιθέμενοι
310 3278 351 3308 et
369 3268 532 3321 ἐξώρισαν
551 3270 775 3307 Brunckius.
805 3269 913 3307 Libri
936 3268 1131 3321 ἐξέρρησαν.

241 3387 352 3417 senor..
371 3388 538 3416 ARISTOPH.

1577 408 1800 447 SCHOLIA.

1237 505 1336 543 Ἐκλ.
1350 506 1545 559 -στρατόν
1567 507 1739 545 additum
1763 522 1808 545 ex
1829 512 1869 546 L.
1889 512 1971 547 Bar.

1239 578 1274 610 2,
1295 571 1337 607 ¹4
1361 580 1446 616 φασι
1464 569 1668 602 Porsonus.
1691 567 1798 603 Libri
1815 582 1911 617 φησι.
1927 592 1966 597 —
1985 569 2027 605 15
2059 568 2126 605 δεῖν
2151 571 2196 606 R.

1184 630 1221 660 et
1237 623 1371 660 Suidas
1396 637 1424 659 s.
1450 624 1595 675 Πανικῷ
1620 624 1767 673 δείματι.
1787 626 1909 662 Ceteri
1929 627 1992 663 δεῖ.
2006 651 2047 657 -
2065 641 2106 672 17
2126 625 2200 663 ἔστι

1187 687 1228 720 L.
1246 684 1369 720 Ceteri
1384 682 1447 720 ὅτι.
1461 707 1503 714 —-
1521 686 1565 721 18
1585 684 1781 733 ἐκκείμενος
1798 687 1966 723 restituit
1985 687 2200 724 Dindorlius

1187 756 1233 779 ex
1248 743 1385 779 Photio
1409 756 1445 792 p.
1469 745 1554 790 196,
1581 744 1638 788 15,
1657 744 1705 780 ad
1730 746 1898 794 HSteph.
1924 746 2034 783 Thes.
2061 760 2096 782 v.
2118 747 2203 783 Κω-

1188 799 1284 846 λιάς,
1303 809 1339 836 et
1359 799 1477 849 ὅμοιος
1497 815 1543 837 ex
1559 802 1693 839 eodem
1712 804 1849 840 Photio
1879 812 1916 840 et
1942 808 1986 842 R.
2012 805 2071 842 καὶ
2086 807 2116 842 οἱ
2141 805 2202 854 μὲν

1190 860 1358 900 οἷκοῧντες
1373 859 1491 905 (ἑνοικ.
1512 861 1572 905 Κ.)
1591 863 1632 896 L.
1651 864 1747 897 K.—-
1763 875 1806 909 19
1824 863 1899 899 Γεν.
1919 861 1984 913 γὰρ
2000 867 2042 900 R.

1245 918 1279 963 8,
1303 923 1349 960 24
1367 916 1672 969 ἐσκυθρωπακέναι
1699 923 1757 968 L.,
1786 920 1832 956 25
1854 924 2007 957 τοιοῦτον
2037 924 2078 957 L.
2106 924 2204 966 Bar.,

1192 988 1237 1021 27
1258 974 1442 1026 κυανέῃσιν
1460 980 1546 1013 Bar.
1578 979 1701 1014 Ceteri
1725 978 2205 1030 ἐσκυθρωπηκέναι-τοιοῦτο

1190 1032 1493 1071 -κυανέοισιν.-
1510 1036 1556 1071 28
1589 1035 1668 1077 Διὸς
1697 1035 1854 1084 μέτωπον
1882 1038 1998 1074 schol.
2029 1042 2138 1075 Hom.
2161 1039 2203 1074 Il.

1191 1093 1244 1137 Ο,
1273 1105 1338 1129 101
1367 1100 1405 1129 et
1426 1093 1563 1130 Suidas
1591 1107 1617 1131 s.
1649 1094 1864 1137 Τοξοποιεῖν.
1891 1097 2015 1133 Ceteri
2043 1095 2203 1145 μέτωπον

1191 1149 1283 1192 Διὸς.
1304 1151 1430 1202 ἓκταθῇ
1453 1152 1569 1188 schol.
1598 1155 1708 1189 Hom.
1737 1155 1884 1205 ἐκτανθῇ
1906 1159 1945 1190 L.
1965 1156 1998 1191 ἐν
2031 1158 2138 1206 ταύτῃ
2159 1157 2203 1192 Κ.

1192 1207 1291 1255 ἰάνθη
1309 1209 1455 1247 Suidas.

1251 1281 1311 1313 17,
1331 1269 1374 1304 31
1395 1267 1659 1320 ἐστράγγευσειν
1681 1272 1892 1320 Berglerus.
1911 1271 2136 1322 ἐστράγευσεν
2161 1275 2205 1309 R.

1192 1327 1315 1363 Ceteri
1343 1326 1580 1379 ἐστράτευσεν.
1608 1331 1691 1365 Bar.
1710 1329 1748 1365 in
1769 1330 1840 1365 fine
1868 1330 2025 1367 scholii:
2047 1331 2207 1378 σημαίνει

1194 1384 1229 1422 δὲ
1258 1389 1279 1432 ἡ
1310 1385 1399 1428 λέξις
1430 1386 1548 1424 καὶτὸ
1575 1386 1776 1424 ἐπικόπτειν
1799 1388 1856 1426 καὶ
1883 1391 2093 1441 στρατεύειν.
2123 1394 2206 1427 Put.

1194 1443 1360 1497 διέτριῧεν
1375 1475 1384 1491 ,
1410 1445 1660 1483 οἷνεὸάλετο.-
1676 1448 1721 1484 33
1752 1447 1810 1484 καὶ
1836 1447 2026 1499 χαριέντως
2046 1452 2090 1484 R.
2109 1449 2207 1485 Ede-

1193 1503 1308 1540 batur
1325 1503 1383 1540 καὶ
1402 1503 1552 1556 χάριτες.
1582 1506 1755 1543 Verbum
1775 1507 1822 1544 de
1849 1520 1919 1543 suo
1946 1507 2093 1544 addidit
2108 1508 2206 1544 Din-

1195 1562 1350 1599 dorfius.

1249 1634 1297 1657 20
1315 1624 1396 1657 Put.
1415 1622 1586 1671 οἷναγκαῖα
1601 1623 1658 1659 καὶ
1675 1623 1742 1675 πρὸ
1755 1624 1905 1661 πάντων.

1249 1680 1296 1715 25
1316 1682 1398 1716 Put.
1417 1680 1495 1730 περὶ
1515 1681 1642 1718 αἰδοίου
1657 1676 1695 1718 οἷ
1715 1682 2008 1732 καταλαμὲοίνεις.
2028 1709 2063 1715 -
2082 1690 2100 1728 4
2121 1679 2207 1722 εἶναι

1195 1750 1269 1773 om.
1290 1740 1328 1772 L.
1344 1739 1392 1773 K.
1407 1762 1447 1768 —
1462 1738 1482 1774 5
1500 1739 1613 1781 καθὼς
1630 1738 1671 1776 σὺ
1691 1743 1733 1777 R.
1753 1742 1835 1778 Bar.

1249 1808 1311 1842 27,
1346 1798 1368 1833 6
1391 1796 1587 1848 ηὑρημένον
1609 1799 1720 1834 etiam
1745 1799 1879 1835 Suidas
1899 1812 1927 1836 s.
1951 1799 2209 1852 Ἐρριπτασμέ-

1194 1869 1264 1890 νον.
1296 1858 1337 1892 L.
1365 1855 1560 1907 ἢρρημένον
1574 1886 1583 1902 ,
1614 1856 1717 1906 quod
1751 1857 1956 1908 ἐρριμμένον
1988 1871 2068 1895 esse
2097 1873 2209 1909 posse

1195 1913 1506 1951 animadvertunt
1542 1915 1766 1952 Gaisfordus
1798 1916 1844 1953 ad
1877 1916 2031 1953 Suidam
2061 1926 2098 1954 et
2125 1921 2207 1955 Do-

1196 1968 1327 2008 braeus.
1357 1971 1545 2023 εὑρημένον
1578 1976 1660 2010 Bar.
1682 1998 1722 2003 —
1749 1988 1768 2020 7
1806 1991 1820 2006 «
1841 1978 2055 2026 στρορᾶσθαι
2092 1976 2208 2026 (quod

1196 2033 1420 2082 στρωφᾶσθαι
1453 2032 1582 2081 potius
1620 2032 1893 2081 scribendum)
1920 2037 1962 2069 L.
1990 2051 2004 2065 n
2035 2035 2206 2082 Diadotf.

1195 2091 1380 2125 Kusterus
1400 2103 1447 2126 ex
1465 2090 1597 2126 eodem
1616 2091 1746 2127 codice
1762 2090 2008 2143 στρορεύεσθαι
2025 2101 2208 2130 enotave-

1195 2154 1265 2182 rat.
1278 2161 1354 2195 ——9
1373 2162 1497 2199 μεταφ.
1515 2153 1625 2184 ποιεῖν
1642 2152 1740 2195 Bar.,
1759 2150 1823 2198 qui
1839 2151 2034 2199 sequentia
2053 2152 2206 2188 omittit.

1197 2204 1332 2241 Suidas
1355 2206 1448 2247 ὅπως
1464 2202 1500 2242 a&
1523 2205 1618 2257 ἔλθῃ.
1643 2207 1894 2244 Scribendum
1912 2209 2066 2245 videtur
2092 2208 2155 2251 ἕως
2172 2204 2209 2246 εὖ

1165 1986 1172 2357 i
1196 2261 1341 2312 ἔλθῃ-
1359 2278 1404 2300 10
1420 2263 1520 2315 ἄχρις
1539 2263 1578 2301 ἂν
1597 2267 1718 2316 εὑρεθῇ
1736 2264 1774 2302 τὸ
1795 2266 1941 2303 Suidas.

1251 2322 1312 2368 33,
1338 2322 1381 2359 15
1401 2325 1485 2372 ἡμῖν
1508 2337 1545 2359 τε
1568 2322 1646 2365 τοὺς
1662 2324 1954 2373 Λακεδαιμονίους
1986 2326 2028 2362 R.
2056 2327 2210 2364 Excidit

1166 2369 1171 2413 l
1196 2372 1295 2417 εἶναι.

1250 2439 1310 2483 36,
1331 2451 1374 2474 21
1396 2452 1450 2488 sq.
1470 2438 1579 2491 ᾤκουν
1588 2440 1805 2492 -Ἒγχελεῑς
1819 2442 1946 2478 addita
1968 2456 2015 2479 ex
2034 2445 2079 2479 R.
2098 2445 2207 2481 Conf.

1195 2498 1337 2545 Unger.
1358 2498 1547 2534 Paradox.
1564 2499 1684 2537 Theb.
1703 2503 1732 2545 I,
1757 2513 1793 2549 p.
1810 2513 1857 2537 20
1874 2514 2006 2550 sqq.—
2021 2514 2067 2537 22
2083 2495 2130 2538 ὧν
2150 2502 2208 2539 καὶ

1194 2558 1236 2591 L.
1249 2580 1290 2586 --
1305 2561 1351 2599 24
1376 2555 1480 2592 addit
1506 2559 1592 2593 Bar.
1615 2556 1689 2594 ὅθεν
1708 2557 1765 2595 καὶ
1790 2560 1819 2595 οἱ
1838 2558 2017 2609 λεγόμενοι
2034 2559 2208 2610 ἐγχέλεις,

1194 2613 1272 2664 περὶ
1290 2606 1336 2649 ὧν
1353 2628 1455 2665 φησιν
1473 2613 1678 2658 (Ελλάνικος
1691 2616 1725 2652 ἐν
1745 2622 1814 2658 τοῖς
1833 2618 2045 2659 Βοιωτικοῖς.

1249 2673 1311 2718 43,
1331 2673 1379 2708 30
1394 2671 1633 2710 scribebatur
1649 2674 1843 2726 ψιμμυθίῳ.

1249 2730 1310 2773 45,
1335 2731 1380 2767 32
1410 2730 1606 2783 Κιμὸερίνα
1634 2735 1679 2769 R.
1703 2731 1922 2783 Κιμὸερῖναὲ)
1939 2734 2140 2785 Ταραντῖνα
2161 2739 2205 2772 Β.

1194 2788 1319 2825 Ceteri
1339 2789 1550 2840 Ταραντινά.
1566 2791 1668 2826 —33
1693 2804 1747 2840 sq.
1775 2792 1806 2827 οἱ
1831 2791 1951 2827 στατοὶ
1977 2793 2007 2827 οἱ
2040 2791 2132 2843 ὀρθοὶ
2154 2793 2204 2841 (οἱ

1193 2845 1311 2882 στατοὶ
1326 2859 1490 2895 superne
1506 2847 1742 2897 adscriptum
1758 2849 1797 2884 in
1814 2849 1871 2897 L.)
1885 2850 2028 2898 χιτῶνες
2041 2849 2206 2900 ὀρθοστά-

1193 2905 1258 2940 διοι
1274 2905 1462 2941 καλοῦνται
1482 2907 1524 2941 L.
1541 2908 1590 2940 K.
1605 2930 1645 2935 —
1660 2906 1709 2941 36
1726 2904 1841 2942 λαὸὼν
1860 2919 1934 2941 om.
1954 2909 2038 2942 Bar.

1248 2963 1308 3007 48,
1333 2963 1380 3010 39
1401 2961 1436 2999 δὲ
1467 2961 1596 3011 βοτάνη
1624 2966 1722 2999 R.—
1748 2968 1794 3006 42
1813 2965 1972 3013 φαίνεται
1993 2966 2078 3000 Bar.
2098 2987 2137 2993 —
2153 2970 2201 3009 44

1190 3019 1234 3057 τὰ
1251 3033 1324 3057 om.
1343 3024 1389 3057 R.

1245 3079 1308 3123 55,
1327 3083 1373 3123 47
1397 3078 1450 3113 sic
1468 3080 1513 3114 R.
1536 3078 1661 3114 Ceteri
1682 3078 1735 3115 Οὐ
1754 3076 1820 3129 γὰρ
1847 3077 1928 3129 (γὰρ
1957 3092 2032 3115 om.
2062 3081 2121 3130 L.)
2150 3081 2200 3130 μὰ

1191 3135 1258 3173 Δία
1274 3134 1361 3185 μετὰ
1387 3138 1438 3187 βρ.
1460 3138 1505 3174 R.
1529 3135 1750 3186 βραδύτητος.

1245 3194 1307 3241 56,
1330 3194 1373 3229 51
1394 3192 1544 3243 ἅκριὸῶς
1563 3207 1637 3231 om.
1658 3197 1699 3230 L.
1717 3196 1764 3230 K.
1782 3192 1803 3238 ἢ
1823 3198 1906 3231 Bar.
1926 3208 1996 3244 pro
2011 3191 2092 3233 οἷον.

1246 3253 1308 3297 58,
1331 3252 1378 3289 53
1398 3252 1546 3302 διῃρεῖτο
1562 3251 1649 3288 libri
1668 3260 1802 3301 praeter
1816 3256 1873 3291 R..
1893 3255 1958 3303 qui
1975 3255 2041 3306 γὰρ
2059 3269 2198 3293 om.—

1196 3307 1211 3347 1
1236 3309 1270 3347 δὲ
1285 3324 1329 3347 ex
1346 3313 1389 3347 R.
1407 3310 1574 3347 accessit.
1587 3334 1628 3340 —
1643 3311 1662 3346 3
1678 3312 1727 3361 τῷ
1743 3310 1841 3347 ἄστει
1864 3314 1946 3348 Bar.
1963 3312 2043 3364 περὶ
2055 3312 2097 3350 τὸ.
2113 3313 2202 3353 ἄστυ

2037 3390 2076 3421 32
