2533 3808
323 235 398 268 524

321 327 394 349 om.
414 315 458 349 V.
483 312 527 349 Θ.
558 311 697 359 Regius
719 324 728 345 :
749 307 833 345 Δέον
861 308 967 344 εἰπεῖν
999 304 1156 343 Καλλίαν
1183 304 1240 341 τὸν
1270 308 1330 341 τοῦ

320 368 538 415 Ἱππονίκου,
566 367 762 404 διαὸάλλων
792 364 893 402 αὐτὸν
919 366 964 405 ὡς
990 363 1080 401 πάνυ
1101 363 1226 413 πόρνον
1242 392 1252 409 ,
1273 362 1330 399 τὸν

318 425 516 464 Ἱπποὸίνου
537 440 639 476 φησιν
651 453 660 470 ,
682 423 758 468 ἤτοι
776 427 834 460 τοῦ
852 422 1009 472 μεγάλως
1026 420 1248 473 πορνεύοντος
1265 436 1271 443 ·
1293 420 1331 457 τὸ

317 483 381 535 γὰρ
398 483 500 523 ἵππος
520 483 697 532 πολλαχοῦ
717 481 772 519 ἐπὶ
794 480 955 530 μεγέθους
988 478 1255 529 ἐκλαμὸάνεται.
1281 501 1331 506 —

318 541 339 586 ἢ
360 541 398 578 τὸ
415 540 596 578 ἱπποὸίνου
619 539 695 577 ἀντὶ
710 544 770 577 τοῦ
790 538 865 582 τοὺς
884 538 1009 581 ἵππους
1030 538 1112 588 (sic)
1142 537 1329 574 συνουσιά-

315 601 428 642 ζοντος
441 629 450 646 ,
470 598 546 644 ἤτοι
566 597 793 644 κτηνοὸοίτου.

369 659 462 705 439,
487 658 534 694 36
556 660 697 693 τοιαῦτα
715 661 766 709 Μ.
787 656 982 693 λαλούντων
998 657 1043 694 Θ.
1061 677 1112 683 ——
1130 656 1174 701 37
1199 656 1330 714 Κοριν-

313 714 395 756 θίοις
414 718 468 751 M.
488 737 542 746 —
562 715 609 751 38
630 727 684 764 sq.
702 713 879 756 καὶ-ἕως
910 716 941 751 οἱ
963 718 1007 751 Β.
1041 711 1185 763 ἐπέμενέ
1212 728 1250 749 τε
1273 716 1328 750 οὐν

313 772 396 809 αὐτὸ
414 771 546 822 λέγων,
565 775 595 810 οἱ
621 773 657 810 δε
674 774 799 810 ceteii.
819 796 870 801 —
889 775 937 821 39
953 770 1150 823 σιχαθέντες
1164 772 1209 809 Θ.
1237 772 1330 808 εἷσα-

311 829 450 881 χθέντες
468 834 520 868 Μ.
536 829 781 882 συγχανθέντες
801 834 847 868 G.
869 830 1115 881 συγχανθέντες
1135 828 1193 866 καὶ
1211 831 1255 871 εἰς
1269 831 1330 880 ὁρ-

311 887 376 937 γὴν
407 887 594 941 τραπέντες
624 889 709 926 Ald.
738 912 790 916 ——
812 895 860 932 40
891 888 1055 941 Κόρινθον
1090 888 1248 925 τουτέστι
1272 887 1328 925 τὸν

311 946 447 997 κήρυκα
463 947 551 984 Ald.
567 970 617 976 —
637 954 681 991 41
712 947 817 984 ταυτὸ
844 950 888 985 Β.
904 951 1014 984 ταῦτα
1038 948 1085 985 Θ.
1106 950 1158 984 Μ.
1181 945 1225 982 τὰ
1244 944 1330 983 αὐτὰ

311 1004 399 1041 Ald.
422 1003 465 1041 τὰ
486 1003 574 1041 αὐτὰ
598 1005 768 1055 λεγόντων
803 1004 1024 1057 πραττόντων
1044 1008 1090 1041 V.
1112 1027 1163 1032 —
1183 1010 1228 1047 42
1250 1003 1330 1045 Διὸς

310 1068 392 1104 παῖς
419 1066 463 1099 R.
493 1065 574 1113 βασ.
602 1063 793 1115 Κορινθίων
821 1067 927 1100 V.—
953 1065 998 1107 43
1032 1071 1118 1113 post
1139 1061 1330 1114 Κορινθίοις

310 1121 414 1157 addit
449 1125 554 1159 Junt.
587 1122 770 1173 Μεγαρέας
796 1121 878 1174 φασὶ
912 1122 1102 1173 Κορινθίων
1143 1120 1304 1162 ἀποίκους
1319 1150 1329 1167 ,

310 1179 424 1216 πολλὰ
454 1185 523 1221 τοῖς
553 1180 746 1232 Κορινθίοις
776 1180 851 1217 κατ’
872 1180 972 1231 ἰσχὺν
991 1182 1052 1225 τῆς
1077 1180 1209 1221 πόλεως
1229 1178 1328 1215 ὑπεί-

309 1251 381 1274 κειν
395 1252 403 1260 ·
424 1236 513 1274 ἄλλα
530 1253 567 1274 τε
586 1237 652 1289 γὰρ
671 1239 812 1275 πλείονα
832 1237 909 1280 τοὺς
932 1238 1131 1289 Κορινθίους
1149 1236 1327 1289 προστάσ-

311 1308 403 1339 σειν,
420 1294 478 1331 καὶ
495 1297 562 1332 τῶν
585 1296 793 1345 Βακχιαδῶν
814 1295 846 1332 εἴ
862 1312 913 1338 τις
941 1295 1151 1343 τελευτήσει,
1171 1295 1327 1347 (διῴκουν

311 1351 346 1388 δὲ
365 1352 460 1390 αὐτοὶ
488 1352 550 1398 τὴν
582 1353 712 1403 πόλιν,)
741 1353 807 1391 ἔδει
828 1349 884 1392 οὖν
914 1353 1103 1407 Μεγαρέων
1126 1355 1250 1405 ἄνδρας
1269 1354 1327 1391 καὶ

309 1416 472 1459 γυναῖκας
492 1410 651 1454 ἐλθόντας
672 1413 718 1455 εἷς
746 1412 910 1464 Κόρινθον
944 1411 1163 1462 συγκηὲεύειν
1194 1411 1250 1448 τὸν
1274 1427 1329 1448 νε-

309 1467 390 1520 κρὸν
409 1470 476 1505 τῶν
505 1470 727 1519 Βακχιαδῶν.
751 1473 796 1514 ὡς
817 1469 852 1507 δὲ
876 1469 1005 1521 ὔὸρεως
1032 1469 1127 1507 οὐδὲν
1158 1469 1326 1507 ἀπέλιπον

309 1528 339 1563 οἱ
358 1526 556 1578 Κορίνθιοι,
572 1527 614 1564 τὰ
636 1528 669 1565 δὲ
691 1531 757 1565 τῶν
780 1528 968 1581 Μεγαρέων
986 1528 1136 1581 ἔρρωτο,
1165 1528 1224 1565 καὶ
1244 1529 1328 1581 πρὸς

308 1585 423 1621 ἐλπίσι
451 1589 511 1622 τοῦ
540 1585 647 1634 μηδὲν
681 1590 800 1624 παθεῖν
832 1586 1050 1629 ἀποστάντας
1070 1586 1216 1635 αὐτοὺς,
1250 1587 1327 1624 ἀλλ’

308 1645 470 1695 ἀφεῖναι·
489 1643 667 1693 πέμπουσι
691 1644 731 1690 δὴ
749 1645 912 1697 πρέσὸεις
932 1648 961 1682 οἱ
990 1645 1186 1697 Κορίνθιοι,
1212 1661 1323 1691 κατη-

307 1701 518 1753 γορησοντας
544 1702 734 1755 Μεγαρέων
751 1719 760 1727 ·
792 1704 824 1741 οἳ
849 1703 1093 1756 προσελθόντες
1111 1706 1156 1745 εἰς
1180 1702 1242 1749 τὴν
1265 1705 1326 1740 ἐκ-

307 1760 351 1795 κλ
344 1759 484 1807 ησίαν,
510 1759 600 1797 αλὶα
631 1776 669 1797 τε
694 1761 845 1798 πολλὰ
828 1776 893 1798 οιε
881 1761 1020 1808 ζῆὶθο),
1050 1761 1108 1798 καὶ
1129 1761 1249 1807 τέλος,
1275 1762 1327 1798 δι-

308 1817 416 1859 καίως
437 1818 591 1862 στενάξοι
612 1822 629 1856 ὃ
649 1819 727 1861 Διὸς
757 1819 921 1870 Κόρινθος
937 1849 946 1866 ,
978 1820 1006 1855 εἰ
1038 1835 1085 1868 μη
1105 1818 1246 1856 λαῧοι
1228 1819 1324 1865 οίκην

307 1875 389 1927 παρ’
406 1876 528 1912 αὐτῶν.
545 1878 596 1928 ἐφ’
616 1881 664 1919 οἷς
684 1878 970 1929 παροργισθέντες
999 1879 1029 1914 οἱ
1050 1879 1232 1930 Μεγαρεῖς,
1250 1893 1327 1919 τους

308 1932 469 1985 πρέσὸεις
486 1934 588 1975 ὶίθοις
608 1934 760 1982 ἔὲαὶον,
780 1936 838 1972 καὶ
861 1951 950 1972 κατα
969 1950 1090 1987 ιιικρον
1113 1936 1325 1981 ἐπιοοησάν-

308 2006 376 2028 των
394 1993 494 2028 τινῶν
522 1997 591 2034 τοῖς
615 1965 825 2044 Κορινθίοις,
845 1994 902 2030 καὶ
923 1993 1039 2044 μάχης
1061 1993 1248 2044 γενομένης
1271 2011 1326 2031 νι-

308 2048 498 2096 κήσαντες,
532 2053 621 2103 φυγῇ
643 2054 710 2088 τῶν
733 2052 922 2103 Κορινθίων
959 2051 1203 2104 ἀποφυγόντων
1237 2054 1323 2104 ἐρα-

307 2108 490 2157 πτόμενοι,
517 2111 704 2153 κτείνοντες
723 2112 796 2161 ἅμα
822 2111 937 2149 παίειν
964 2112 1020 2149 τὸν
1053 2112 1132 2154 Διὸς
1158 2111 1324 2164 Κόρινθον

307 2165 476 2204 ἐκέλευον.
509 2167 584 2207 ὅθεν
609 2169 712 2221 φησὶν
741 2173 758 2207 ὁ
791 2170 921 2220 Δήμων
947 2171 996 2208 ἔτι
1015 2170 1073 2207 καὶ
1093 2175 1149 2208 νῦν
1179 2171 1235 2208 ἐπὶ
1257 2173 1323 2208 τῶν

307 2224 393 2274 ἄγαν
425 2226 686 2276 σεμνυνομένων
715 2228 771 2265 καὶ
796 2229 912 2272 δεινῶς
942 2228 1234 2266 ἀπαλλαττόντων
1261 2228 1323 2275 τὴν

305 2282 494 2334 παροιμίαν
506 2284 684 2335 τετάχθαι.
700 2292 847 2332 Quaeex
860 2287 1059 2324 scholiasta
1071 2287 1223 2324 Pindari
1239 2297 1324 2324 sunt

306 2341 407 2378 illata
424 2345 528 2378 Nem.
548 2357 582 2389 7,
603 2344 685 2380 155.
715 2347 834 2381 Dim).
850 2368 899 2373 -—
923 2351 968 2389 44
990 2344 1085 2396 παρὰ
1108 2345 1165 2382 τὀν
1194 2350 1238 2382 G.
1260 2345 1322 2392 τὴν

306 2397 402 2450 παρὰ
435 2403 494 2436 τοῦ
522 2403 700 2446 V.—48
729 2409 855 2451 τιμᾶτε
884 2407 928 2441 G.
959 2409 1105 2453 τιμᾶται
1142 2407 1184 2440 V.
1202 2427 1254 2432 ——-
1275 2410 1323 2452 49

309 2456 478 2506 βασιλέως
498 2458 611 2495 habet
632 2463 696 2505 G.‚
716 2474 790 2498 om.
806 2465 854 2498 V.

362 2519 459 2560 440,
497 2529 540 2550 12
572 2515 656 2567 πρὸς
687 2518 789 2554 αὐτὸν
811 2522 854 2554 Β.
877 2542 926 2546 -—
951 2520 1069 2556 13-35
1101 2533 1176 2556 om.
1201 2522 1246 2558 Θ.
1269 2525 1323 2558 Μ.

310 2572 436 2608 36-38
458 2585 533 2610 om.
556 2576 610 2609 M.
632 2576 738 2611 Conf.
761 2577 881 2612 schol.
903 2590 939 2613 v.
959 2578 1154 2623 354.—37
1182 2578 1322 2629 διαιρεῖν

308 2630 355 2667 Θ.
375 2655 427 2661 --
446 2631 493 2666 38
509 2631 795 2682 οἰκοδομούμενος
818 2638 861 2669 V.

361 2687 436 2736 459
455 2701 529 2725 orn.
561 2693 610 2726 M.
628 2715 668 2721 —
693 2691 735 2726 51
766 2695 825 2728 τοῦ
851 2691 954 2732 ἰδίους
977 2691 1133 2728 τουτέστι
1167 2694 1247 2729 πολ.
1278 2698 1321 2728 V.

306 2748 367 2782 τοῦ
386 2745 463 2788 τοὺς
482 2747 638 2784 τουτέστι
655 2750 733 2786 πολ.
750 2751 810 2795 Θ.,
828 2751 893 2799 qui
910 2750 956 2785 52
978 2753 1078 2786 τοῦτο
1096 2764 1169 2786 0111.
1189 2751 1322 2802 εἴρηται

306 2802 396 2841 κατὰ
413 2807 624 2858 παραγωγήν
644 2808 724 2844 Α1(1.
754 2807 789 2845 δὲ
808 2822 881 2845 0111.
901 2810 963 2857 V.,
988 2811 1092 2858 prius
1113 2809 1172 2846 καὶ
1188 2823 1260 2845 0111.
1280 2815 1319 2846 R.

307 2866 367 2910 V.,
384 2864 543 2901 alterum
559 2868 576 2902 ὁ
592 2879 664 2901 0111.
681 2870 724 2903 Β.
746 2870 791 2902 V.
812 2868 932 2911 Θ.-4
954 2865 975 2912 ἢ
997 2867 1209 2917 συμπολίτας
1228 2872 1319 2918 Reg.

360 2922 435 2963 460
460 2936 534 2960 om.
554 2925 666 2960 etiam
684 2925 729 2962 Θ.
752 2928 801 2961 Μ.

360 2981 434 3022 465
453 2981 486 3017 τί
506 2979 676 3032 δὲ-λέγει
695 2986 738 3019 V.

361 3039 448 3085 467,
463 3053 508 3075 2ο
523 3038 565 3076 τὰ
576 3042 644 3077 τῶν
655 3042 815 3086 Θησεῖων
831 3041 914 3091 [sic]
927 3046 970 3079 V.
986 3041 1180 3093 Εὐριπίδην
1199 3045 1240 3078 V.
1252 3044 1319 3079 Se-

307 3098 461 3144 quentia
480 3100 707 3148 corrigenda
726 3110 812 3137 sunt
830 3115 876 3138 cx
892 3102 1036 3138 scholio
1058 3115 1091 3137 v.
1112 3102 1198 3147 475.
1217 3127 1256 3132 -
1272 3103 1318 3138 23

308 3153 420 3190 πολλὰ
435 3156 469 3191 ἐν
491 3158 621 3195 codex.

363 3213 437 3281 469
458 3214 705 3262 511τΒ.,ούτ(1ς
725 3216 873 3255 Ἀττικοὶ
893 3233 932 3255 το
952 3216 1015 3268 ἔχῃ
1036 3216 1104 3253 ἀπὸ
1119 3220 1176 3253 τοῦ
1193 3216 1319 3267 ἔχομαι

309 3269 463 3322 δευτέρου
482 3272 681 3322 προσώπου.
708 3274 832 3319 ἅλ.λως
860 3276 936 3313 ἀντὶ
953 3279 1013 3313 τοῦ
1029 3275 1134 3325 μέσον
1158 3275 1318 3326 ἐλήφθης,

309 3327 347 3364 ἐκ
365 3343 404 3377 μ.
428 3345 458 3366 τ.
477 3331 552 3369 ἀθλ.
572 3335 616 3368 Β.

362 3392 448 3434 470,
469 3390 511 3424 31
535 3403 679 3439 51].0111.
701 3394 810 3428 ceiam
834 3395 877 3428 Θ.

1096 220 1397 258 ADNOTATIO
1426 221 1479 259 IN
1509 222 1677 261 SCHOL

1446 309 1534 353 473,
1557 309 1604 356 39
1625 311 1774 360 συγχεῶ.
1797 311 2044 351 Scribebatur
2063 312 2212 366 συγχέω.
2230 314 2405 355 Coriexit

1391 365 1572 403 Matthiae.
1591 370 1813 405 Futurum’
1798 373 1909 421 εκχεῶ
1929 381 2115 410 memorat
2131 373 2404 411 Choeroboscus

1392 421 1429 457 111
1445 425 1760 463 BekkeriAnecd.
1779 442 1815 478 p.
1837 442 1945 476 1290.
1964 434 2085 468 ΒῙΝΒ.
2103 431 2257 481 κόμαιςὸ
2273 430 2335 482 μὲν
2352 434 2401 471 Θ.

1390 502 1430 507 -
1445 487 1492 524 40
1509 483 1599 533 ῥανω
1611 498 1647 520 τε
1658 483 1775 522 πεδόσ’
1790 488 1968 524 Matthiae.
1983 489 2083 540 ῥαναί
2100 490 2164 527 τεδ
2166 490 2232 529 Θ.
2244 490 2331 528 Ald.
2341 489 2405 542 ῥοί-

1390 552 1470 576 νατε
1491 540 1522 577 δ’
1542 544 1588 576 V.
1606 567 1646 572 —
1661 548 1705 585 41
1727 545 1994 596 αἱματοσταγεῖν
2012 551 2055 584 V.
2071 549 2116 585 Θ.
2132 547 2270 586 ὕσονται
2286 549 2405 585 Bent—

1391 597 1495 635 leius
1516 599 1768 649 Legebatur‘
1755 617 1789 653 ρε
1776 601 1945 640 -ύσονται.
1966 606 2008 642 111
2036 606 2219 643 addendis
2238 605 2405 643 Dindor-

1389 655 1458 691 fius
1475 671 1483 691 :
1503 657 1772 695 «Probabilior
1803 673 1904 696 nunc
1935 662 2027 698 mihi
2053 663 2203 701 videtur
2233 664 2405 701 Barnesii

1390 716 1574 752 correctio
1593 718 1798 766 αἱαοσταγεῖ
1820 721 2000 770 πρηστῆρε
2018 718 2195 771 ῥεύσονται
2211 721 2351 759 κάτω.»

1443 778 1532 819 474,
1557 780 1603 818 42
1624 774 1803 825 πλεύμονα
1822 774 2000 826 πνεύμονα
2020 780 2066 814 Β.
2087 781 2214 828 Βθςω
2237 776 2406 834 Πλευμό-

1388 845 1454 867 νων
1475 832 1550 869 ἀντι
1565 847 1624 870 του
1647 834 1876 883 πνευμόνων·
1895 836 1925 871 οι
1942 834 2004 884 μὲν
2024 834 2090 889 γαρ
2107 839 2251 888 Δωριεῖς
2268 836 2308 874 τὸ
2320 838 2343 873 λ
2359 837 2406 878 εἷς

1389 889 1606 941 ντρέπουσι,
1627 890 1665 929 τὸ
1688 889 1792 939 ἦλθον
1821 895 1923 938 ἠνθον
1942 872 2122 943 ιὶέγοντες·
2146 896 2177 931 οἱ
2198 894 2234 931 δὲ
2255 894 2405 932 Ἀττικοὶ

1388 946 1427 983 τὸ
1443 948 1604 986 ἐναντίον.

1444 1001 1532 1047 475,
1553 1007 1599 1045 44
1619 1015 1673 1052 sq.
1689 1002 2066 1055 Μύραινα-μύρεσθαι
2087 1018 2162 1042 0111.
2176 1008 2222 1042 R.
2237 1030 2278 1036 -
2293 1005 2343 1042 45
2356 1006 2406 1057 τῷ

1389 1067 1426 1095 et
1444 1061 1491 1103 46
1511 1060 1681 1112 μύραιναν
1700 1076 1774 1098 0111.
1793 1066 1835 1099 V.
1856 1063 1935 1099 Ald.
1953 1070 2066 1110 -47.
2084 1063 2286 1116 Ταρτησίας
2298 1065 2407 1114 γαλῆς

1390 1119 1619 1156 mentionem
1646 1121 1735 1157 facit
1750 1121 1924 1158 AElianus
1941 1125 2026 1158 Var.
2057 1123 2154 1159 Hist.
2174 1123 2240 1160 lib.
2269 1122 2309 1158 14
2323 1153 2332 1168 ,
2357 1128 2378 1166 4
2394 1151 2406 1172 ,

1388 1175 1454 1212 ubi
1469 1177 1553 1213 vide
1567 1178 1820 1215 Perizonium.
1840 1182 1898 1216 De
1911 1179 2008 1216 urbe
2022 1180 2104 1217 vide
2120 1184 2219 1218 Sam.
2241 1181 2407 1217 Bochar-

1391 1242 1466 1270 tum
1486 1238 1544 1271 De
1563 1237 1686 1272 colon.
1705 1237 1872 1273 Phoenic.
1891 1237 1956 1274 lib.
1985 1251 1996 1273 1
2017 1267 2027 1284 ,
2046 1251 2126 1288 cap.
2150 1240 2209 1282 34.
2231 1242 2350 1275 Kos-r.
2366 1262 2407 1268 —-

1390 1291 1438 1327 48
1457 1293 1663 1344 Ταρτησσὸς
1681 1298 1726 1331 Β.
1742 1303 1779 1331 et
1804 1295 1940 1332 Suidas
1958 1309 1986 1332 s.
2004 1296 2041 1332 h.
2063 1310 2096 1331 v.
2121 1300 2213 1346 Reg.
2235 1298 2382 1348 εΤαρτη
2396 1319 2407 1322 -

1389 1348 1446 1391 σὸς
1465 1349 1564 1393 πόλις
1595 1351 1746 1405 ’16ηρίας
1773 1353 1852 1405 περί
1879 1368 1946 1390 που
1969 1353 2012 1390 τὰ
2033 1353 2207 1407 Γάδειρα·
2239 1353 2338 1391 ἄλλοι
2369 1353 2406 1390 δέ

1388 1423 1472 1460 φασι
1492 1409 1569 1461 περὶ
1583 1409 1644 1456 τὴν
1665 1410 1805 1463 Ἄορνον
1821 1410 1963 1461 λίμνην.
1983 1411 2075 1482 λέγει
2095 1411 2130 1448 δὲ
2151 1415 2262 1449 ταῦτα
2276 1412 2405 1459 πάντα,

1386 1466 1429 1503 ιν’
1449 1467 1602 1518 ἐκπληξῃ
1621 1484 1738 1506 τουτον
1757 1467 1813 1505 διὰ
1831 1469 1900 1520 (τὸ)
1916 1473 1976 1507 τοῦ
1994 1469 2100 1507 τόπου
2114 1469 2289 1516 ἆσύνη.θες
2308 1470 2406 1507 ἄλλοι

1410 1527 1492 1563 ὲέ-λ
1480 1541 1611 1575 -γουσιν
1640 1529 1685 1569 ὡς
1709 1542 1745 1564 ου
1772 1526 1874 1576 μόνον
1906 1526 2002 1577 ἰχθύς
2024 1529 2098 1565 ἐστι
2122 1527 2294 1580 μύραινα,
2315 1527 2405 1566 ἀλλὰ

1387 1583 1444 1620 καὶ
1464 1585 1579 1635 θηρίον
1598 1588 1638 1630 ἣν
1656 1601 1689 1621 τι
1707 1563 1784 1637 περ1
1813 1584 1871 1622 τὸν
1892 1585 2071 1638 εἰρημένον
2096 1585 2205 1624 τόπον
2225 1602 2314 1623 ουτω
2339 1601 2407 1623 κα-

1386 1641 1575 1692 λούμενον,
1594 1643 1747 1696 χαλεπον
1780 1649 1845 1686 τοῖς
1871 1645 2120 1696 ε’ντυγγάνουσι
2148 1645 2206 1683 καὶ
2235 1645 2407 1691 δυσάντη-

1386 1716 1456 1738 τον.
1475 1728 1516 1734 -
1532 1703 1576 1739 51
1615 1703 1670 1739 ἐπὶ
1687 1702 1835 1748 πλησίον
1866 1712 2083 1753 suspectum
2104 1712 2170 1741 est.
2187 1708 2307 1741 Dum.
2327 1705 2406 1740 ἔπι-

1386 1760 1549 1797 ’τλυνσιον
1570 1765 1615 1797 V.
1631 1786 1673 1792 -
1688 1762 1734 1798 52
1755 1762 1946 1813 Εὐριπίδου
1961 1792 1971 1810 ,
1991 1762 2039 1799 53
2058 1756 2107 1805 οἷς
2124 1763 2271 1817 ἐνταῦθα
2290 1761 2405 1806 παίζει

1387 1818 1431 1855 Θ.
1451 1819 1557 1857 Conf.
1578 1820 1696 1856 schol.
1714 1833 1751 1855 v.
1779 1820 1865 1866 467.

1441 1883 1512 1923 47-
1499 1907 1508 1923 s
1527 1905 1536 1922 ‚
1562 1892 1575 1913 1
1608 1879 1653 1915 Or.
1683 1877 1865 1927 Τιθράσιοι
1895 1877 1964 1915 ἀπὸ
1996 1881 2042 1915 Β.
2057 1902 2100 1910 -
2117 1891 2138 1914 2
2163 1879 2226 1915 οὐκ
2253 1880 2300 1923 ἠκ
2319 1878 2404 1928 [sic]

1743 1935 1819 1973 :G.
1839 1961 1879 1967 —
1900 1938 1920 1973 5
1941 1950 1995 1986 sq.
2016 1935 2241 1988 Τιθρασος-
2257 1939 2298 1974 Λ.
2318 1939 2352 1974 ἐν
2375 1940 2404 1973 ὦ

1386 1995 1419 2029 αἱ
1439 1994 1477 2030 Γ.
1496 2009 1712 2031 κατοικουσιν
1734 1996 1777 2035 εἷς
1802 1994 1840 2031 τὸ
1857 1996 1968 2031 ἐκεῖσε
1987 1993 2103 2031 πεδίον
2123 1997 2216 2044 Reg

1441 2058 1528 2100 479,
1556 2067 1602 2100 9-
1614 2067 1655 2098 17
1680 2054 1732 2089 sic
1747 2056 1806 2099 R„
1823 2051 1875 2088 ὅτι
1888 2051 1973 2104 πρὸς
1989 2051 2117 2095 τὸ--εἷς
2132 2055 2245 2090 τοῦτο.
2268 2050 2347 2089 ἰδὼν
2367 2051 2403 2089 δὲ

1384 2109 1651 2147 -πλουτοδότα,
1686 2111 1790 2147 Idem
1821 2118 2002 2160 praeterea
2028 2109 2144 2146 habet
2171 2110 2331 2159 glossam
2363 2109 2404 2147 τὸ

1387 1949 1421 1971 οε
1442 1938 1483 1971 V.
1505 1937 1569 1986 οὐχ
1586 1935 1754 1978 &wenigg-

1384 2167 1483 2203 καλει
1499 2166 1572 2204 θεὸν
1590 2169 1635 2209 ὡς
1655 2167 1739 2218 πρὸς
1757 2168 1819 2212 τὴν
1844 2167 1962 2204 θυσίαν
1979 2182 1987 2190 ·
2009 2176 2045 2204 et
2059 2197 2070 2217 ,
2091 2167 2130 2204 τὸ
2147 2166 2246 2204 κάλει
2266 2168 2339 2204 θεον
2358 2169 2404 2209 ὡς

1384 2224 1468 2276 πρὸς
1487 2224 1646 2275 βοήθειαν
1667 2226 1772 2275 λέγει.
1793 2251 1833 2258 -
1853 2240 1897 2262 10
1926 2219 2023 2267 οἶτος
2050 2238 2124 2262 0111.
2141 2228 2186 2261 V.
2204 2249 2241 2256 -
2261 2239 2274 2260 1
2287 2238 2302 2261 1
2332 2238 2402 2275 pro

1384 2284 1488 2324 οὕτως
1509 2287 1553 2320 Β.
1569 2284 1701 2333 ἄλλως,
1723 2293 1760 2321 et
1778 2284 1885 2326 οὕτως
1903 2284 2006 2321 addit
2027 2291 2114 2333 post
2131 2281 2401 2320 ἀποδεδώκασιν.

1383 2367 1424 2373 -
1448 2344 1490 2377 16
1509 2351 1594 2379 ante
1613 2342 1798 2394 ἐκκέχυται
1814 2347 1859 2380 Β.
1883 2342 1996 2380 habet
2012 2342 2280 2392 compendium
2298 2341 2402 2390 quod

1384 2401 1442 2436 vel
1467 2400 1682 2451 ἐπιλέγουσιν
1708 2402 1768 2438 vel
1796 2399 1949 2449 ἐπιλέγει
1975 2399 2032 2436 vel
2060 2398 2257 2449 ἐπιλέγεται
2283 2407 2400 2436 notat.

1384 2475 1429 2502 ως
1451 2459 1636 2510 ἐκκέχυται
1653 2458 1792 2510 λέγεται
1815 2458 1923 2510 (λέγει
1941 2459 2000 2509 V.)
2022 2459 2149 2496 ceteri.
2166 2482 2206 2488 —
2226 2472 2268 2504 17
2287 2461 2400 2494 τοῦτο.

1383 2519 1563 2568 εγκεχοδα.
1592 2519 1763 2571 παροιμία
1790 2517 1866 2554 ἀντὶ
1896 2516 1978 2566 (ἀπὸ
2000 2518 2065 2566 G.)
2096 2519 2157 2552 τοῦ
2176 2515 2280 2566 χέζω.
2303 2514 2400 2552 κάλει

1384 2575 1456 2612 θεὸν
1478 2577 1561 2627 πρὸς
1580 2579 1612 2626 β.
1630 2581 1675 2613 V.
1692 2580 1804 2613 τοῦτο.
1838 2575 1942 2626 ἔχεσα
1960 2574 2026 2611 ὑπὸ
2047 2577 2108 2611 τοῦ
2131 2573 2237 2613 δέους.
2262 2572 2335 2609 ἔστι
2365 2571 2400 2609 δὲ

1385 2632 1486 2675 μέσος
1516 2634 1778 2685 παρακείμενος.
1809 2633 1876 2670 ἀπὸ
1891 2637 1951 2670 τοῦ
1977 2631 2068 2682 χέζω
2091 2630 2186 2681 χέσω
2207 2631 2334 2681 κέχοδα
2355 2632 2400 2673 ὡς
2441 2681 2450 2685 q

1382 2691 1450 2727 ἀπὸ
1475 2695 1534 2728 τοῦ
1549 2691 1670 2744 φράσω
1688 2691 1860 2743 πέφραδα.
1880 2694 1980 2740 3Haec
2001 2689 2120 2726 etiam
2132 2690 2171 2726 111
2198 2688 2306 2739 Reg.)
2316 2688 2398 2741 πρὸς

1385 2751 1417 2798 β.
1444 2750 1489 2786 Θ.
1510 2775 1550 2780 -
1569 2755 1677 2792 20-24
1698 2763 1772 2785 0111.
1791 2750 1903 2785 ctiam
1922 2750 1966 2786 Θ.

1438 2814 1524 2859 481,
1550 2815 1595 2849 25
1621 2813 1800 2865 φροντίζω,
1820 2813 1940 2863 ὠχριῶ
1959 2815 2003 2848 V.
2029 2812 2074 2849 Θ.
2096 2810 2284 2863 φροντίδων
2311 2809 2398 2847 libri

1382 2877 1519 2918 praetcr
1536 2874 1578 2907 R.
1596 2895 1636 2902 -
1653 2872 1700 2907 26
1716 2884 1770 2919 sq.
1789 2872 2005 2918 ὡρακιᾶσθαι
2023 2868 2058 2906 δὲ
2078 2868 2397 2920 λέγουσι-ὠχριᾶ-

1381 2930 1460 2964 σθαι
1482 2929 1541 2973 Θ.,
1558 2930 1621 2978 qui
1645 2928 1896 2971 ἀπὸ-αἷκίζειν
1917 2941 1991 2964 0111.
2003 2953 2044 2959 -
2060 2930 2107 2965 28
2125 2926 2236 2979 τούτῷ
2256 2925 2293 2963 δὲ
2309 2927 2398 2965 Θ.-

1384 2999 1430 3033 29
1449 2986 1500 3021 Ολ.
1518 2985 1584 3038 γὰρ
1604 2987 1747 3037 καρδίας
1766 2990 1868 3023 τοῦτο
1888 2986 2020 3035 γίνεται
2037 2989 2080 3021 V.
2099 2989 2236 3023 Parum
2254 2983 2398 3036 proba-

1382 3043 1456 3080 bile
1475 3045 1565 3080 1111111
1590 3046 1740 3081 videtur
1767 3045 1968 3094 Sophoclis
1988 3045 2096 3081 illum
2120 3057 2272 3081 versum
2296 3055 2395 3090 esse,

1380 3115 1493 3150 quom
1516 3104 1728 3139 Brunckius
1754 3104 1894 3139 inserta
1910 3111 1996 3153 post
2025 3102 2064 3140 τὸ
2088 3102 2276 3153 particula
2293 3098 2329 3138 δὲ
2348 3101 2395 3138 ab

1380 3160 1484 3196 hiatu
1505 3160 1698 3197 liberabat.
1716 3161 1875 3198 Accedit
1892 3162 1938 3198 ad
1958 3161 2032 3198 hoc
2050 3163 2182 3212 inepta
2200 3160 2263 3198 illa
2279 3167 2317 3196 et
2330 3160 2393 3196 ni-

1380 3219 1449 3255 mis
1466 3231 1750 3269 supervacanea
1776 3220 1972 3256 annotatio
1997 3222 2100 3256 τοῦτο
2120 3218 2157 3256 δὲ
2176 3219 2317 3259 πολλοῖς
2339 3216 2393 3266 γί-

1378 3291 1482 3313 νεται
1502 3277 1696 3324 Quamobi
1698 3291 1755 3314 em
1770 3291 1792 3314 1
1797 3277 1929 3327 estigia
1944 3277 2085 3314 codicis
2098 3277 2231 3314 Veneti
2244 3283 2393 3313 secutus

1379 3336 1430 3372 sic
1448 3337 1528 3372 haec
1545 3336 1771 3385 conigcnda
1788 3349 1869 3372 esse
1886 3343 1998 3385 puto,
2014 3334 2210 3386 ὣρακιασαι
2235 3333 2270 3372 δὲ
2290 3333 2389 3393 λέγε-

1379 3409 1434 3431 ται
1455 3409 1492 3430 το
1506 3409 1570 3430 orto
1585 3393 1724 3445 φόὸο)
1707 3410 1734 3431 1)
1737 3409 1770 3446 7
1765 3409 1892 3430 οιασαι
1912 3396 2011 3430 τοῦτο
2031 3391 2067 3429 δὲ
2097 3392 2276 3443 Σοφοκλῆς
2297 3394 2389 3428 εἶπεν
