2533 3808
251 211 2325 279 φῶτε-ᾗεὓεὲεῇεειῇᾓῇσεξεεᾶᾶεςᾶᾶᾶεςεεᾶει

1038 355 1540 455 ΙΠΠΗΣ.

1152 550 1421 569 ψ

507 656 984 711 ΥΠΟΘΕΣΕΙΣ.

730 770 762 807 Ι.

283 862 385 913 (Τὸ
367 866 482 913 ορᾶμα
496 873 594 896 τουτο
606 861 755 894 ποιεῖται
772 855 817 897 εἷς
831 852 996 897 Κλέωνα,
1008 850 1065 888 τὸν
1079 849 1264 897 Ἀθηναίων

229 923 448 976 δημαγωγόν.
481 920 658 959 ὑπόκειται
697 916 732 955 85
764 919 809 959 ὡς
842 916 987 967 Παφλα
977 930 1046 965 γων
1083 912 1266 959 νεώνητος,

229 988 396 1028 δουλεύων
414 1003 462 1024 τω
476 984 604 1036 Δημιι,)
623 998 682 1021 και
697 979 930 1033 προαγόμενος
946 978 1028 1030 παρ’
1044 979 1136 1015 αὖτω
1154 991 1268 1028 περιτ-

228 1052 376 1103 τότερον.
399 1047 641 1097 ἐπιτιθεμένων
670 1045 705 1083 85
723 1046 816 1095 αὐτῳ
842 1043 932 1080 δυοῖν
958 1045 1028 1080 τοῖν
1052 1040 1267 1091 ὃμοδούλοιν,

194 1129 210 1153 5
229 1132 286 1153 και
303 1113 394 1152 κατά
417 1127 494 1149 τινα
518 1109 618 1161 λόγια
638 1108 787 1161 πονηρία
807 1107 975 1156 διάσημον
996 1105 1075 1141 ἀλα)
1065 1118 1173 1140 αντοτ·
1162 1102 1267 1139 ,σώλν
1218 1118 1267 1148 ην

231 1176 469 1229 ἪΑΓοράκριτον
490 1175 557 1211 επα
560 1173 705 1223 γόντοιν,
733 1174 778 1214 ὡς
812 1166 1043 1221 ἐπιτροπεύση
1068 1169 1128 1203 τοῦ
1158 1164 1268 1214 δημου

230 1243 296 1277 τῶν
314 1237 512 1284 Ἀθηναίων,
533 1251 629 1272 αυτοι
649 1236 679 1271 οἱ
699 1232 884 1278 ’·Αθι·,ναίων
906 1230 1023 1272 ἱππεῖς
1042 1226 1270 1268 συλὶαὸόντες

232 1305 266 1341 ἐν
281 1306 384 1355 χοροῦ
403 1316 559 1352 σχηματι
575 1296 862 1351 παραφαίνονται·
877 1294 931 1346 ὑφ’
950 1297 996 1331 ὧν
1012 1292 1152 1341 προτηλ
1156 1290 1270 1334 ακιζό-

233 1383 331 1417 μενος
351 1380 368 1402 ο
389 1363 510 1403 Κλέων
529 1362 734 1413 ἀγανακτεῖ,
757 1376 816 1398 και
841 1356 1022 1408 διενεχθεις
1048 1357 1173 1397 ἱκανως
1193 1369 1270 1405 περι

137 1452 140 1456 1
183 1442 214 1466 10
231 1445 290 1467 του
311 1428 509 1479 ἀνώτερος-
497 1430 583 1462 εἶναι
605 1427 672 1461 τῶν
693 1419 974 1470 ἐναντιουμενωι,
996 1424 1082 1470 σφᾶς
1105 1419 1149 1459 ὡς
1170 1432 1272 1453 συνο-

228 1490 442 1543 μωμοκότας
468 1488 558 1526 κατὰ
578 1491 639 1533 τῆς
665 1486 797 1528 πόλεως
821 1483 905 1535 πρὸς
928 1482 990 1528 τὴν
1019 1479 1143 1532 βουλὴν
1171 1478 1272 1516 ιἐται·

234 1554 414 1598 διώξαντος
443 1551 477 1589 δε
493 1567 552 1588 και
582 1553 641 1587 τοῦ
667 1547 936 1586 ἀλλαντοπώλου
965 1543 1056 1582 κατὰ
1085 1543 1212 1588 πόοας,
1243 1558 1273 1580 οι

236 1618 352 1659 ἱππεῖς
368 1615 447 1667 περί
464 1630 501 1651 τε
519 1629 578 1651 του
594 1627 736 1658 ποιητου
756 1625 833 1648 τινα
853 1624 912 1646 και
929 1610 995 1645 τῶν
1015 1604 1204 1658 προγόνων,
1225 1604 1275 1642 ἔτι

238 1679 274 1717 85
302 1678 361 1716 καὶ
382 1693 448 1715 των
477 1676 675 1753 συγκινδυνε
661 1673 804 1711 ,υόντων
828 1671 942 1724 σφίσιν
967 1668 1023 1708 ἐπι
1049 1669 1123 1711 ταῖς
1146 1666 1276 1718 μάγαις

183 1757 214 1779 15
234 1741 364 1788 ιππων,
384 1739 468 1791 πρὸς
487 1754 563 1781 τους
581 1736 724 1778 πολίτας
749 1733 939 1787 ἁδροτέρως
957 1730 1065 1770 διαλε
1056 1746 1183 1782 γονται.
1205 1732 1222 1766 ὁ
1242 1728 1277 1766 δὲ

235 1802 506 1848 ἀλλαντοπώλης
520 1797 827 1852 περιγεγενημένος
847 1799 880 1834 ἓν
901 1796 1006 1848 βουλῇ
1026 1794 1121 1844 μάλα
1137 1792 1277 1845 γελοίως

235 1872 293 1906 τοῦ
316 1866 492 1915 Κλέωνος,
514 1865 573 1902 καὶ
587 1863 844 1915 λοιδορούμενος
865 1853 959 1903 αὖθις
976 1860 1070 1912 αὐτῷ
1088 1856 1278 1912 προσέρχε-

235 1947 305 1969 ται·
321 1926 632 1978 ἓκκαλεσαμένου
615 1942 649 1964 οε
667 1942 726 1963 του
739 1924 898 1966 Κλέωνος
913 1939 970 1960 τον
985 1925 1117 1971 Δ7,μον,
1135 1922 1278 1973 προσελ-

236 1992 302 2030 θων
332 1995 427 2033 οὗτος
457 1987 707 2042 διαφερομένων
730 1988 911 2046 ἀκροαται.
937 1983 1048 2034 λόγων
1080 1983 1115 2020 85
1140 1983 1278 2019 πολλων

184 2071 219 2094 20
237 2055 427 2108 γενομένων
448 2053 539 2091 κατὰ
557 2056 617 2090 τοῦ
648 2050 822 2095 Κλέωνος,
844 2052 903 2087 τοῦ
925 2046 1168 2100 Ἀγορακρίτου
1194 2045 1278 2095 μάλ’

237 2120 401 2171 ἐντέχνως
419 2124 489 2160 τοῖς
508 2116 717 2166 ἐπινοήμασι
735 2114 795 2152 καὶ
816 2114 891 2155 ταῖς
912 2111 1073 2154 θωπείαις
1092 2126 1151 2147 και
1170 2124 1280 2161 προσ-

237 2185 288 2222 έτι
314 2186 391 2226 ταῖς
415 2184 453 2219 ἐκ
473 2184 541 2219 τῶν
565 2180 690 2231 λογίων
720 2178 926 2231 ὓπερὸολαῖς
945 2179 1168 2228 κρατοῦντος,
1190 2171 1280 2210 κατὰ

239 2246 360 2299 μικρὸν
381 2246 449 2288 τοῖς
464 2243 577 2295 λόγοις
597 2245 614 2280 ὃ
633 2245 753 2292 Δῆμος
773 2239 1031 2292 συνεφέλκεται.
1055 2235 1228 2278 δείσαντος
1245 2234 1280 2272 85

237 2313 298 2347 τοῦ
318 2308 477 2350 Κλέωνος
493 2306 579 2345 κάπὶ
595 2322 633 2343 το
649 2304 817 2358 ψωμίζειν
836 2303 893 2340 τὸν
907 2305 1026 2352 Δῆμον
1047 2299 1280 2352 ὁρμήσαντος,

186 2384 221 2409 25
240 2371 482 2425 ἀντιρωμίζειν
500 2370 618 2421 ἅτερος
633 2370 792 2419 ἐγγειρεῖ.
814 2382 873 2403 και
889 2365 949 2402 τελ
951 2380 984 2407 ος
1003 2367 1061 2401 τοῦ
1082 2361 1203 2412 Δήμου
1217 2360 1280 2408 τὴν

240 2435 402 2486 ἑκατέρου
422 2434 543 2479 κίστην
568 2432 741 2477 συνέντος,
763 2434 837 2467 εἶτα
862 2431 924 2475 τ7,ς
947 2427 1008 2478 μὲν
1030 2443 1146 2473 κενης,
1164 2441 1224 2471 της
1245 2424 1280 2462 85

240 2502 300 2535 τοῦ
325 2496 484 2539 Κλέωνος
507 2511 635 2546 μεστης
663 2492 872 2545 ευρεθείσης,
901 2491 969 2528 ἕλε·
959 2489 1073 2541 γγθεις
1093 2487 1210 2533 αὐτος,
1236 2488 1281 2529 ὡς

239 2562 434 2612 περιφανῶς
463 2558 506 2596 τὰ
533 2561 592 2595 τοῦ
616 2556 737 2606 Δήμου
760 2554 929 2598 κλέπτων,
960 2551 1043 2589 εἴκει
1066 2549 1198 2601 θατέρῳ
1221 2551 1281 2594 τῆς

241 2621 471 2675 ἐπιτροπείας.
487 2619 575 2670 μετὰ
590 2623 701 2657 ταῦτα
721 2617 757 2655 85
776 2620 836 2654 τοῦ
851 2613 1120 2652 ἀλλάντοπώλου
1138 2612 1195 2649 τον
1209 2615 1282 2658 Δ·7,-

189 2707 222 2729 30
242 2702 306 2737 μον
320 2685 575 2738 αρεψήσαντος,
593 2677 667 2720 εἶτα
681 2681 842 2732 νεώτερον
857 2679 890 2723 ἐξ
906 2680 1010 2724 αυτ7]ς
1029 2679 1075 2720 εἷς
1090 2675 1282 2728 τούμφανὲς

241 2749 405 2803 γεγονότα
420 2748 693 2827 προαγαγόντος,
712 2745 833 2784 Κλεων
850 2742 1089 2795 περικείμενος
1102 2740 1164 2786 τὴν
1184 2740 1218 2777 Α
1223 2755 1280 2790 γο-

245 2815 405 2867 ρακρίτου
426 2812 549 2859 σκευὴν
571 2812 626 2849 ἐπὶ
644 2808 990 2863 παραδειγματισμῶ
1011 2804 1067 2843 δια
1091 2803 1197 2854 μέσης
1219 2802 1283 2840 πό-

241 2879 327 2922 λεως
343 2876 620 2914 ἀλλαντοπωλῶν
642 2872 708 2910 ἀνα
729 2888 771 2922 με
776 2887 848 2924 ρος,
871 2886 930 2907 και
952 2885 994 2920 τῃ
1014 2867 1118 2918 τέγνη
1143 2864 1282 2917 ’χρησά-

192 2966 226 2991 35
246 2955 344 2989 μενος
373 2939 567 2989 πέμπεται,
601 2936 661 2975 καὶ
693 2939 715 2982 ἡ
753 2932 921 2987 ἐπιτροπὴ
954 2949 1004 2984 τῳ
1030 2928 1281 2979 ἀλλαντοπώλῃ

243 3002 484 3054 παραδίδοται.
501 3001 540 3039 τὸ
565 3000 635 3038 85
617 3005 735 3052 οραμα
754 3000 821 3036 τῶν
847 2997 934 3048 ἄγαν
951 2996 1066 3038 καλως
1084 2991 1282 3041 πεποιημέ-

243 3079 322 3103 νων.
326 3064 337 3114 )

735 3131 785 3168 11.

668 3217 853 3254 ΑΛΛΩΣ.

304 3306 362 3356 ((0
374 3304 500 3347 σκοπὸς
509 3305 602 3355 αὐτῷ
618 3303 702 3354 πρὸς
715 3302 753 3339 τὸ
767 3303 922 3339 καθελεῖν
938 3299 1095 3338 Κλέωνα.
1110 3290 1206 3337 οὗτος
1215 3293 1282 3344 γὰρ

252 3368 476 3422 βυρσοπώλης
499 3367 545 3406 ὢν
566 3365 701 3418 ἐκράτει
726 3368 792 3402 τῶν
813 3363 998 3411 Ἀθηναίων
1023 3363 1062 3399 ἐκ
1081 3357 1284 3412 προφάσεως

1321 638 1495 686 τοιαύτης.

1523 639 1695 686 Ἀθηναῖοι
1711 639 1810 677 πόλιν
1833 639 1966 690 Πύλον,
1983 641 2172 691 λεγομένην
2199 643 2365 693 Σφακτη-

1324 702 1410 755 ρίαν,
1448 702 1668 754 ἐπολιόρκουν
1706 701 1762 739 ’διὰ
1801 703 2040 752 Δημοσθένους
2077 707 2272 755 στρατηγοῦ
2306 704 2366 741 καὶ

1324 765 1458 804 Νικίου·
1484 759 1530 802 ὧν
1562 767 1765 816 στρατηγῶν
1797 765 2032 817 χρονισοίντων
2069 765 2307 818 ἐδυσχέραινον
2333 768 2367 803 οἱ

1324 829 1506 876 Ἀθηναῖοι.
1538 829 1598 867 καὶ
1630 831 1677 872 εἷς
1700 829 1887 876 ἐκκλησίαν
1914 829 2145 867 συνελθόντων
2174 831 2285 867 αὐτῶν
2308 831 2369 867 καὶ

1326 892 1603 943 ἀδημονούντων,
1618 892 1755 932 μΚλέων
1777 909 1828 936 τις
1853 893 2081 945 βυρσοπώλης
2106 892 2256 937 ἀναστὰς
2281 893 2368 931 ὑπέ-
2387 912 2404 936 5

1326 972 1429 1008 σχετο
1455 956 1613 1007 δεσμίους
1642 956 1754 1009 φέρειν
1783 973 1860 1000 τους
1886 956 2106 1000 ὑπεναντίους
2135 956 2217 994 εἴσω
2242 956 2368 995 εἴκοσιν

1325 1035 1476 1097 ημερων,
1498 1021 1526 1056 εἰ
1547 1018 1738 1071 στρατηγὸς
1765 1035 1838 1072 αιρε
1826 1018 1926 1065 -θείη·
1945 1018 2032 1071 ὅπερ
2049 1035 2107 1057 και
2129 1019 2259 1097 γέγονε.
2279 1019 2371 1057 κατα

1326 1099 1386 1126 τας
1407 1081 1609 1133 ὑποσχέσεις
1628 1098 1685 1120 ουν
1715 1082 1937 1135 ἐστρατήγει,
1963 1085 2077 1120 κυκῶν
2102 1082 2165 1129 τ·7,ν
2185 1083 2298 1120 πόλιν.
2318 1083 2371 1135 ἐφ’

1327 1151 1375 1189 οἱς
1403 1144 1451 1196 μὴ
1470 1147 1521 1183 ἐνε
1524 1161 1615 1196 ,Γκιιν
1637 1145 1882 1199 Ἀριστοφάνης
1904 1145 2045 1192 καθίησι
2066 1145 2105 1183 τὸ
2128 1162 2196 1183 των
2221 1145 2372 1185 Ἱππέων

1329 1210 1445 1261 δρᾶμα
1468 1209 1508 1246 δι’
1526 1211 1650 1256 αὑτοῦ,
1669 1209 1742 1246 ἐπεὶ
1758 1211 1826 1247 τῶν
1844 1213 2056 1248 σκευοποιῶν
2072 1210 2179 1253 οὐδεὶς
2195 1210 2373 1248 ἐπλάσατο
2393 1225 2427 1250 10

1328 1271 1366 1309 τὸ
1380 1276 1438 1309 τοῦ
1459 1270 1615 1314 Κλέωνος
1631 1271 1817 1323 πρόσωπον
1833 1271 1889 1309 διὰ
1905 1272 2021 1324 φόὲον.
2038 1273 2098 1310 καὶ
2114 1272 2158 1310 τὰ
2172 1272 2235 1322 μὲν
2251 1275 2374 1324 πρῶτα

1330 1332 1452 1371 κόπτει
1472 1333 1692 1386 φοὲούμενος·
1714 1328 1788 1372 εἶτα
1805 1334 1991 1387 προφανεὶς
2016 1335 2117 1379 αὐτὸς
2142 1334 2317 1379 ἀνεδίδαξε
2336 1334 2376 1373 τὸ

1332 1398 1461 1448 δραμα.

1383 1459 1524 1499 Ἔοικεν
1543 1462 1561 1498 ὃ
1577 1460 1788 1513 προλογίζων
1807 1466 1894 1498 εἰναι
1913 1460 2155 1511 Δημοσθένης,
2175 1460 2241 1505 ὅς’
2226 1460 2379 1512 εκεκμή-

1332 1538 1384 1560 κει
1403 1522 1483 1575 περὶ
1501 1522 1563 1569 τ7,ν
1582 1523 1702 1562 Πυλου
1721 1523 1937 1577 πολιορκίαν,
1955 1522 2110 1575 αφῃρέθη
2131 1522 2167 1560 85
2186 1521 2249 1569 τὴν
2271 1537 2378 1575 στρα-
2399 1534 2431 1559 15

1334 1585 1456 1636 τηγίαν
1475 1585 1541 1623 ὑπὸ
1559 1586 1736 1633 Κλέωνος,
1757 1585 1996 1638 ὑποσχομένου
2012 1585 2091 1624 τότε
2106 1588 2176 1629 τοῖς
2191 1585 2379 1632 Ἀθηναίοις

1335 1649 1624 1701 παραστήσεσθαι
1639 1648 1701 1695 τὴν
1723 1651 1841 1689 Πύλον
1861 1649 1943 1687 εἴσω
1960 1649 2087 1687 εἴκοσιν
2113 1651 2263 1701 ἡμερῶν·
2283 1648 2301 1687 ὃ
2320 1649 2380 1686 καὶ

1335 1711 1543 1763 κατώρθωσε
1565 1711 1622 1749 διὰ
1640 1712 1679 1750 τὸ
1697 1712 1741 1750 τὰ
1766 1714 1914 1751 πλεῖστα
1939 1715 2002 1759 τ’ἧς
2025 1711 2186 1755 ἁλώσεως
2201 1727 2379 1764 προπεπο-

1335 1776 1458 1821 νῆσθαι
1483 1772 1707 1825 Δημοσθένει.
1729 1774 1818 1813 ἔοικε
1839 1774 1875 1813 85
1894 1777 1940 1817 ὡς
1965 1774 2026 1812 ἐπὶ
2043 1773 2153 1817 οἰκίας
2177 1774 2381 1819 δεσποτικῆς

1333 1837 1506 1874 ποιεῖσθαι
1522 1837 1579 1874 τὸν
1597 1839 1712 1884 λόγον.
1735 1837 1787 1884 εἴη
1808 1838 1836 1875 δ’
1855 1838 1894 1875 ἂν
1916 1836 2085 1882 δεσπότης
2100 1839 2118 1874 ὃ
2134 1839 2270 1887 Δῆμος,
2288 1835 2380 1873 οἰκία
2399 1848 2435 1873 20

1335 1900 1356 1944 ἦ
1375 1906 1491 1945 πόλις,
1520 1899 1723 1951 θεράποντες
1742 1902 1772 1937 οἱ
1798 1899 2000 1951 στρατηγοί.
2031 1897 2162 1936 οἰκέται
2183 1899 2218 1936 δὲ
2245 1898 2305 1936 δύο
2320 1902 2380 1936 τοῦ

1335 1961 1457 2011 Δήμου
1473 1961 1731 2013 προλογίζουσι,
1749 1964 1863 2006 κακῶς
1876 1961 2072 2013 πάσχοντες
2089 1961 2155 1999 ὑπὸ
2172 1960 2345 2004 Κλέωνος.
2364 1963 2382 1998 ὁ

1336 2023 1371 2062 85
1390 2024 1491 2077 χορὸς
1517 2027 1555 2062 ἐκ
1580 2028 1647 2063 τῶν
1667 2027 1799 2063 ἱππέων
1826 2026 1931 2072 ἐστὶν,
1960 2025 1993 2063 οἳ
2015 2025 2074 2063 καὶ
2102 2024 2300 2075 ἐζημίωσαν
2323 2023 2382 2062 τὸν

1338 2088 1483 2127 Κλέωνα
1497 2088 1598 2126 πέντε
1614 2089 1795 2133 ταλάντοις
1811 2089 1868 2127 ἐπὶ
1883 2089 2073 2142 δωροδοκίᾳ
2090 2088 2230 2127 ἁλόντα.
2245 2087 2384 2138 λέγουσι

1337 2150 1372 2188 85
1389 2154 1456 2188 τῶν
1473 2153 1614 2189 οἰκετῶν
1639 2152 1696 2190 τὸν
1725 2153 1787 2202 μὲν
1812 2146 1900 2189 εἶναι
1919 2151 2156 2202 Δημοσθένην,
2181 2150 2240 2189 τὸν
2259 2150 2295 2188 δὲ
2315 2153 2379 2190 Νι·
2401 2171 2435 2195 25

1336 2214 1427 2261 κίαν,
1443 2214 1499 2252 ἵνα
1517 2208 1582 2253 ὦσι
1600 2215 1792 2269 δημηγόροι
1811 2218 1841 2253 οἱ
1861 2216 1932 2255 860.

1390 2278 1518 2317 Ἰστέον
1542 2278 1594 2317 ὅτι
1620 2281 1665 2323 εἷς
1684 2279 1833 2333 τέτταρα
1856 2279 1944 2331 μέρη
1971 2278 2116 2331 διῄρητο
2139 2280 2158 2317 ὅ
2184 2279 2290 2328 δῆμος
2313 2280 2380 2316 τῶν

1337 2341 1537 2391 Ἀθηναίων,
1564 2345 1610 2387 εἷς
1634 2343 2047 2395 πεντακοσιομεδίμνους,
2085 2344 2131 2386 εἷς
2154 2342 2301 2390 ἱππέας,
2334 2344 2382 2385 εἷς

1337 2407 1430 2452 ζευ’
1396 2423 1492 2458 γιτας
1505 2408 1564 2445 καὶ
1587 2411 1633 2452 εἷς
1649 2412 1767 2454 θ’ῆτας.

1391 2471 1582 2523 Ἐδιδάχθη
1620 2471 1659 2509 τὸ
1692 2473 1809 2525 δραμα
1839 2471 1896 2510 ἐπὶ
1927 2469 2184 2523 Στρατοκλέους
2217 2469 2382 2522 ἅργοντος
2401 2490 2436 2516 30

1338 2534 1490 2586 δημοσία
1510 2537 1556 2578 εἷς
1584 2535 1741 2582 Ληναια,
1763 2535 1804 2573 δι’
1828 2537 1932 2572 αὐτου
1958 2533 2229 2586 Ἀριστοφάνους.
2249 2535 2383 2584 πρῶτος

1338 2596 1444 2634 ἐνίκα-
1464 2597 1620 2650 δεύτερος
1640 2599 1809 2651 Κρατῖνος
1826 2596 2005 2650 Σατύροις·
2019 2597 2131 2649 τρίτος
2143 2595 2383 2648 Ἀριστομένης

1338 2658 1564 2712 Ὑλοφόροις.)

1822 2765 1890 2803 Ill.

1525 2875 2176 2941 (ΑΡΙΣΤΟΦΑΝΟΥΣ
2214 2895 2223 2901 ι

1664 3001 2051 3041 ΓΡΑΜΜΑΤΙΚΟΥ.

1448 3105 1607 3158 Παράγει
1626 3105 1702 3143 τινὰ
1725 3104 1887 3152 Κλέωνα,
1906 3105 1963 3143 τὸν
1983 3103 2194 3154 καλούμενον
2379 3121 2413 3146 35

1446 3168 1680 3220 Παφλαγόνα,
1698 3168 1776 3206 κᾶτι
1795 3168 2037 3220 βυρσοπώλην,
2053 3165 2247 3218 πικρότατα

1445 3230 1670 3268 κατεσθίοντα
1687 3247 1760 3275 πως
1774 3231 1817 3269 τὰ
1840 3231 1938 3269 κοινὰ
1953 3230 2142 3283 χρήματα,

1444 3293 1509 3330 κᾶν
1526 3295 1798 3346 παραλογισμοῒς
1815 3294 2004 3347 διαφέροντ’
2024 3291 2225 3345 ἐρρωμένως

1445 3357 1728 3405 ἀλλαντοπώλην,
1749 3357 1869 3401 εὐθέως
1881 3372 1919 3395 τε
1934 3354 2165 3408 σκατοφάγον,
