2533 3808
355 258 429 293 566

351 344 515 389 pulsatur
531 351 538 372 :
553 337 644 384 quid
658 340 751 371 enim
762 339 841 382 quis
856 347 978 369 causoe
992 335 1100 375 (licat,
1119 346 1194 375 cur,
1211 330 1357 378 quando

353 401 466 432 victus
471 394 602 440 suern,
621 395 738 441 legem
745 396 970 441 propositam
982 390 1254 438 subterfugiat?
1271 391 1357 424 Haec

355 453 425 489 ille.
443 452 586 486 Primus
602 458 726 486 autem
741 449 939 485 scholiasta
955 448 1070 484 verba
1087 447 1228 484 Comici
1244 447 1357 482 istum

353 508 391 543 in
412 506 565 542 moduni
593 506 779 542 intellexit
800 519 808 540 :
832 507 903 540 Vos
933 509 1109 541 enimvero
1131 507 1271 539 nnllam
1300 507 1358 537 irt—

354 568 526 611 terpom'te
544 577 683 598 moram
696 593 704 608 ‚
733 568 819 611 quin
840 572 990 598 mortem
1011 567 1132 598 statim
1154 565 1331 609 oppetatis
1346 574 1358 594 :

353 624 571 668 Paupertas,
593 621 728 670 inquit,
754 621 825 656 hoc
844 628 886 656 ut
901 634 920 656 e
940 621 1099 669 vestigio
1121 620 1271 663 faciant,
1291 631 1361 667 per

350 679 477 726 jocum
506 678 705 723 hortatui-3
727 691 826 724 nam,
844 680 874 714 si
893 691 1005 714 causa
1025 679 1097 714 sint
1124 678 1338 727 superiores
1351 705 1360 722 ,

354 748 429 770 non
444 736 757 785 ampliusjustum
774 737 888 772 suerit
901 749 965 772 eos
982 744 1101 772 morte
1117 736 1241 785 plecti.
1257 734 1362 771 Alter

354 791 401 827 ab
419 793 480 828 illa
503 793 650 829 ratione
672 794 831 829 multum
856 794 1040 840 discedit,
1068 795 1129 829 tali
1150 802 1260 843 pacto
1278 805 1362 828 sen—

355 862 435 886 sum
454 851 676 887 enucleans:
698 853 763 886 Me
775 861 815 886 ut
828 856 863 886 in
877 853 947 887 hac
960 855 1019 887 lite
1032 857 1199 895 vincatis,
1219 855 1362 886 omnino

355 909 437 949 fieri
454 921 524 943 non
542 917 661 955 potest
674 922 684 942 :
701 911 796 957 quod
808 913 839 943 si
855 918 976 945 tamen
984 911 1075 956 fiat,
1101 911 1193 944 m'lzil
1207 914 1277 945 erit
1290 913 1361 944 im'-

356 970 490 1012 quius:
518 967 608 1012 quid
637 970 732 1001 enim
758 976 814 1001 est
833 969 995 1011 tandem,
1024 970 1122 1014 qaod
1145 969 1198 1002 acl
1214 980 1361 1002 causam

357 1036 475 1058 meam
494 1025 721 1071 arguendam
735 1029 821 1070 jure
841 1029 920 1071 quis
942 1024 1111 1072 proferat
1124 1026 1143 1059 .³
1167 1028 1309 1060 Hmsr.
1325 1048 1364 1054 —

359 1082 427 1124 3-7
450 1080 502 1115 sic
523 1081 561 1115 in
582 1084 636 1124 V.‚
659 1082 719 1116 οὐκ
738 1080 777 1117 ἄν
800 1081 1061 1130 με--νικῆσητε
1075 1111 1083 1127 ,
1106 1080 1199 1118 οὗδέν
1217 1082 1290 1117 ἐστι
1309 1081 1362 1116 δί-

356 1152 451 1173 κατον
473 1137 547 1173 ἀντὶ
564 1140 623 1173 τοῦ
643 1139 708 1188 οὐχ
719 1138 867 1187 ὕπαρ-χει
885 1138 1014 1175 δίκαιον
1035 1155 1068 1176 τι
1090 1140 1137 1189 (τι
1156 1153 1228 1175 om.
1248 1138 1365 1185 G.)-

360 1196 379 1230 5
403 1195 604 1237 ἀπελθόντες
623 1196 720 1233 delet
736 1197 935 1234 Dobraeus.
954 1222 994 1228 -
1016 1212 1034 1243 7
1059 1213 1098 1246 γε
1118 1211 1191 1232 nm.
1210 1196 1293 1232 Ald.
1316 1218 1365 1223 -——

359 1253 380 1286 8
402 1266 456 1300 sq.
483 1256 581 1289 τοῦτο
603 1253 730 1295 διπλῶς
749 1259 895 1291 νοεῖται·
917 1253 938 1299 ἢ
959 1253 1010 1290 ὅτι
1025 1270 1104 1304 ταχ.
1125 1258 1219 1303 Reg.

413 1312 483 1355 487
502 1324 575 1346 0111.
598 1312 644 1348 Θ.
662 1335 701 1342 -
724 1312 767 1347 13
789 1325 844 1361 sq.
869 1311 1291 1363 Κομμάτιον-τέταρτον
1310 1313 1367 1348 in-

360 1368 414 1403 fra
437 1376 523 1417 post
539 1368 704 1405 δάκτυλον
723 1370 745 1405 l.
769 1384 813 1417 19
837 1372 944 1418 ponit
961 1374 1025 1413 V.‚
1044 1371 1198 1419 ([111ἑστι
1224 1384 1297 1407 om.
1317 1392 1368 1398 —

365 1431 406 1468 14
434 1425 490 1462 τὸν
510 1425 528 1461 ὃ
545 1429 590 1463 V.
610 1428 656 1468 εἷς
668 1426 706 1463 τὸ
723 1426 885 1476 τέταρτον
906 1428 990 1465 Ald.
1007 1453 1047 1459 —
1073 1442 1113 1473 17
1133 1427 1369 1480 τετρασύλλα-

361 1482 418 1518 &ov
434 1485 478 1518 R.
498 1486 541 1518 V.
558 1505 597 1512 —
616 1485 660 1519 18
679 1485 726 1525 εἷς
743 1484 918 1530 συλλαὲήν
941 1498 1014 1521 orn.
1035 1489 1076 1521 V.
1100 1484 1237 1536 δέχεται
1266 1485 1301 1522 δὲ
1331 1486 1369 1523 τὸ

362 1541 609 1578 αναπαιστικὸν
627 1541 716 1578 κατὰ
733 1543 845 1586 πάσας
861 1543 977 1594 χώρας
1011 1543 1222 1581 ἀνάπαιστον
1242 1546 1370 1582 Α111.-.

366 1612 409 1646 19
426 1599 484 1634 καὶ
501 1611 574 1634 om.
594 1602 639 1635 R.
665 1603 706 1636 V.
735 1602 909 1638 σπονδεῖον
928 1601 1054 1651 ἴαμὲον
1085 1606 1128 1639 R.
1159 1602 1284 1652 ἴαμὸον
1310 1601 1369 1639 καὶ

361 1657 527 1693 δάκτυλον
545 1657 632 1693 libri
655 1659 806 1707 quidam
826 1661 1108 1710 Hephaestionis
1133 1675 1171 1711 p.
1197 1668 1256 1705 44.
1284 1665 1371 1698 Post

362 1714 435 1750 lizec
453 1719 499 1751 R.
521 1716 630 1764 ponit
650 1715 717 1768 χρὴ
740 1716 850 1767 λέγειν
880 1721 970 1766 ἡμᾶς
987 1718 1234 1768 ἀντιλέγοντας.
1255 1722 1370 1767 Reg.:

362 1769 466 1807 ’ἰίστι
481 1771 517 1807 δὲ
540 1773 787 1810 ἁναπαιστικὸν
803 1802 812 1815 ,
846 1778 911 1824 οὐχ
935 1774 987 1810 ὅτι
1004 1774 1135 1816 πάντας
1164 1774 1241 1816 τοὺς
1264 1775 1371 1818 πόδας

363 1831 401 1863 αν
410 1828 596 1870 απαίστους
613 1829 706 1879 ἔχει,
727 1832 802 1867 ἀλλ’
825 1830 877 1868 ὅτι
901 1832 1039 1880 μάλισθ’
1054 1831 1106 1868 ὅτι
1125 1833 1371 1879 πλεονάζουσι,

365 1885 422 1921 καὶ
439 1885 488 1922 ἔτι
507 1888 637 1935 μᾶλλον
660 1887 712 1924 διὰ
734 1888 772 1924 τὸ
790 1890 829 1925 ἐκ
848 1889 974 1930 παντὸς
999 1890 1055 1926 τὸν
1081 1892 1274 1926 τελευταῖον
1295 1889 1372 1935 ἤτοι

365 1941 392 1986 ζ’
411 1943 501 1979 πόδα
521 1944 577 1980 τὸν
595 1945 662 1996 πρὸ
677 1948 738 1991 τῆς
755 1948 1013 1992 καταληκτικῆς
1032 1947 1207 1992 confi-“Ag
1225 1948 1374 1985 ἀνάπαι-

367 2016 444 2038 στον
465 1995 564 2039 εἶναι.
596 2002 794 2053 ἐπιδέχεται
820 2004 854 2040 δὲ
887 2005 942 2042 διὰ
968 2005 1074 2054 μέσου
1105 2005 1287 2056 ἀδιάφορον
1314 2006 1372 2043 καὶ

365 2060 563 2102 σπονδείους
576 2089 584 2105 ,
607 2061 812 2109 ἷοίμέουςπε
838 2063 896 2099 καὶ
922 2062 1119 2105 δακτύλους.
1136 2088 1176 2094 -
1194 2077 1240 2099 29.
1260 2079 1372 2100 κατα-

363 2118 537 2161 ληκτικῶν
559 2117 628 2169 μα’
646 2122 739 2167 fleg.
761 2145 800 2150 —
822 2128 867 2164 24
890 2120 969 2171 πρὶν
993 2121 1050 2157 καὶ
1072 2121 1207 2158 Ald.—-
1222 2123 1269 2157 28
1296 2122 1373 2158 σελ-

363 2173 550 2224 ληνουντίῳ
568 2175 651 2210 Α111.
667 2178 886 2213 Correctum
902 2190 948 2213 ex
965 2178 1240 2226 Hephaestione.

417 2230 507 2274 488,
525 2232 570 2274 37
595 2231 770 2279 χαυνῶόες
792 2233 837 2269 Θ.
855 2257 894 2262 -
914 2234 960 2268 38
983 2236 1025 2281 τῇ
1055 2233 1155 2285 πενία
1188 2232 1236 2282 μὴ
1260 2249 1374 2271 κατα-

365 2288 602 2336 μαλακισθῆτε
624 2291 666 2324 V.

419 2345 506 2392 493,
527 2345 574 2380 50
595 2358 652 2394 sq.
681 2346 860 2394 Βούλευμα
882 2350 903 2392 ἡ
924 2347 1016 2391 ἰδίως
1045 2347 1191 2385 ἑκάστου
1221 2347 1342 2398 γνώμη
1357 2377 1370 2394 ,

366 2400 527 2450 βούλημα
548 2401 583 2438 δὲ
608 2405 629 2447 ἡ
650 2403 800 2453 δημοσία
819 2404 940 2454 γνώμη
962 2408 1007 2443 V.
1025 2404 1065 2441 τὸ
1086 2405 1251 2454 δημόσιον
1274 2410 1318 2443 R.
1338 2416 1375 2444 et

365 2457 498 2494 Suidas
518 2471 544 2494 s.
564 2459 757 2509 Βούλευμα.
777 2462 907 2498 Paullo
925 2463 1063 2498 rectius
1077 2471 1201 2499 autem
1220 2464 1375 2502 dixisset

368 2513 527 2562 βούλημα
545 2528 625 2551 esse
637 2516 675 2551 τὸ
689 2515 786 2561 ἴδιον,
810 2518 982 2566 βούλευμα
1000 2527 1127 2554 autem
1143 2519 1180 2555 τὸ
1195 2519 1373 2568 δημόσιον.

369 2574 483 2606 DiND.
503 2576 709 2620 sequentes
735 2574 871 2610 infimae
894 2576 1012 2611 aetatis
1045 2578 1374 2623 grammaticorum

369 2629 635 2664 annotationes
651 2643 725 2667 om.
757 2632 867 2667 etiam
887 2633 932 2669 Θ.
949 2656 987 2662 -
1011 2635 1029 2666 3
1052 2633 1158 2677 δηλοῖ.
1180 2638 1377 2673 structura

368 2685 469 2722 labat
492 2700 499 2721 :
527 2686 754 2723 fulciendam
784 2690 922 2738 opinor
948 2690 1021 2726 hoc
1046 2699 1183 2738 pacto:
1203 2691 1304 2736 δῆλον
1338 2695 1377 2731 ἐκ

369 2758 406 2778 π.
424 2758 455 2778 τ.
477 2743 676 2791 σημαίνειν,
708 2745 785 2781 sive
810 2747 937 2795 potius
958 2753 1138 2795 σημαῖνον.
1162 2751 1305 2786 Hmisr.
1328 2773 1376 2778 -

375 2806 416 2842 14
433 2801 463 2836 οἱ
483 2799 626 2851 πονηροὶ
643 2810 715 2839 ete.
731 2806 818 2840 Haec
838 2805 950 2852 paulo
970 2805 1192 2842 maculatius
1211 2819 1275 2842 ora
1294 2809 1376 2844 cod.

371 2861 487 2894 Dorv.
507 2857 558 2907 [et
578 2860 701 2909 Regii]
717 2861 881 2898 ostendit
909 2875 929 2899 e
955 2863 1107 2912 regione
1125 2876 1158 2899 v,
1179 2864 1265 2910 502,
1281 2866 1352 2902 503
1369 2881 1375 2901 :

372 2915 513 2956 Ἰδόντες
535 2914 601 2968 γὰρ
629 2919 659 2954 οἱ
693 2919 837 2970 πονηροὶ
864 2919 940 2961 τοὺς
974 2919 1119 2970 ἀγαθοὺς
1151 2919 1206 2957 διὰ
1225 2925 1324 2959 τοῦτο
1341 2917 1376 2960 εὖ

370 2973 582 3025 πράττοντας
596 3003 605 3020 ,
630 2975 845 3021 ἐθελήσουσιν
867 2978 923 3015 τὸν
941 2981 1074 3030 πρῶτον
1095 2977 1254 3029 [πρόσθεν
1270 2982 1377 3030 Reg.]

373 3031 512 3083 ἀφέντες
528 3032 598 3082 βίον
614 3033 732 3082 [addit
746 3038 836 3084 Reg.
853 3042 1057 3085 μεταπεσεῖν
1073 3036 1128 3072 ἐπὶ
1142 3036 1198 3073 τὸν
1214 3038 1376 3088 ἀμείνω]·

372 3087 428 3125 ἵνα
448 3090 490 3124 δι’
511 3090 592 3127 αὐτὸ
622 3087 657 3127 εἷίἶ
679 3092 844 3130 πάθωσιν.
873 3097 927 3130 Ex
956 3095 1110 3131 scholiis
1141 3094 1252 3131 editis
1267 3125 1277 3142 ,
1299 3110 1379 3145 quae

373 3150 457 3182 loco
475 3149 621 3196 aptiore
645 3150 896 3199 collocantur,
918 3153 1116 3190 emendata
1137 3162 1224 3189 sunt
1244 3154 1377 3192 facilia.

375 3204 518 3239 HmisT.
536 3227 576 3233 —
592 3217 637 3240 22
657 3205 690 3242 δὲ
711 3212 853 3256 σημειοῦ
873 3210 932 3246 vel
951 3209 1144 3259 σημείωσαι
1164 3212 1306 3247 Hemst.

426 3261 500 3308 496
530 3267 638 3311 φυγεῐ.
660 3263 752 3300 Mira
766 3279 889 3315 neque
903 3281 1059 3317 usquam
1084 3267 1196 3312 mihi,
1217 3269 1287 3306 nisi
1309 3269 1379 3306 hoc

373 3319 475 3363 loco,
506 3317 599 3354 lecta
625 3319 739 3357 futuri
773 3323 902 3361 forma.
937 3329 1130 3364 Senem-ER.
1157 3331 1248 3377 Reg.
1278 3335 1378 3364 recte

373 3378 477 3426 φύγῃ-

1126 242 1420 282 ADNOTATIO
1449 241 1503 279 IN
1532 242 1708 280 SCHOL.

1472 328 1544 363 505
1563 331 1615 365 sic
1631 330 1670 364 in
1686 332 1745 374 R„
1766 331 1900 367 Οὐκοῦν
1918 323 2003 366 εἶναί
2023 342 2112 381 φημι
2126 326 2200 363 ὁδὸν
2221 323 2341 369 ἥντινα
2356 322 2417 360 ἰὼν

1417 386 1434 420 ὁ
1450 386 1596 427 πλοῦτος
1615 385 1738 436 βλάψει
1751 386 1880 432 ταύτην
1901 386 1959 422 καὶ
1981 384 2094 435 ἀγαθὰ
2117 383 2222 433 μείζω
2249 382 2418 427 ποιήσειε.

1415 438 1561 483 Ἄλλως.
1583 442 1621 478 τὸ
1638 443 1758 479 οὐκοῦν
1779 442 1989 494 ἀποφατικόν
2012 444 2084 480 ἐστι
2099 440 2150 478 ὅτι
2173 440 2232 478 ἐὰν
2257 439 2418 490 βλέψῃ-

1417 499 1665 548 κακοδαιμονία
1683 498 1749 544 εἴη.
1767 499 1909 541 Ἄλλως.
1921 503 1982 536 οὐκ
1998 499 2300 536 ἐπιλύσειταῦταὸ
2317 497 2423 532 πλοῦ-

1417 571 1496 605 τος,
1523 556 1563 601 ἦν
1586 572 1670 594 ποτε
1707 556 1816 608 βλέψῃ
1833 587 1842 603 ,
1875 557 1964 607 φημὶ
1998 551 2082 593 εἶναι
2108 556 2183 594 ὁδον
2199 585 2208 603 ,
2232 553 2338 600 ἥντιν’
2362 552 2422 590 ἰὼν

1418 619 1486 656 τοῖς
1506 614 1696 665 ἀνθρώποις
1716 613 1827 663 ἀγαθὰ
1850 614 1955 662 μείζω
1974 614 2140 658 ποιήσειε.
2155 639 2196 645 -
2216 614 2261 650 53
2283 613 2312 649 εἰ
2331 610 2424 648 παύ-

1420 686 1471 707 σει
1490 671 1687 707 Dobraeus.
1705 669 1858 707 ἐπιλύσει
1873 671 1973 707 libri.
1993 675 2102 707 «Hoc
2124 684 2237 707 unum
2254 669 2426 707 estintri-

1421 729 1700 764 catissimorum
1718 729 1756 764 in
1769 729 1863 764 hanc
1885 728 2049 764 fabulam
2072 729 2313 764 scholiorum.
2328 725 2426 762 Illud

1421 786 1572 822 ἐπιλύσει
1590 795 1653 822 aut
1668 786 1806 822 mendo
1827 786 1973 822 laborat
1988 786 2215 831 inveterato,
2230 784 2333 833 quod
2347 784 2427 819 sine

1423 843 1652 880 membranis
1680 843 1953 892 integrioribus
1989 843 2098 892 plane
2132 841 2212 878 tolli
2240 843 2428 889 nequeat,

1422 909 1485 936 aut
1517 901 1703 949 ejusmodi
1736 914 1863 937 versus
1900 900 2164 950 Aristophanei
2203 899 2429 947 scripturam

1423 959 1590 1007 postulat
1607 971 1623 993 ἐ
1654 958 1790 996 Οὔκουν
1812 952 1899 994 εἶναί
1930 957 2015 1008 φημ’
2041 955 2222 1008 (ἐπιλύσει
2249 956 2370 1002 ταῦτ’,
2387 952 2430 998 ἢν

1426 1014 1535 1067 βλέψῃ
1551 1016 1627 1052 ποθ’
1638 1046 1648 1063 ,
1669 1019 1686 1053 ὃ
1708 1018 1863 1058 Πλοῦτος
1877 1016 1890 1065 )
1911 1015 2013 1053 Ὁὸὸν
2031 1023 2102 1052 etc.
2117 1016 2338 1062 Neutc'quam
2355 1025 2432 1048 esse

1424 1077 1482 1108 aio
1507 1076 1626 1122 (solvet
1650 1088 1712 1110 eas
1731 1074 1966 1121 difficultates
1984 1083 2022 1109 et
2041 1075 2204 1108 discutiet
2219 1100 2228 1118 ‚
2255 1075 2287 1107 si
2313 1075 2432 1106 visum

1425 1133 1572 1167 tandem
1589 1134 1787 1180 aliquando
1809 1136 2042 1180 recuperarit,
2058 1131 2210 1179 Plutus)
2232 1134 2332 1166 viam
2347 1137 2433 1172 etc.,

1426 1202 1587 1237 quorum
1608 1199 1648 1226 ut
1669 1199 1858 1226 structura
1880 1182 1934 1226 est
1956 1190 2130 1233 molesta,
2149 1190 2201 1224 ita
2221 1200 2352 1224 sensus
2371 1200 2433 1223 sa-

1428 1247 1472 1281 tis
1500 1248 1722 1296 perspicuus
1743 1261 1751 1282 :
1773 1260 1862 1295 ergo
1889 1246 2171 1283 reformandum
2193 1245 2342 1282 videtur
2364 1244 2436 1280 hoc

1426 1304 1511 1339 loco
1533 1319 1540 1339 ε
1561 1307 1578 1340 ὁ
1606 1308 1701 1346 νοῦς,
1721 1302 1841 1340 οὔκουν
1871 1302 2211 1355 (ἐπιλύσει--βλέψω
2233 1301 2325 1354 φημὶ
2345 1310 2436 1344 etc.;

1428 1361 1538 1409 hujus
1561 1370 1687 1398 autem
1708 1362 1843 1398 scholii
1860 1362 1941 1397 finis
1969 1370 2024 1398 est
2043 1361 2265 1397 statuendus
2285 1361 2322 1396 in
2348 1359 2438 1408 ἄμε-

1427 1433 1504 1470 τρος
1536 1419 1559 1455 1.
1592 1433 1638 1465 25
1670 1419 1809 1456 exinde
1843 1419 1946 1455 aliud
1981 1419 2117 1468 incipit
2138 1433 2146 1454 :
2167 1417 2210 1456 ‘O
2237 1421 2313 1460 νοῦς
2339 1418 2440 1462 δῆλος

1429 1476 1527 1513 ἀναὸ.
1543 1479 1686 1522 ποιῆσαι
1703 1492 1710 1500 ·
1730 1477 1832 1527 quod
1849 1490 1920 1526 ego
1940 1485 2068 1513 metuo
2087 1489 2134 1512 ne
2148 1475 2310 1525 quadam
2333 1484 2440 1525 parte

1429 1534 1476 1569 sit
1493 1535 1706 1571 mutilatum
1726 1549 1734 1570 ε
1752 1533 1873 1571 οὔκουν
1891 1543 1990 1570 certe
2007 1534 2080 1582 legi
2099 1533 2211 1570 debet
2225 1563 2236 1580 ,
2257 1541 2294 1570 et
2312 1535 2439 1582 ἀγαθον

1428 1607 1462 1628 τι
1484 1594 1610 1641 μεῖζον·
1632 1593 1731 1629 sorte
1748 1593 1881 1639 etiam,
1895 1591 1986 1641 λέγω
2008 1591 2043 1628 δὲ
2061 1590 2113 1628 ὅτι
2132 1599 2204 1628 etc.
2225 1591 2300 1628 vix
2315 1599 2439 1627 autem

1431 1650 1582 1687 dubites
1600 1651 1692 1700 quin
1712 1651 1806 1687 illud
1825 1649 1847 1695 ἢ
1868 1651 1895 1687 ’ν
1908 1680 1917 1696 ,
1935 1650 2038 1700 quod
2062 1649 2337 1686 restituendum
2368 1662 2442 1698 pu-

1432 1709 1506 1744 tavi
1522 1738 1530 1754 ‚
1551 1709 1662 1757 hujus
1682 1710 1910 1746 enai-fatoris
1931 1709 2159 1745 auctoritate
2173 1708 2356 1744 firmetur.
2377 1711 2441 1744 Sc·

1432 1767 1562 1814 quitur
1576 1767 1600 1803 l.
1623 1767 1643 1802 5
1665 1780 1733 1815 sq.‚
1749 1766 1833 1804 Ἐὰν
1852 1765 1889 1803 δέ
1899 1782 1948 1808 τις
1957 1765 2358 1817 προσθείη-πορίσειεν,
2373 1765 2442 1801 ite·

1433 1837 1514 1859 rum
1535 1824 1581 1860 ab
1601 1825 1675 1860 alio
1698 1825 1912 1873 profectum
1929 1841 1937 1871 3
1958 1825 2103 1873 quippe
2123 1824 2188 1872 qui
2217 1824 2443 1860 sententiam

1432 1894 1518 1917 eum
1537 1883 1574 1918 in
1595 1881 1751 1918 modum
1776 1883 1956 1930 explanet
1976 1889 2017 1917 ut
2047 1889 2178 1930 poscat
2205 1881 2327 1917 οὐκοῦν
2344 1896 2352 1903 ·
2377 1894 2440 1916 ce-

1434 1946 1554 1974 terum
1576 1940 1674 1975 sicut
1693 1939 2001 1976 absurdissimam
2022 1939 2232 1975 lectionem¹
2251 1940 2443 1988 pauloque

1436 2005 1518 2045 post
1536 1998 1671 2033 merito
1692 2006 1860 2034 notatam
1880 1998 2046 2042 invenit,
2063 1999 2214 2043 Οὐκοῦν,
2235 1992 2320 2033 εἶναί
2340 2011 2443 2048 φημι,

1433 2053 1559 2091 παύσει
1578 2057 1675 2091 ταῦτ’
1691 2054 1732 2100 ἢν
1755 2054 1865 2107 βλέψῃ
1887 2055 1963 2091 ποθ’
1979 2057 1997 2091 ὁ
2011 2056 2180 2101 Πλοῦτος,
2197 2054 2317 2101 (Οδὸν,
2334 2054 2442 2099 ἥντιν’

1436 2111 1515 2159 ἰὼν,
1534 2118 1601 2154 τοῖς
1621 2115 1717 2165 ἀνθρ.
1739 2122 1809 2150 etc.
1823 2141 1832 2158 ,
1861 2115 1912 2149 ita
1938 2113 2020 2149 fieri
2043 2126 2121 2149 non
2152 2114 2277 2162 potuit
2303 2114 2416 2163 ¹aliter
2434 2140 2443 2155 ,

1437 2184 1549 2219 quam
1567 2179 1609 2206 ut
1633 2171 1928 2220 explicationem
1961 2179 2156 2219 promeret
2183 2184 2260 2207 non
2281 2171 2446 2207 dissimi-

1435 2228 1519 2264 lem.
1538 2229 1704 2265 Eandem
1725 2242 1879 2278 prorsus
1899 2228 1953 2264 illi
1971 2229 2197 2278 scripturam
2215 2229 2444 2274 habuerunt,

1435 2286 1573 2334 quibus
1593 2285 1660 2337 γὰρ
1681 2287 1916 2322 extrinsecus
1935 2286 2193 2323 asciscendum
2225 2285 2444 2331 videbatur3

1437 2344 1584 2380 tametsi
1602 2344 1748 2380 ratione
1768 2345 1920 2393 paulum
1937 2344 2087 2380 diversa
2106 2344 2279 2380 ordinem
2299 2345 2443 2381 oratio—

1435 2403 1492 2438 nis
1521 2402 1841 2438 constituerent.»
1870 2404 2018 2438 Hems'r.
2042 2402 2192 2438 Primus
2227 2401 2445 2438 scholiastes

1435 2460 1524 2508 legit
1540 2461 1661 2496 οὐκοῦν
1680 2453 1767 2496 εἷναί
1795 2458 1883 2510 φημ’
1913 2461 1941 2495 εἰ
1966 2457 2094 2495 παύσει
2118 2458 2214 2495 ταῦτ’
2243 2457 2284 2503 ἢν
2318 2458 2442 2510 βλέψῃ.

1436 2515 1589 2553 ἐπιλύσει
1603 2530 1712 2554 error
1728 2516 1860 2552 scribae
1875 2529 1946 2565 pro
1963 2517 1991 2552 εἰ
2010 2514 2149 2552 παύσει.
2167 2516 2376 2561 Secundus,
2392 2517 2445 2552 in-

1437 2575 1579 2623 cipiens
1596 2603 1607 2620 ‚
1625 2573 1836 2625 κακόμετρος
1857 2572 1892 2609 δὲ
1912 2568 2009 2614 οὗτος
2024 2602 2034 2618 ,
2061 2573 2182 2609 οὐκοῦν
2209 2566 2297 2608 εἷναί
2327 2588 2441 2624 φημι,

1436 2631 1560 2668 παύσει
1580 2633 1674 2667 ταῦτ’
1692 2631 1734 2677 ἢν
1761 2631 1883 2680 βλέψῃ.
1904 2630 1960 2667 1111
1985 2638 2130 2675 autem,
2148 2631 2213 2678 qui
2233 2630 2299 2666 illo
2315 2630 2445 2678 judice

1438 2691 1547 2738 plane
1566 2688 1721 2740 ἀμέτρως
1742 2688 1927 2736 legebant,
1950 2690 2075 2723 forsan
2095 2687 2323 2724 exhibebant
2344 2703 2446 2740 φημι,

1436 2746 1561 2784 παύσει
1590 2745 1718 2791 ταύτην
1748 2744 1788 2789 ἦν
1823 2744 1945 2796 βλέψῃ.
1977 2745 2020 2782 ln
2040 2745 2122 2781 istis
2150 2745 2173 2781 l.
2202 2759 2248 2793 9,
2269 2745 2306 2782 τὸ
2325 2747 2444 2783 οὐκοῦν

1438 2803 1666 2856 ἀποφαντικὸν
1702 2805 1839 2852 (quain
1873 2815 2006 2838 vocem
2037 2803 2152 2848 male,
2185 2812 2227 2839 ut
2260 2811 2353 2852 puto
2368 2832 2378 2849 ,
2406 2805 2444 2840 in

1438 2861 1647 2912 ἀποφατικὸν
1661 2868 1781 2896 mutat
1790 2861 2080 2909 Hemsterhus.),
2101 2860 2220 2910 major
2233 2860 2442 2898 difficultas.

1438 2925 1528 2958 Bam
1563 2918 1698 2965 verba,
1723 2918 1956 2969 ἀποφαντικὸν
1985 2920 2039 2954 ὅτι
2059 2917 2173 2955 οὐκέτι
2186 2919 2444 2968 κακοδαιμονία

1438 2978 1513 3024 εἴη,
1543 2977 1633 3014 satis
1662 2977 1760 3013 clare
1786 2977 1956 3012 indicant
1984 2976 2186 3013 lectionem
2213 2977 2295 3022 vel,
2315 2976 2400 3027 φημ’
2420 2975 2443 3021 ἢ

1437 3035 1562 3073 παύσει
1583 3035 1698 3079 ταῦτ’,
1718 3033 1853 3079 ἢ--νο1
1867 3062 1876 3078 ,
1891 3033 1980 3085 φημὶ
1998 3031 2124 3070 παύσει
2140 3034 2234 3070 ταῦτ’
2246 3033 2444 3080 {bt—certe

1440 3094 1545 3139 ταῦτ’,
1572 3106 1648 3129 nou
1669 3090 1818 3136 ταύτηνε
1843 3091 1914 3127 nisi
1935 3091 2062 3128 forsan
2093 3090 2140 3127 ad
2161 3089 2291 3136 ταύτην
2321 3103 2444 3128 arces-

1439 3152 1544 3189 sebat
1562 3151 1676 3187 homo
1698 3149 1813 3184 sutilis
1841 3147 2111 3197 κακοδαιμονίαν
2138 3161 2186 3185 ex
2202 3162 2237 3184 v.
2267 3149 2352 3184 501.
2376 3148 2442 3184 His

1441 3223 1529 3246 vero
1549 3207 1744 3256 interjecta
1760 3207 1958 3243 manifesto
1979 3207 2169 3256 explicant
2186 3207 2296 3243 aliam
2315 3205 2443 3242 lectio-

1439 3281 1523 3305 nem
1537 3296 1546 3313 ,
1564 3269 1593 3303 εἷ
1616 3264 1742 3302 παύσει
1765 3263 1906 3309 ταύτην.
1924 3269 1982 3301 An
2006 3263 2225 3313 legendum,
2254 3263 2294 3301 τὸ
2323 3263 2442 3300 οὐκοῦν

1440 3322 1948 3377 ἀποφαντικὸν--πλοῦτος,
1978 3320 2093 3360 οὐκέτι
2122 3319 2371 3371 κακοδαιμονία
2399 3318 2441 3356 ἂν

1619 3381 1639 3393 “
1676 3380 1705 3392 ”
1802 3381 1993 3418 οὐκοῦν-ὁ
2026 3381 2182 3422 Πλοῦτος
2211 3379 2339 3431 βλέψας
2357 3377 2441 3429 (vel
