2517 3792
898 237 1161 277 SCHOLIA
1197 239 1253 276 IN
1295 240 1547 279 PLUTUM.

155 332 211 369 λεν
238 330 357 368 εἰπεῖν.
379 326 548 364 σκώπτων
578 325 613 363 δὲ
636 325 694 363 τὸν
714 326 928 372 Φιλωνίδην,
949 321 987 363 οὗ
1012 327 1080 379 ἦρα
1105 327 1193 369 Λαΐς
1219 340 1222 348 ’

153 405 202 432 τις
225 390 259 425 ἐν
288 385 442 437 Κορίνθῳ
469 383 598 437 πόρνη,
628 383 729 422 τοῦτό
749 399 864 436 φησιν.
888 392 923 422 P.
953 384 1150 423 Φιλωνίδου
1182 399 1190 423 :
1220 396 1221 402 ¹

155 444 360 486 Ὀδυσσέως.
382 451 443 480 Dv.

204 516 267 541 304.
299 501 433 538 ἔπεισεν
459 513 468 538 :

117 574 133 597 5
151 575 275 612 χοντας
294 558 352 596 καὶ
376 557 620 610 ἀγριοχοίρους.
644 565 682 593 Ρ.

203 632 264 656 305.
297 615 519 666 μεμαγμένον
543 629 551 653 :
576 614 857 665 Μεμαλαγμένον
877 615 936 652 καὶ
957 615 1189 665 ἐζημιι)μένον.

153 684 193 715 Ρ.
223 692 260 725 μ.
287 674 381 726 σκὼρ
408 688 416 712 :
441 673 725 723 Μεμαλαγμένον
755 672 893 725 κόπρον.
918 682 956 712 Θ.
980 682 1043 711 De.
1066 672 1158 723 σκὼρ
1180 686 1188 710 :

152 734 305 786 Κόπρον,
335 732 461 770 σκάτον
493 731 648 783 τρώγειν.
673 730 758 776 αὐτὴ
785 745 793 769 t
817 731 862 769 ‘H
896 731 1008 782 Κίρκη
1040 729 1075 767 δὲ
1101 730 1191 780 ἐμά-

151 792 254 828 λαττε
280 791 349 833 τοῖς
381 789 538 840 ἑταίροις.
565 797 607 827 Ρ.
637 787 782 839 ἔματτεν
816 802 824 826 :
856 789 1088 838 Ἰῧμάλαττεν.
1126 796 1188 826 Du.

103 864 133 888 10
153 848 328 899 ἐμάλαττε
348 850 416 890 τοῖς
439 847 593 898 ἑταίροις.
615 855 654 885 Θ.

204 919 265 943 306.
294 905 427 948 πάντας
457 904 604 956 τρόπους
637 917 645 941 :
679 906 752 949 Τῆς
784 903 916 954 Κίρκης
946 902 1023 944 τοὺς
1047 901 1191 954 τρόπους

153 962 352 1013 μιμήσομαί
370 978 464 1015 φησι.
486 970 525 999 P.
548 961 631 1014 φησὶ
652 960 862 1010 μιμήσομαι.
888 968 924 998 R.

204 1035 265 1060 307.
296 1020 530 1073 γρυλλίζοντες
554 1032 562 1057 :
584 1018 713 1063 Φωνὴν
742 1019 900 1070 (μικρῶν)
926 1017 1052 1070 χοίρων
1075 1016 1190 1068 ἀφιέν-
1215 1031 1218 1058 ι

150 1095 215 1122 τες·
234 1077 420 1131 γρυλισμὸς
436 1077 502 1128 γὰρ
525 1080 546 1122 ἡ
567 1079 634 1113 τιΝ)ιν
656 1076 817 1127 (μικρῶν)
836 1076 962 1128 γοίρων
979 1075 1088 1128 φωνή.
1105 1084 1142 1113 R.
1147 1083 1188 1113 V.

103 1155 132 1178 ις,
152 1136 277 1186 ὁμοίως
295 1135 423 1188 χοίροις
441 1137 597 1186 βοῶντες.
611 1141 649 1171 Θ.
665 1142 727 1171 Βυ.
748 1134 875 1185 χοίρων
896 1132 1010 1186 φωνὴν
1026 1133 1189 1186 ἀφιέντες.

151 1202 191 1232 Ρ.
227 1192 484 1245 1·ιέι.φιλιδίας
515 1205 523 1230 :
558 1191 770 1235 Φιλιδονίας.
800 1200 864 1231 Dv.
887 1191 1048 1245 φιληδίας
1081 1206 1089 1230 :
1125 1192 1190 1229 ὑπὸ

151 1252 347 1304 φιληδονίας
366 1250 425 1288 καὶ
449 1249 575 1292 ἀνοίας.
596 1258 634 1287 R
640 1257 680 1287 P.

202 1322 267 1348 308.
297 1308 419 1346 ἔπεσθε
446 1321 454 1346 :
482 1307 662 1360 Παροιμία
683 1307 740 1345 ἐπὶ
764 1310 831 1345 τῶν
855 1307 1073 1345 ἀπαιδεύτων
1091 1308 1190 1357 λεγο-

152 1365 248 1416 μένη.
266 1365 371 1417 μητρὶ
390 1379 398 1404 :
418 1366 534 1415 Ἐμοί.
555 1374 596 1405 Ρ.

203 1438 266 1463 309.
294 1426 417 1463 οὐκοῦν
449 1439 487 1461 σε
512 1423 574 1470 τὴν
610 1423 745 1476 Κίρκην
778 1438 786 1463 :
821 1424 913 1476 ΞἸόῧ
942 1424 1098 1476 δευτέρου
1132 1440 1189 1462 συ-

492 499 717 538 Κατέπεισεν.
735 499 835 543 ὄντας
855 500 1008 551 κάπρους
1029 513 1037 538 2

1060 500 1191 552 Ἱ’πάρ-
1219 506 1221 515 “

99 1443 134 1469 20

153 1482 326 1533 στήματος
350 1482 463 1533 στίχοι
483 1498 542 1519 και
565 1483 662 1519 κῶλα
687 1481 786 1520 ἑπτά.
807 1482 926 1533 ἔχουσι
947 1483 975 1519 δ’
1003 1483 1128 1532 ὁμοίως
1149 1485 1191 1533 τῇ

152 1542 334 1594 προφθάσῃ
351 1540 500 1593 περιόδιι)
529 1541 604 1579 καθ’
633 1540 740 1579 ἔκαστ
742 1557 789 1579 ιῑν.
793 1541 811 1593 Ἦ
830 1565 881 1569 ——-
898 1543 936 1578 τὸ
960 1540 1053 1588 ἑξης,
1071 1544 1191 1579 οὔκουν

153 1616 191 1638 σε
204 1600 366 1643 λαὸόντες
382 1602 578 1652 κρεμῶμεν.
595 1608 635 1637 V.
652 1601 772 1637 οὔκουν
789 1615 826 1636 σε
843 1599 1008 1643 λαὸόντες
1023 1600 1192 1652 κρεμάσθ-

153 1674 227 1708 μεν.
253 1666 292 1697 R.
317 1659 544 1695 ἀνακυκῶσαν
569 1671 578 1696 :
601 1656 836 1708 Μιγνύουσαν.
860 1666 922 1695 Dv.
953 1665 1035 1696 sict.
1062 1660 1192 1696 ἀνατα-

100 1737 133 1760 25
154 1716 358 1768 ράττουσαν.
381 1723 420 1753 Ρ.

202 1787 266 1812 310.
307 1772 593 1824 μαγγανεύουσαν
636 1773 878 1823 (μαγεύουσαν
920 1775 1021 1824 Vict.)
1059 1788 1068 1812 :
1101 1776 1192 1821 Γοη-

152 1830 334 1870 τεύουσαν.
356 1838 398 1870 Ρ.
419 1830 633 1881 μολύνουσαν
655 1843 663 1868 :
682 1830 913 1870 Μιαίνουσαν.
933 1839 973 1869 Ρ.
997 1838 1079 1869 Vict.

204 1902 267 1927 311.
297 1888 482 1941 Ξλαὸόντες
519 1902 528 1927 :
568 1888 673 1926 Οὕτω
712 1890 778 1926 κάν
816 1895 887 1932 τοῖς
921 1890 1082 1932 παλαιοῖς
1124 1892 1192 1928 τῶν

153 1946 370 2000 ἀντιγράφων
388 1946 551 1998 εὕρηται,
567 1945 610 1984 ἵν’
626 1941 648 1998 ἦ
666 1945 783 1996 ὅμοιον
799 1949 849 1999 τῷ
867 1946 938 1985 ἄνω
957 1947 1061 2000 τρίτῳ
1078 1948 1192 2000 κώλῳ.

99 2016 134 2041 3ο
152 2004 190 2042 τὸ
214 2004 271 2052 δὲ,
292 2003 336 2052 ἢν
360 2004 538 2055 λάὸωμεν,
559 2006 597 2042 οὖ
623 2004 714 2042 πάνυ
741 2003 915 2056 δόκιμον]
932 2005 1154 2049 -ὶιαὸόντες
1181 2020 1189 2045 :

152 2062 410 2115 Κρατήσαντες.
437 2062 598 2115 φιληδίας
624 2076 633 2101 t
660 2061 885 2108 Φιληδονίας.
907 2071 948 2100 Ρ.
976 2070 1058 2100 vict.

203 2134 268 2159 312.
297 2123 366 2158 τῶν
383 2120 514 2173 ὄρχεων
531 2123 716 2172 κρεμῶμεν
736 2134 744 2159 2
770 2119 855 2158 Δέον
882 2122 989 2157 εἰπεῖν
1006 2120 1098 2173 ξίφος
1119 2123 1192 2158 ἐπι-ι

151 2177 298 2230 φέρομέν
316 2193 390 2225 σοι,
415 2177 504 2215 καθὰ
534 2178 593 2214 καὶ
621 2177 811 2220 Ὀδυσσεὺς
834 2180 876 2228 τῇ
904 2177 1042 2229 Κίρκῃ,
1063 2180 1080 2214 6
1103 2177 1158 2224 δὲ,
1177 2178 1194 2216 ὃ

153 2234 355 2285 συμὸέὸηκε
377 2237 427 2287 τῷ
450 2235 617 2274 Ὀδυσσεῖ
636 2234 727 2272 κατὰ
742 2234 805 2280 τὴν
829 2239 887 2272 τοῦ
912 2237 1040 2288 ἐρινεοῦ
1060 2236 1194 2287 ἐποχὴν

100 2307 134 2330 35
153 2294 188 2330 ἐν
212 2295 261 2344 τῷ
290 2292 422 2344 στομίῳ
446 2296 508 2339 τ’ἧς
536 2292 769 2345 Χαρύὸδεως,
796 2293 853 2330 ἐπὶ
880 2292 942 2339 τὴν
971 2293 1106 2340 Κίρκην
1132 2310 1194 2343 με-

151 2349 313 2399 τήγαγεν.
351 2349 397 2398 ἢ,
435 2353 480 2393 ὡς
512 2352 640 2390 ἐκεῖνος
674 2350 868 2388 Μελάνθιον
905 2350 1110 2403 ἐκρέμασεν.

153 2407 305 2458 Λαρτίου
326 2421 335 2446 z
358 2408 441 2446 Υἱὸν
465 2409 542 2454 δηλ.
560 2408 617 2446 τὸν
640 2408 827 2447 Ὀδυσσέα.
848 2412 916 2446 τῶν
930 2409 1062 2460 ὄρχεων
1086 2423 1094 2448 :
1111 2410 1194 2448 Ἀπὸ

152 2466 220 2501 τῶν
256 2463 398 2517 ὄρχεων.
437 2473 479 2505 P.
519 2468 587 2503 τῶν
623 2465 752 2517 ὄρχεων
791 2469 973 2518 κρεμῶμεν
1013 2481 1021 2506 :
1056 2467 1194 2521 ‘'sse-tm?

153 2523 279 2566 ἐκεῖνος
314 2523 352 2560 τὸ
384 2522 474 2576 ξίφος
504 2523 595 2561 κατὰ
625 2527 686 2570 τῆς
723 2524 856 2577 Κίρκης
884 2524 1064 2575 ἀνέτεινεν,
1092 2525 1115 2571 ἢ
1149 2528 1195 2569 ὡς

51 2630 54 2632 -
102 2592 135 2617 40
154 2580 490 2636 ἐκεῖνοςιΜελάνθιον
505 2580 688 2634 ἐκρέμασε.
705 2588 789 2621 Vict.

205 2651 267 2677 313.
284 2637 513 2693 (μινθώσομεν
537 2653 546 2678 :
570 2639 699 2678 Μίνθον
723 2641 754 2677 οἱ
780 2639 842 2690 μὲν
867 2643 924 2678 τὸν
952 2639 1138 2692 ἡδύοσμον·
1162 2644 1193 2680 οἱ

155 2694 192 2733 δὲ
219 2695 281 2742 τὴν
309 2696 435 2747 ἴυγγα,
463 2700 509 2741 ὡς
534 2703 646 2736 κεῖται
678 2700 712 2736 ἐν
731 2702 774 2750 τῇ
806 2702 946 2750 κωμικῇ
972 2699 1074 2744 λέξει.
1096 2702 1126 2738 οἱ
1158 2700 1194 2738 86

156 2747 241 2796 εἶδος
266 2753 384 2797 ἄνθους
408 2755 443 2791 ἐν
471 2758 514 2805 τῇ
540 2755 658 2808 κόπρω
683 2755 872 2808 φυομένου,
904 2761 932 2809 ᾡ
959 2757 1140 2810 χαίρουσιν
1162 2761 1192 2796 οἱ

155 2809 288 2860 τράγοι.
342 2810 486 2854 Ἀλλως.
491 2812 624 2862 )μίνθος
642 2813 780 2864 λέγεται
799 2817 821 2860 ἡ
843 2814 970 2867 κόπρος
985 2819 1053 2853 τῶν
1072 2818 1190 2867 αἰγων.

105 2879 138 2902 «5
158 2866 296 2904 ἐπειδὰν
321 2867 357 2904 δὲ
376 2870 408 2905 οι
426 2871 547 2921 τράγοι
569 2872 697 2923 ψυγμῶ
717 2872 962 2924 περιπέσωσιν,
983 2873 1142 2911 εἰώθασιν
1163 2877 1194 2913 οἱ

159 2924 296 2962 αἰπόλοι
321 2925 511 2975 λαμὸάνειν
538 2927 600 2973 τὴν
626 2928 753 2981 κόπρον
775 2932 886 2968 αὐτῶν
916 2931 975 2969 καὶ
1001 2932 1111 2985 γρίειν
1132 2949 1193 2971 αυ-
1218 2962 1219 2986 γ

159 2985 225 3020 τῶν
250 2998 328 3025 τους
349 2987 545 3036 μυκτηΝρας,
573 2986 634 3023 καὶ
661 3002 766 3030 ουτως
794 2992 838 3041 τῇ
864 2990 1012 3027 δυσωδία
1033 2991 1192 3043 πταρμὸν
1218 2992 1219 2997 ’

160 3043 276 3086 κινεῖν,
292 3039 403 3093 τούτῳ
419 3039 454 3078 86
469 3043 519 3093 τῷ
535 3041 651 3095 τρόπῳ
667 3043 760 3082 λύειν
776 3045 814 3083 τὸ
831 3047 948 3090 πάθος·
966 3051 984 3085 ὃ
999 3048 1066 3099 γὰρ
1083 3065 1219 3122 πτασρ-Ῑ
1218 3034 1219 3061 ί

161 3098 223 3148 μὸς
256 3097 439 3150 θεραπεύει
468 3099 508 3136 τὸ
536 3100 654 3144 πάθος.
688 3104 727 3139 ἐκ
760 3103 881 3143 τούτου
911 3109 968 3143 οὖν
1004 3122 1105 3158 φησιν
1143 3108 1195 3145 ὅτι

107 3169 142 3192 ει)
161 3154 347 3206 ἀηδίσομέν
369 3170 424 3202 σε,
447 3156 520 3193 ἐπει
544 3157 603 3195 καὶ
627 3161 662 3196 αἱ
685 3164 779 3210 αἶγες
801 3163 839 3199 ἐκ
863 3179 924 3209 της
944 3163 1074 3216 κόπρου
1097 3165 1195 3211 ἀηδί-

159 3216 287 3258 ζονται.
380 3185 538 3283 (ἲίλλως.
566 3216 803 3274 κοπρώσομεν·
822 3219 938 3268 μίνθος
954 3221 1019 3273 γὰρ
1043 3221 1175 3266 ἄνθος’
1160 3238 1194 3260 εν
1217 3259 1219 3263 .

162 3273 201 3321 τῇ
230 3270 349 3323 κόπρῳ
383 3271 562 3323 φυόμενον,
590 3277 618 3325 ᾧ
651 3274 830 3325 χαίρουσιν
865 3279 896 3314 οι
924 3278 1056 3330 τράγοι.
1094 3282 1125 3318 οι
1160 3280 1219 3318 86³

162 3329 278 3377 μίνθον
295 3329 380 3381 φασὶ
395 3345 457 3375 την
479 3330 694 3382 ἀνθρωπίνην
715 3331 853 3385 κόπρον,
869 3339 929 3385 ᾑγ
909 3338 1062 3386 χρῶνται
1077 3353 1195 3389 παρα-

160 3385 333 3438 τρίὸοντες
353 3389 384 3425 οἱ
407 3387 567 3438 ποιμένες
592 3389 625 3426 ἓν
645 3391 695 3426 τιιΝ)
720 3391 956 3444 δυσενεργήτῳ
974 3396 1041 3431 τῶν
1061 3395 1196 3447 τράγων
1217 3405 1220 3424 ¹

2213 253 2285 285 343

1250 329 1430 380 πταρμῷ.)
1444 350 1478 354 -
1500 326 1724 377 μινθώσωμεν
1745 342 1752 366 :
1772 329 1963 379 Πείσωμεν.
1987 339 2046 369 Dc.
2072 332 2190 384 κόπρῳ
2210 334 2288 386 χρί-

1251 401 1378 434 σωμεν.
1403 387 1482 421 l‘ics.
1499 386 1616 438 κόπρῳ
1631 386 1822 436 πάσσομεν.
1839 387 1920 424 ὅταν
1937 388 2002 440 γὰρ
2018 389 2084 426 ὑπὸ
2098 391 2242 442 κορύζης
2256 394 2287 429 οἱ

1220 473 1221 497 }
1248 442 1370 494 τράγοι
1391 447 1653 494 κατασχεθῶσιν
1666 473 1675 489 ,
1701 444 1790 482 οὕτω
1817 445 1899 496 πρὸς
1916 447 2122 493 ἀπαλλαγὴν
2139 448 2287 487 πάττον-

2130 505 2243 545 νΟταν
2255 509 2286 545 οἱ

1249 515 1319 538 ται.
1337 500 1450 549 μίνθος
1464 500 1530 551 γὰρ
1545 504 1565 545 ἡ
1581 501 1718 553 κόπρος.
1730 510 1769 540 Θ.
1788 511 1820 539 Ρ.
1836 502 1952 555 ὥσπερ
1965 505 2093 556 τράγου
2110 520 2118 544 z

1249 556 1369 608 τράγοι
1394 558 1459 595 ὑπὸ
1479 558 1623 610 κορύζης
1647 563 1906 610 κατασχεθῶσι,
1924 562 2043 614 κόπρῳ
2062 564 2219 615 χρίονται
2240 568 2286 608 εἷς
2307 581 2316 588 ·

1249 615 1458 665 ἀπαλλαγὴν
1476 619 1534 652 τοῦ
1554 616 1692 658 πάθους.
1712 623 1795 654 Vi(·.t

1301 686 1365 710 314.
1397 688 1438 709 συ
1462 673 1490 709 8'
1516 673 1630 724 Αρίστ
1633 675 1731 716 υλλος
1755 689 1763 712 :
1800 691 1803 715 ι
1816 676 1858 713 0
1895 676 2109 727 Ἀρίστυλλος
2135 681 2286 732 αισχρός·

1249 745 1308 766 και
1328 732 1361 766 ἐν
1385 730 1494 768 Εκκλ
1496 731 1718 775 ησιαζούσαις
1733 720 1815 782 [1547]
1838 732 2011 782 μέμνηται
2035 750 2139 773 αυτου
2163 755 2208 780 ως
2234 741 2289 776 αἷ-

1249 802 1448 857 σᾈροποιου.
1466 787 1612 824 λείπει
1594 787 1628 824 οὶ
1646 788 1685 825 τὸ
1700 790 1764 835 ὡς,
1781 805 1826 832 ως
1840 793 1857 827 6
1868 790 2085 842 Ἀρίστυλλος
2101 796 2288 846 αἰσχρουρ-

1247 845 1346 917 γίαις
1359 844 1525 916 κεᾈηνιίς
1550 846 1777 898 αἷσχρουργὸν
1798 846 1865 917 γὰρ
1886 848 1988 885 αυτόν
2010 865 2122 901 φησι
2113 853 2260 899 ποιητην
2266 857 2286 904 ,)

1248 901 1282 944 ὃς
1298 901 1354 939 διὰ
1373 902 1435 947 τὴν
1450 902 1698 954 αἰσχρουργίαν
1716 905 1819 941 αυτοῦ
1840 904 1894 941 ἀεὶ
1918 907 2000 956 ἐκεχ
2002 923 2059 951 ηνε
2064 924 2086 946 ι.
2114 913 2213 947 τοῦτο
2233 926 2290 948 ουν

1248 975 1363 1012 φησιν,
1383 959 1514 1031 ὡσπεῊρ
1522 964 1539 998 6
1556 960 1772 1013 Ἀρίστυλλος
1790 962 1945 1035 κεχηνιὶη
1961 965 2200 1016 ἐρεῖς,ἑ’πεσοε
2222 985 2290 1018 υη-

1248 1017 1303 1067 τρὶ
1322 1023 1451 1070 χοῖροι,
1475 1018 1570 1069 Ξάντι
1592 1023 1652 1056 τοῦ
1677 1019 1764 1069 ἐμοί·
1785 1024 1884 1058 τοῦτο
1905 1021 1938 1058 86
1960 1026 2179 1073 παρομιῶδες
2205 1021 2291 1064 εἶναί

1249 1090 1364 1124 φασιν·
1382 1078 1412 1113 οἱ
1429 1075 1495 1128 γὰρ
1510 1077 1630 1119 παῖδες
1645 1081 1745 1114 τοῦτο
1757 1077 1945 1116 εἷώθασιλέ
1930 1096 2034 1149 ιγειν,
2047 1081 2090 1118 ἔτ’
2080 1086 2168 1120 εσθε
2185 1100 2291 1137 μητρι

1247 1135 1369 1184 γοῖροι·
1388 1133 1621 1185 παροιμιακὸν
1641 1151 1698 1172 ουν
1719 1136 1810 1182 ἐστι,
1827 1136 1887 1174 καὶ
1907 1152 1963 1174 επι
1987 1140 2054 1175 τῶν
2075 1141 2291 1179 ἀπαιδεύτων

1249 1206 1334 1251 φασι
1352 1190 1524 1242 λέγεσθαι.
1529 1191 1546 1243 Ἦ
1562 1216 1613 1221 --
1629 1195 1706 1264 ρῒνα
1730 1207 1738 1232 1
1760 1193 1835 1239 Την
1853 1194 1970 1244 μίτην.
1991 1204 2030 1233 Ρ.
2043 1199 2060 1233 6
2076 1197 2291 1248 ,Ἀρίστυλλος

1249 1253 1345 1292 ουτος
1358 1249 1546 1299 μαλακὸς
1530 1251 1670 1296 ηνκαὶι
1655 1254 1703 1289 τῶ
1717 1251 1805 1288 στόυ.
1810 1268 1864 1289 ατι
1878 1252 2034 1303 χάσκιι,)ν
2045 1257 2091 1297 ὡς
2107 1271 2157 1292 τοι
2147 1259 2291 1308 ςὸρῶσι

1249 1313 1353 1344 κινεῖν
1370 1307 1519 1358 γέλωτα.
1541 1317 1576 1346 Ρ.
1596 1310 1680 1342 Vlt't-

1302 1379 1364 1404 316.
1396 1365 1492 1417 Ξάλλ’
1509 1370 1589 1404 εἰαε
1608 1368 1834 1420 Τηςτρίτνς
1824 1369 1983 1420 περιόδου
2001 1370 2291 1421 στίχοικαικιιὫια

1250 1423 1304 1469 ἓξ,
1327 1439 1373 1460 ων
1391 1423 1429 1460 τὸ
1449 1422 1510 1473 μὲν
1538 1426 1673 1476 πρῶτον
1694 1441 1753 1462 και
1772 1427 1967 1464 τελευταῖον
1987 1428 2204 1482 τετράμετρα
2225 1446 2291 1467 κα-

1248 1481 1462 1527 ταληκτικὰ,
1482 1481 1526 1518 τὰ
1546 1481 1581 1519 86
1601 1482 1766 1532 μεταξυ
1748 1484 1922 1555 οίαετρα
1911 1486 2046 1522 ἀκατάλ
2049 1501 2151 1531 ηκτα·
2167 1488 2223 1526 επὶ
2243 1505 2292 1527 τιι)

1249 1538 1339 1576 τέλει
1371 1541 1490 1576 διπλαῖ
1522 1539 1585 1583 ἔξω
1612 1547 1819 1589 νενευκυῖαι,
1844 1546 1864 1588 ἢ
1894 1541 1955 1592 μὲν
1984 1544 2018 1580 ἐν
2043 1560 2085 1595 τῃ
2115 1546 2207 1597 ἀργῇ
2232 1563 2291 1585 του

1249 1596 1322 1634 κώ)
1325 1613 1380 1643 ου,
1399 1600 1421 1643 ἡ
1440 1597 1475 1634 86
1493 1597 1583 1635 κατὰ
1599 1597 1638 1635 τὸ
1654 1598 1762 1642 τέλος.
1766 1599 1784 1651 J
1810 1623 1856 1628 --
1873 1600 2057 1650 σκομάτιι)ν
2085 1615 2093 1639 :
2117 1601 2166 1641 “l
2170 1603 2290 1655 Ερεων.

1250 1663 1312 1692 Dv.
1332 1653 1462 1707 ῧὸρεων
1484 1657 1599 1693 ἐλευθε
1587 1657 1775 1708 ερωθέντες.
1793 1666 1834 1695 Ρ
1858 1637 2117 1709 ἀπαλινὶαγέντες
2146 1674 2154 1698 :
2186 1662 2292 1700 Ἀπο-

1250 1713 1404 1755 στάντες.
1430 1721 1510 1750 I'ict.

1303 1784 1364 1810 317.
1395 1772 1449 1808 ἐπ’
1473 1771 1549 1808 ἄλλ’
1570 1766 1657 1814 εἶδος
1690 1786 1698 1811 :
1728 1775 1789 1816 Εἷς
1818 1774 1925 1820 ἄλλην
1946 1774 2021 1812 ὁδόν
2042 1791 2129 1813 τινα.
2151 1785 2190 1814 P.
2208 1779 2292 1817 ἄλλο

1249 1843 1282 1865 τι
1302 1828 1469 1878 ἐναντίον,
1489 1831 1534 1871 εἷς
1552 1828 1591 1866 τὸ
1607 1829 1732 1879 μηκέτι
1749 1831 1932 1870 σκώπτειν.
1952 1839 1988 1869 R.
2004 1840 2042 1869 V.

1303 1899 1367 1924 318.
1400 1885 1468 1936 ἐγὼ
1488 1886 1517 1923 δ’
1537 1885 1596 1924 ἰὼν
1619 1900 1627 1926 :
1649 1887 1827 1926 Δείκνυσιν
1848 1892 2010 1936 ἐντεῦθεν,
2030 1893 2075 1934 ὡς
2095 1897 2237 1932 τοιαῦτα
2263 1897 2293 1933 οἱ

1250 1944 1365 1981 δοῦλοι
1384 1949 1493 1981 ποιεῖν
1509 1945 1680 1983 εἰώθασιν.
1705 1954 1744 1985 Θ.
1762 1953 1946 1984 J11nt.Vict.
1974 1948 2031 1986 ἰὼν
2056 1964 2064 1988 :
2096 1953 2293 2004 Πορευθείς·

1249 2000 1362 2053 λάθρα
1382 2014 1390 2039 :
1416 2002 1580 2054 Κρυιρίως
1595 2007 1654 2040 τοῦ
1674 2003 1838 2042 δεσπότου
1859 2005 1935 2050 δηλ.
1957 2014 1996 2043 P.

1303 2071 1366 2096 319.
1395 2063 1456 2096 τοῦ
1477 2059 1643 2098 δεσπότου
1671 2075 1679 2099 :
1701 2060 1882 2099 Δείκνυσιν
1901 2064 2063 2111 ἐνταῦθα,
2089 2067 2134 2108 ὡς
2152 2071 2294 2105 τοιαῦτα

1250 2117 1281 2153 οἱ
1302 2116 1416 2153 δοῦλοι
1433 2118 1542 2154 ποιεῖν
1563 2117 1738 2157 εἰώθασιν.
1764 2127 1800 2156 Ρ.

1304 2186 1367 2211 321.
1399 2176 1448 2226 τῷ
1465 2173 1564 2212 κόπω
1594 2189 1602 2213 :
1631 2176 1729 2214 ToJ’'
1710 2192 1746 2247 ερ
1749 2193 1800 2228 γιι)
1816 2177 1875 2214 καὶ
1904 2194 1946 2229 τῃ
1966 2179 2045 2231 περὶ
2064 2180 2122 2218 τὸν
2144 2183 2292 2220 πλουτον

1251 2230 1444 2282 ἐπιμελείᾳ.
1463 2232 1531 2269 ἀπὸ
1547 2214 1729 2282 θέματος
1711 2249 1746 2271 05
1762 2250 1821 2271 του
1843 2239 1945 2285 μασῶ
1960 2238 2015 2274 δευ
2019 2237 2118 2289 τέρας
2135 2240 2294 2291 συζυγίας

1251 2288 1290 2325 τὸ
1321 2289 1544 2339 μασώμενος,
1573 2294 1619 2333 ὡς
1646 2292 1730 2343 γιε)’
1709 2308 1850 2341 ωμεν.ος
1872 2317 1921 2321 —
1952 2310 2061 2343 μασσ.
2091 2297 2130 2334 τὸ
2160 2298 2292 2346 λοιπὸν,

1251 2345 1369 2384 οὕτως
1392 2347 1551 2390 Εἰςτὸῢ
1518 2364 1550 2385 5
1538 2351 1603 2417 ,ἧς
1622 2362 1663 2392 Ρ
1681 2350 1777 2387 κόπω
1798 2365 1806 2388 :
1826 2353 2113 2406 Ἱῃταλαιπωρία
2126 2357 2295 2409 συνυπάρ-

1251 2419 1324 2454 χειν
1348 2407 1452 2442 ..τῶ
1473 2404 1627 2457 ὓστέριι),
1648 2408 1677 2443 εἰ
1698 2407 1765 2458 ἄρα
1786 2407 1906 2446 τούτου
1927 2409 2099 2456 δεήσεται.
2121 2419 2221 2453 Paris

1303 2474 1368 2500 322.
1401 2463 1534 2514 χαίρειν
1563 2463 1624 2512 μὲν
1647 2467 1738 2515 ὑμας
1765 2479 1773 2504 :
1806 2466 2042 2519 ΞΚορωνις,
2021 2485 2073 2507 οτι
2098 2471 2243 2509 εἰσίασιν
2263 2475 2294 2510 οἱ

1251 2520 1444 2577 ὑποκριταί.
1462 2522 1492 2558 οἱ
1508 2520 1542 2558 86
1561 2521 1673 2572 στίχοι
1691 2523 1848 2573 ἷαμὸικοὶ
1864 2524 2039 2579 τρίμετροι
2056 2529 2294 2576 ἀκατάληκτοι

1250 2576 1302 2626 47¹
1307 2606 1316 2623 ‚
1331 2592 1377 2613 ων
1395 2579 1412 2614 ὀ
1426 2580 1633 2622 τελευταῖος·
1651 2598 1665 2613 «
1677 2596 1736 2617 και
1753 2580 1793 2627 δη
1811 2582 1952 2633 βαδίζω.
1974 2587 2100 2623 σπευδε
2114 2590 2184 2623 νῦν·
2201 2589 2292 2626 τοῦτ’

1251 2654 1267 2668 «
1287 2635 1410 2673 αὐτὸ
1392 2639 1471 2689 οριιΝ).
1496 2637 1531 2689 υ]
1557 2640 1574 2675 ὁ
1600 2639 1802 2690 Χρεμύλος,
1829 2658 1875 2684 ως
1889 2644 2085 2715 Ηκαινισθεις
2113 2661 2154 2698 τῃ
2181 2646 2292 2698 τύχῃ,

1250 2694 1451 2747 καινοτέραν
1462 2697 1696 2768 προσηγορίαν
1714 2701 1852 2737 ἐπινοεῖ·
1866 2699 1905 2737 τὸ
1915 2717 1982 2752 γαρ
1993 2717 2126 2754 [κιρειν
2144 2705 2292 2742 παλαιόν

1249 2753 1333 2789 ἐστι.
1355 2753 1477 2803 ἀμέλει
1501 2758 1559 2791 ουν
1580 2755 1734 2808 ἐπιφέρει
1751 2755 1790 2793 τὸ
1810 2758 2052 2808 ἀσπάζομαι’
2031 2769 2091 2798 ατε
2113 2761 2153 2807 δὴ
2172 2763 2291 2800 καινό-

1249 2825 1360 2863 τερον.

1305 2869 1328 2917 (
1318 2868 1397 2920 περὶ
1413 2885 1473 2906 του
1495 2872 1529 2907 ἐν
1552 2887 1594 2922 τῃ
1617 2871 1755 2917 συνηθε
1745 2888 1780 2922 ιᾳ
1794 2872 1960 2924 χαίρειν
1944 2889 2003 2911 του
2020 2890 2056 2912 τε
2072 2877 2106 2912 ἐν
2122 2879 2196 2919 ταῖς
2216 2879 2290 2914 ἐπι-

1251 2927 1407 2975 στολαις,
1434 2926 1627 2979 γέγραπται
1647 2930 1816 2966 Διονυσίω
1849 2930 2054 2978 αονόὸιὸλον
2074 2934 2153 2985 περὶ
2173 2951 2290 2974 αυτου·

1249 2982 1309 3020 καὶ
1322 2982 1372 3020 λε·
1363 2999 1415 3033 γει
1430 2984 1491 3034 μὲν
1508 2985 1572 3022 υπὸ
1588 2985 1746 3029 Κλέωνος
1758 2990 1893 3038 πρῶτον
1906 2988 1989 3025 αὐτὸ
2003 2990 2187 3042 τετάχθαι,
2205 2993 2292 3046 γρά-

1250 3057 1369 3093 ιροντος
1400 3042 1484 3094 πρὸς
1512 3043 1739 3089 Ἀθηναίους
1723 3061 1768 3087 ως
1797 3043 1868 3082 ε’λοι
1896 3045 1973 3089 τοὺς
2001 3048 2034 3084 ἐν
2063 3050 2290 3121 Σφακτηρία,

1251 3098 1326 3137 Κλ
1309 3115 1372 3136 εων
1387 3099 1572 3147 ’·Αθηναίων
1588 3118 1631 3152 τῃ
1649 3103 1754 3153 βουλῃ
1773 3102 1832 3140 καὶ
1852 3106 1899 3140 τιΝ)
1917 3104 2018 3177 δήμω
2037 3106 2181 3158 χαίρειν.
2198 3109 2290 3159 λέγει

1251 3155 1286 3194 86
1306 3156 1389 3194 αυτὸ
1409 3159 1544 3195 κεῖσθαι
1560 3160 1718 3210 περιττὸν
1739 3160 1798 3197 καὶ
1830 3177 1910 3212 περι
1938 3178 2001 3208 την
2022 3163 2180 3209 σύνταξιν
2201 3167 2289 3204 ἀσύ-

1250 3230 1387 3252 στατον.
1408 3232 1446 3253 εκ
1460 3216 1495 3253 86
1514 3220 1575 3262 τῆς
1593 3217 1782 3262 συντάξεως
1798 3234 1856 3255 του
1880 3218 1982 3270 λόγου
2004 3222 2107 3273 φασὶν
2132 3225 2290 3263 ἀσύστα-

1249 3287 1318 3319 τον,
1340 3274 1368 3309 εἷ
1390 3272 1438 3322 μή
1463 3290 1511 3316 τις
1535 3274 1618 3311 αυτὸ
1637 3273 1739 3311 ὶάῧοι
1762 3275 2012 3329 ἀπαρέμφατον
2030 3280 2106 3318 ἀντὶ
2131 3297 2288 3333 προστα-

1249 3346 1385 3376 κτικου,
1403 3334 1448 3374 ὡς
1465 3348 1525 3368 και
1543 3332 1640 3384 παρὰ
1659 3335 1707 3370 τῶ
1726 3349 1852 3386 ποιητῃ
1869 3337 1922 3386 [11.
1942 3345 1984 3384 Δ,
2005 3343 2051 3384 71]

1334 3414 1438 3450 πειρᾶν
1456 3412 1481 3441 δ’
1493 3435 1501 3450 ,
1517 3413 1557 3446 ὥς
1573 3423 1607 3442 κε
1609 3425 1624 3441 ν
1639 3414 1738 3452 Τρῶες
1759 3415 1983 3455 υπερκύδαντας
1997 3417 2164 3459 Ἀχαιούς.)

2313 875 2343 898 lo

2311 1442 2345 1466 20

2314 2032 2348 2054 3⁴1

2312 2322 2346 2346 δι’)

2313 2617 2347 2640 40

2309 2900 2344 2924 45

2309 3202 2343 3227 [ιο
