2533 3808
316 214 389 245 614

1059 199 1088 235 A
1098 195 1354 234 DNOTATIO
1386 195 1436 231 IN
1465 193 1636 232 SCHOL.

314 290 401 327 nob.
418 292 457 327 C.
475 302 506 333 1,
523 288 568 324 33
582 300 592 331 ;
606 289 712 322 ταῦτα
727 283 912 333 σύμπαντα
922 280 1130 333 χαριστήρια
1146 281 1195 332 τῷ
1214 279 1326 329 Ἀχιλ·
1378 278 1450 314 Hic
1482 278 1598 327 igitur
1620 279 1700 328 pari
1728 279 1864 327 modo,
1898 280 1933 316 ἐν
1963 282 2145 329 πορφυροῖς
2159 306 2169 323 ,
2191 284 2388 327 purpureis

313 347 366 383 λεῖ
384 344 560 382 ἀνάκειται
579 342 728 379 Arrian.
749 344 788 378 P.
813 343 852 377 P.
870 343 912 377 E.
935 353 971 389 p.
994 353 1005 374 1
1018 339 1053 383 3,
1073 352 1118 374 10
1131 366 1140 383 ,
1164 341 1220 374 De
1239 349 1323 372 ven.

313 417 346 439 c.
375 404 441 447 353
472 399 693 452 χαριστήριον
717 400 778 443 τῆς
803 396 936 448 Ἰκάρου
962 399 1072 449 ταφῆς
1101 395 1262 444 Hesych.
1288 394 1324 429 in

315 458 526 504 Πλήξαντα·
551 457 640 494 inde
658 455 944 507 Προχαριστήρια
963 455 1009 491 ab
1039 455 1105 499 iis,
1128 453 1194 503 qui
1218 460 1326 488 vete-

315 530 397 553 rum
426 516 519 552 festa
539 515 792 563 collegerunt,
810 514 976 562 neglecta
1006 511 1141 550 Suidas
1160 522 1329 546 comme-

316 573 475 610 moravit
497 587 504 608 :
533 571 866 622 Προσχαιρηττζρια,
888 570 924 606 in
943 569 1082 618 quibus
1096 565 1329 617 explicandis

314 630 469 666 mirifice
484 630 610 678 lapsus
630 637 686 665 est
701 631 759 665 Jo.
777 631 918 664 Meurs.
932 627 969 663 in
985 631 1105 664 Graec.
1126 629 1222 669 Fer„
1240 636 1329 674 per-

315 700 442 737 peram
457 686 562 735 apud
581 685 925 735 Harpocrationem
947 685 1036 734 legi,
1056 684 1115 720 vel
1137 683 1232 720 ordo
1252 682 1332 718 lite-

314 757 441 781 rarum
473 743 801 780 demonstraverit.
833 745 966 791 Neque
991 742 1151 778 alterum
1183 749 1331 778 tamen,

314 802 421 851 quasi
440 801 617 850 exemplo
638 808 801 847 careret,
825 808 965 836 temere
996 799 1149 836 videtur
1173 797 1331 848 repudi-

315 859 457 895 andum
479 872 488 897 ε
511 859 677 907 Etymol.
697 871 733 908 p.
757 859 846 903 706,
865 864 910 901 44
934 871 943 895 :
967 856 1052 909 ὑπὲρ
1075 856 1189 906 ὑγείας
1208 855 1266 892 καὶ
1281 856 1334 892 εὐ-

317 914 440 966 τυχίας
457 914 718 967 εὖχαριστῆρια.
737 933 751 948 »
772 918 919 952 Hmisr.
939 916 985 957 εἷς
1003 913 1213 966 χαριστήρια
1230 915 1277 952 Θ.
1298 938 1335 943 -

317 979 337 1016 4
356 978 430 1014 ταῖς
449 986 524 1010 om.
546 977 629 1010 G.—
647 974 668 1008 6
689 973 821 1024 ἑρκείου
847 972 990 1009 Suidas.
1013 971 1259 1009 Scribebatur
1279 972 1336 1022 ἑρ-

316 1030 404 1068 κίου.
429 1054 469 1060 -
485 1045 503 1077 7
526 1024 692 1080 μεθ’ὧνὸ
714 1030 830 1067 schol.
854 1033 941 1066 Pac.
967 1028 1104 1080 ἱδρύνθη
1126 1033 1174 1066 G.

373 1102 486 1137 1199,
508 1102 551 1124 12
567 1093 761 1141 πορφυροῖς.
782 1087 845 1124 Ἔν
865 1087 1132 1137 praefigendum
1154 1087 1309 1124 videtur
1327 1101 1335 1122 ε

317 1146 609 1183 familiarissima
640 1147 805 1194 locutio,
837 1139 926 1182 εἶναι
953 1146 987 1181 ἐν
1017 1145 1153 1191 ἐσθῆτι,
1174 1147 1336 1180 indutum

316 1218 393 1240 esse
409 1213 531 1250 veste,
552 1204 590 1239 in
610 1217 683 1253 qua
703 1216 772 1254 per
799 1202 991 1252 ingenium
1014 1202 1150 1251 linguae
1163 1231 1172 1247 ,
1192 1210 1234 1238 ut
1250 1201 1338 1250 qui—

319 1262 404 1298 dem
418 1261 605 1307 existimo,
622 1260 933 1311 praepositionem
947 1260 1122 1296 omittere
1135 1273 1210 1295 non
1227 1260 1336 1298 licet:

318 1319 405 1356 ideo
426 1318 601 1370 pluribus
629 1320 668 1355 in
697 1319 808 1363 locis,
840 1317 907 1354 ubi
930 1330 1059 1354 errore
1089 1317 1336 1353 librariorum

319 1377 568 1423 desideratur,
587 1376 839 1413 revocandam
853 1375 1040 1420 arbitror,
1059 1383 1099 1411 ut
1116 1375 1154 1411 in
1172 1373 1339 1411 AEschin.

318 1437 392 1484 Ep.
413 1441 448 1480 4,
474 1433 667 1483 καθήμενος
691 1434 725 1470 ἐν
750 1432 914 1483 ἐνδύματι
933 1432 991 1469 καὶ
1014 1431 1131 1484 λύρᾳὸ
1149 1431 1338 1483 Πίνδαρος·

319 1492 423 1542 apud
441 1493 611 1542 Alciphr.
634 1494 671 1541 3,
692 1506 728 1542 p.
752 1492 825 1535 428
840 1521 850 1539 ,
871 1491 947 1528 ἀλλ’
965 1488 1032 1541 ἐγὼ
1058 1490 1119 1541 μὲν
1137 1492 1171 1527 ἓν
1188 1491 1341 1540 ταπεινῷ

320 1552 374 1602 τῷ
395 1549 552 1600 σχήματι
572 1558 656 1595 etc„
682 1558 718 1586 et
746 1549 864 1587 schol.
896 1558 1070 1586 nostrum
1099 1548 1146 1585 ad
1173 1563 1210 1585 v.
1244 1562 1280 1597 9,
1307 1548 1340 1584 ἐν

322 1610 514 1658 παρθενικῇ
547 1609 652 1658 σκευῇ
683 1605 949 1658 χρηστηριάζειν
963 1620 970 1627 ·
1006 1619 1130 1656 neque
1171 1606 1243 1642 alia
1274 1605 1343 1642 fuit

323 1679 455 1712 causa,
480 1679 548 1702 cur
569 1666 629 1702 vel
650 1665 895 1702 Casaubonus
913 1665 951 1701 in
976 1665 1110 1701 Athen.
1131 1666 1167 1710 6,
1193 1678 1227 1714 p.
1253 1664 1341 1709 255,

322 1727 352 1761 E
369 1753 378 1769 ‚
403 1723 581 1761 κατέκειτο
598 1724 631 1760 ἐν
646 1724 753 1774 λευκῇ
773 1722 945 1774 χλαμύδι,
963 1724 1021 1760 vel
1040 1737 1109 1773 ego
1128 1724 1167 1760 in
1183 1723 1343 1760 Luciani

324 1782 426 1831 Nigr.
448 1794 486 1832 p.
504 1782 564 1828 53,
585 1782 619 1818 ἐν
639 1780 782 1832 τοιαύτῃ
801 1782 917 1826 ἐσθῆτι
936 1780 1104 1831 θεώμενος
1118 1782 1343 1818 restituere-

325 1853 407 1876 mus
428 1854 437 1876 :
462 1841 515 1877 sic
535 1841 636 1877 enim
657 1841 738 1890 ipse
756 1840 826 1876 sub
844 1840 994 1877 initium
1023 1840 1157 1876 Bacchi
1180 1854 1188 1875 :
1210 1841 1244 1876 ἐν
1259 1854 1345 1891 πορ-

326 1898 439 1950 φυρίδι
461 1897 519 1934 καὶ
534 1900 647 1950 χρυσῇ
668 1897 815 1947 ἐμὸάδι·
843 1906 881 1934 et
904 1897 1017 1947 paulo
1043 1906 1131 1947 post
1150 1897 1342 1935 ἱππεύοντα

326 1957 361 1993 ἐν
378 1957 560 2008 κροκωτῷ·
579 1956 748 2006 Alciphr.
767 1956 802 2002 3,
819 1961 881 2003 40,
897 1954 1088 2005 ἡμίγυμνος
1103 1957 1137 1993 ἐν
1154 1955 1339 2007 τριὸωνίῳ.

1379 339 1512 378 amicti,
1532 340 1719 384 variisque
1732 342 1953 374 vestimentis
1964 350 2123 385 pompas
2145 336 2390 374 celebrabant.

1382 396 1525 430 HEMST.
1541 394 1638 430 Vide
1652 395 1849 432 Ruhnken.
1863 395 1910 432 ad
1928 395 2018 432 Vell.
2034 398 2113 431 Pat.
2129 407 2165 444 p.
2186 395 2268 431 188.
2283 399 2390 433 BAST.

1381 459 1476 487 nott.
1492 464 1577 487 mss.
1598 475 1638 482 —
1659 453 1701 488 13
1721 452 1843 489 δεῖκαὶ
1863 455 1905 490 R.
1930 482 1968 487 .-
1993 458 2035 496 14
2059 455 2204 498 συνῆλθε
2223 452 2269 490 Θ.

1439 521 1532 544 1201
1552 506 1642 545 ἔλθει
1657 512 1773 546 Dorv.

1442 579 1549 610 1202,
1566 568 1614 603 28
1628 565 1741 617 γάμου
1754 567 1812 604 καὶ
1830 568 1971 604 συναλλ.
1987 571 2092 617 Reg,
2108 568 2172 617 qui
2188 581 2236 616 29
2251 581 2306 604 σοι
2319 580 2394 604 0111.

1442 626 1537 661 1206
1556 624 1609 661 sic
1626 625 1665 661 in
1680 629 1723 661 V.
1746 624 1786 662 τὸ
1802 623 2078 674 ἐπιπηγνύμενον
2092 625 2251 667 ἐλαιῶδες
2269 626 2320 676 τῷ
2334 627 2397 669 ζω-

1386 683 1460 733 μῷ,
1492 680 1514 728 ἢ
1548 681 1728 733 ἐπιφάνεια
1757 683 1818 727 τῆς
1850 681 1990 733 ἀθάρης.
2026 682 2060 719 ἐν
2093 683 2142 733 τῷ
2171 683 2325 734 ὑπερζεῖν
2354 681 2399 720 τὰ

1385 738 1513 791 ὄσπρια
1529 742 1633 790 γραῦς
1651 740 1806 777 καλεῖται
1827 741 1844 776 ὁ
1864 739 1969 791 ἀφρὸς
1984 741 2001 776 ὁ
2023 738 2205 781 ἀνώτατος.
2222 764 2263 770 -
2276 741 2324 776 38
2342 754 2398 790 sq.

1386 800 1491 849 γραῦς
1518 796 1657 847 λέγεται
1677 800 1694 834 ὃ
1710 801 1754 835 R.
1776 800 1793 835 ὁ
1820 796 1925 849 ἀφρὸς
1942 811 2016 834 om.
2039 798 2084 836 Θ.
2100 825 2140 830 -
2157 798 2206 847 39
2228 797 2401 841 ἀνώτατος

1388 855 1499 891 etiam
1520 855 1652 892 Suidas
1672 869 1698 892 s.
1722 857 1847 907 Γραῦς.
1877 854 2042 892 ἀνωτάτω
2066 855 2152 892 Ald.
2180 857 2249 892 τῶν
2265 859 2401 907 χυτρῶν

1387 913 1559 949 additum
1574 927 1619 949 ex
1638 917 1684 950 R.
1703 911 1725 958 ἢ
1746 927 1821 950 om.
1835 914 1881 952 Θ.
1896 911 2114 962 πηγνύμενον
2135 914 2182 951 Θ.
2196 913 2282 951 Ald.
2294 938 2336 945 —
2356 921 2403 959 40

1389 985 1444 1021 sq.
1460 968 1497 1008 τὸ
1513 969 1548 1007 δὲ
1561 972 1602 1002 -“-
1614 974 1718 1023 χοροῦ
1736 985 1809 1008 om.
1825 973 1870 1010 Θ.
1888 975 1932 1010 V.
1951 975 2094 1008 Eorum
2112 972 2198 1008 loco
2215 975 2259 1009 R.
2275 974 2292 1008 ὁ
2305 971 2404 1022 λόγος

1390 1032 1428 1066 ἐκ
1442 1032 1502 1066 τοῦ
1519 1033 1664 1075 ποιητοῦ
1679 1028 1734 1066 διὰ
1748 1033 1808 1067 τοῦ
1819 1033 1934 1082 χοροῦ.
1949 1054 1988 1060 -
2007 1036 2054 1073 42
2073 1028 2139 1076 ἄθη
2152 1043 2226 1067 vox
2241 1030 2404 1068 barbara

1390 1087 1550 1124 labentis
1570 1088 1724 1125 Graeciae
1744 1088 1983 1138 Ducangium
1995 1087 2178 1137 praeteriit
2195 1102 2202 1124 :
2220 1088 2406 1138 suspicor,

1392 1153 1432 1181 ut
1453 1144 1551 1188 ἄνθος
1571 1145 1750 1183 dixerunt
1769 1144 1867 1191 άθος,
1885 1146 1944 1182 vel
1965 1145 2081 1193 ἄθθος,
2101 1145 2260 1195 perinde
2282 1153 2317 1182 et
2341 1144 2406 1189 ἄθη

1393 1215 1462 1251 pro
1483 1201 1567 1248 ἄνθη
1590 1211 1782 1252 receptum
1804 1203 1935 1250 fuisse3
1964 1203 2065 1240 unde
2092 1201 2270 1248 ἀθηὸολὴ,
2304 1199 2408 1252 quod

1393 1260 1609 1309 Ducangius
1641 1260 1914 1297 subministrat.
1934 1259 2038 1306 Ἄνθη
2065 1273 2156 1296 vero
2185 1260 2319 1296 Atticis
2341 1273 2403 1296 ea-

1393 1318 1477 1354 dem
1488 1347 1496 1363 ,
1513 1331 1597 1367 quae
1612 1316 1751 1363 ἄνθησις
1763 1347 1772 1365 ,
1793 1328 1835 1354 ut
1852 1316 1936 1363 αὔξη
1947 1345 1957 1363 ,
1975 1316 2109 1367 βλάστη
2122 1345 2132 1362 ,
2152 1315 2242 1362 ἄσκη
2255 1346 2264 1363 ,
2275 1315 2408 1369 ὄφειλὴ,

1395 1374 1495 1420 σύλη.
1519 1375 1623 1412 Solet
1641 1384 1766 1411 autem
1779 1403 1789 1421 ,
1809 1375 1990 1424 quicquid
2011 1374 2050 1410 in
2070 1386 2256 1410 summam
2277 1374 2409 1411 faciem

1395 1432 1598 1482 cujuslibet
1619 1433 1792 1482 corporis
1815 1433 1951 1469 emicat
1973 1440 2088 1481 atque
2107 1431 2288 1481 emergit,
2314 1430 2412 1471 ἄνθος

1396 1490 1490 1536 dici,
1520 1498 1557 1526 et
1588 1491 1719 1536 ἀνθεῖν,
1752 1489 1899 1533 ἐξανθεῖν
1933 1505 1941 1526 :
1974 1489 2062 1526 ideo
2095 1503 2230 1540 spuma
2260 1502 2413 1539 quoque

1397 1548 1515 1589 ἄνθοςτ
1541 1547 1639 1584 unde
1664 1541 1752 1590 οἶνος
1782 1548 1895 1600 λευκῷ
1919 1546 2184 1597 πεπυκασμένος
2209 1546 2302 1584 ἄνθει
2327 1555 2415 1584 sunt

1396 1612 1600 1657 spumantis
1612 1611 1745 1656 pocula
1758 1609 1896 1644 Bacchi
1904 1607 2152 1645 Archestrato
2164 1607 2265 1657 apud
2278 1607 2417 1645 Athen.

1403 1681 1434 1711 1,
1460 1679 1498 1715 p.
1531 1679 1591 1714 29,
1622 1668 1660 1702 Β.
1692 1666 1890 1716 Aristopb.
1924 1666 2082 1714 Lysistr.
2116 1665 2214 1713 1259
2234 1680 2242 1701 :
2260 1664 2366 1707 πολὺς
2385 1663 2414 1702 δ’

1398 1723 1488 1775 ἀμφὶ
1507 1722 1628 1773 γένυας
1645 1722 1748 1776 ἀφρὸς
1765 1723 1880 1768 ἤνσει·
1901 1723 2003 1773 quod
2026 1731 2246 1773 opportune
2270 1723 2411 1773 Bergle-

1399 1796 1461 1820 rus
1474 1782 1669 1819 adnotavit
1682 1781 1728 1818 ad
1746 1782 1918 1831 Alciphr.
1941 1796 1970 1828 1,
1987 1785 2057 1831 Ep.
2081 1795 2113 1827 1,
2133 1780 2198 1817 ubi
2215 1783 2276 1817 τοῦ
2297 1779 2419 1822 ὕδατος

1397 1839 1502 1892 ἀφρὸς
1521 1838 1710 1885 ἐξηνθήκει.
1741 1842 1847 1877 Patet
1871 1841 2000 1889 itaque
2028 1852 2105 1876 non
2136 1838 2252 1875 fuisse
2275 1839 2415 1875 nullam

1399 1911 1569 1943 causam,
1595 1911 1662 1933 cur
1691 1898 1813 1934 Graeci
1841 1897 2071 1935 recentiores
2105 1899 2211 1949 γραῦν
2240 1904 2411 1933 vetusto-

1399 1969 1483 1994 rum
1502 1955 1587 2002 ἄθην
1601 1956 1895 2006 appellaverint,
1917 1963 1982 1992 aut
1999 1953 2118 2001 ἄθθην.
2137 1956 2285 1992 Huxs‘r.

1123 2426 1485 2477 CORRIGEN
1491 2428 1601 2476 DA.

374 2541 509 2581 Adnot.
529 2542 576 2579 ad
596 2540 694 2581 Nub.
715 2544 798 2589 137,
818 2543 842 2579 l.
862 2556 881 2589 7
900 2546 971 2591 leg.
986 2541 1157 2584 νέους.--
1174 2542 1258 2590 169,
1280 2542 1302 2578 l.
1325 2547 1362 2588 4,
1383 2543 1473 2590 Reg.
1498 2542 1608 2578 1821.
1623 2546 1776 2590 —249‚
1803 2553 1860 2579 10.
1882 2540 2078 2578 Videndns
2094 2540 2250 2577 omnino
2268 2539 2402 2578 Cobet.

320 2608 429 2647 Obss.
448 2608 487 2645 in
511 2608 708 2647 Platonem
731 2621 828 2644 com.
851 2621 888 2657 p.
916 2620 998 2657 129.
1023 2628 1070 2635 —
1091 2606 1148 2644 Ad
1171 2607 1258 2644 Pac.
1284 2606 1345 2652 73,
1366 2606 1405 2642 in
1426 2607 1522 2652 fine,
1543 2605 1732 2642 videndus
1752 2605 1851 2642 idem
1872 2619 1909 2655 p.
1935 2617 2020 2653 192.
2041 2626 2092 2632 -
2110 2605 2197 2641 605.
2219 2607 2289 2655 leg.
2314 2605 2409 2643 Θεο-

321 2669 441 2723 δώρου.
462 2691 513 2700 -
536 2668 593 2708 Ad
616 2671 756 2709 Avium
778 2672 866 2721 Arg.
887 2671 939 2719 11,
964 2671 1030 2708 liu.
1058 2671 1078 2707 5
1098 2671 1256 2707 delenda
1281 2679 1371 2708 sunt
1391 2669 1507 2707 verba
1527 2686 1542 2702 «
1559 2673 1652 2721 (non
1671 2670 1776 2720 Reg..
1793 2699 1800 2707 .
1820 2698 1828 2706 .

1845 2698 1853 2706 .
1881 2669 2044 2719 egregie)
2055 2686 2082 2706 D·
