<?xml version="1.0" encoding="UTF-8"?>
<!DOCTYPE html PUBLIC "-//W3C//DTD XHTML 1.0 Transitional//EN"
    "http://www.w3.org/TR/xhtml1/DTD/xhtml1-transitional.dtd">
<html xmlns="http://www.w3.org/1999/xhtml" xml:lang="en" lang="en">
 <head>
  <title>
</title>
<meta http-equiv="Content-Type" content="text/html;charset=utf-8" />
  <meta name='ocr-system' content='tesseract 3.04.00' />
  <meta name='ocr-capabilities' content='ocr_page ocr_carea ocr_par ocr_line ocrx_word'/>
</head>
<body>
  <div class='ocr_page' id='page_1' title='image "./scholiagraecaina00dbuoft_0138.png"; bbox 0 0 2533 3808; ppageno 0'>
   <div class='ocr_carea' id='block_1_1' title="bbox 219 204 1572 252">
    <p class='ocr_par' dir='ltr' id='par_1_1' title="bbox 219 204 1572 252">
     <span class='ocr_line' id='line_1_1' title="bbox 219 204 1572 252; baseline 0.001 -9"><span class='ocrx_word' id='word_1_1' title='bbox 219 219 267 252; x_wconf 76' lang='lat'><strong>95</strong></span> <span class='ocrx_word' id='word_1_2' title='bbox 982 204 1245 244; x_wconf 89' lang='lat' dir='ltr'>SCHOLIA</span> <span class='ocrx_word' id='word_1_3' title='bbox 1280 206 1337 244; x_wconf 88' lang='lat' dir='ltr'><strong>IN</strong></span> <span class='ocrx_word' id='word_1_4' title='bbox 1376 207 1572 246; x_wconf 90' lang='lat' dir='ltr'>NUBES.</span> 
     </span>
    </p>
   </div>
   <div class='ocr_carea' id='block_1_2' title="bbox 213 282 1250 804">
    <p class='ocr_par' dir='ltr' id='par_1_2' title="bbox 215 282 1249 573">
     <span class='ocr_line' id='line_1_2' title="bbox 217 282 1248 363; baseline -0.006 -32"><span class='ocrx_word' id='word_1_5' title='bbox 217 292 507 363; x_wconf 78' lang='grc' dir='ltr'><strong>τρυγοδαίμονες·</strong></span> <span class='ocrx_word' id='word_1_6' title='bbox 532 291 578 328; x_wconf 84' lang='grc' dir='ltr'><strong>Οἱ</strong></span> <span class='ocrx_word' id='word_1_7' title='bbox 603 289 700 326; x_wconf 78' lang='grc' dir='ltr'><strong>ἄλλοι</strong></span> <span class='ocrx_word' id='word_1_8' title='bbox 720 287 880 359; x_wconf 49' lang='grc' dir='ltr'><strong>κωμικοωί.</strong></span> <span class='ocrx_word' id='word_1_9' title='bbox 904 282 995 325; x_wconf 68' lang='grc' dir='ltr'><strong>οῦτοι</strong></span> <span class='ocrx_word' id='word_1_10' title='bbox 1020 286 1087 340; x_wconf 83' lang='grc' dir='ltr'><strong>γὰρ</strong></span> <span class='ocrx_word' id='word_1_11' title='bbox 1119 290 1153 325; x_wconf 81' lang='grc' dir='ltr'><strong>ἓν</strong></span> <span class='ocrx_word' id='word_1_12' title='bbox 1174 294 1248 331; x_wconf 89' lang='grc' dir='ltr'><strong>τοῖς</strong></span> 
     </span>
     <span class='ocr_line' id='line_1_3' title="bbox 216 345 1249 400; baseline -0.005 -12"><span class='ocrx_word' id='word_1_13' title='bbox 216 350 407 400; x_wconf 85' lang='grc' dir='ltr'><strong>ποιήμασιν</strong></span> <span class='ocrx_word' id='word_1_14' title='bbox 433 349 544 384; x_wconf 79' lang='grc' dir='ltr'><strong>αὐτων</strong></span> <span class='ocrx_word' id='word_1_15' title='bbox 569 345 766 398; x_wconf 78' lang='grc' dir='ltr'><strong>ἀνθρώπους</strong></span> <span class='ocrx_word' id='word_1_16' title='bbox 788 346 923 395; x_wconf 85' lang='grc' dir='ltr'><strong>εἷσηγον</strong></span> <span class='ocrx_word' id='word_1_17' title='bbox 945 345 1108 396; x_wconf 72' lang='grc' dir='ltr'><strong>χέζοντάς</strong></span> <span class='ocrx_word' id='word_1_18' title='bbox 1129 361 1165 383; x_wconf 91' lang='grc' dir='ltr'><strong>τε</strong></span> <span class='ocrx_word' id='word_1_19' title='bbox 1190 346 1249 383; x_wconf 82' lang='grc' dir='ltr'><strong>καὶ</strong></span> 
     </span>
     <span class='ocr_line' id='line_1_4' title="bbox 217 402 1250 458; baseline -0.004 -14"><span class='ocrx_word' id='word_1_20' title='bbox 217 407 316 458; x_wconf 79' lang='grc' dir='ltr'><strong>ἔτερα</strong></span> <span class='ocrx_word' id='word_1_21' title='bbox 334 409 417 457; x_wconf 72' lang='grc' dir='ltr'><strong>αἰσγ</strong></span> <span class='ocrx_word' id='word_1_22' title='bbox 422 404 462 456; x_wconf 84' lang='grc' dir='ltr'><strong>ρὰ</strong></span> <span class='ocrx_word' id='word_1_23' title='bbox 479 407 670 446; x_wconf 90' lang='grc' dir='ltr'><strong>ποιοῦντας.</strong></span> <span class='ocrx_word' id='word_1_24' title='bbox 685 402 817 453; x_wconf 69' lang='grc' dir='ltr'><strong>λέγει“</strong></span> <span class='ocrx_word' id='word_1_25' title='bbox 799 405 833 440; x_wconf 83' lang='grc' dir='ltr'><strong>οὲ</strong></span> <span class='ocrx_word' id='word_1_26' title='bbox 851 403 891 440; x_wconf 86' lang='grc' dir='ltr'><strong>δι’</strong></span> <span class='ocrx_word' id='word_1_27' title='bbox 910 403 1063 442; x_wconf 84' lang='grc' dir='ltr'>Εὔπολιν</span> <span class='ocrx_word' id='word_1_28' title='bbox 1081 419 1140 441; x_wconf 87' lang='grc' dir='ltr'><strong>και</strong></span> <span class='ocrx_word' id='word_1_29' title='bbox 1157 405 1250 456; x_wconf 90' lang='grc' dir='ltr'><strong>Κρα-</strong></span> 
     </span>
     <span class='ocr_line' id='line_1_5' title="bbox 215 460 1248 514; baseline -0.004 -12"><span class='ocrx_word' id='word_1_30' title='bbox 215 471 304 502; x_wconf 90' lang='grc' dir='ltr'><strong>τῖνον</strong></span> <span class='ocrx_word' id='word_1_31' title='bbox 321 464 380 501; x_wconf 82' lang='grc' dir='ltr'><strong>καὶ</strong></span> <span class='ocrx_word' id='word_1_32' title='bbox 393 462 470 505; x_wconf 78' lang='grc' dir='ltr'><strong>τοὺς</strong></span> <span class='ocrx_word' id='word_1_33' title='bbox 487 462 621 504; x_wconf 78' lang='grc' dir='ltr'><strong>ἄλλους.</strong></span> <span class='ocrx_word' id='word_1_34' title='bbox 637 461 910 514; x_wconf 84' lang='grc' dir='ltr'><strong>τρυγοδαίμονας</strong></span> <span class='ocrx_word' id='word_1_35' title='bbox 926 461 960 498; x_wconf 77' lang='grc' dir='ltr'><strong>δὲ</strong></span> <span class='ocrx_word' id='word_1_36' title='bbox 977 460 1114 503; x_wconf 82' lang='grc' dir='ltr'><strong>τούτους</strong></span> <span class='ocrx_word' id='word_1_37' title='bbox 1131 463 1248 509; x_wconf 77' lang='grc' dir='ltr'><strong>καλεῖ,</strong></span> 
     </span>
     <span class='ocr_line' id='line_1_6' title="bbox 216 519 1125 573; baseline -0.001 -14"><span class='ocrx_word' id='word_1_38' title='bbox 216 522 303 559; x_wconf 81' lang='grc' dir='ltr'><strong>διότι</strong></span> <span class='ocrx_word' id='word_1_39' title='bbox 321 521 446 563; x_wconf 74' lang='grc' dir='ltr'><strong>πάντες</strong></span> <span class='ocrx_word' id='word_1_40' title='bbox 463 523 493 558; x_wconf 88' lang='grc' dir='ltr'><strong>οἱ</strong></span> <span class='ocrx_word' id='word_1_41' title='bbox 512 520 675 571; x_wconf 83' lang='grc' dir='ltr'><strong>κωμῳδοὶ</strong></span> <span class='ocrx_word' id='word_1_42' title='bbox 694 519 793 573; x_wconf 84' lang='grc' dir='ltr'><strong>τρυγὶ</strong></span> <span class='ocrx_word' id='word_1_43' title='bbox 812 519 1047 572; x_wconf 87' lang='grc' dir='ltr'><strong>ἀνηλείφοντο.</strong></span> <span class='ocrx_word' id='word_1_44' title='bbox 1066 519 1125 571; x_wconf 60' lang='grc' dir='ltr'><strong>Β]</strong></span> 
     </span>
    </p>

    <p class='ocr_par' dir='ltr' id='par_1_3' title="bbox 213 578 1249 804">
     <span class='ocr_line' id='line_1_7' title="bbox 268 578 1247 628; baseline -0.002 -12"><span class='ocrx_word' id='word_1_45' title='bbox 268 592 330 616; x_wconf 76' lang='lat'><strong>297.</strong></span> <span class='ocrx_word' id='word_1_46' title='bbox 363 581 491 628; x_wconf 68' lang='grc' dir='ltr'><strong>σμῆνος</strong></span> <span class='ocrx_word' id='word_1_47' title='bbox 511 579 642 621; x_wconf 83' lang='grc' dir='ltr'><strong>ἀοιδαῖς</strong></span> <span class='ocrx_word' id='word_1_48' title='bbox 659 591 668 616; x_wconf 74' lang='lat'>1</span> <span class='ocrx_word' id='word_1_49' title='bbox 686 578 737 616; x_wconf 86' lang='grc' dir='ltr'><strong>Τὸ</strong></span> <span class='ocrx_word' id='word_1_50' title='bbox 762 580 889 623; x_wconf 71' lang='grc' dir='ltr'><strong>πλῆθος</strong></span> <span class='ocrx_word' id='word_1_51' title='bbox 911 581 978 615; x_wconf 88' lang='grc' dir='ltr'><strong>τῶν</strong></span> <span class='ocrx_word' id='word_1_52' title='bbox 1006 579 1191 627; x_wconf 87' lang='grc' dir='ltr'><strong>μελισσῶν.</strong></span> <span class='ocrx_word' id='word_1_53' title='bbox 1210 586 1247 615; x_wconf 85' lang='lat' dir='ltr'><strong>R.</strong></span> 
     </span>
     <span class='ocr_line' id='line_1_8' title="bbox 216 634 1249 689; baseline -0.001 -15"><span class='ocrx_word' id='word_1_54' title='bbox 216 636 357 689; x_wconf 65' lang='grc' dir='ltr'><strong>[κυρίως</strong></span> <span class='ocrx_word' id='word_1_55' title='bbox 387 634 447 686; x_wconf 77' lang='grc' dir='ltr'><strong>μὲν</strong></span> <span class='ocrx_word' id='word_1_56' title='bbox 475 636 513 673; x_wconf 79' lang='grc' dir='ltr'><strong>τὸ</strong></span> <span class='ocrx_word' id='word_1_57' title='bbox 536 635 700 686; x_wconf 82' lang='grc' dir='ltr'><strong>σύστημα</strong></span> <span class='ocrx_word' id='word_1_58' title='bbox 719 638 786 673; x_wconf 90' lang='grc' dir='ltr'><strong>τῶν</strong></span> <span class='ocrx_word' id='word_1_59' title='bbox 812 638 996 686; x_wconf 84' lang='grc' dir='ltr'><strong>μελισσῶν.</strong></span> <span class='ocrx_word' id='word_1_60' title='bbox 1025 634 1186 688; x_wconf 46' lang='grc' dir='ltr'><strong>ῌΟμηρος</strong></span> <span class='ocrx_word' id='word_1_61' title='bbox 1215 635 1249 673; x_wconf 78' lang='grc' dir='ltr'><strong>δὲ</strong></span> 
     </span>
     <span class='ocr_line' id='line_1_9' title="bbox 217 693 1249 747; baseline -0.001 -15"><span class='ocrx_word' id='word_1_62' title='bbox 217 701 268 741; x_wconf 85' lang='lat'><em>[11.</em></span> <span class='ocrx_word' id='word_1_63' title='bbox 285 704 327 741; x_wconf 83' lang='lat' dir='ltr'><strong>A,</strong></span> <span class='ocrx_word' id='word_1_64' title='bbox 348 700 413 740; x_wconf 73' lang='lat'><strong>249]</strong></span> <span class='ocrx_word' id='word_1_65' title='bbox 431 693 600 747; x_wconf 80' lang='grc' dir='ltr'><strong>κέχρηται</strong></span> <span class='ocrx_word' id='word_1_66' title='bbox 617 697 659 745; x_wconf 82' lang='grc' dir='ltr'><strong>τῇ</strong></span> <span class='ocrx_word' id='word_1_67' title='bbox 674 697 786 746; x_wconf 80' lang='grc' dir='ltr'><strong>τροπῇ</strong></span> <span class='ocrx_word' id='word_1_68' title='bbox 802 694 859 732; x_wconf 79' lang='grc' dir='ltr'><strong>ἐπὶ</strong></span> <span class='ocrx_word' id='word_1_69' title='bbox 877 694 1084 744; x_wconf 76' lang='grc' dir='ltr'><strong>εὐγλωττίας</strong></span> <span class='ocrx_word' id='word_1_70' title='bbox 1100 697 1249 732; x_wconf 78' lang='grc' dir='ltr'><strong>ἐπαινῶν</strong></span> 
     </span>
     <span class='ocr_line' id='line_1_10' title="bbox 213 752 461 804; baseline 0 -14"><span class='ocrx_word' id='word_1_71' title='bbox 213 753 269 790; x_wconf 82' lang='grc' dir='ltr'><strong>τὸν</strong></span> <span class='ocrx_word' id='word_1_72' title='bbox 290 752 461 804; x_wconf 64' lang='grc' dir='ltr'><strong>Νέστορα,</strong></span> 
     </span>
    </p>
   </div>
   <div class='ocr_carea' id='block_1_3' title="bbox 181 560 196 584">
    <p class='ocr_par' dir='ltr' id='par_1_4' title="bbox 181 560 196 584">
     <span class='ocr_line' id='line_1_11' title="bbox 181 560 196 584; baseline 0 0"><span class='ocrx_word' id='word_1_73' title='bbox 181 560 196 584; x_wconf 83' lang='grc'>5</span> 
     </span>
    </p>
   </div>
   <div class='ocr_carea' id='block_1_4' title="bbox 162 827 1250 949">
    <p class='ocr_par' dir='ltr' id='par_1_5' title="bbox 162 827 1250 949">
     <span class='ocr_line' id='line_1_12' title="bbox 376 827 1188 868; baseline -0.001 -9"><span class='ocrx_word' id='word_1_74' title='bbox 376 831 431 859; x_wconf 81' lang='grc' dir='ltr'><strong>τοῦ</strong></span> <span class='ocrx_word' id='word_1_75' title='bbox 447 829 500 859; x_wconf 86' lang='grc' dir='ltr'><strong>καὶ</strong></span> <span class='ocrx_word' id='word_1_76' title='bbox 517 828 578 859; x_wconf 87' lang='grc' dir='ltr'><strong>ἀπὸ</strong></span> <span class='ocrx_word' id='word_1_77' title='bbox 593 828 737 868; x_wconf 86' lang='grc' dir='ltr'><strong>γλώσσης</strong></span> <span class='ocrx_word' id='word_1_78' title='bbox 751 828 867 868; x_wconf 87' lang='grc' dir='ltr'><strong>μέλιτος</strong></span> <span class='ocrx_word' id='word_1_79' title='bbox 881 827 1012 867; x_wconf 82' lang='grc' dir='ltr'><strong>γλυκίων</strong></span> <span class='ocrx_word' id='word_1_80' title='bbox 1024 828 1086 868; x_wconf 83' lang='grc' dir='ltr'><strong>ῥέεν</strong></span> <span class='ocrx_word' id='word_1_81' title='bbox 1100 827 1188 864; x_wconf 78' lang='grc' dir='ltr'><strong>αὐδή.</strong></span> 
     </span>
     <span class='ocr_line' id='line_1_13' title="bbox 162 872 1250 949; baseline -0.001 -15"><span class='ocrx_word' id='word_1_82' title='bbox 162 872 196 898; x_wconf 89' lang='lat'><strong>10</strong></span> <span class='ocrx_word' id='word_1_83' title='bbox 214 897 298 949; x_wconf 80' lang='grc' dir='ltr'><strong>ὅπερ</strong></span> <span class='ocrx_word' id='word_1_84' title='bbox 316 897 408 935; x_wconf 80' lang='grc' dir='ltr'><strong>ἐστὶν</strong></span> <span class='ocrx_word' id='word_1_85' title='bbox 427 897 548 947; x_wconf 82' lang='grc' dir='ltr'><strong>ἐσμὸς,</strong></span> <span class='ocrx_word' id='word_1_86' title='bbox 571 896 728 935; x_wconf 80' lang='grc' dir='ltr'><strong>τουτέστι</strong></span> <span class='ocrx_word' id='word_1_87' title='bbox 754 899 883 946; x_wconf 74' lang='grc' dir='ltr'><strong>σμῆνος</strong></span> <span class='ocrx_word' id='word_1_88' title='bbox 902 898 969 934; x_wconf 90' lang='grc' dir='ltr'><strong>τῶν</strong></span> <span class='ocrx_word' id='word_1_89' title='bbox 987 896 1250 949; x_wconf 70' lang='grc' dir='ltr'><strong>Ἀριστοφάνους</strong></span> 
     </span>
    </p>
   </div>
   <div class='ocr_carea' id='block_1_5' title="bbox 179 954 1250 1964">
    <p class='ocr_par' dir='ltr' id='par_1_6' title="bbox 179 954 1250 1964">
     <span class='ocr_line' id='line_1_14' title="bbox 213 954 345 1007; baseline 0.008 -15"><span class='ocrx_word' id='word_1_90' title='bbox 213 954 345 1007; x_wconf 63' lang='grc' dir='ltr'><strong>ᾠδῶν]</strong></span> 
     </span>
     <span class='ocr_line' id='line_1_15' title="bbox 268 1011 1248 1065; baseline 0 -14"><span class='ocrx_word' id='word_1_91' title='bbox 268 1015 359 1063; x_wconf 80' lang='lat'>(298).</span> <span class='ocrx_word' id='word_1_92' title='bbox 389 1012 552 1063; x_wconf 82' lang='grc' dir='ltr'><strong>παρθένοι</strong></span> <span class='ocrx_word' id='word_1_93' title='bbox 572 1011 781 1065; x_wconf 73' lang='grc' dir='ltr'><strong>ὂμὸροφόροι</strong></span> <span class='ocrx_word' id='word_1_94' title='bbox 800 1025 808 1050; x_wconf 76' lang='lat'>2</span> <span class='ocrx_word' id='word_1_95' title='bbox 837 1012 897 1062; x_wconf 87' lang='grc' dir='ltr'><strong>[Ἥ</strong></span> <span class='ocrx_word' id='word_1_96' title='bbox 919 1012 1054 1065; x_wconf 80' lang='grc' dir='ltr'><strong>ἀντῳδὴ</strong></span> <span class='ocrx_word' id='word_1_97' title='bbox 1076 1012 1163 1059; x_wconf 78' lang='grc' dir='ltr'><strong>αὕτη</strong></span> <span class='ocrx_word' id='word_1_98' title='bbox 1189 1017 1248 1051; x_wconf 87' lang='grc' dir='ltr'><strong>τοῦ</strong></span> 
     </span>
     <span class='ocr_line' id='line_1_16' title="bbox 212 1065 1250 1123; baseline 0 -15"><span class='ocrx_word' id='word_1_99' title='bbox 212 1077 317 1123; x_wconf 79' lang='grc' dir='ltr'><strong>χοροῦ</strong></span> <span class='ocrx_word' id='word_1_100' title='bbox 337 1070 458 1109; x_wconf 84' lang='grc' dir='ltr'><strong>κώλων</strong></span> <span class='ocrx_word' id='word_1_101' title='bbox 480 1070 571 1108; x_wconf 81' lang='grc' dir='ltr'><strong>ἐστὶν</strong></span> <span class='ocrx_word' id='word_1_102' title='bbox 592 1070 718 1121; x_wconf 84' lang='grc' dir='ltr'><strong>ὁμοίων</strong></span> <span class='ocrx_word' id='word_1_103' title='bbox 737 1073 781 1122; x_wconf 77' lang='grc' dir='ltr'><strong>τῇ</strong></span> <span class='ocrx_word' id='word_1_104' title='bbox 798 1071 869 1122; x_wconf 77' lang='grc' dir='ltr'><strong>ᾠδῇ</strong></span> <span class='ocrx_word' id='word_1_105' title='bbox 890 1071 1021 1115; x_wconf 82' lang='grc' dir='ltr'>δεκαέξ·</span> <span class='ocrx_word' id='word_1_106' title='bbox 1038 1065 1084 1108; x_wconf 73' lang='grc' dir='ltr'><strong>ῶν</strong></span> <span class='ocrx_word' id='word_1_107' title='bbox 1101 1074 1118 1108; x_wconf 88' lang='grc' dir='ltr'>ὁ</span> <span class='ocrx_word' id='word_1_108' title='bbox 1137 1072 1250 1108; x_wconf 88' lang='grc' dir='ltr'><strong>τελευ-</strong></span> 
     </span>
     <span class='ocr_line' id='line_1_17' title="bbox 179 1132 307 1194; baseline 0 -27"><span class='ocrx_word' id='word_1_109' title='bbox 179 1169 194 1194; x_wconf 91' lang='lat'>5</span> <span class='ocrx_word' id='word_1_110' title='bbox 212 1132 307 1172; x_wconf 86' lang='grc' dir='ltr'><strong>ταῒος</strong></span> 
     </span>
     <span class='ocr_line' id='line_1_18' title="bbox 377 1204 885 1245; baseline 0 -10"><span class='ocrx_word' id='word_1_111' title='bbox 377 1204 429 1235; x_wconf 87' lang='grc' dir='ltr'><strong>καὶ</strong></span> <span class='ocrx_word' id='word_1_112' title='bbox 447 1207 552 1245; x_wconf 76' lang='grc' dir='ltr'><strong>μοῦσα</strong></span> <span class='ocrx_word' id='word_1_113' title='bbox 566 1204 756 1245; x_wconf 72' lang='grc' dir='ltr'><strong>βαρύῧρομος</strong></span> <span class='ocrx_word' id='word_1_114' title='bbox 773 1204 885 1235; x_wconf 79' lang='grc' dir='ltr'><strong>αὐλῶν.</strong></span> 
     </span>
     <span class='ocr_line' id='line_1_19' title="bbox 212 1272 1247 1327; baseline -0.002 -15"><span class='ocrx_word' id='word_1_115' title='bbox 212 1273 269 1312; x_wconf 78' lang='grc' dir='ltr'><strong>ἐπὶ</strong></span> <span class='ocrx_word' id='word_1_116' title='bbox 289 1276 337 1327; x_wconf 76' lang='grc' dir='ltr'><strong>τῷ</strong></span> <span class='ocrx_word' id='word_1_117' title='bbox 357 1273 447 1312; x_wconf 89' lang='grc' dir='ltr'><strong>τέλει</strong></span> <span class='ocrx_word' id='word_1_118' title='bbox 465 1274 523 1311; x_wconf 85' lang='grc' dir='ltr'><strong>δύο</strong></span> <span class='ocrx_word' id='word_1_119' title='bbox 541 1274 676 1319; x_wconf 82' lang='grc' dir='ltr'><strong>διπλαῖ,</strong></span> <span class='ocrx_word' id='word_1_120' title='bbox 696 1276 714 1310; x_wconf 81' lang='grc' dir='ltr'>ὁ</span> <span class='ocrx_word' id='word_1_121' title='bbox 735 1272 797 1322; x_wconf 80' lang='grc' dir='ltr'><strong>μὲν</strong></span> <span class='ocrx_word' id='word_1_122' title='bbox 813 1274 890 1310; x_wconf 86' lang='grc' dir='ltr'><strong>κατ’</strong></span> <span class='ocrx_word' id='word_1_123' title='bbox 911 1272 1020 1324; x_wconf 72' lang='grc' dir='ltr'><strong>ἀρχὰς</strong></span> <span class='ocrx_word' id='word_1_124' title='bbox 1040 1276 1100 1310; x_wconf 90' lang='grc' dir='ltr'><strong>τοῦ</strong></span> <span class='ocrx_word' id='word_1_125' title='bbox 1117 1272 1247 1321; x_wconf 86' lang='grc' dir='ltr'><strong>κώλου,</strong></span> 
     </span>
     <span class='ocr_line' id='line_1_20' title="bbox 212 1330 1247 1383; baseline -0.002 -13"><span class='ocrx_word' id='word_1_126' title='bbox 212 1335 234 1377; x_wconf 82' lang='grc' dir='ltr'>ἡ</span> <span class='ocrx_word' id='word_1_127' title='bbox 267 1332 302 1370; x_wconf 84' lang='grc' dir='ltr'><strong>δὲ</strong></span> <span class='ocrx_word' id='word_1_128' title='bbox 328 1331 419 1369; x_wconf 85' lang='grc' dir='ltr'><strong>κατὰ</strong></span> <span class='ocrx_word' id='word_1_129' title='bbox 442 1331 481 1369; x_wconf 81' lang='grc' dir='ltr'><strong>τὸ</strong></span> <span class='ocrx_word' id='word_1_130' title='bbox 512 1331 619 1373; x_wconf 84' lang='grc' dir='ltr'><strong>τέλος.</strong></span> <span class='ocrx_word' id='word_1_131' title='bbox 641 1330 701 1367; x_wconf 72' lang='grc' dir='ltr'><strong>καὶ</strong></span> <span class='ocrx_word' id='word_1_132' title='bbox 722 1330 915 1383; x_wconf 78' lang='grc' dir='ltr'><strong>ἀμφότεραι</strong></span> <span class='ocrx_word' id='word_1_133' title='bbox 941 1331 1005 1374; x_wconf 83' lang='grc' dir='ltr'><strong>ἔξω</strong></span> <span class='ocrx_word' id='word_1_134' title='bbox 1037 1332 1247 1378; x_wconf 79' lang='grc' dir='ltr'><strong>νενευκυῗαι,</strong></span> 
     </span>
     <span class='ocr_line' id='line_1_21' title="bbox 213 1387 1249 1439; baseline 0 -13"><span class='ocrx_word' id='word_1_135' title='bbox 213 1390 381 1436; x_wconf 81' lang='grc' dir='ltr'><strong>δηλοῦσαι</strong></span> <span class='ocrx_word' id='word_1_136' title='bbox 402 1389 454 1426; x_wconf 74' lang='grc' dir='ltr'><strong>ὅτι</strong></span> <span class='ocrx_word' id='word_1_137' title='bbox 473 1389 568 1431; x_wconf 83' lang='grc' dir='ltr'><strong>τέλος</strong></span> <span class='ocrx_word' id='word_1_138' title='bbox 591 1388 671 1439; x_wconf 65' lang='grc' dir='ltr'><strong>ἔσχε</strong></span> <span class='ocrx_word' id='word_1_139' title='bbox 691 1388 734 1425; x_wconf 82' lang='grc' dir='ltr'><strong>τὰ</strong></span> <span class='ocrx_word' id='word_1_140' title='bbox 758 1387 1002 1438; x_wconf 73' lang='grc' dir='ltr'><strong>ἀποδιδόμενα.</strong></span> <span class='ocrx_word' id='word_1_141' title='bbox 1024 1388 1111 1431; x_wconf 79' lang='grc' dir='ltr'><strong>τινὲς</strong></span> <span class='ocrx_word' id='word_1_142' title='bbox 1140 1388 1174 1426; x_wconf 77' lang='grc' dir='ltr'><strong>δὲ</strong></span> <span class='ocrx_word' id='word_1_143' title='bbox 1203 1391 1249 1432; x_wconf 84' lang='grc' dir='ltr'><strong>εἷς</strong></span> 
     </span>
     <span class='ocr_line' id='line_1_22' title="bbox 213 1446 1098 1500; baseline -0.001 -14"><span class='ocrx_word' id='word_1_144' title='bbox 213 1448 252 1485; x_wconf 81' lang='grc' dir='ltr'><strong>τὸ</strong></span> <span class='ocrx_word' id='word_1_145' title='bbox 282 1447 449 1500; x_wconf 80' lang='grc' dir='ltr'><strong>παρθένοι</strong></span> <span class='ocrx_word' id='word_1_146' title='bbox 480 1447 649 1493; x_wconf 83' lang='grc' dir='ltr'><strong>στίζουσι,</strong></span> <span class='ocrx_word' id='word_1_147' title='bbox 680 1446 719 1484; x_wconf 80' lang='grc' dir='ltr'><strong>τὸ</strong></span> <span class='ocrx_word' id='word_1_148' title='bbox 743 1446 961 1496; x_wconf 67' lang='grc' dir='ltr'><strong>παλίμὸολον</strong></span> <span class='ocrx_word' id='word_1_149' title='bbox 986 1449 1053 1483; x_wconf 84' lang='grc' dir='ltr'><strong>τῶν</strong></span> <span class='ocrx_word' id='word_1_150' title='bbox 1086 1460 1098 1485; x_wconf 74' lang='grc' dir='ltr'><strong>ι</strong></span> 
     </span>
     <span class='ocr_line' id='line_1_23' title="bbox 194 1504 1247 1558; baseline -0.001 -15"><span class='ocrx_word' id='word_1_151' title='bbox 194 1506 451 1558; x_wconf 27' lang='grc' dir='ltr'><strong>κπαριστοίντες.</strong></span> <span class='ocrx_word' id='word_1_152' title='bbox 485 1506 623 1556; x_wconf 82' lang='grc' dir='ltr'><strong>ἄμεινον</strong></span> <span class='ocrx_word' id='word_1_153' title='bbox 657 1504 691 1541; x_wconf 75' lang='grc' dir='ltr'><strong>δὲ</strong></span> <span class='ocrx_word' id='word_1_154' title='bbox 725 1507 772 1547; x_wconf 87' lang='grc' dir='ltr'><strong>εἰς</strong></span> <span class='ocrx_word' id='word_1_155' title='bbox 796 1510 834 1542; x_wconf 85' lang='grc' dir='ltr'><strong>το</strong></span> <span class='ocrx_word' id='word_1_156' title='bbox 871 1504 1081 1557; x_wconf 67' lang='grc' dir='ltr'><strong>ὀμέῗροφόροι</strong></span> <span class='ocrx_word' id='word_1_157' title='bbox 1112 1505 1247 1549; x_wconf 83' lang='grc' dir='ltr'><strong>στίζειν.</strong></span> 
     </span>
     <span class='ocr_line' id='line_1_24' title="bbox 211 1561 1248 1615; baseline -0.001 -14"><span class='ocrx_word' id='word_1_158' title='bbox 211 1563 368 1615; x_wconf 68' lang='grc' dir='ltr'><strong>Ἄλλως]</strong></span> <span class='ocrx_word' id='word_1_159' title='bbox 389 1568 499 1601; x_wconf 86' lang='grc' dir='ltr'><strong>ταῦτα</strong></span> <span class='ocrx_word' id='word_1_160' title='bbox 516 1565 581 1614; x_wconf 71' lang='grc' dir='ltr'><strong>οὐχ</strong></span> <span class='ocrx_word' id='word_1_161' title='bbox 601 1562 654 1615; x_wconf 80' lang='grc' dir='ltr'><strong>ὑφ’</strong></span> <span class='ocrx_word' id='word_1_162' title='bbox 675 1562 709 1599; x_wconf 75' lang='grc' dir='ltr'><strong>ἓν</strong></span> <span class='ocrx_word' id='word_1_163' title='bbox 730 1561 966 1612; x_wconf 82' lang='grc' dir='ltr'><strong>ἀναγνωστέον</strong></span> <span class='ocrx_word' id='word_1_164' title='bbox 984 1562 1053 1599; x_wconf 71' lang='grc' dir='ltr'><strong>οὐδ’</strong></span> <span class='ocrx_word' id='word_1_165' title='bbox 1070 1564 1115 1605; x_wconf 85' lang='grc' dir='ltr'><strong>ὡς</strong></span> <span class='ocrx_word' id='word_1_166' title='bbox 1137 1562 1248 1600; x_wconf 83' lang='grc' dir='ltr'><strong>ἐπίθε-</strong></span> 
     </span>
     <span class='ocr_line' id='line_1_25' title="bbox 210 1619 1248 1674; baseline -0.001 -15"><span class='ocrx_word' id='word_1_167' title='bbox 210 1637 267 1659; x_wconf 88' lang='grc' dir='ltr'><strong>τον</strong></span> <span class='ocrx_word' id='word_1_168' title='bbox 285 1624 352 1658; x_wconf 84' lang='grc' dir='ltr'><strong>τῶν</strong></span> <span class='ocrx_word' id='word_1_169' title='bbox 381 1623 544 1674; x_wconf 85' lang='grc' dir='ltr'><strong>Νεφελῶν</strong></span> <span class='ocrx_word' id='word_1_170' title='bbox 570 1620 608 1658; x_wconf 85' lang='grc' dir='ltr'><strong>τὸ</strong></span> <span class='ocrx_word' id='word_1_171' title='bbox 630 1620 840 1672; x_wconf 62' lang='grc' dir='ltr'><strong>ὀμὲροφόροι</strong></span> <span class='ocrx_word' id='word_1_172' title='bbox 863 1624 920 1657; x_wconf 90' lang='grc' dir='ltr'><strong>νῦν</strong></span> <span class='ocrx_word' id='word_1_173' title='bbox 944 1619 1145 1667; x_wconf 78' lang='grc' dir='ltr'><strong>ἐκληπτέον,</strong></span> <span class='ocrx_word' id='word_1_174' title='bbox 1172 1621 1248 1658; x_wconf 83' lang='grc' dir='ltr'><strong>ἀλλ’</strong></span> 
     </span>
     <span class='ocr_line' id='line_1_26' title="bbox 211 1678 1248 1731; baseline -0.002 -14"><span class='ocrx_word' id='word_1_175' title='bbox 211 1683 256 1723; x_wconf 82' lang='grc' dir='ltr'><strong>ὡς</strong></span> <span class='ocrx_word' id='word_1_176' title='bbox 277 1680 360 1717; x_wconf 79' lang='grc' dir='ltr'><strong>αὐτὸ</strong></span> <span class='ocrx_word' id='word_1_177' title='bbox 376 1682 451 1718; x_wconf 87' lang='grc' dir='ltr'><strong>καθ’</strong></span> <span class='ocrx_word' id='word_1_178' title='bbox 473 1679 582 1717; x_wconf 83' lang='grc' dir='ltr'><strong>αυτὸ</strong></span> <span class='ocrx_word' id='word_1_179' title='bbox 572 1695 643 1731; x_wconf 88' lang='grc' dir='ltr'><strong>πρα</strong></span> <span class='ocrx_word' id='word_1_180' title='bbox 647 1695 720 1730; x_wconf 92' lang='grc' dir='ltr'><strong>γμα</strong></span> <span class='ocrx_word' id='word_1_181' title='bbox 737 1680 877 1724; x_wconf 83' lang='grc' dir='ltr'><strong>δηλοῦν.</strong></span> <span class='ocrx_word' id='word_1_182' title='bbox 902 1678 925 1724; x_wconf 80' lang='grc' dir='ltr'>ἢ</span> <span class='ocrx_word' id='word_1_183' title='bbox 946 1694 1005 1716; x_wconf 90' lang='grc' dir='ltr'><strong>και</strong></span> <span class='ocrx_word' id='word_1_184' title='bbox 1025 1678 1164 1728; x_wconf 79' lang='grc' dir='ltr'><strong>ἄμεινον</strong></span> <span class='ocrx_word' id='word_1_185' title='bbox 1186 1679 1248 1729; x_wconf 78' lang='grc' dir='ltr'><strong>μὲν</strong></span> 
     </span>
     <span class='ocr_line' id='line_1_27' title="bbox 213 1735 1248 1791; baseline -0.004 -15"><span class='ocrx_word' id='word_1_186' title='bbox 213 1754 253 1776; x_wconf 91' lang='grc' dir='ltr'><strong>αν</strong></span> <span class='ocrx_word' id='word_1_187' title='bbox 271 1738 324 1785; x_wconf 85' lang='grc' dir='ltr'><strong>εἴη</strong></span> <span class='ocrx_word' id='word_1_188' title='bbox 342 1738 534 1782; x_wconf 88' lang='grc' dir='ltr'><strong>υποστίζειν</strong></span> <span class='ocrx_word' id='word_1_189' title='bbox 555 1737 597 1787; x_wconf 77' lang='grc' dir='ltr'><strong>μὲ</strong></span> <span class='ocrx_word' id='word_1_190' title='bbox 600 1753 616 1774; x_wconf 93' lang='grc' dir='ltr'><strong>ν</strong></span> <span class='ocrx_word' id='word_1_191' title='bbox 639 1738 685 1780; x_wconf 87' lang='grc' dir='ltr'><strong>εἷς</strong></span> <span class='ocrx_word' id='word_1_192' title='bbox 703 1736 741 1774; x_wconf 84' lang='grc' dir='ltr'><strong>τὸ</strong></span> <span class='ocrx_word' id='word_1_193' title='bbox 758 1735 942 1791; x_wconf 73' lang='grc' dir='ltr'><strong>παρθένοι,</strong></span> <span class='ocrx_word' id='word_1_194' title='bbox 965 1736 1141 1787; x_wconf 88' lang='grc' dir='ltr'><strong>ζευγνύναι</strong></span> <span class='ocrx_word' id='word_1_195' title='bbox 1158 1736 1192 1773; x_wconf 83' lang='grc' dir='ltr'><strong>δὲ</strong></span> <span class='ocrx_word' id='word_1_196' title='bbox 1210 1736 1248 1773; x_wconf 84' lang='grc' dir='ltr'><strong>τὸ</strong></span> 
     </span>
     <span class='ocr_line' id='line_1_28' title="bbox 211 1793 1247 1848; baseline -0.001 -15"><span class='ocrx_word' id='word_1_197' title='bbox 211 1795 422 1848; x_wconf 68' lang='grc' dir='ltr'><strong>ὂμὲροφόροι</strong></span> <span class='ocrx_word' id='word_1_198' title='bbox 438 1812 487 1832; x_wconf 88' lang='grc' dir='ltr'><strong>τω</strong></span> <span class='ocrx_word' id='word_1_199' title='bbox 511 1796 611 1846; x_wconf 81' lang='grc' dir='ltr'><strong>ἐπιφε</strong></span> <span class='ocrx_word' id='word_1_200' title='bbox 598 1793 768 1847; x_wconf 60' lang='lat' dir='ltr'><strong>5pOt‡{v‹2,›</strong></span> <span class='ocrx_word' id='word_1_201' title='bbox 787 1793 830 1831; x_wconf 85' lang='grc' dir='ltr'><strong>ι”ν</strong></span> <span class='ocrx_word' id='word_1_202' title='bbox 842 1797 863 1845; x_wconf 85' lang='grc' dir='ltr'>ᾐ</span> <span class='ocrx_word' id='word_1_203' title='bbox 880 1793 1072 1843; x_wconf 72' lang='grc' dir='ltr'><strong>νοούμενον·</strong></span> <span class='ocrx_word' id='word_1_204' title='bbox 1091 1794 1247 1832; x_wconf 69' lang='grc' dir='ltr'><strong>ἔλθωμεν</strong></span> 
     </span>
     <span class='ocr_line' id='line_1_29' title="bbox 211 1835 1248 1921; baseline -0.001 -30"><span class='ocrx_word' id='word_1_205' title='bbox 211 1853 346 1899; x_wconf 79' lang='grc' dir='ltr'><strong>επιτὴν</strong></span> <span class='ocrx_word' id='word_1_206' title='bbox 368 1835 555 1899; x_wconf 71' lang='grc' dir='ltr'><strong>Ἀθηναίων</strong></span> <span class='ocrx_word' id='word_1_207' title='bbox 580 1855 643 1903; x_wconf 79' lang='grc' dir='ltr'><strong>γ’ἧν</strong></span> <span class='ocrx_word' id='word_1_208' title='bbox 670 1852 802 1904; x_wconf 66' lang='grc' dir='ltr'><strong>ὅμὲρου</strong></span> <span class='ocrx_word' id='word_1_209' title='bbox 834 1851 1015 1903; x_wconf 89' lang='grc' dir='ltr'><strong>γέμουσαι.</strong></span> <span class='ocrx_word' id='word_1_210' title='bbox 1044 1851 1104 1889; x_wconf 82' lang='grc' dir='ltr'><strong>καὶ</strong></span> <span class='ocrx_word' id='word_1_211' title='bbox 1134 1851 1200 1921; x_wconf 77' lang='grc' dir='ltr'><strong>γὰρ</strong></span> <span class='ocrx_word' id='word_1_212' title='bbox 1219 1855 1248 1891; x_wconf 86' lang='grc' dir='ltr'><strong>εἰ</strong></span> 
     </span>
     <span class='ocr_line' id='line_1_30' title="bbox 211 1909 1247 1964; baseline 0 -16"><span class='ocrx_word' id='word_1_213' title='bbox 211 1910 414 1964; x_wconf 74' lang='grc' dir='ltr'><strong>ἀμφοτέρως</strong></span> <span class='ocrx_word' id='word_1_214' title='bbox 430 1910 488 1956; x_wconf 78' lang='grc' dir='ltr'><strong>ἡ”</strong></span> <span class='ocrx_word' id='word_1_215' title='bbox 470 1925 580 1947; x_wconf 92' lang='grc' dir='ltr'><strong>εννοια</strong></span> <span class='ocrx_word' id='word_1_216' title='bbox 596 1909 803 1954; x_wconf 69' lang='grc' dir='ltr'><strong>σώζεσθαι</strong></span> <span class='ocrx_word' id='word_1_217' title='bbox 785 1909 946 1956; x_wconf 84' lang='grc' dir='ltr'><strong>ούναται,</strong></span> <span class='ocrx_word' id='word_1_218' title='bbox 965 1909 1040 1947; x_wconf 85' lang='grc' dir='ltr'><strong>ἀλλ’</strong></span> <span class='ocrx_word' id='word_1_219' title='bbox 1058 1910 1247 1961; x_wconf 71' lang='grc' dir='ltr'><strong>εὐφημότε-</strong></span> 
     </span>
    </p>
   </div>
   <div class='ocr_carea' id='block_1_6' title="bbox 1107 1449 1248 1499">
    <p class='ocr_par' dir='ltr' id='par_1_7' title="bbox 1107 1449 1248 1499">
     <span class='ocr_line' id='line_1_31' title="bbox 1107 1449 1248 1499; baseline 0 -15"><span class='ocrx_word' id='word_1_220' title='bbox 1107 1449 1248 1499; x_wconf 61' lang='grc' dir='ltr'><strong>γεφελῶν</strong></span> 
     </span>
    </p>
   </div>
   <div class='ocr_carea' id='block_1_7' title="bbox 159 1775 193 1800">
    <p class='ocr_par' dir='ltr' id='par_1_8' title="bbox 159 1775 193 1800">
     <span class='ocr_line' id='line_1_32' title="bbox 159 1775 193 1800; baseline 0.029 -1"><span class='ocrx_word' id='word_1_221' title='bbox 159 1775 193 1800; x_wconf 83' lang='grc'><strong>25</strong></span> 
     </span>
    </p>
   </div>
   <div class='ocr_carea' id='block_1_8' title="bbox 157 1966 1248 2425">
    <p class='ocr_par' dir='ltr' id='par_1_9' title="bbox 157 1966 1248 2425">
     <span class='ocr_line' id='line_1_33' title="bbox 212 1966 1247 2021; baseline 0.001 -16"><span class='ocrx_word' id='word_1_222' title='bbox 212 1968 268 2021; x_wconf 90' lang='grc' dir='ltr'><strong>ρόν</strong></span> <span class='ocrx_word' id='word_1_223' title='bbox 287 1970 377 2006; x_wconf 81' lang='grc' dir='ltr'><strong>ἐστιν</strong></span> <span class='ocrx_word' id='word_1_224' title='bbox 398 1984 415 2005; x_wconf 93' lang='grc' dir='ltr'><strong>ο</strong></span> <span class='ocrx_word' id='word_1_225' title='bbox 435 1967 700 2020; x_wconf 85' lang='grc' dir='ltr'><strong>προειρήκαμεν.</strong></span> <span class='ocrx_word' id='word_1_226' title='bbox 723 1967 807 2004; x_wconf 83' lang='grc' dir='ltr'><strong>εἰσὶν</strong></span> <span class='ocrx_word' id='word_1_227' title='bbox 828 1970 885 2003; x_wconf 77' lang='grc' dir='ltr'><strong>οὖν</strong></span> <span class='ocrx_word' id='word_1_228' title='bbox 914 1968 949 2003; x_wconf 80' lang='grc' dir='ltr'><strong>αἱ</strong></span> <span class='ocrx_word' id='word_1_229' title='bbox 967 1966 1118 2019; x_wconf 87' lang='grc' dir='ltr'><strong>Νεφέλαι</strong></span> <span class='ocrx_word' id='word_1_230' title='bbox 1143 1968 1247 2006; x_wconf 80' lang='grc' dir='ltr'><strong>πάλιν</strong></span> 
     </span>
     <span class='ocr_line' id='line_1_34' title="bbox 157 2025 1247 2087; baseline 0 -22"><span class='ocrx_word' id='word_1_231' title='bbox 157 2061 192 2087; x_wconf 83' lang='lat'><strong>30</strong></span> <span class='ocrx_word' id='word_1_232' title='bbox 209 2026 532 2080; x_wconf 85' lang='grc' dir='ltr'><strong>παρακελευόμεναι</strong></span> <span class='ocrx_word' id='word_1_233' title='bbox 548 2026 607 2064; x_wconf 85' lang='grc' dir='ltr'><strong>καί</strong></span> <span class='ocrx_word' id='word_1_234' title='bbox 621 2042 737 2079; x_wconf 87' lang='grc' dir='ltr'><strong>φασιν,</strong></span> <span class='ocrx_word' id='word_1_235' title='bbox 749 2026 831 2064; x_wconf 73' lang='grc' dir='ltr'><strong>όλαι</strong></span> <span class='ocrx_word' id='word_1_236' title='bbox 847 2025 995 2077; x_wconf 67' lang='grc' dir='ltr'><strong>ὀμὸρίας</strong></span> <span class='ocrx_word' id='word_1_237' title='bbox 1007 2027 1247 2077; x_wconf 84' lang='grc' dir='ltr'><strong>πληρωθεῖσαι</strong></span> 
     </span>
     <span class='ocr_line' id='line_1_35' title="bbox 209 2083 1248 2136; baseline 0.002 -15"><span class='ocrx_word' id='word_1_238' title='bbox 209 2087 252 2136; x_wconf 72' lang='grc' dir='ltr'><strong>τῇ</strong></span> <span class='ocrx_word' id='word_1_239' title='bbox 269 2087 336 2122; x_wconf 84' lang='grc' dir='ltr'><strong>τῶν</strong></span> <span class='ocrx_word' id='word_1_240' title='bbox 354 2084 539 2130; x_wconf 84' lang='grc' dir='ltr'><strong>Ἀθηναίων</strong></span> <span class='ocrx_word' id='word_1_241' title='bbox 559 2086 755 2133; x_wconf 81' lang='grc' dir='ltr'><strong>ἐπιστῶμεν</strong></span> <span class='ocrx_word' id='word_1_242' title='bbox 776 2083 886 2122; x_wconf 81' lang='grc' dir='ltr'><strong>πόλει.</strong></span> <span class='ocrx_word' id='word_1_243' title='bbox 910 2087 931 2129; x_wconf 84' lang='grc' dir='ltr'>ἡ</span> <span class='ocrx_word' id='word_1_244' title='bbox 953 2083 988 2120; x_wconf 76' lang='grc' dir='ltr'><strong>δὲ</strong></span> <span class='ocrx_word' id='word_1_245' title='bbox 1009 2084 1150 2131; x_wconf 82' lang='grc' dir='ltr'><strong>τοιαύτη</strong></span> <span class='ocrx_word' id='word_1_246' title='bbox 1169 2086 1248 2123; x_wconf 80' lang='grc' dir='ltr'><strong>δια-</strong></span> 
     </span>
     <span class='ocr_line' id='line_1_36' title="bbox 210 2141 1247 2195; baseline 0.001 -15"><span class='ocrx_word' id='word_1_247' title='bbox 210 2141 314 2188; x_wconf 86' lang='grc' dir='ltr'><strong>στολὴ</strong></span> <span class='ocrx_word' id='word_1_248' title='bbox 333 2142 519 2180; x_wconf 80' lang='grc' dir='ltr'><strong>ὑπεναντία</strong></span> <span class='ocrx_word' id='word_1_249' title='bbox 538 2148 608 2185; x_wconf 84' lang='grc' dir='ltr'><strong>τοῖς</strong></span> <span class='ocrx_word' id='word_1_250' title='bbox 624 2141 694 2179; x_wconf 77' lang='grc' dir='ltr'><strong>ἀνω</strong></span> <span class='ocrx_word' id='word_1_251' title='bbox 709 2141 891 2191; x_wconf 84' lang='grc' dir='ltr'><strong>γενήσεται</strong></span> <span class='ocrx_word' id='word_1_252' title='bbox 905 2142 1163 2195; x_wconf 80' lang='grc' dir='ltr'><strong>προειρημένοις</strong></span> <span class='ocrx_word' id='word_1_253' title='bbox 1181 2144 1247 2181; x_wconf 77' lang='grc' dir='ltr'><strong>ὑπὸ</strong></span> 
     </span>
     <span class='ocr_line' id='line_1_37' title="bbox 209 2199 1247 2252; baseline 0.002 -15"><span class='ocrx_word' id='word_1_254' title='bbox 209 2204 269 2237; x_wconf 89' lang='grc' dir='ltr'><strong>τοῦ</strong></span> <span class='ocrx_word' id='word_1_255' title='bbox 288 2204 450 2247; x_wconf 87' lang='grc' dir='ltr'><strong>ποιητοῦ,</strong></span> <span class='ocrx_word' id='word_1_256' title='bbox 469 2203 515 2244; x_wconf 85' lang='grc' dir='ltr'><strong>ὡς</strong></span> <span class='ocrx_word' id='word_1_257' title='bbox 534 2201 585 2237; x_wconf 79' lang='grc' dir='ltr'><strong>δει</strong></span> <span class='ocrx_word' id='word_1_258' title='bbox 602 2199 663 2243; x_wconf 86' lang='grc' dir='ltr'><strong>τὰς</strong></span> <span class='ocrx_word' id='word_1_259' title='bbox 687 2199 845 2252; x_wconf 81' lang='grc' dir='ltr'><strong>Νεφελας</strong></span> <span class='ocrx_word' id='word_1_260' title='bbox 866 2202 927 2237; x_wconf 86' lang='grc' dir='ltr'><strong>τολ</strong></span> <span class='ocrx_word' id='word_1_261' title='bbox 930 2216 1026 2238; x_wconf 89' lang='grc' dir='ltr'><strong>οιπον</strong></span> <span class='ocrx_word' id='word_1_262' title='bbox 1048 2201 1177 2244; x_wconf 80' lang='grc' dir='ltr'><strong>ευόίους</strong></span> <span class='ocrx_word' id='word_1_263' title='bbox 1201 2206 1247 2239; x_wconf 83' lang='grc' dir='ltr'><strong>εἰ-</strong></span> 
     </span>
     <span class='ocr_line' id='line_1_38' title="bbox 209 2257 1248 2318; baseline 0.003 -25"><span class='ocrx_word' id='word_1_264' title='bbox 209 2273 283 2305; x_wconf 85' lang='grc' dir='ltr'><strong>ναι,</strong></span> <span class='ocrx_word' id='word_1_265' title='bbox 301 2258 343 2295; x_wconf 86' lang='grc' dir='ltr'><strong>δι’</strong></span> <span class='ocrx_word' id='word_1_266' title='bbox 361 2262 408 2296; x_wconf 82' lang='grc' dir='ltr'><strong>ὡν</strong></span> <span class='ocrx_word' id='word_1_267' title='bbox 431 2258 517 2311; x_wconf 76' lang='grc' dir='ltr'><strong>ἔφη,</strong></span> <span class='ocrx_word' id='word_1_268' title='bbox 541 2277 555 2291; x_wconf 86' lang='lat'>«</span> <span class='ocrx_word' id='word_1_269' title='bbox 578 2258 653 2295; x_wconf 83' lang='grc' dir='ltr'><strong>ἀλλ’</strong></span> <span class='ocrx_word' id='word_1_270' title='bbox 680 2257 955 2295; x_wconf 61' lang='grc' dir='ltr'><strong>ἀποσεισάμεναι</strong></span> <span class='ocrx_word' id='word_1_271' title='bbox 981 2259 1079 2311; x_wconf 84' lang='grc' dir='ltr'><strong>νέφος</strong></span> <span class='ocrx_word' id='word_1_272' title='bbox 1078 2259 1248 2318; x_wconf 65' lang='grc' dir='ltr'><strong>ὄμῧριον</strong></span> 
     </span>
     <span class='ocr_line' id='line_1_39' title="bbox 211 2314 1248 2367; baseline 0.003 -16"><span class='ocrx_word' id='word_1_273' title='bbox 211 2315 434 2358; x_wconf 73' lang='grc' dir='ltr'><strong>ἀθανάταις’</strong></span> <span class='ocrx_word' id='word_1_274' title='bbox 427 2315 530 2359; x_wconf 79' lang='grc' dir='ltr'><strong>ιδέαις</strong></span> <span class='ocrx_word' id='word_1_275' title='bbox 553 2314 764 2364; x_wconf 85' lang='grc' dir='ltr'><strong>επιδώμεθα.</strong></span> <span class='ocrx_word' id='word_1_276' title='bbox 788 2333 802 2348; x_wconf 83' lang='grc'><em>»</em></span> <span class='ocrx_word' id='word_1_277' title='bbox 831 2315 915 2367; x_wconf 80' lang='grc' dir='ltr'><strong>πρὸς</strong></span> <span class='ocrx_word' id='word_1_278' title='bbox 934 2320 1034 2354; x_wconf 85' lang='grc' dir='ltr'><strong>τοῦτο</strong></span> <span class='ocrx_word' id='word_1_279' title='bbox 1060 2333 1116 2354; x_wconf 88' lang='grc' dir='ltr'><strong>ουν</strong></span> <span class='ocrx_word' id='word_1_280' title='bbox 1137 2319 1248 2355; x_wconf 79' lang='grc' dir='ltr'><strong>ἐκεῖνο</strong></span> 
     </span>
     <span class='ocr_line' id='line_1_40' title="bbox 210 2372 1247 2425; baseline 0.002 -15"><span class='ocrx_word' id='word_1_281' title='bbox 210 2372 452 2420; x_wconf 84' lang='grc' dir='ltr'><strong>ἀντιθετέον,</strong></span> <span class='ocrx_word' id='word_1_282' title='bbox 432 2389 484 2410; x_wconf 86' lang='grc' dir='ltr'><strong>οτι</strong></span> <span class='ocrx_word' id='word_1_283' title='bbox 506 2372 545 2410; x_wconf 84' lang='grc' dir='ltr'><strong>τὸ</strong></span> <span class='ocrx_word' id='word_1_284' title='bbox 568 2372 786 2422; x_wconf 71' lang='grc' dir='ltr'><strong>συιιὸαινον</strong></span> <span class='ocrx_word' id='word_1_285' title='bbox 776 2388 854 2425; x_wconf 84' lang='grc' dir='ltr'><strong>περι</strong></span> <span class='ocrx_word' id='word_1_286' title='bbox 871 2372 931 2416; x_wconf 85' lang='grc' dir='ltr'><strong>τὰς</strong></span> <span class='ocrx_word' id='word_1_287' title='bbox 952 2376 1001 2412; x_wconf 86' lang='grc' dir='ltr'><strong>Νε</strong></span> <span class='ocrx_word' id='word_1_288' title='bbox 989 2373 1110 2425; x_wconf 82' lang='grc' dir='ltr'><strong>-φέλας</strong></span> <span class='ocrx_word' id='word_1_289' title='bbox 1136 2376 1247 2412; x_wconf 87' lang='grc' dir='ltr'><strong>αἰνιτ-</strong></span> 
     </span>
    </p>
   </div>
   <div class='ocr_carea' id='block_1_9' title="bbox 208 2430 1246 2485">
    <p class='ocr_par' dir='ltr' id='par_1_10' title="bbox 208 2430 1246 2485">
     <span class='ocr_line' id='line_1_41' title="bbox 208 2430 1246 2485; baseline 0.002 -17"><span class='ocrx_word' id='word_1_290' title='bbox 208 2430 349 2480; x_wconf 86' lang='grc' dir='ltr'><strong>τόμενος</strong></span> <span class='ocrx_word' id='word_1_291' title='bbox 373 2434 390 2468; x_wconf 85' lang='grc' dir='ltr'>ὁ</span> <span class='ocrx_word' id='word_1_292' title='bbox 406 2430 569 2477; x_wconf 81' lang='grc' dir='ltr'><strong>ποιητὴς,</strong></span> <span class='ocrx_word' id='word_1_293' title='bbox 587 2430 805 2468; x_wconf 60' lang='grc' dir='ltr'><strong>παλίιιῧολόν</strong></span> <span class='ocrx_word' id='word_1_294' title='bbox 832 2446 908 2467; x_wconf 89' lang='grc' dir='ltr'><strong>τινα</strong></span> <span class='ocrx_word' id='word_1_295' title='bbox 934 2431 994 2468; x_wconf 84' lang='grc' dir='ltr'><strong>καὶ</strong></span> <span class='ocrx_word' id='word_1_296' title='bbox 1013 2432 1246 2485; x_wconf 82' lang='grc' dir='ltr'><strong>παλίστροφον</strong></span> 
     </span>
    </p>
   </div>
   <div class='ocr_carea' id='block_1_10' title="bbox 157 2350 190 2375">
    <p class='ocr_par' dir='ltr' id='par_1_11' title="bbox 157 2350 190 2375">
     <span class='ocr_line' id='line_1_42' title="bbox 157 2350 190 2375; baseline 0 0"><span class='ocrx_word' id='word_1_297' title='bbox 157 2350 190 2375; x_wconf 77' lang='lat'>35</span> 
     </span>
    </p>
   </div>
   <div class='ocr_carea' id='block_1_11' title="bbox 209 2488 1248 2770">
    <p class='ocr_par' dir='ltr' id='par_1_12' title="bbox 210 2488 1248 2642">
     <span class='ocr_line' id='line_1_43' title="bbox 210 2488 1247 2540; baseline 0.001 -14"><span class='ocrx_word' id='word_1_298' title='bbox 210 2489 352 2535; x_wconf 81' lang='grc' dir='ltr'><strong>ἐποίησε</strong></span> <span class='ocrx_word' id='word_1_299' title='bbox 374 2488 436 2535; x_wconf 82' lang='grc' dir='ltr'><strong>τὴν</strong></span> <span class='ocrx_word' id='word_1_300' title='bbox 464 2488 605 2539; x_wconf 71' lang='grc' dir='ltr'><strong>γνώμην</strong></span> <span class='ocrx_word' id='word_1_301' title='bbox 632 2503 758 2535; x_wconf 88' lang='grc' dir='ltr'><strong>αυτων,</strong></span> <span class='ocrx_word' id='word_1_302' title='bbox 785 2488 861 2525; x_wconf 85' lang='grc' dir='ltr'><strong>επεὶ</strong></span> <span class='ocrx_word' id='word_1_303' title='bbox 884 2488 922 2526; x_wconf 83' lang='grc' dir='ltr'><strong>ἔκ</strong></span> <span class='ocrx_word' id='word_1_304' title='bbox 949 2505 986 2526; x_wconf 91' lang='grc' dir='ltr'><strong>τε</strong></span> <span class='ocrx_word' id='word_1_305' title='bbox 1009 2505 1179 2540; x_wconf 71' lang='grc' dir='ltr'><strong>χειμωνος</strong></span> <span class='ocrx_word' id='word_1_306' title='bbox 1202 2493 1247 2533; x_wconf 86' lang='grc' dir='ltr'><strong>εἰς</strong></span> 
     </span>
     <span class='ocr_line' id='line_1_44' title="bbox 210 2545 1248 2601; baseline 0.001 -17"><span class='ocrx_word' id='word_1_307' title='bbox 210 2546 323 2584; x_wconf 79' lang='grc' dir='ltr'><strong>εὐδίαν</strong></span> <span class='ocrx_word' id='word_1_308' title='bbox 340 2552 464 2598; x_wconf 84' lang='grc' dir='ltr'><strong>χωρεῖν</strong></span> <span class='ocrx_word' id='word_1_309' title='bbox 485 2562 544 2583; x_wconf 91' lang='grc' dir='ltr'><strong>και</strong></span> <span class='ocrx_word' id='word_1_310' title='bbox 564 2549 606 2583; x_wconf 83' lang='grc' dir='ltr'><strong>αὖ</strong></span> <span class='ocrx_word' id='word_1_311' title='bbox 626 2545 732 2583; x_wconf 86' lang='grc' dir='ltr'><strong>πάλιν</strong></span> <span class='ocrx_word' id='word_1_312' title='bbox 752 2545 785 2589; x_wconf 84' lang='grc' dir='ltr'><strong>ἐξ</strong></span> <span class='ocrx_word' id='word_1_313' title='bbox 801 2546 914 2590; x_wconf 84' lang='grc' dir='ltr'><strong>εὐοιας</strong></span> <span class='ocrx_word' id='word_1_314' title='bbox 937 2547 1116 2598; x_wconf 68' lang='grc' dir='ltr'><strong>χειμάζειν</strong></span> <span class='ocrx_word' id='word_1_315' title='bbox 1137 2547 1248 2601; x_wconf 86' lang='grc' dir='ltr'><strong>πεφύ-</strong></span> 
     </span>
     <span class='ocr_line' id='line_1_45' title="bbox 211 2620 306 2643; baseline 0 -1"><span class='ocrx_word' id='word_1_316' title='bbox 211 2620 306 2643; x_wconf 87' lang='grc' dir='ltr'><strong>κασι.</strong></span> 
     </span>
    </p>

    <p class='ocr_par' dir='ltr' id='par_1_13' title="bbox 209 2660 1247 2764">
     <span class='ocr_line' id='line_1_46' title="bbox 263 2660 1247 2715; baseline 0 -14"><span class='ocrx_word' id='word_1_317' title='bbox 263 2676 328 2702; x_wconf 82' lang='grc'><strong>299.</strong></span> <span class='ocrx_word' id='word_1_318' title='bbox 357 2660 508 2715; x_wconf 81' lang='grc' dir='ltr'><strong>λιπαρὰν</strong></span> <span class='ocrx_word' id='word_1_319' title='bbox 524 2660 631 2712; x_wconf 79' lang='grc' dir='ltr'><strong>χθόνα</strong></span> <span class='ocrx_word' id='word_1_320' title='bbox 649 2674 658 2700; x_wconf 86' lang='lat'>:</span> <span class='ocrx_word' id='word_1_321' title='bbox 677 2662 838 2714; x_wconf 81' lang='grc' dir='ltr'><strong>Λιπαρὰς</strong></span> <span class='ocrx_word' id='word_1_322' title='bbox 857 2661 999 2708; x_wconf 79' lang='grc' dir='ltr'><strong>Ἀθήνας</strong></span> <span class='ocrx_word' id='word_1_323' title='bbox 1015 2663 1091 2714; x_wconf 79' lang='grc' dir='ltr'><strong>(οὔκ</strong></span> <span class='ocrx_word' id='word_1_324' title='bbox 1109 2663 1247 2701; x_wconf 89' lang='grc' dir='ltr'><strong>ἀπεικό-</strong></span> 
     </span>
     <span class='ocr_line' id='line_1_47' title="bbox 209 2719 1246 2770; baseline -0.001 -11"><span class='ocrx_word' id='word_1_325' title='bbox 209 2736 276 2764; x_wconf 89' lang='grc' dir='ltr'><strong>τως</strong></span> <span class='ocrx_word' id='word_1_326' title='bbox 295 2721 458 2767; x_wconf 87' lang='grc' dir='ltr'><strong>καλοῦσι,</strong></span> <span class='ocrx_word' id='word_1_327' title='bbox 482 2720 635 2770; x_wconf 85' lang='grc' dir='ltr'><strong>μάλιστα</strong></span> <span class='ocrx_word' id='word_1_328' title='bbox 656 2735 719 2769; x_wconf 89' lang='grc' dir='ltr'><strong>μεν</strong></span> <span class='ocrx_word' id='word_1_329' title='bbox 739 2719 799 2757; x_wconf 89' lang='grc' dir='ltr'><strong>καὶ</strong></span> <span class='ocrx_word' id='word_1_330' title='bbox 819 2720 875 2757; x_wconf 81' lang='grc' dir='ltr'><strong>διὰ</strong></span> <span class='ocrx_word' id='word_1_331' title='bbox 903 2720 942 2757; x_wconf 86' lang='grc' dir='ltr'><strong>τὸ</strong></span> <span class='ocrx_word' id='word_1_332' title='bbox 970 2720 1063 2764; x_wconf 80' lang='grc' dir='ltr'><strong>δόςαι</strong></span> <span class='ocrx_word' id='word_1_333' title='bbox 1085 2723 1246 2759; x_wconf 85' lang='grc' dir='ltr'><strong>πλουτεῖν</strong></span> 
     </span>
    </p>
   </div>
   <div class='ocr_carea' id='block_1_12' title="bbox 157 2649 192 2675">
    <p class='ocr_par' dir='ltr' id='par_1_14' title="bbox 157 2649 192 2675">
     <span class='ocr_line' id='line_1_48' title="bbox 157 2649 192 2675; baseline 0.057 -2"><span class='ocrx_word' id='word_1_334' title='bbox 157 2649 192 2675; x_wconf 82' lang='grc'><strong>40</strong></span> 
     </span>
    </p>
   </div>
   <div class='ocr_carea' id='block_1_13' title="bbox 158 2777 1250 3411">
    <p class='ocr_par' dir='ltr' id='par_1_15' title="bbox 158 2777 1250 3411">
     <span class='ocr_line' id='line_1_49' title="bbox 208 2777 1245 2832; baseline 0 -15"><span class='ocrx_word' id='word_1_335' title='bbox 208 2779 271 2825; x_wconf 86' lang='grc' dir='ltr'><strong>τὴν</strong></span> <span class='ocrx_word' id='word_1_336' title='bbox 290 2779 402 2825; x_wconf 90' lang='grc' dir='ltr'><strong>πόλιν,</strong></span> <span class='ocrx_word' id='word_1_337' title='bbox 422 2778 542 2816; x_wconf 85' lang='grc' dir='ltr'><strong>ἔπειτα</strong></span> <span class='ocrx_word' id='word_1_338' title='bbox 569 2778 603 2815; x_wconf 82' lang='grc' dir='ltr'><strong>δὲ</strong></span> <span class='ocrx_word' id='word_1_339' title='bbox 627 2794 686 2815; x_wconf 88' lang='grc' dir='ltr'><strong>και</strong></span> <span class='ocrx_word' id='word_1_340' title='bbox 704 2777 760 2815; x_wconf 77' lang='grc' dir='ltr'><strong>διὰ</strong></span> <span class='ocrx_word' id='word_1_341' title='bbox 777 2777 838 2824; x_wconf 65' lang='grc' dir='ltr'><strong>τὴν</strong></span> <span class='ocrx_word' id='word_1_342' title='bbox 855 2781 922 2815; x_wconf 83' lang='grc' dir='ltr'><strong>τῶν</strong></span> <span class='ocrx_word' id='word_1_343' title='bbox 948 2778 1087 2831; x_wconf 83' lang='grc' dir='ltr'><strong>ἡμέρων</strong></span> <span class='ocrx_word' id='word_1_344' title='bbox 1111 2795 1245 2832; x_wconf 85' lang='grc' dir='ltr'><strong>τροφων</strong></span> 
     </span>
     <span class='ocr_line' id='line_1_50' title="bbox 210 2830 1248 2890; baseline 0 -15"><span class='ocrx_word' id='word_1_345' title='bbox 210 2837 354 2890; x_wconf 77' lang='grc' dir='ltr'><strong>εὕρεσιν,</strong></span> <span class='ocrx_word' id='word_1_346' title='bbox 368 2837 451 2889; x_wconf 90' lang='grc' dir='ltr'><strong>παρ’</strong></span> <span class='ocrx_word' id='word_1_347' title='bbox 468 2830 517 2880; x_wconf 79' lang='grc' dir='ltr'><strong>οἷς</strong></span> <span class='ocrx_word' id='word_1_348' title='bbox 536 2839 582 2880; x_wconf 91' lang='grc' dir='ltr'><strong>εἷς</strong></span> <span class='ocrx_word' id='word_1_349' title='bbox 603 2836 652 2874; x_wconf 80' lang='grc' dir='ltr'><strong>ἔτι</strong></span> <span class='ocrx_word' id='word_1_350' title='bbox 669 2852 729 2874; x_wconf 77' lang='grc' dir='ltr'><strong>και</strong></span> <span class='ocrx_word' id='word_1_351' title='bbox 745 2840 803 2873; x_wconf 91' lang='grc' dir='ltr'><strong>νῦν</strong></span> <span class='ocrx_word' id='word_1_352' title='bbox 820 2836 858 2874; x_wconf 85' lang='grc' dir='ltr'><strong>τὸ</strong></span> <span class='ocrx_word' id='word_1_353' title='bbox 881 2837 1028 2889; x_wconf 84' lang='grc' dir='ltr'><strong>λιπαρον</strong></span> <span class='ocrx_word' id='word_1_354' title='bbox 1051 2854 1111 2884; x_wconf 88' lang='grc' dir='ltr'><strong>της</strong></span> <span class='ocrx_word' id='word_1_355' title='bbox 1130 2838 1248 2882; x_wconf 86' lang='grc' dir='ltr'><strong>ελαίας</strong></span> 
     </span>
     <span class='ocr_line' id='line_1_51' title="bbox 212 2893 1249 2948; baseline 0.002 -16"><span class='ocrx_word' id='word_1_356' title='bbox 212 2895 314 2948; x_wconf 81' lang='grc' dir='ltr'><strong>φυτὸν</strong></span> <span class='ocrx_word' id='word_1_357' title='bbox 332 2894 518 2933; x_wconf 87' lang='grc' dir='ltr'><strong>δείκνυται.</strong></span> <span class='ocrx_word' id='word_1_358' title='bbox 595 2893 740 2938; x_wconf 83' lang='grc' dir='ltr'><strong>”.Αλλως</strong></span> <span class='ocrx_word' id='word_1_359' title='bbox 762 2911 825 2941; x_wconf 90' lang='grc' dir='ltr'><strong>την</strong></span> <span class='ocrx_word' id='word_1_360' title='bbox 847 2896 973 2941; x_wconf 81' lang='grc' dir='ltr'><strong>εὖθαλη</strong></span> <span class='ocrx_word' id='word_1_361' title='bbox 998 2911 1056 2932; x_wconf 88' lang='grc' dir='ltr'><strong>και</strong></span> <span class='ocrx_word' id='word_1_362' title='bbox 1073 2901 1161 2932; x_wconf 78' lang='grc' dir='ltr'><strong>πᾶσι</strong></span> <span class='ocrx_word' id='word_1_363' title='bbox 1187 2911 1249 2934; x_wconf 89' lang='grc' dir='ltr'><strong>κο-</strong></span> 
     </span>
     <span class='ocr_line' id='line_1_52' title="bbox 158 2939 1249 3006; baseline 0.001 -16"><span class='ocrx_word' id='word_1_364' title='bbox 158 2939 193 2964; x_wconf 78' lang='lat'>45</span> <span class='ocrx_word' id='word_1_365' title='bbox 211 2956 345 3003; x_wconf 86' lang='grc' dir='ltr'><strong>μῶσαν.</strong></span> <span class='ocrx_word' id='word_1_366' title='bbox 365 2953 424 2990; x_wconf 87' lang='grc' dir='ltr'><strong>καὶ</strong></span> <span class='ocrx_word' id='word_1_367' title='bbox 442 2952 613 3005; x_wconf 88' lang='grc' dir='ltr'><strong>Πίνδαρος</strong></span> <span class='ocrx_word' id='word_1_368' title='bbox 629 2957 753 2999; x_wconf 82' lang='lat' dir='ltr'><strong>[s1.46]</strong></span> <span class='ocrx_word' id='word_1_369' title='bbox 774 2972 788 2987; x_wconf 78' lang='grc' dir='ltr'><strong>α</strong></span> <span class='ocrx_word' id='word_1_370' title='bbox 805 2970 834 2991; x_wconf 89' lang='grc' dir='ltr'><strong>ω</strong></span> <span class='ocrx_word' id='word_1_371' title='bbox 850 2953 907 2991; x_wconf 85' lang='grc' dir='ltr'><strong>ταὶ</strong></span> <span class='ocrx_word' id='word_1_372' title='bbox 923 2953 1070 3006; x_wconf 86' lang='grc' dir='ltr'><strong>λιπαραι</strong></span> <span class='ocrx_word' id='word_1_373' title='bbox 1095 2969 1154 2991; x_wconf 87' lang='grc' dir='ltr'><strong>και</strong></span> <span class='ocrx_word' id='word_1_374' title='bbox 1176 2953 1249 2992; x_wconf 87' lang='grc' dir='ltr'><strong>ἀοί-</strong></span> 
     </span>
     <span class='ocr_line' id='line_1_53' title="bbox 212 3010 1249 3063; baseline 0.001 -15"><span class='ocrx_word' id='word_1_375' title='bbox 212 3029 228 3044; x_wconf 83' lang='lat'><strong>‹&lt;</strong></span> <span class='ocrx_word' id='word_1_376' title='bbox 254 3012 365 3060; x_wconf 85' lang='grc' dir='ltr'><strong>διμοι,</strong></span> <span class='ocrx_word' id='word_1_377' title='bbox 394 3010 608 3054; x_wconf 50' lang='grc' dir='ltr'><strong>(Ελλάδος”</strong></span> <span class='ocrx_word' id='word_1_378' title='bbox 590 3026 752 3063; x_wconf 87' lang='grc' dir='ltr'><strong>ερεισμα,</strong></span> <span class='ocrx_word' id='word_1_379' title='bbox 775 3011 907 3049; x_wconf 88' lang='grc' dir='ltr'><strong>κλειναι</strong></span> <span class='ocrx_word' id='word_1_380' title='bbox 934 3012 1085 3050; x_wconf 85' lang='grc' dir='ltr'><strong>Ἀθᾶναι.</strong></span> <span class='ocrx_word' id='word_1_381' title='bbox 1110 3030 1125 3045; x_wconf 73' lang='lat' dir='ltr'><strong>u</strong></span> <span class='ocrx_word' id='word_1_382' title='bbox 1149 3011 1249 3049; x_wconf 83' lang='grc' dir='ltr'><strong>εὔαν-</strong></span> 
     </span>
     <span class='ocr_line' id='line_1_54' title="bbox 213 3068 1246 3123; baseline 0.003 -18"><span class='ocrx_word' id='word_1_383' title='bbox 213 3071 290 3120; x_wconf 78' lang='grc' dir='ltr'><strong>δρον</strong></span> <span class='ocrx_word' id='word_1_384' title='bbox 322 3068 357 3105; x_wconf 79' lang='grc' dir='ltr'><strong>δὲ</strong></span> <span class='ocrx_word' id='word_1_385' title='bbox 371 3098 380 3115; x_wconf 91' lang='grc'><strong>,</strong></span> <span class='ocrx_word' id='word_1_386' title='bbox 415 3068 477 3115; x_wconf 82' lang='grc' dir='ltr'><strong>τὴν</strong></span> <span class='ocrx_word' id='word_1_387' title='bbox 509 3069 567 3106; x_wconf 78' lang='grc' dir='ltr'><strong>ὑπ’</strong></span> <span class='ocrx_word' id='word_1_388' title='bbox 602 3069 750 3121; x_wconf 85' lang='grc' dir='ltr'><strong>ἀρίστων</strong></span> <span class='ocrx_word' id='word_1_389' title='bbox 787 3071 918 3122; x_wconf 88' lang='grc' dir='ltr'><strong>ἀνδρῶν</strong></span> <span class='ocrx_word' id='word_1_390' title='bbox 952 3070 1246 3123; x_wconf 85' lang='grc' dir='ltr'><strong>παροικουμένην.</strong></span> 
     </span>
     <span class='ocr_line' id='line_1_55' title="bbox 212 3125 1248 3199; baseline 0.003 -36"><span class='ocrx_word' id='word_1_391' title='bbox 212 3125 463 3179; x_wconf 86' lang='grc' dir='ltr'><strong>πολυήρατον</strong></span> <span class='ocrx_word' id='word_1_392' title='bbox 446 3126 499 3174; x_wconf 77' lang='grc' dir='ltr'><strong>οὲ,</strong></span> <span class='ocrx_word' id='word_1_393' title='bbox 518 3133 623 3164; x_wconf 85' lang='grc' dir='ltr'><strong>πᾶσιν</strong></span> <span class='ocrx_word' id='word_1_394' title='bbox 647 3127 824 3180; x_wconf 82' lang='grc' dir='ltr'><strong>ἐράσμιον.</strong></span> <span class='ocrx_word' id='word_1_395' title='bbox 836 3128 1090 3199; x_wconf 82' lang='grc' dir='ltr'><strong>)-λιπαρὰν;</strong></span> <span class='ocrx_word' id='word_1_396' title='bbox 1112 3131 1155 3166; x_wconf 79' lang='lat' dir='ltr'><strong>E&#39;</strong></span> <span class='ocrx_word' id='word_1_397' title='bbox 1147 3145 1172 3172; x_wconf 94' lang='grc' dir='ltr'><strong>ις</strong></span> <span class='ocrx_word' id='word_1_398' title='bbox 1187 3128 1248 3175; x_wconf 77' lang='grc' dir='ltr'><strong>τὴν</strong></span> 
     </span>
     <span class='ocr_line' id='line_1_56' title="bbox 161 3183 1248 3257; baseline 0.003 -36"><span class='ocrx_word' id='word_1_399' title='bbox 161 3228 196 3252; x_wconf 85' lang='lat'>50</span> <span class='ocrx_word' id='word_1_400' title='bbox 214 3185 358 3257; x_wconf 54' lang='grc' dir='ltr'><strong>ειξγαιον</strong></span> <span class='ocrx_word' id='word_1_401' title='bbox 363 3183 426 3230; x_wconf 84' lang='grc' dir='ltr'><strong>τὴν</strong></span> <span class='ocrx_word' id='word_1_402' title='bbox 446 3184 611 3231; x_wconf 85' lang='grc' dir='ltr'><strong>Αττικην.</strong></span> <span class='ocrx_word' id='word_1_403' title='bbox 633 3187 679 3224; x_wconf 92' lang='grc' dir='ltr'><strong>Θ.</strong></span> <span class='ocrx_word' id='word_1_404' title='bbox 700 3185 877 3239; x_wconf 82' lang='grc' dir='ltr'><strong>Λαμπρὰν</strong></span> <span class='ocrx_word' id='word_1_405' title='bbox 898 3186 953 3224; x_wconf 85' lang='grc' dir='ltr'><strong>διὰ</strong></span> <span class='ocrx_word' id='word_1_406' title='bbox 973 3185 1036 3233; x_wconf 82' lang='grc' dir='ltr'><strong>τὴν</strong></span> <span class='ocrx_word' id='word_1_407' title='bbox 1051 3186 1171 3224; x_wconf 83' lang='grc' dir='ltr'><strong>ἐλαίαν</strong></span> <span class='ocrx_word' id='word_1_408' title='bbox 1186 3203 1248 3234; x_wconf 90' lang='grc' dir='ltr'><strong>την</strong></span> 
     </span>
     <span class='ocr_line' id='line_1_57' title="bbox 215 3244 556 3294; baseline 0.003 -14"><span class='ocrx_word' id='word_1_409' title='bbox 215 3246 320 3280; x_wconf 82' lang='grc' dir='ltr'><strong>οὖσαν</strong></span> <span class='ocrx_word' id='word_1_410' title='bbox 343 3244 377 3279; x_wconf 83' lang='grc' dir='ltr'><strong>ἐν</strong></span> <span class='ocrx_word' id='word_1_411' title='bbox 395 3244 494 3294; x_wconf 78' lang='grc' dir='ltr'><strong>αὐτῇ.</strong></span> <span class='ocrx_word' id='word_1_412' title='bbox 517 3251 556 3281; x_wconf 87' lang='lat' dir='ltr'><strong>R.</strong></span> 
     </span>
     <span class='ocr_line' id='line_1_58' title="bbox 264 3295 1250 3355; baseline 0.002 -16"><span class='ocrx_word' id='word_1_413' title='bbox 264 3313 327 3339; x_wconf 79' lang='grc'><strong>301.</strong></span> <span class='ocrx_word' id='word_1_414' title='bbox 357 3300 534 3353; x_wconf 85' lang='grc' dir='ltr'><strong>Κέκροπος</strong></span> <span class='ocrx_word' id='word_1_415' title='bbox 551 3295 681 3345; x_wconf 68' lang='grc' dir='ltr'><strong>εΟῧτος</strong></span> <span class='ocrx_word' id='word_1_416' title='bbox 694 3300 761 3354; x_wconf 84' lang='grc' dir='ltr'><strong>γὰρ</strong></span> <span class='ocrx_word' id='word_1_417' title='bbox 769 3302 1033 3355; x_wconf 21' lang='grc' dir='ltr'><strong>τῶνιἈθηναίων</strong></span> <span class='ocrx_word' id='word_1_418' title='bbox 1051 3296 1091 3350; x_wconf 70' lang='grc' dir='ltr'><strong>ἦν</strong></span> <span class='ocrx_word' id='word_1_419' title='bbox 1104 3301 1250 3355; x_wconf 79' lang='grc' dir='ltr'><strong>ἀρχαιό-</strong></span> 
     </span>
     <span class='ocr_line' id='line_1_59' title="bbox 215 3360 384 3411; baseline -0.012 -13"><span class='ocrx_word' id='word_1_420' title='bbox 215 3374 322 3411; x_wconf 86' lang='grc' dir='ltr'><strong>γονος.</strong></span> <span class='ocrx_word' id='word_1_421' title='bbox 339 3360 384 3399; x_wconf 89' lang='grc' dir='ltr'><strong>Θ.</strong></span> 
     </span>
    </p>
   </div>
   <div class='ocr_carea' id='block_1_14' title="bbox 1307 288 2397 1152">
    <p class='ocr_par' dir='ltr' id='par_1_16' title="bbox 1364 288 2272 348">
     <span class='ocr_line' id='line_1_60' title="bbox 1364 288 2272 348; baseline -0.001 -21"><span class='ocrx_word' id='word_1_422' title='bbox 1364 289 1606 348; x_wconf 85' lang='grc' dir='ltr'><strong>πολυήρατον</strong></span> <span class='ocrx_word' id='word_1_423' title='bbox 1624 289 1759 327; x_wconf 74' lang='grc' dir='ltr'><strong>Πάνυ</strong></span> <span class='ocrx_word' id='word_1_424' title='bbox 1745 288 1944 341; x_wconf 88' lang='grc' dir='ltr'><strong>επέραστον.</strong></span> <span class='ocrx_word' id='word_1_425' title='bbox 1957 290 2004 328; x_wconf 91' lang='grc' dir='ltr'><strong>Θ.</strong></span> <span class='ocrx_word' id='word_1_426' title='bbox 2025 289 2208 342; x_wconf 84' lang='grc' dir='ltr'><strong>ἐρασμίαν.</strong></span> <span class='ocrx_word' id='word_1_427' title='bbox 2230 302 2272 338; x_wconf 86' lang='lat' dir='ltr'><strong>V.</strong></span> 
     </span>
    </p>

    <p class='ocr_par' dir='ltr' id='par_1_17' title="bbox 1309 346 2377 573">
     <span class='ocr_line' id='line_1_61' title="bbox 1361 346 2340 400; baseline 0.001 -16"><span class='ocrx_word' id='word_1_428' title='bbox 1361 360 1423 384; x_wconf 80' lang='lat'>302.</span> <span class='ocrx_word' id='word_1_429' title='bbox 1453 351 1492 384; x_wconf 82' lang='grc' dir='ltr'><strong>οὓ</strong></span> <span class='ocrx_word' id='word_1_430' title='bbox 1509 347 1643 390; x_wconf 70' lang='grc' dir='ltr'><strong>σέὸας.</strong></span> <span class='ocrx_word' id='word_1_431' title='bbox 1636 361 1644 368; x_wconf 94' lang='grc'><em>·</em></span> <span class='ocrx_word' id='word_1_432' title='bbox 1663 346 1783 385; x_wconf 89' lang='grc' dir='ltr'><strong>Οπου</strong></span> <span class='ocrx_word' id='word_1_433' title='bbox 1805 346 1866 384; x_wconf 84' lang='grc' dir='ltr'><strong>σέο</strong></span> <span class='ocrx_word' id='word_1_434' title='bbox 1847 347 1968 397; x_wconf 81' lang='grc' dir='ltr'><strong>ασμά</strong></span> <span class='ocrx_word' id='word_1_435' title='bbox 1991 349 2063 384; x_wconf 79' lang='grc' dir='ltr'><strong>ἐστι</strong></span> <span class='ocrx_word' id='word_1_436' title='bbox 2082 347 2142 384; x_wconf 85' lang='grc' dir='ltr'><strong>καὶ</strong></span> <span class='ocrx_word' id='word_1_437' title='bbox 2159 348 2340 400; x_wconf 86' lang='grc' dir='ltr'><strong>ἀπόρρητα</strong></span> 
     </span>
     <span class='ocr_line' id='line_1_62' title="bbox 1310 404 2343 457; baseline 0.002 -16"><span class='ocrx_word' id='word_1_438' title='bbox 1310 404 1497 457; x_wconf 81' lang='grc' dir='ltr'><strong>μυστήρια.</strong></span> <span class='ocrx_word' id='word_1_439' title='bbox 1521 406 1598 442; x_wconf 90' lang='grc' dir='ltr'><strong>λίαν</strong></span> <span class='ocrx_word' id='word_1_440' title='bbox 1619 405 1685 456; x_wconf 80' lang='grc' dir='ltr'><strong>γὰρ</strong></span> <span class='ocrx_word' id='word_1_441' title='bbox 1706 406 1820 448; x_wconf 81' lang='grc' dir='ltr'><strong>αὐτοις</strong></span> <span class='ocrx_word' id='word_1_442' title='bbox 1838 404 1876 442; x_wconf 81' lang='grc' dir='ltr'><strong>τὸ</strong></span> <span class='ocrx_word' id='word_1_443' title='bbox 1892 404 1940 454; x_wconf 76' lang='grc' dir='ltr'><strong>μὴ</strong></span> <span class='ocrx_word' id='word_1_444' title='bbox 1956 404 1988 442; x_wconf 50' lang='grc' dir='ltr'><strong>ἐξ</strong></span> <span class='ocrx_word' id='word_1_445' title='bbox 1975 421 2036 455; x_wconf 83' lang='grc' dir='ltr'><strong>αγ</strong></span> <span class='ocrx_word' id='word_1_446' title='bbox 2038 404 2219 456; x_wconf 84' lang='grc' dir='ltr'><strong>γέλλεσθαι</strong></span> <span class='ocrx_word' id='word_1_447' title='bbox 2232 410 2343 443; x_wconf 87' lang='grc' dir='ltr'><strong>ταῦτα</strong></span> 
     </span>
     <span class='ocr_line' id='line_1_63' title="bbox 1309 461 2345 516; baseline 0.002 -17"><span class='ocrx_word' id='word_1_448' title='bbox 1309 462 1548 506; x_wconf 79' lang='grc' dir='ltr'><strong>ἐσπουδάζετο.</strong></span> <span class='ocrx_word' id='word_1_449' title='bbox 1567 462 1637 513; x_wconf 69' lang='grc' dir='ltr'><strong>[ὅτι</strong></span> <span class='ocrx_word' id='word_1_450' title='bbox 1649 461 1683 499; x_wconf 81' lang='grc' dir='ltr'><strong>δὲ</strong></span> <span class='ocrx_word' id='word_1_451' title='bbox 1693 462 1769 499; x_wconf 86' lang='grc' dir='ltr'><strong>λίαν</strong></span> <span class='ocrx_word' id='word_1_452' title='bbox 1787 463 1996 507; x_wconf 76' lang='grc' dir='ltr'><strong>ἐσπούδαζον</strong></span> <span class='ocrx_word' id='word_1_453' title='bbox 2007 463 2086 516; x_wconf 81' lang='grc' dir='ltr'><strong>περὶ</strong></span> <span class='ocrx_word' id='word_1_454' title='bbox 2098 463 2141 501; x_wconf 81' lang='grc' dir='ltr'><strong>τὰ</strong></span> <span class='ocrx_word' id='word_1_455' title='bbox 2153 463 2345 516; x_wconf 78' lang='grc' dir='ltr'><strong>μυστήρια,</strong></span> 
     </span>
     <span class='ocr_line' id='line_1_64' title="bbox 1309 519 2377 573; baseline 0.003 -17"><span class='ocrx_word' id='word_1_456' title='bbox 1309 520 1410 565; x_wconf 74' lang='grc' dir='ltr'><strong>δῆλον</strong></span> <span class='ocrx_word' id='word_1_457' title='bbox 1426 521 1464 556; x_wconf 79' lang='grc' dir='ltr'><strong>ἐκ</strong></span> <span class='ocrx_word' id='word_1_458' title='bbox 1480 523 1538 556; x_wconf 88' lang='grc' dir='ltr'><strong>τοῦ</strong></span> <span class='ocrx_word' id='word_1_459' title='bbox 1562 519 1782 571; x_wconf 72' lang='grc' dir='ltr'><strong>ψηφίσματος</strong></span> <span class='ocrx_word' id='word_1_460' title='bbox 1799 520 2019 573; x_wconf 63' lang='grc' dir='ltr'><strong>Μεγαρέυ)ν.]</strong></span> <span class='ocrx_word' id='word_1_461' title='bbox 2361 537 2377 562; x_wconf 84' lang='lat'>5</span> 
     </span>
    </p>

    <p class='ocr_par' dir='ltr' id='par_1_18' title="bbox 1308 577 2397 920">
     <span class='ocr_line' id='line_1_65' title="bbox 1361 577 2343 631; baseline 0.001 -16"><span class='ocrx_word' id='word_1_462' title='bbox 1361 591 1425 616; x_wconf 80' lang='grc'><strong>303.</strong></span> <span class='ocrx_word' id='word_1_463' title='bbox 1458 577 1665 627; x_wconf 80' lang='grc' dir='ltr'><strong>μυστοδόκος</strong></span> <span class='ocrx_word' id='word_1_464' title='bbox 1691 577 1792 627; x_wconf 78' lang='grc' dir='ltr'><strong>δόμος</strong></span> <span class='ocrx_word' id='word_1_465' title='bbox 1817 592 1825 616; x_wconf 87' lang='lat'>:</span> <span class='ocrx_word' id='word_1_466' title='bbox 1851 579 2025 622; x_wconf 77' lang='grc' dir='ltr'><strong>Μυστικὸς</strong></span> <span class='ocrx_word' id='word_1_467' title='bbox 2044 579 2103 616; x_wconf 82' lang='grc' dir='ltr'><strong>καὶ</strong></span> <span class='ocrx_word' id='word_1_468' title='bbox 2130 580 2235 631; x_wconf 72' lang='grc' dir='ltr'><strong>ἱερὸς,</strong></span> <span class='ocrx_word' id='word_1_469' title='bbox 2263 594 2343 617; x_wconf 88' lang='grc' dir='ltr'><strong>του-</strong></span> 
     </span>
     <span class='ocr_line' id='line_1_66' title="bbox 1308 634 2343 687; baseline 0.005 -16"><span class='ocrx_word' id='word_1_470' title='bbox 1308 634 1402 672; x_wconf 87' lang='grc' dir='ltr'><strong>τέστι</strong></span> <span class='ocrx_word' id='word_1_471' title='bbox 1418 634 1494 678; x_wconf 76' lang='grc' dir='ltr'><strong>τοὺς</strong></span> <span class='ocrx_word' id='word_1_472' title='bbox 1515 635 1647 685; x_wconf 79' lang='grc' dir='ltr'><strong>μύστας</strong></span> <span class='ocrx_word' id='word_1_473' title='bbox 1670 636 1933 687; x_wconf 75' lang='grc' dir='ltr'><strong>ὑποδεχόμενος.</strong></span> <span class='ocrx_word' id='word_1_474' title='bbox 1953 636 2046 686; x_wconf 83' lang='grc' dir='ltr'><strong>λέγει</strong></span> <span class='ocrx_word' id='word_1_475' title='bbox 2069 636 2104 674; x_wconf 79' lang='grc' dir='ltr'><strong>δὲ</strong></span> <span class='ocrx_word' id='word_1_476' title='bbox 2127 638 2189 683; x_wconf 83' lang='grc' dir='ltr'><strong>τὴν</strong></span> <span class='ocrx_word' id='word_1_477' title='bbox 2217 638 2343 676; x_wconf 88' lang='grc' dir='ltr'><strong>Ἐλευ-</strong></span> 
     </span>
     <span class='ocr_line' id='line_1_67' title="bbox 1309 693 2343 746; baseline 0.003 -16"><span class='ocrx_word' id='word_1_478' title='bbox 1309 699 1398 740; x_wconf 88' lang='grc' dir='ltr'><strong>σῖνα,</strong></span> <span class='ocrx_word' id='word_1_479' title='bbox 1416 693 1494 730; x_wconf 80' lang='grc' dir='ltr'><strong>ἔνθα</strong></span> <span class='ocrx_word' id='word_1_480' title='bbox 1513 693 1556 730; x_wconf 83' lang='grc' dir='ltr'><strong>τὰ</strong></span> <span class='ocrx_word' id='word_1_481' title='bbox 1573 693 1759 745; x_wconf 85' lang='grc' dir='ltr'><strong>Δήμητρος</strong></span> <span class='ocrx_word' id='word_1_482' title='bbox 1770 694 1829 731; x_wconf 83' lang='grc' dir='ltr'><strong>καὶ</strong></span> <span class='ocrx_word' id='word_1_483' title='bbox 1855 693 1969 745; x_wconf 89' lang='grc' dir='ltr'><strong>Κόρης</strong></span> <span class='ocrx_word' id='word_1_484' title='bbox 1987 696 2195 732; x_wconf 82' lang='grc' dir='ltr'><strong>ἐπιτελεῖται</strong></span> <span class='ocrx_word' id='word_1_485' title='bbox 2210 695 2343 746; x_wconf 86' lang='grc' dir='ltr'><strong>μυστή-</strong></span> 
     </span>
     <span class='ocr_line' id='line_1_68' title="bbox 1311 750 2340 804; baseline 0.002 -16"><span class='ocrx_word' id='word_1_486' title='bbox 1311 767 1377 804; x_wconf 91' lang='grc' dir='ltr'><strong>ρια.</strong></span> <span class='ocrx_word' id='word_1_487' title='bbox 1399 773 1451 779; x_wconf 83' lang='lat'><strong>——</strong></span> <span class='ocrx_word' id='word_1_488' title='bbox 1466 751 1529 797; x_wconf 85' lang='grc' dir='ltr'><strong>τὴν</strong></span> <span class='ocrx_word' id='word_1_489' title='bbox 1551 753 1734 789; x_wconf 87' lang='grc' dir='ltr'><strong>Ἐλευσῖνα</strong></span> <span class='ocrx_word' id='word_1_490' title='bbox 1749 751 1840 801; x_wconf 83' lang='grc' dir='ltr'><strong>λέγει</strong></span> <span class='ocrx_word' id='word_1_491' title='bbox 1852 750 2021 800; x_wconf 79' lang='grc' dir='ltr'><strong>μυστικὴν</strong></span> <span class='ocrx_word' id='word_1_492' title='bbox 2035 751 2094 788; x_wconf 85' lang='grc' dir='ltr'><strong>καὶ</strong></span> <span class='ocrx_word' id='word_1_493' title='bbox 2105 751 2198 804; x_wconf 83' lang='grc' dir='ltr'><strong>ἱερὰν</strong></span> <span class='ocrx_word' id='word_1_494' title='bbox 2217 753 2340 800; x_wconf 74' lang='grc' dir='ltr'><strong>οἰκίαν,</strong></span> 
     </span>
     <span class='ocr_line' id='line_1_69' title="bbox 1309 808 2397 864; baseline 0.004 -18"><span class='ocrx_word' id='word_1_495' title='bbox 1309 809 1368 846; x_wconf 80' lang='grc' dir='ltr'><strong>καὶ</strong></span> <span class='ocrx_word' id='word_1_496' title='bbox 1387 808 1464 852; x_wconf 76' lang='grc' dir='ltr'><strong>τοὺς</strong></span> <span class='ocrx_word' id='word_1_497' title='bbox 1485 809 1617 859; x_wconf 87' lang='grc' dir='ltr'><strong>μύστας</strong></span> <span class='ocrx_word' id='word_1_498' title='bbox 1638 809 1840 860; x_wconf 76' lang='grc' dir='ltr'><strong>δεχομένην.</strong></span> <span class='ocrx_word' id='word_1_499' title='bbox 1860 811 1894 846; x_wconf 79' lang='grc' dir='ltr'><strong>ἐν</strong></span> <span class='ocrx_word' id='word_1_500' title='bbox 1916 812 2003 862; x_wconf 78' lang='grc' dir='ltr'><strong>αὐτῇ</strong></span> <span class='ocrx_word' id='word_1_501' title='bbox 2022 809 2088 861; x_wconf 87' lang='grc' dir='ltr'><strong>γὰρ</strong></span> <span class='ocrx_word' id='word_1_502' title='bbox 2107 808 2151 847; x_wconf 86' lang='grc' dir='ltr'><strong>τὰ</strong></span> <span class='ocrx_word' id='word_1_503' title='bbox 2168 810 2341 864; x_wconf 87' lang='grc' dir='ltr'><strong>μυστήρια</strong></span> <span class='ocrx_word' id='word_1_504' title='bbox 2365 825 2397 850; x_wconf 89' lang='lat'><strong>10</strong></span> 
     </span>
     <span class='ocr_line' id='line_1_70' title="bbox 1308 867 2147 920; baseline 0.001 -16"><span class='ocrx_word' id='word_1_505' title='bbox 1308 870 1369 913; x_wconf 76' lang='grc' dir='ltr'><strong>τῆς</strong></span> <span class='ocrx_word' id='word_1_506' title='bbox 1386 867 1573 920; x_wconf 77' lang='grc' dir='ltr'><strong>Δήμητρος</strong></span> <span class='ocrx_word' id='word_1_507' title='bbox 1590 867 1649 904; x_wconf 79' lang='grc' dir='ltr'><strong>καὶ</strong></span> <span class='ocrx_word' id='word_1_508' title='bbox 1666 871 1725 913; x_wconf 71' lang='grc' dir='ltr'><strong>τῆς</strong></span> <span class='ocrx_word' id='word_1_509' title='bbox 1746 867 1860 919; x_wconf 87' lang='grc' dir='ltr'><strong>Κόρης</strong></span> <span class='ocrx_word' id='word_1_510' title='bbox 1874 869 2063 905; x_wconf 78' lang='grc' dir='ltr'><strong>ἐτελοῦντο.</strong></span> <span class='ocrx_word' id='word_1_511' title='bbox 2085 875 2147 905; x_wconf 92' lang='lat' dir='ltr'><strong>LB.</strong></span> 
     </span>
    </p>

    <p class='ocr_par' dir='ltr' id='par_1_19' title="bbox 1307 927 2397 1152">
     <span class='ocr_line' id='line_1_71' title="bbox 1828 927 2345 978; baseline 0 -13"><span class='ocrx_word' id='word_1_512' title='bbox 1828 927 1889 965; x_wconf 82' lang='grc' dir='ltr'><strong>Ἐν</strong></span> <span class='ocrx_word' id='word_1_513' title='bbox 1907 927 2176 978; x_wconf 88' lang='grc' dir='ltr'><strong>τελεσιουργίαις</strong></span> <span class='ocrx_word' id='word_1_514' title='bbox 2195 927 2345 965; x_wconf 77' lang='grc' dir='ltr'><strong>ὁσιωτά-</strong></span> 
     </span>
     <span class='ocr_line' id='line_1_72' title="bbox 1308 984 2346 1039; baseline 0.003 -18"><span class='ocrx_word' id='word_1_515' title='bbox 1308 1000 1400 1031; x_wconf 82' lang='grc' dir='ltr'><strong>ταις,</strong></span> <span class='ocrx_word' id='word_1_516' title='bbox 1414 984 1568 1022; x_wconf 87' lang='grc' dir='ltr'><strong>τουτέστι</strong></span> <span class='ocrx_word' id='word_1_517' title='bbox 1583 990 1653 1028; x_wconf 88' lang='grc' dir='ltr'><strong>τοῖς</strong></span> <span class='ocrx_word' id='word_1_518' title='bbox 1667 985 1877 1038; x_wconf 89' lang='grc' dir='ltr'><strong>μυστηρίοις.</strong></span> <span class='ocrx_word' id='word_1_519' title='bbox 1896 984 2049 1036; x_wconf 80' lang='grc' dir='ltr'><strong>(εἰκότως</strong></span> <span class='ocrx_word' id='word_1_520' title='bbox 2065 984 2100 1023; x_wconf 83' lang='grc' dir='ltr'><strong>δὲ</strong></span> <span class='ocrx_word' id='word_1_521' title='bbox 2114 985 2175 1029; x_wconf 83' lang='grc' dir='ltr'><strong>τὰς</strong></span> <span class='ocrx_word' id='word_1_522' title='bbox 2189 985 2346 1039; x_wconf 75' lang='grc' dir='ltr'><strong>Νεφέλας</strong></span> 
     </span>
     <span class='ocr_line' id='line_1_73' title="bbox 1308 1043 2344 1097; baseline 0.004 -18"><span class='ocrx_word' id='word_1_523' title='bbox 1308 1043 1491 1094; x_wconf 80' lang='grc' dir='ltr'><strong>παρήγαγε</strong></span> <span class='ocrx_word' id='word_1_524' title='bbox 1506 1046 1641 1095; x_wconf 85' lang='grc' dir='ltr'><strong>πρῶτον</strong></span> <span class='ocrx_word' id='word_1_525' title='bbox 1656 1043 1930 1094; x_wconf 84' lang='grc' dir='ltr'><strong>σεμνολογούσας</strong></span> <span class='ocrx_word' id='word_1_526' title='bbox 1949 1043 2028 1096; x_wconf 86' lang='grc' dir='ltr'><strong>περὶ</strong></span> <span class='ocrx_word' id='word_1_527' title='bbox 2044 1046 2112 1081; x_wconf 90' lang='grc' dir='ltr'><strong>τῶν</strong></span> <span class='ocrx_word' id='word_1_528' title='bbox 2129 1044 2344 1097; x_wconf 83' lang='grc' dir='ltr'><strong>μυστηρίων,</strong></span> 
     </span>
     <span class='ocr_line' id='line_1_74' title="bbox 1307 1100 2397 1152; baseline 0.006 -16"><span class='ocrx_word' id='word_1_529' title='bbox 1307 1100 1382 1137; x_wconf 79' lang='grc' dir='ltr'><strong>ἐπεὶ</strong></span> <span class='ocrx_word' id='word_1_530' title='bbox 1402 1100 1519 1151; x_wconf 73' lang='grc' dir='ltr'><strong>ἔχουσι’</strong></span> <span class='ocrx_word' id='word_1_531' title='bbox 1535 1116 1611 1138; x_wconf 91' lang='grc' dir='ltr'><strong>τινα</strong></span> <span class='ocrx_word' id='word_1_532' title='bbox 1629 1100 1712 1152; x_wconf 88' lang='grc' dir='ltr'><strong>πρός</strong></span> <span class='ocrx_word' id='word_1_533' title='bbox 1736 1117 1773 1138; x_wconf 87' lang='grc' dir='ltr'><strong>τε</strong></span> <span class='ocrx_word' id='word_1_534' title='bbox 1790 1101 1850 1144; x_wconf 80' lang='grc' dir='ltr'><strong>τὰς</strong></span> <span class='ocrx_word' id='word_1_535' title='bbox 1875 1101 1953 1144; x_wconf 77' lang='grc' dir='ltr'><strong>θεὰς</strong></span> <span class='ocrx_word' id='word_1_536' title='bbox 1972 1101 2099 1144; x_wconf 82' lang='grc' dir='ltr'><strong>ταύτας</strong></span> <span class='ocrx_word' id='word_1_537' title='bbox 2125 1101 2184 1139; x_wconf 88' lang='grc' dir='ltr'><strong>καὶ</strong></span> <span class='ocrx_word' id='word_1_538' title='bbox 2206 1102 2283 1146; x_wconf 81' lang='grc' dir='ltr'><strong>τοὺς</strong></span> <span class='ocrx_word' id='word_1_539' title='bbox 2302 1103 2344 1141; x_wconf 90' lang='grc' dir='ltr'><strong>δι’</strong></span> <span class='ocrx_word' id='word_1_540' title='bbox 2366 1119 2397 1145; x_wconf 81' lang='lat'>15</span> 
     </span>
    </p>
   </div>
   <div class='ocr_carea' id='block_1_15' title="bbox 1361 926 1808 977">
    <p class='ocr_par' dir='ltr' id='par_1_20' title="bbox 1361 926 1808 977">
     <span class='ocr_line' id='line_1_75' title="bbox 1361 926 1808 977; baseline 0.002 -13"><span class='ocrx_word' id='word_1_541' title='bbox 1361 939 1423 964; x_wconf 83' lang='lat'><strong>304.</strong></span> <span class='ocrx_word' id='word_1_542' title='bbox 1453 929 1486 964; x_wconf 82' lang='grc' dir='ltr'><strong>ἐν</strong></span> <span class='ocrx_word' id='word_1_543' title='bbox 1506 926 1658 969; x_wconf 82' lang='grc' dir='ltr'><strong>τελεταῖς</strong></span> <span class='ocrx_word' id='word_1_544' title='bbox 1674 926 1808 977; x_wconf 78' lang='grc' dir='ltr'><strong>ἁγίαις;</strong></span> 
     </span>
    </p>
   </div>
   <div class='ocr_carea' id='block_1_16' title="bbox 1306 1157 2401 2954">
    <p class='ocr_par' dir='ltr' id='par_1_21' title="bbox 1307 1157 2399 2023">
     <span class='ocr_line' id='line_1_76' title="bbox 1309 1157 2345 1212; baseline 0.004 -18"><span class='ocrx_word' id='word_1_545' title='bbox 1309 1157 1414 1201; x_wconf 80' lang='grc' dir='ltr'><strong>αὐτὰς</strong></span> <span class='ocrx_word' id='word_1_546' title='bbox 1431 1158 1585 1210; x_wconf 74' lang='grc' dir='ltr'><strong>καρποὺς</strong></span> <span class='ocrx_word' id='word_1_547' title='bbox 1604 1159 1860 1209; x_wconf 86' lang='grc' dir='ltr'><strong>τελειουμένους</strong></span> <span class='ocrx_word' id='word_1_548' title='bbox 1879 1159 2100 1209; x_wconf 76' lang='grc' dir='ltr'><strong>οἰκειότητα.)</strong></span> <span class='ocrx_word' id='word_1_549' title='bbox 2130 1161 2158 1197; x_wconf 87' lang='grc' dir='ltr'><strong>εἷ</strong></span> <span class='ocrx_word' id='word_1_550' title='bbox 2185 1159 2252 1212; x_wconf 86' lang='grc' dir='ltr'><strong>γὰρ</strong></span> <span class='ocrx_word' id='word_1_551' title='bbox 2276 1163 2345 1198; x_wconf 89' lang='grc' dir='ltr'><strong>τῶν</strong></span> 
     </span>
     <span class='ocr_line' id='line_1_77' title="bbox 1309 1216 2347 1269; baseline 0.002 -17"><span class='ocrx_word' id='word_1_552' title='bbox 1309 1216 1370 1265; x_wconf 79' lang='grc' dir='ltr'><strong>μὲν</strong></span> <span class='ocrx_word' id='word_1_553' title='bbox 1391 1218 1553 1269; x_wconf 79' lang='grc' dir='ltr'><strong>Νεφελῶν</strong></span> <span class='ocrx_word' id='word_1_554' title='bbox 1587 1216 1626 1254; x_wconf 83' lang='grc' dir='ltr'><strong>τὸ</strong></span> <span class='ocrx_word' id='word_1_555' title='bbox 1646 1216 1728 1263; x_wconf 80' lang='grc' dir='ltr'><strong>ὕειν,</strong></span> <span class='ocrx_word' id='word_1_556' title='bbox 1746 1216 1911 1255; x_wconf 78' lang='grc' dir='ltr'><strong>ἀδύνατον</strong></span> <span class='ocrx_word' id='word_1_557' title='bbox 1930 1216 1965 1255; x_wconf 79' lang='grc' dir='ltr'><strong>δὲ</strong></span> <span class='ocrx_word' id='word_1_558' title='bbox 1990 1216 2144 1269; x_wconf 76' lang='grc' dir='ltr'><strong>καρποὺς</strong></span> <span class='ocrx_word' id='word_1_559' title='bbox 2175 1217 2255 1254; x_wconf 83' lang='grc' dir='ltr'><strong>ἄνευ</strong></span> <span class='ocrx_word' id='word_1_560' title='bbox 2281 1217 2347 1268; x_wconf 86' lang='grc' dir='ltr'><strong>ὄμ-</strong></span> 
     </span>
     <span class='ocr_line' id='line_1_78' title="bbox 1309 1274 2346 1327; baseline 0.002 -16"><span class='ocrx_word' id='word_1_561' title='bbox 1309 1274 1399 1325; x_wconf 67' lang='grc' dir='ltr'><strong>Ερων</strong></span> <span class='ocrx_word' id='word_1_562' title='bbox 1418 1276 1595 1327; x_wconf 79' lang='grc' dir='ltr'><strong>γεωργεῗν,</strong></span> <span class='ocrx_word' id='word_1_563' title='bbox 1619 1278 1691 1318; x_wconf 88' lang='grc' dir='ltr'><strong>πῶς</strong></span> <span class='ocrx_word' id='word_1_564' title='bbox 1710 1277 1773 1313; x_wconf 77' lang='grc' dir='ltr'><strong>οὐκ</strong></span> <span class='ocrx_word' id='word_1_565' title='bbox 1792 1277 1912 1318; x_wconf 81' lang='grc' dir='ltr'><strong>οἰκεῖος</strong></span> <span class='ocrx_word' id='word_1_566' title='bbox 1932 1278 1949 1312; x_wconf 86' lang='grc' dir='ltr'>ὃ</span> <span class='ocrx_word' id='word_1_567' title='bbox 1965 1275 2044 1327; x_wconf 85' lang='grc' dir='ltr'><strong>περὶ</strong></span> <span class='ocrx_word' id='word_1_568' title='bbox 2074 1277 2142 1312; x_wconf 88' lang='grc' dir='ltr'><strong>τῶν</strong></span> <span class='ocrx_word' id='word_1_569' title='bbox 2163 1278 2247 1312; x_wconf 91' lang='grc' dir='ltr'><strong>θεῶν</strong></span> <span class='ocrx_word' id='word_1_570' title='bbox 2270 1278 2346 1320; x_wconf 77' lang='grc' dir='ltr'><strong>ταῖς</strong></span> 
     </span>
     <span class='ocr_line' id='line_1_79' title="bbox 1309 1332 2346 1385; baseline 0.003 -16"><span class='ocrx_word' id='word_1_571' title='bbox 1309 1332 1480 1384; x_wconf 88' lang='grc' dir='ltr'><strong>Νεφέλαις</strong></span> <span class='ocrx_word' id='word_1_572' title='bbox 1495 1332 1613 1383; x_wconf 69' lang='grc' dir='ltr'><strong>λόγοςς</strong></span> <span class='ocrx_word' id='word_1_573' title='bbox 1635 1334 1666 1370; x_wconf 90' lang='grc' dir='ltr'><strong>εἴ</strong></span> <span class='ocrx_word' id='word_1_574' title='bbox 1685 1350 1724 1384; x_wconf 88' lang='grc' dir='ltr'><strong>γε</strong></span> <span class='ocrx_word' id='word_1_575' title='bbox 1747 1334 1806 1371; x_wconf 83' lang='grc' dir='ltr'><strong>καὶ</strong></span> <span class='ocrx_word' id='word_1_576' title='bbox 1822 1333 1879 1371; x_wconf 86' lang='grc' dir='ltr'><strong>τὸν</strong></span> <span class='ocrx_word' id='word_1_577' title='bbox 1902 1333 2046 1384; x_wconf 70' lang='grc' dir='ltr'><strong>Ἴακχον</strong></span> <span class='ocrx_word' id='word_1_578' title='bbox 2063 1333 2250 1385; x_wconf 80' lang='grc' dir='ltr'><strong>ἐχόρευσαν</strong></span> <span class='ocrx_word' id='word_1_579' title='bbox 2270 1336 2346 1378; x_wconf 81' lang='grc' dir='ltr'><strong>ταῖς</strong></span> 
     </span>
     <span class='ocr_line' id='line_1_80' title="bbox 1308 1390 2398 1445; baseline 0.006 -19"><span class='ocrx_word' id='word_1_580' title='bbox 1308 1394 1417 1437; x_wconf 84' lang='grc' dir='ltr'><strong>θεαῖς,</strong></span> <span class='ocrx_word' id='word_1_581' title='bbox 1434 1391 1490 1439; x_wconf 82' lang='grc' dir='ltr'><strong>(ὡς</strong></span> <span class='ocrx_word' id='word_1_582' title='bbox 1513 1390 1697 1441; x_wconf 82' lang='grc' dir='ltr'><strong>Ἡρόδοτος</strong></span> <span class='ocrx_word' id='word_1_583' title='bbox 1718 1397 1771 1441; x_wconf 79' lang='grc'><strong>[8,</strong></span> <span class='ocrx_word' id='word_1_584' title='bbox 1803 1397 1851 1438; x_wconf 77' lang='lat'>65]</span> <span class='ocrx_word' id='word_1_585' title='bbox 1875 1393 2023 1443; x_wconf 78' lang='grc' dir='ltr'><strong>ἱστορεῖ·</strong></span> <span class='ocrx_word' id='word_1_586' title='bbox 2052 1392 2086 1427; x_wconf 82' lang='grc' dir='ltr'><strong>ἐν</strong></span> <span class='ocrx_word' id='word_1_587' title='bbox 2105 1390 2173 1444; x_wconf 87' lang='grc' dir='ltr'><strong>γὰρ</strong></span> <span class='ocrx_word' id='word_1_588' title='bbox 2197 1394 2240 1443; x_wconf 82' lang='grc' dir='ltr'><strong>τῇ</strong></span> <span class='ocrx_word' id='word_1_589' title='bbox 2266 1392 2346 1445; x_wconf 79' lang='grc' dir='ltr'><strong>περὶ</strong></span> <span class='ocrx_word' id='word_1_590' title='bbox 2363 1406 2398 1432; x_wconf 80' lang='lat'><strong>20</strong></span> 
     </span>
     <span class='ocr_line' id='line_1_81' title="bbox 1309 1447 2344 1501; baseline 0.002 -16"><span class='ocrx_word' id='word_1_591' title='bbox 1309 1450 1496 1498; x_wconf 82' lang='grc' dir='ltr'><strong>Σαλαμῖνα</strong></span> <span class='ocrx_word' id='word_1_592' title='bbox 1512 1449 1693 1501; x_wconf 73' lang='grc' dir='ltr'><strong>ναυμαχία</strong></span> <span class='ocrx_word' id='word_1_593' title='bbox 1712 1449 1803 1486; x_wconf 81' lang='grc' dir='ltr'><strong>κατὰ</strong></span> <span class='ocrx_word' id='word_1_594' title='bbox 1822 1449 1911 1486; x_wconf 76' lang='grc' dir='ltr'><strong>πολὺ</strong></span> <span class='ocrx_word' id='word_1_595' title='bbox 1931 1447 2144 1498; x_wconf 86' lang='grc' dir='ltr'><strong>λειπομένων</strong></span> <span class='ocrx_word' id='word_1_596' title='bbox 2163 1451 2232 1486; x_wconf 90' lang='grc' dir='ltr'><strong>τῶν</strong></span> <span class='ocrx_word' id='word_1_597' title='bbox 2255 1449 2344 1488; x_wconf 67' lang='grc' dir='ltr'><strong>εΕλ-</strong></span> 
     </span>
     <span class='ocr_line' id='line_1_82' title="bbox 1307 1506 2344 1560; baseline 0.001 -17"><span class='ocrx_word' id='word_1_598' title='bbox 1307 1506 1419 1552; x_wconf 84' lang='grc' dir='ltr'><strong>λήνων</strong></span> <span class='ocrx_word' id='word_1_599' title='bbox 1445 1511 1504 1544; x_wconf 89' lang='grc' dir='ltr'><strong>τοῦ</strong></span> <span class='ocrx_word' id='word_1_600' title='bbox 1530 1507 1681 1554; x_wconf 84' lang='grc' dir='ltr'><strong>πλήθους</strong></span> <span class='ocrx_word' id='word_1_601' title='bbox 1705 1511 1772 1545; x_wconf 84' lang='grc' dir='ltr'><strong>τῶν</strong></span> <span class='ocrx_word' id='word_1_602' title='bbox 1793 1510 1976 1560; x_wconf 84' lang='grc' dir='ltr'><strong>Περσικῶν</strong></span> <span class='ocrx_word' id='word_1_603' title='bbox 2000 1510 2084 1544; x_wconf 90' lang='grc' dir='ltr'><strong>νεῶν</strong></span> <span class='ocrx_word' id='word_1_604' title='bbox 2108 1510 2344 1558; x_wconf 70' lang='grc' dir='ltr'><strong>συμμαχῆσαι</strong></span> 
     </span>
     <span class='ocr_line' id='line_1_83' title="bbox 1307 1563 2344 1617; baseline 0.002 -16"><span class='ocrx_word' id='word_1_605' title='bbox 1307 1570 1377 1608; x_wconf 86' lang='grc' dir='ltr'><strong>τοῖς</strong></span> <span class='ocrx_word' id='word_1_606' title='bbox 1394 1563 1581 1611; x_wconf 81' lang='grc' dir='ltr'><strong>Ἀθηναίοις</strong></span> <span class='ocrx_word' id='word_1_607' title='bbox 1602 1564 1665 1611; x_wconf 82' lang='grc' dir='ltr'><strong>τὴν</strong></span> <span class='ocrx_word' id='word_1_608' title='bbox 1682 1564 1872 1617; x_wconf 90' lang='grc' dir='ltr'><strong>Δήμητραν</strong></span> <span class='ocrx_word' id='word_1_609' title='bbox 1891 1565 1951 1603; x_wconf 83' lang='grc' dir='ltr'><strong>καὶ</strong></span> <span class='ocrx_word' id='word_1_610' title='bbox 1970 1564 2031 1611; x_wconf 82' lang='grc' dir='ltr'><strong>τὴν</strong></span> <span class='ocrx_word' id='word_1_611' title='bbox 2059 1564 2176 1616; x_wconf 88' lang='grc' dir='ltr'><strong>Κόρην</strong></span> <span class='ocrx_word' id='word_1_612' title='bbox 2197 1567 2344 1617; x_wconf 80' lang='grc' dir='ltr'><strong>ἱστορεῖ,</strong></span> 
     </span>
     <span class='ocr_line' id='line_1_84' title="bbox 1309 1622 2345 1675; baseline 0.002 -16"><span class='ocrx_word' id='word_1_613' title='bbox 1309 1622 1470 1673; x_wconf 86' lang='grc' dir='ltr'><strong>μέγιστον</strong></span> <span class='ocrx_word' id='word_1_614' title='bbox 1491 1626 1553 1669; x_wconf 81' lang='grc' dir='ltr'><strong>τ’ἧς</strong></span> <span class='ocrx_word' id='word_1_615' title='bbox 1572 1623 1776 1674; x_wconf 84' lang='grc' dir='ltr'><strong>συμμαχίας</strong></span> <span class='ocrx_word' id='word_1_616' title='bbox 1789 1622 2049 1673; x_wconf 80' lang='grc' dir='ltr'><strong>έπιδειξαμένας</strong></span> <span class='ocrx_word' id='word_1_617' title='bbox 2064 1622 2124 1660; x_wconf 79' lang='grc' dir='ltr'><strong>καὶ</strong></span> <span class='ocrx_word' id='word_1_618' title='bbox 2138 1623 2345 1675; x_wconf 79' lang='grc' dir='ltr'><strong>ἐναργέστα-</strong></span> 
     </span>
     <span class='ocr_line' id='line_1_85' title="bbox 1308 1679 2399 1754; baseline 0.003 -37"><span class='ocrx_word' id='word_1_619' title='bbox 1308 1696 1366 1718; x_wconf 90' lang='grc' dir='ltr'><strong>τον</strong></span> <span class='ocrx_word' id='word_1_620' title='bbox 1388 1679 1587 1732; x_wconf 84' lang='grc' dir='ltr'><strong>τεκμήριον.</strong></span> <span class='ocrx_word' id='word_1_621' title='bbox 1607 1681 1802 1730; x_wconf 87' lang='grc' dir='ltr'><strong>μελλόντων</strong></span> <span class='ocrx_word' id='word_1_622' title='bbox 1831 1680 1917 1754; x_wconf 33' lang='grc' dir='ltr'><strong>γὰρ’,</strong></span> <span class='ocrx_word' id='word_1_623' title='bbox 1927 1680 2045 1718; x_wconf 84' lang='grc' dir='ltr'><strong>λοιπὸν</strong></span> <span class='ocrx_word' id='word_1_624' title='bbox 2071 1683 2138 1718; x_wconf 87' lang='grc' dir='ltr'><strong>τῶν</strong></span> <span class='ocrx_word' id='word_1_625' title='bbox 2165 1680 2344 1727; x_wconf 84' lang='grc' dir='ltr'><strong>Ἑλλήνων</strong></span> <span class='ocrx_word' id='word_1_626' title='bbox 2364 1695 2399 1720; x_wconf 82' lang='lat'>25</span> 
     </span>
     <span class='ocr_line' id='line_1_86' title="bbox 1308 1738 2346 1791; baseline 0.001 -15"><span class='ocrx_word' id='word_1_627' title='bbox 1308 1755 1367 1776; x_wconf 85' lang='grc' dir='ltr'><strong>και</strong></span> <span class='ocrx_word' id='word_1_628' title='bbox 1382 1755 1449 1776; x_wconf 86' lang='grc' dir='ltr'><strong>των</strong></span> <span class='ocrx_word' id='word_1_629' title='bbox 1466 1738 1652 1791; x_wconf 69' lang='grc' dir='ltr'><strong>βαρὸάρων</strong></span> <span class='ocrx_word' id='word_1_630' title='bbox 1671 1740 1717 1781; x_wconf 85' lang='grc' dir='ltr'><strong>εἷς</strong></span> <span class='ocrx_word' id='word_1_631' title='bbox 1733 1754 1775 1790; x_wconf 90' lang='lat'>75</span> <span class='ocrx_word' id='word_1_632' title='bbox 1774 1739 1854 1791; x_wconf 77' lang='grc' dir='ltr'><strong>ῗρας</strong></span> <span class='ocrx_word' id='word_1_633' title='bbox 1877 1738 1984 1789; x_wconf 81' lang='grc' dir='ltr'><strong>ἥξειν,</strong></span> <span class='ocrx_word' id='word_1_634' title='bbox 2002 1754 2139 1791; x_wconf 80' lang='grc' dir='ltr'><strong>πρώτον</strong></span> <span class='ocrx_word' id='word_1_635' title='bbox 2160 1755 2222 1789; x_wconf 87' lang='grc' dir='ltr'><strong>μεν</strong></span> <span class='ocrx_word' id='word_1_636' title='bbox 2242 1740 2346 1777; x_wconf 84' lang='grc' dir='ltr'><strong>πλεῖ-</strong></span> 
     </span>
     <span class='ocr_line' id='line_1_87' title="bbox 1309 1796 2344 1849; baseline 0.001 -15"><span class='ocrx_word' id='word_1_637' title='bbox 1309 1811 1387 1834; x_wconf 91' lang='grc' dir='ltr'><strong>στον</strong></span> <span class='ocrx_word' id='word_1_638' title='bbox 1402 1796 1479 1834; x_wconf 78' lang='grc' dir='ltr'><strong>ὅσον</strong></span> <span class='ocrx_word' id='word_1_639' title='bbox 1496 1812 1667 1848; x_wconf 88' lang='grc' dir='ltr'><strong>κονιορτον</strong></span> <span class='ocrx_word' id='word_1_640' title='bbox 1688 1797 1757 1834; x_wconf 86' lang='grc' dir='ltr'><strong>ἀπὸ</strong></span> <span class='ocrx_word' id='word_1_641' title='bbox 1771 1812 1831 1842; x_wconf 90' lang='grc' dir='ltr'><strong>της</strong></span> <span class='ocrx_word' id='word_1_642' title='bbox 1845 1797 2043 1839; x_wconf 85' lang='grc' dir='ltr'><strong>Ἐλευσῖνος</strong></span> <span class='ocrx_word' id='word_1_643' title='bbox 2054 1796 2235 1849; x_wconf 83' lang='grc' dir='ltr'><strong>αἰρόμενον</strong></span> <span class='ocrx_word' id='word_1_644' title='bbox 2248 1797 2344 1849; x_wconf 84' lang='grc' dir='ltr'><strong>πάσῃ</strong></span> 
     </span>
     <span class='ocr_line' id='line_1_88' title="bbox 1307 1854 2347 1908; baseline 0.003 -17"><span class='ocrx_word' id='word_1_645' title='bbox 1307 1858 1350 1906; x_wconf 79' lang='grc' dir='ltr'><strong>τῇ</strong></span> <span class='ocrx_word' id='word_1_646' title='bbox 1376 1861 1521 1907; x_wconf 72' lang='grc' dir='ltr'><strong>στρατιᾷ</strong></span> <span class='ocrx_word' id='word_1_647' title='bbox 1538 1854 1736 1900; x_wconf 84' lang='grc' dir='ltr'><strong>κατάδηλον</strong></span> <span class='ocrx_word' id='word_1_648' title='bbox 1753 1854 1925 1905; x_wconf 86' lang='grc' dir='ltr'><strong>γενέσθαι.</strong></span> <span class='ocrx_word' id='word_1_649' title='bbox 1945 1859 2019 1892; x_wconf 83' lang='grc' dir='ltr'><strong>εἶτα</strong></span> <span class='ocrx_word' id='word_1_650' title='bbox 2036 1858 2155 1893; x_wconf 83' lang='grc' dir='ltr'><strong>τοῦτον</strong></span> <span class='ocrx_word' id='word_1_651' title='bbox 2174 1857 2220 1898; x_wconf 86' lang='grc' dir='ltr'><strong>εἷς</strong></span> <span class='ocrx_word' id='word_1_652' title='bbox 2239 1857 2347 1908; x_wconf 81' lang='grc' dir='ltr'><strong>οὖρα-</strong></span> 
     </span>
     <span class='ocr_line' id='line_1_89' title="bbox 1307 1912 2348 1966; baseline 0.002 -16"><span class='ocrx_word' id='word_1_653' title='bbox 1307 1914 1362 1951; x_wconf 83' lang='grc' dir='ltr'><strong>νὸν</strong></span> <span class='ocrx_word' id='word_1_654' title='bbox 1381 1912 1519 1950; x_wconf 87' lang='grc' dir='ltr'><strong>ἀνιόντα</strong></span> <span class='ocrx_word' id='word_1_655' title='bbox 1537 1912 1595 1950; x_wconf 86' lang='grc' dir='ltr'><strong>καὶ</strong></span> <span class='ocrx_word' id='word_1_656' title='bbox 1615 1912 1796 1963; x_wconf 87' lang='grc' dir='ltr'><strong>γενόμενον</strong></span> <span class='ocrx_word' id='word_1_657' title='bbox 1816 1912 1914 1965; x_wconf 86' lang='grc' dir='ltr'><strong>νέφος</strong></span> <span class='ocrx_word' id='word_1_658' title='bbox 1931 1912 1986 1950; x_wconf 85' lang='grc' dir='ltr'><strong>διὰ</strong></span> <span class='ocrx_word' id='word_1_659' title='bbox 2004 1912 2110 1961; x_wconf 87' lang='grc' dir='ltr'><strong>μέσου</strong></span> <span class='ocrx_word' id='word_1_660' title='bbox 2124 1917 2183 1951; x_wconf 88' lang='grc' dir='ltr'><strong>τοῦ</strong></span> <span class='ocrx_word' id='word_1_661' title='bbox 2201 1929 2348 1966; x_wconf 89' lang='grc' dir='ltr'><strong>στρατο-</strong></span> 
     </span>
     <span class='ocr_line' id='line_1_90' title="bbox 1307 1968 2397 2023; baseline 0.001 -14"><span class='ocrx_word' id='word_1_662' title='bbox 1307 1972 1411 2009; x_wconf 81' lang='grc' dir='ltr'><strong>πέδου</strong></span> <span class='ocrx_word' id='word_1_663' title='bbox 1428 1975 1631 2023; x_wconf 75' lang='grc' dir='ltr'><strong>γωροῦντα,</strong></span> <span class='ocrx_word' id='word_1_664' title='bbox 1645 1971 1701 2008; x_wconf 81' lang='grc' dir='ltr'><strong>τὸν</strong></span> <span class='ocrx_word' id='word_1_665' title='bbox 1720 1968 1864 2022; x_wconf 79' lang='grc' dir='ltr'><strong>Ἴακχον</strong></span> <span class='ocrx_word' id='word_1_666' title='bbox 1884 1974 1978 2022; x_wconf 80' lang='grc' dir='ltr'><strong>βοᾶν.</strong></span> <span class='ocrx_word' id='word_1_667' title='bbox 2001 1970 2330 2023; x_wconf 80' lang='grc' dir='ltr'><strong>μυστικὸςὸλόγος.)</strong></span> <span class='ocrx_word' id='word_1_668' title='bbox 2362 1990 2397 2016; x_wconf 88' lang='lat'><strong>30</strong></span> 
     </span>
    </p>

    <p class='ocr_par' dir='ltr' id='par_1_22' title="bbox 1306 2028 2400 2370">
     <span class='ocr_line' id='line_1_91' title="bbox 1359 2028 2346 2088; baseline 0 -21"><span class='ocrx_word' id='word_1_669' title='bbox 1359 2043 1422 2067; x_wconf 79' lang='lat'>305.</span> <span class='ocrx_word' id='word_1_670' title='bbox 1451 2029 1618 2088; x_wconf 87' lang='grc' dir='ltr'><strong>ουρανίοις</strong></span> <span class='ocrx_word' id='word_1_671' title='bbox 1645 2045 1681 2067; x_wconf 89' lang='grc' dir='ltr'><strong>τε</strong></span> <span class='ocrx_word' id='word_1_672' title='bbox 1711 2032 1796 2071; x_wconf 83' lang='grc' dir='ltr'><strong>θεοῖς</strong></span> <span class='ocrx_word' id='word_1_673' title='bbox 1825 2028 1956 2081; x_wconf 73' lang='grc' dir='ltr'><strong>εΠρὸς</strong></span> <span class='ocrx_word' id='word_1_674' title='bbox 1987 2028 2248 2075; x_wconf 88' lang='grc' dir='ltr'><strong>ἀντιδιαστολὴν</strong></span> <span class='ocrx_word' id='word_1_675' title='bbox 2278 2046 2346 2067; x_wconf 88' lang='grc' dir='ltr'><strong>των</strong></span> 
     </span>
     <span class='ocr_line' id='line_1_92' title="bbox 1306 2086 2347 2140; baseline 0.002 -17"><span class='ocrx_word' id='word_1_676' title='bbox 1306 2087 1588 2139; x_wconf 68' lang='grc' dir='ltr'><strong>κατα-χθονίων,</strong></span> <span class='ocrx_word' id='word_1_677' title='bbox 1569 2103 1617 2124; x_wconf 75' lang='grc' dir='ltr'><strong>ων</strong></span> <span class='ocrx_word' id='word_1_678' title='bbox 1633 2090 1654 2133; x_wconf 80' lang='grc' dir='ltr'>ἢ</span> <span class='ocrx_word' id='word_1_679' title='bbox 1673 2087 1845 2139; x_wconf 83' lang='grc' dir='ltr'><strong>Δημήτηρ</strong></span> <span class='ocrx_word' id='word_1_680' title='bbox 1863 2103 1923 2124; x_wconf 89' lang='grc' dir='ltr'><strong>και</strong></span> <span class='ocrx_word' id='word_1_681' title='bbox 1945 2086 2056 2138; x_wconf 88' lang='grc' dir='ltr'><strong>Κόρη.</strong></span> <span class='ocrx_word' id='word_1_682' title='bbox 2074 2086 2113 2124; x_wconf 81' lang='grc' dir='ltr'><strong>τὸ</strong></span> <span class='ocrx_word' id='word_1_683' title='bbox 2133 2086 2301 2140; x_wconf 76' lang='grc' dir='ltr'><strong>οὐρανίοις</strong></span> <span class='ocrx_word' id='word_1_684' title='bbox 2311 2086 2347 2125; x_wconf 81' lang='grc' dir='ltr'><strong>δὲ</strong></span> 
     </span>
     <span class='ocr_line' id='line_1_93' title="bbox 1307 2144 2348 2198; baseline 0.001 -16"><span class='ocrx_word' id='word_1_685' title='bbox 1307 2147 1426 2188; x_wconf 83' lang='grc' dir='ltr'><strong>θεοῖς</strong></span> <span class='ocrx_word' id='word_1_686' title='bbox 1412 2145 1476 2191; x_wconf 84' lang='grc' dir='ltr'><strong>επή</strong></span> <span class='ocrx_word' id='word_1_687' title='bbox 1480 2162 1524 2196; x_wconf 91' lang='grc' dir='ltr'><strong>γα</strong></span> <span class='ocrx_word' id='word_1_688' title='bbox 1527 2161 1584 2196; x_wconf 88' lang='grc' dir='ltr'><strong>γεν</strong></span> <span class='ocrx_word' id='word_1_689' title='bbox 1600 2145 1884 2198; x_wconf 66' lang='grc' dir='ltr'><strong>ὑπερὸαλλόντως</strong></span> <span class='ocrx_word' id='word_1_690' title='bbox 1901 2144 2026 2191; x_wconf 60' lang='grc' dir='ltr'><strong>ευσεὸἧ</strong></span> <span class='ocrx_word' id='word_1_691' title='bbox 2047 2144 2285 2196; x_wconf 81' lang='grc' dir='ltr'><strong>βουλόμενος’</strong></span> <span class='ocrx_word' id='word_1_692' title='bbox 2270 2161 2348 2183; x_wconf 67' lang='lat'>5752-</span> 
     </span>
     <span class='ocr_line' id='line_1_94' title="bbox 1308 2202 2348 2257; baseline 0.002 -17"><span class='ocrx_word' id='word_1_693' title='bbox 1308 2203 1413 2247; x_wconf 81' lang='grc' dir='ltr'><strong>δεῖξαι</strong></span> <span class='ocrx_word' id='word_1_694' title='bbox 1426 2204 1488 2250; x_wconf 79' lang='grc' dir='ltr'><strong>τὴν</strong></span> <span class='ocrx_word' id='word_1_695' title='bbox 1500 2204 1566 2241; x_wconf 84' lang='grc' dir='ltr'><strong>πολ</strong></span> <span class='ocrx_word' id='word_1_696' title='bbox 1571 2220 1610 2242; x_wconf 93' lang='grc' dir='ltr'><strong>ιν.</strong></span> <span class='ocrx_word' id='word_1_697' title='bbox 1632 2206 1667 2241; x_wconf 84' lang='grc' dir='ltr'><strong>αἴ</strong></span> <span class='ocrx_word' id='word_1_698' title='bbox 1686 2203 1746 2254; x_wconf 80' lang='grc' dir='ltr'><strong>μὲν</strong></span> <span class='ocrx_word' id='word_1_699' title='bbox 1763 2202 1829 2255; x_wconf 90' lang='grc' dir='ltr'><strong>γαρ</strong></span> <span class='ocrx_word' id='word_1_700' title='bbox 1847 2203 2107 2247; x_wconf 58' lang='grc' dir='ltr'><strong>ἄλλαιπόλεις(</strong></span> <span class='ocrx_word' id='word_1_701' title='bbox 2093 2203 2142 2241; x_wconf 91' lang='grc' dir='ltr'><strong>ενί</strong></span> <span class='ocrx_word' id='word_1_702' title='bbox 2160 2220 2226 2242; x_wconf 91' lang='grc' dir='ltr'><strong>τινι</strong></span> <span class='ocrx_word' id='word_1_703' title='bbox 2239 2204 2348 2257; x_wconf 86' lang='grc' dir='ltr'><strong>πρόσ-</strong></span> 
     </span>
     <span class='ocr_line' id='line_1_95' title="bbox 1306 2261 2400 2315; baseline 0.003 -16"><span class='ocrx_word' id='word_1_704' title='bbox 1306 2278 1436 2299; x_wconf 84' lang='grc' dir='ltr'><strong>κεινται</strong></span> <span class='ocrx_word' id='word_1_705' title='bbox 1465 2265 1568 2309; x_wconf 77' lang='grc' dir='ltr'><strong>θεων,</strong></span> <span class='ocrx_word' id='word_1_706' title='bbox 1588 2264 1624 2299; x_wconf 83' lang='grc' dir='ltr'><strong>αἱ</strong></span> <span class='ocrx_word' id='word_1_707' title='bbox 1647 2261 1682 2300; x_wconf 79' lang='grc' dir='ltr'><strong>δε</strong></span> <span class='ocrx_word' id='word_1_708' title='bbox 1708 2262 1846 2308; x_wconf 83' lang='grc' dir='ltr'><strong>Αθηναι</strong></span> <span class='ocrx_word' id='word_1_709' title='bbox 1870 2261 2005 2305; x_wconf 86' lang='grc' dir='ltr'><strong>πάντας</strong></span> <span class='ocrx_word' id='word_1_710' title='bbox 2029 2261 2260 2315; x_wconf 70' lang='grc' dir='ltr'><strong>[ἀδιαφόρως]</strong></span> <span class='ocrx_word' id='word_1_711' title='bbox 2271 2279 2348 2307; x_wconf 89' lang='grc' dir='ltr'><strong>τους</strong></span> <span class='ocrx_word' id='word_1_712' title='bbox 2366 2277 2400 2304; x_wconf 82' lang='lat'>35</span> 
     </span>
     <span class='ocr_line' id='line_1_96' title="bbox 1307 2319 1559 2370; baseline 0.004 -13"><span class='ocrx_word' id='word_1_713' title='bbox 1307 2319 1400 2364; x_wconf 73' lang='grc' dir='ltr'><strong>θεοὺς</strong></span> <span class='ocrx_word' id='word_1_714' title='bbox 1416 2323 1559 2370; x_wconf 82' lang='grc' dir='ltr'><strong>τιμῶσι.</strong></span> 
     </span>
    </p>

    <p class='ocr_par' dir='ltr' id='par_1_23' title="bbox 1306 2376 2401 2602">
     <span class='ocr_line' id='line_1_97' title="bbox 1360 2376 2347 2431; baseline 0 -15"><span class='ocrx_word' id='word_1_715' title='bbox 1360 2379 1571 2431; x_wconf 70' lang='grc' dir='ltr'><strong>[δωρήματα</strong></span> <span class='ocrx_word' id='word_1_716' title='bbox 1587 2391 1595 2417; x_wconf 88' lang='lat'>:</span> <span class='ocrx_word' id='word_1_717' title='bbox 1611 2377 1657 2416; x_wconf 88' lang='grc' dir='ltr'>Ἡ</span> <span class='ocrx_word' id='word_1_718' title='bbox 1667 2377 1734 2430; x_wconf 86' lang='grc' dir='ltr'><strong>γὰρ</strong></span> <span class='ocrx_word' id='word_1_719' title='bbox 1749 2378 1922 2430; x_wconf 87' lang='grc' dir='ltr'><strong>Δημήτηρ</strong></span> <span class='ocrx_word' id='word_1_720' title='bbox 1932 2380 2045 2420; x_wconf 78' lang='grc' dir='ltr'><strong>αὐτοῖς</strong></span> <span class='ocrx_word' id='word_1_721' title='bbox 2057 2376 2113 2415; x_wconf 82' lang='grc' dir='ltr'><strong>τὸν</strong></span> <span class='ocrx_word' id='word_1_722' title='bbox 2125 2379 2218 2415; x_wconf 88' lang='grc' dir='ltr'><strong>σῖτον</strong></span> <span class='ocrx_word' id='word_1_723' title='bbox 2229 2377 2347 2425; x_wconf 86' lang='grc' dir='ltr'><strong>ἔδωκε,</strong></span> 
     </span>
     <span class='ocr_line' id='line_1_98' title="bbox 1306 2431 2348 2487; baseline -0.002 -13"><span class='ocrx_word' id='word_1_724' title='bbox 1306 2436 1365 2474; x_wconf 85' lang='grc' dir='ltr'><strong>καὶ</strong></span> <span class='ocrx_word' id='word_1_725' title='bbox 1386 2437 1510 2482; x_wconf 80' lang='grc' dir='ltr'><strong>Ἀθηνᾶ</strong></span> <span class='ocrx_word' id='word_1_726' title='bbox 1529 2435 1590 2482; x_wconf 77' lang='grc' dir='ltr'><strong>τὴν</strong></span> <span class='ocrx_word' id='word_1_727' title='bbox 1616 2436 1751 2486; x_wconf 75' lang='grc' dir='ltr'><strong>ἐλαίαν,</strong></span> <span class='ocrx_word' id='word_1_728' title='bbox 1777 2437 1837 2473; x_wconf 82' lang='grc' dir='ltr'><strong>καὶ</strong></span> <span class='ocrx_word' id='word_1_729' title='bbox 1862 2436 2042 2474; x_wconf 88' lang='grc' dir='ltr'><strong>Ποσειδῶν</strong></span> <span class='ocrx_word' id='word_1_730' title='bbox 2071 2434 2230 2487; x_wconf 83' lang='grc' dir='ltr'><strong>πρώτους</strong></span> <span class='ocrx_word' id='word_1_731' title='bbox 2261 2431 2348 2473; x_wconf 67' lang='grc' dir='ltr'><strong>εἶναι</strong></span> 
     </span>
     <span class='ocr_line' id='line_1_99' title="bbox 1306 2491 2347 2545; baseline 0 -14"><span class='ocrx_word' id='word_1_732' title='bbox 1306 2494 1349 2531; x_wconf 82' lang='grc' dir='ltr'><strong>τὰ</strong></span> <span class='ocrx_word' id='word_1_733' title='bbox 1367 2493 1531 2543; x_wconf 77' lang='grc' dir='ltr'><strong>ναυτικὰ,</strong></span> <span class='ocrx_word' id='word_1_734' title='bbox 1550 2493 1609 2531; x_wconf 84' lang='grc' dir='ltr'><strong>καὶ</strong></span> <span class='ocrx_word' id='word_1_735' title='bbox 1626 2493 1726 2531; x_wconf 80' lang='grc' dir='ltr'><strong>ἄλλοι</strong></span> <span class='ocrx_word' id='word_1_736' title='bbox 1750 2493 1840 2531; x_wconf 81' lang='grc' dir='ltr'><strong>ἄλλα</strong></span> <span class='ocrx_word' id='word_1_737' title='bbox 1868 2493 1996 2532; x_wconf 79' lang='grc' dir='ltr'><strong>πάντα.</strong></span> <span class='ocrx_word' id='word_1_738' title='bbox 2027 2491 2049 2538; x_wconf 87' lang='grc' dir='ltr'>ἢ</span> <span class='ocrx_word' id='word_1_739' title='bbox 2077 2492 2121 2530; x_wconf 90' lang='grc' dir='ltr'><strong>τὰ</strong></span> <span class='ocrx_word' id='word_1_740' title='bbox 2153 2492 2347 2545; x_wconf 88' lang='grc' dir='ltr'><strong>δωρήματα</strong></span> 
     </span>
     <span class='ocr_line' id='line_1_100' title="bbox 1306 2551 2401 2602; baseline -0.003 -13"><span class='ocrx_word' id='word_1_741' title='bbox 1306 2553 1391 2595; x_wconf 83' lang='grc' dir='ltr'><strong>θεοῖς</strong></span> <span class='ocrx_word' id='word_1_742' title='bbox 1411 2551 1486 2588; x_wconf 87' lang='grc' dir='ltr'><strong>ἀντὶ</strong></span> <span class='ocrx_word' id='word_1_743' title='bbox 1501 2555 1560 2588; x_wconf 88' lang='grc' dir='ltr'><strong>τοῦ</strong></span> <span class='ocrx_word' id='word_1_744' title='bbox 1575 2551 1688 2588; x_wconf 88' lang='grc' dir='ltr'><strong>θυσίαι</strong></span> <span class='ocrx_word' id='word_1_745' title='bbox 1705 2551 1856 2598; x_wconf 87' lang='grc' dir='ltr'><strong>νοητέον.</strong></span> <span class='ocrx_word' id='word_1_746' title='bbox 1873 2551 1984 2602; x_wconf 76' lang='lat' dir='ltr'>Vict.]]</span> <span class='ocrx_word' id='word_1_747' title='bbox 2366 2569 2401 2596; x_wconf 78' lang='lat'><strong>40</strong></span> 
     </span>
    </p>

    <p class='ocr_par' dir='ltr' id='par_1_24' title="bbox 1306 2607 2348 2719">
     <span class='ocr_line' id='line_1_101' title="bbox 1360 2607 2348 2662; baseline 0.001 -15"><span class='ocrx_word' id='word_1_748' title='bbox 1360 2623 1422 2647; x_wconf 82' lang='grc'><strong>306.</strong></span> <span class='ocrx_word' id='word_1_749' title='bbox 1453 2611 1631 2662; x_wconf 72' lang='grc' dir='ltr'><strong>ὑψερεφεῖς</strong></span> <span class='ocrx_word' id='word_1_750' title='bbox 1660 2622 1669 2647; x_wconf 84' lang='grc'>;</span> <span class='ocrx_word' id='word_1_751' title='bbox 1694 2608 1857 2661; x_wconf 63' lang='grc' dir='ltr'><strong>εΥψηλοί.</strong></span> <span class='ocrx_word' id='word_1_752' title='bbox 1887 2610 1933 2647; x_wconf 93' lang='grc' dir='ltr'><strong>Θ.</strong></span> <span class='ocrx_word' id='word_1_753' title='bbox 1962 2622 2023 2652; x_wconf 83' lang='lat' dir='ltr'><strong>Br.</strong></span> <span class='ocrx_word' id='word_1_754' title='bbox 2056 2607 2192 2661; x_wconf 76' lang='grc' dir='ltr'><strong>ὑψηλὴν</strong></span> <span class='ocrx_word' id='word_1_755' title='bbox 2220 2609 2348 2662; x_wconf 82' lang='grc' dir='ltr'><strong>ὀροφὴν</strong></span> 
     </span>
     <span class='ocr_line' id='line_1_102' title="bbox 1306 2667 1564 2719; baseline -0.008 -14"><span class='ocrx_word' id='word_1_756' title='bbox 1306 2667 1454 2719; x_wconf 78' lang='grc' dir='ltr'><strong>ἔχοντες.</strong></span> <span class='ocrx_word' id='word_1_757' title='bbox 1480 2674 1564 2704; x_wconf 73' lang='lat' dir='ltr'>Vict.</span> 
     </span>
    </p>

    <p class='ocr_par' dir='ltr' id='par_1_25' title="bbox 1306 2723 2400 2893">
     <span class='ocr_line' id='line_1_103' title="bbox 1360 2723 2348 2777; baseline -0.004 -12"><span class='ocrx_word' id='word_1_758' title='bbox 1360 2740 1422 2765; x_wconf 80' lang='lat'><strong>307.</strong></span> <span class='ocrx_word' id='word_1_759' title='bbox 1452 2725 1512 2763; x_wconf 83' lang='grc' dir='ltr'><strong>καὶ</strong></span> <span class='ocrx_word' id='word_1_760' title='bbox 1536 2723 1699 2777; x_wconf 83' lang='grc' dir='ltr'><strong>πρόσοδοι</strong></span> <span class='ocrx_word' id='word_1_761' title='bbox 1728 2738 1736 2763; x_wconf 80' lang='lat'>2</span> <span class='ocrx_word' id='word_1_762' title='bbox 1770 2726 1967 2777; x_wconf 84' lang='grc' dir='ltr'><strong>Θρησκεῒαι</strong></span> <span class='ocrx_word' id='word_1_763' title='bbox 1981 2723 2060 2776; x_wconf 81' lang='grc' dir='ltr'><strong>περὶ</strong></span> <span class='ocrx_word' id='word_1_764' title='bbox 2085 2723 2163 2767; x_wconf 79' lang='grc' dir='ltr'><strong>τοὺς</strong></span> <span class='ocrx_word' id='word_1_765' title='bbox 2189 2723 2348 2775; x_wconf 79' lang='grc' dir='ltr'><strong>βωμοὺς,</strong></span> 
     </span>
     <span class='ocr_line' id='line_1_104' title="bbox 1306 2782 2343 2837; baseline 0 -15"><span class='ocrx_word' id='word_1_766' title='bbox 1306 2783 1486 2837; x_wconf 65' lang='grc' dir='ltr'><strong>[πρόσοδοι</strong></span> <span class='ocrx_word' id='word_1_767' title='bbox 1506 2799 1575 2826; x_wconf 90' lang='grc' dir='ltr'><strong>τοις</strong></span> <span class='ocrx_word' id='word_1_768' title='bbox 1593 2786 1697 2829; x_wconf 83' lang='grc' dir='ltr'><strong>θεοῖς,</strong></span> <span class='ocrx_word' id='word_1_769' title='bbox 1715 2783 1774 2821; x_wconf 87' lang='grc' dir='ltr'><strong>καὶ</strong></span> <span class='ocrx_word' id='word_1_770' title='bbox 1793 2782 2045 2835; x_wconf 88' lang='grc' dir='ltr'><strong>προσελεύσεις.</strong></span> <span class='ocrx_word' id='word_1_771' title='bbox 2049 2782 2065 2833; x_wconf 67' lang='lat'><strong>]}</strong></span> <span class='ocrx_word' id='word_1_772' title='bbox 2082 2806 2133 2811; x_wconf 89' lang='lat'>—</span> <span class='ocrx_word' id='word_1_773' title='bbox 2150 2782 2312 2834; x_wconf 89' lang='grc' dir='ltr'><strong>πρόσοδοι</strong></span> <span class='ocrx_word' id='word_1_774' title='bbox 2333 2796 2343 2822; x_wconf 88' lang='lat'>:</span> 
     </span>
     <span class='ocr_line' id='line_1_105' title="bbox 1308 2840 2400 2893; baseline -0.002 -13"><span class='ocrx_word' id='word_1_775' title='bbox 1308 2841 1536 2893; x_wconf 81' lang='grc' dir='ltr'><strong>Πανηγύρε.ις</strong></span> <span class='ocrx_word' id='word_1_776' title='bbox 1554 2845 1601 2881; x_wconf 88' lang='grc' dir='ltr'><strong>Θ.</strong></span> <span class='ocrx_word' id='word_1_777' title='bbox 1626 2849 1709 2879; x_wconf 69' lang='grc' dir='ltr'><strong>Ποῖ.</strong></span> <span class='ocrx_word' id='word_1_778' title='bbox 1731 2842 1843 2893; x_wconf 79' lang='grc' dir='ltr'><strong>ἑορται</strong></span> <span class='ocrx_word' id='word_1_779' title='bbox 1862 2857 1920 2879; x_wconf 89' lang='grc' dir='ltr'><strong>και</strong></span> <span class='ocrx_word' id='word_1_780' title='bbox 1940 2840 2158 2893; x_wconf 89' lang='grc' dir='ltr'><strong>πανηγύρεις.</strong></span> <span class='ocrx_word' id='word_1_781' title='bbox 2172 2849 2210 2878; x_wconf 83' lang='lat' dir='ltr'><strong>R.</strong></span> <span class='ocrx_word' id='word_1_782' title='bbox 2228 2849 2268 2879; x_wconf 88' lang='lat' dir='ltr'><strong>V.</strong></span> <span class='ocrx_word' id='word_1_783' title='bbox 2364 2863 2400 2889; x_wconf 72' lang='lat'><strong>45</strong></span> 
     </span>
    </p>

    <p class='ocr_par' dir='ltr' id='par_1_26' title="bbox 1362 2898 2346 2954">
     <span class='ocr_line' id='line_1_106' title="bbox 1362 2898 2346 2954; baseline 0 -16"><span class='ocrx_word' id='word_1_784' title='bbox 1362 2901 1454 2951; x_wconf 80' lang='lat'>(308).</span> <span class='ocrx_word' id='word_1_785' title='bbox 1471 2899 1670 2954; x_wconf 82' lang='grc' dir='ltr'><strong>εὐστέφανοί</strong></span> <span class='ocrx_word' id='word_1_786' title='bbox 1686 2913 1750 2938; x_wconf 84' lang='grc' dir='ltr'><strong>τε;</strong></span> <span class='ocrx_word' id='word_1_787' title='bbox 1774 2898 1895 2951; x_wconf 84' lang='grc' dir='ltr'><strong>[Παρὰ</strong></span> <span class='ocrx_word' id='word_1_788' title='bbox 1912 2899 1951 2936; x_wconf 81' lang='grc' dir='ltr'><strong>τὸ</strong></span> <span class='ocrx_word' id='word_1_789' title='bbox 1969 2898 2161 2951; x_wconf 85' lang='grc' dir='ltr'><strong>Ὁμηρικὸν</strong></span> <span class='ocrx_word' id='word_1_790' title='bbox 2175 2904 2226 2946; x_wconf 86' lang='lat'>[11.</span> <span class='ocrx_word' id='word_1_791' title='bbox 2239 2907 2282 2946; x_wconf 83' lang='lat' dir='ltr'><strong>A,</strong></span> <span class='ocrx_word' id='word_1_792' title='bbox 2297 2903 2346 2946; x_wconf 81' lang='grc'><strong>39]</strong></span> 
     </span>
    </p>
   </div>
   <div class='ocr_carea' id='block_1_17' title="bbox 1390 2986 1996 3029">
    <p class='ocr_par' dir='ltr' id='par_1_27' title="bbox 1390 2986 1996 3029">
     <span class='ocr_line' id='line_1_107' title="bbox 1390 2986 1996 3029; baseline -0.002 -10"><span class='ocrx_word' id='word_1_793' title='bbox 1390 2988 1416 3019; x_wconf 79' lang='grc' dir='ltr'><strong>εἷ</strong></span> <span class='ocrx_word' id='word_1_794' title='bbox 1430 2989 1505 3019; x_wconf 83' lang='grc' dir='ltr'><strong>ποτέ</strong></span> <span class='ocrx_word' id='word_1_795' title='bbox 1518 2999 1564 3019; x_wconf 89' lang='grc' dir='ltr'><strong>τοι</strong></span> <span class='ocrx_word' id='word_1_796' title='bbox 1581 2988 1714 3029; x_wconf 87' lang='grc' dir='ltr'><strong>χαρίεντ’</strong></span> <span class='ocrx_word' id='word_1_797' title='bbox 1731 2987 1779 3018; x_wconf 85' lang='grc' dir='ltr'><strong>ἐπὶ</strong></span> <span class='ocrx_word' id='word_1_798' title='bbox 1795 2987 1866 3024; x_wconf 88' lang='grc' dir='ltr'><strong>νηὸν</strong></span> <span class='ocrx_word' id='word_1_799' title='bbox 1880 2986 1996 3028; x_wconf 63' lang='grc' dir='ltr'><strong>ἔρεψα]</strong></span> 
     </span>
    </p>
   </div>
   <div class='ocr_carea' id='block_1_18' title="bbox 1307 3065 2398 3411">
    <p class='ocr_par' dir='ltr' id='par_1_28' title="bbox 1307 3065 2398 3282">
     <span class='ocr_line' id='line_1_108' title="bbox 1309 3065 2347 3122; baseline -0.003 -15"><span class='ocrx_word' id='word_1_800' title='bbox 1309 3065 1410 3107; x_wconf 70' lang='grc' dir='ltr'><strong>αἷται</strong></span> <span class='ocrx_word' id='word_1_801' title='bbox 1428 3070 1494 3122; x_wconf 85' lang='grc' dir='ltr'><strong>γάρ</strong></span> <span class='ocrx_word' id='word_1_802' title='bbox 1513 3071 1597 3107; x_wconf 88' lang='grc' dir='ltr'><strong>εἰσιν</strong></span> <span class='ocrx_word' id='word_1_803' title='bbox 1613 3071 1648 3107; x_wconf 80' lang='grc' dir='ltr'><strong>αἱ</strong></span> <span class='ocrx_word' id='word_1_804' title='bbox 1672 3068 1875 3122; x_wconf 82' lang='grc' dir='ltr'><strong>εὐστέφανοι</strong></span> <span class='ocrx_word' id='word_1_805' title='bbox 1894 3068 2031 3116; x_wconf 89' lang='grc' dir='ltr'><strong>θυσίαι,</strong></span> <span class='ocrx_word' id='word_1_806' title='bbox 2051 3070 2194 3119; x_wconf 87' lang='grc' dir='ltr'><strong>κοσμεῖν</strong></span> <span class='ocrx_word' id='word_1_807' title='bbox 2208 3066 2270 3118; x_wconf 85' lang='grc' dir='ltr'><strong>μὲν</strong></span> <span class='ocrx_word' id='word_1_808' title='bbox 2286 3066 2347 3104; x_wconf 85' lang='grc' dir='ltr'><strong>καὶ</strong></span> 
     </span>
     <span class='ocr_line' id='line_1_109' title="bbox 1308 3124 2345 3180; baseline -0.004 -16"><span class='ocrx_word' id='word_1_809' title='bbox 1308 3131 1495 3180; x_wconf 74' lang='grc' dir='ltr'><strong>στεφανοῦν</strong></span> <span class='ocrx_word' id='word_1_810' title='bbox 1518 3126 1594 3170; x_wconf 77' lang='grc' dir='ltr'><strong>τοὺς</strong></span> <span class='ocrx_word' id='word_1_811' title='bbox 1613 3126 1730 3173; x_wconf 78' lang='grc' dir='ltr'><strong>ναοὺς,</strong></span> <span class='ocrx_word' id='word_1_812' title='bbox 1755 3129 1908 3179; x_wconf 80' lang='grc' dir='ltr'><strong>πληροῦν</strong></span> <span class='ocrx_word' id='word_1_813' title='bbox 1929 3126 1964 3165; x_wconf 79' lang='grc' dir='ltr'><strong>δὲ</strong></span> <span class='ocrx_word' id='word_1_814' title='bbox 1987 3126 2065 3170; x_wconf 81' lang='grc' dir='ltr'><strong>τοὺς</strong></span> <span class='ocrx_word' id='word_1_815' title='bbox 2086 3124 2224 3178; x_wconf 79' lang='grc' dir='ltr'><strong>βωμοὺς</strong></span> <span class='ocrx_word' id='word_1_816' title='bbox 2245 3126 2345 3177; x_wconf 82' lang='grc' dir='ltr'><strong>ἱερῶν</strong></span> 
     </span>
     <span class='ocr_line' id='line_1_110' title="bbox 1307 3181 2398 3239; baseline -0.005 -15"><span class='ocrx_word' id='word_1_817' title='bbox 1307 3186 1367 3224; x_wconf 77' lang='grc' dir='ltr'><strong>καὶ</strong></span> <span class='ocrx_word' id='word_1_818' title='bbox 1381 3185 1622 3236; x_wconf 81' lang='grc' dir='ltr'><strong>θυμιαμάτων.</strong></span> <span class='ocrx_word' id='word_1_819' title='bbox 1638 3185 1721 3231; x_wconf 85' lang='grc' dir='ltr'><strong>-ἢ</strong></span> <span class='ocrx_word' id='word_1_820' title='bbox 1737 3184 1788 3223; x_wconf 73' lang='grc' dir='ltr'><strong>ὅτι</strong></span> <span class='ocrx_word' id='word_1_821' title='bbox 1803 3189 2137 3239; x_wconf 74' lang='grc' dir='ltr'><strong>στεφανηφοροῦντες</strong></span> <span class='ocrx_word' id='word_1_822' title='bbox 2152 3182 2214 3226; x_wconf 82' lang='grc' dir='ltr'><strong>τὰς</strong></span> <span class='ocrx_word' id='word_1_823' title='bbox 2226 3181 2346 3225; x_wconf 86' lang='grc' dir='ltr'><strong>θυσίας</strong></span> <span class='ocrx_word' id='word_1_824' title='bbox 2362 3210 2398 3236; x_wconf 83' lang='lat'>50</span> 
     </span>
     <span class='ocr_line' id='line_1_111' title="bbox 1308 3245 1562 3282; baseline -0.012 0"><span class='ocrx_word' id='word_1_825' title='bbox 1308 3245 1457 3282; x_wconf 83' lang='grc' dir='ltr'><strong>ἐτέλουν.</strong></span> <span class='ocrx_word' id='word_1_826' title='bbox 1473 3251 1562 3281; x_wconf 87' lang='lat' dir='ltr'>Junt.</span> 
     </span>
    </p>

    <p class='ocr_par' dir='ltr' id='par_1_29' title="bbox 1309 3296 2344 3411">
     <span class='ocr_line' id='line_1_112' title="bbox 1362 3296 2344 3353; baseline -0.004 -13"><span class='ocrx_word' id='word_1_827' title='bbox 1362 3302 1478 3340; x_wconf 87' lang='grc' dir='ltr'><strong>θαλίαι</strong></span> <span class='ocrx_word' id='word_1_828' title='bbox 1497 3315 1505 3340; x_wconf 89' lang='lat'>:</span> <span class='ocrx_word' id='word_1_829' title='bbox 1526 3302 1773 3353; x_wconf 81' lang='grc' dir='ltr'><strong>Εὖδαιμονίαι,</strong></span> <span class='ocrx_word' id='word_1_830' title='bbox 1790 3300 1965 3351; x_wconf 81' lang='grc' dir='ltr'><strong>εὖθηνίαι,</strong></span> <span class='ocrx_word' id='word_1_831' title='bbox 1977 3299 2108 3352; x_wconf 81' lang='grc' dir='ltr'><strong>ἀκμαὶ,</strong></span> <span class='ocrx_word' id='word_1_832' title='bbox 2123 3296 2344 3353; x_wconf 75' lang='grc' dir='ltr'><strong>εὐφροσύναι,</strong></span> 
     </span>
     <span class='ocr_line' id='line_1_113' title="bbox 1309 3358 1639 3411; baseline 0.006 -13"><span class='ocrx_word' id='word_1_833' title='bbox 1309 3358 1527 3411; x_wconf 88' lang='grc' dir='ltr'><strong>πανηγύρεις.</strong></span> <span class='ocrx_word' id='word_1_834' title='bbox 1549 3368 1639 3400; x_wconf 88' lang='lat' dir='ltr'>Junt.</span> 
     </span>
    </p>
   </div>
  </div>
 </body>
</html>
