2533 3808
255 257 329 290 278

308 335 403 386 μάλα
424 329 560 370 πλειν
540 347 563 375 η
585 328 756 379 μαίνομαι
779 339 787 364 :

255 398 313 431 τοῦ
330 409 352 438 η
373 390 522 440 ἔκθλιψις
542 391 628 424 εἶναι
648 387 749 435 δοκῇ,
770 385 800 420 οἱ
819 382 853 420 δὲ
872 382 1060 419 ἐκτείνουσι
1078 381 1117 419 τὸ
1137 397 1178 428 α,
1202 386 1290 430 κρᾶ-

257 465 309 487 σιν
333 445 546 486 πιστεύοντες
560 447 646 480 εἶναι
665 446 724 479 τοῦ
745 458 766 488 η
787 441 846 478 καὶ
863 444 922 477 τοῦ
941 456 962 477 α
986 439 1097 492 βραχέ
1101 455 1135 481 ος
1151 440 1198 480 εἷς
1213 437 1252 474 τὸ
1271 452 1291 473 α

258 504 404 557 μακρόν.
427 511 467 540 V.
485 499 680 553 [μᾶλλον
662 517 683 546 η
706 499 886 550 μαίνομαι.
904 501 934 536 οἱ
957 498 1030 548 μὲν,
1051 513 1166 549 φασιν,
1185 494 1292 534 ἐκτεί-

222 578 238 602 5
257 578 388 601 νουσιν·
418 577 448 599 οι
478 560 513 597 δὲ
543 558 780 597 συστέλλουσι.
789 557 844 608 Ἦ(
836 555 1204 606 (ιιεταλαιιὸάνεται
1187 553 1222 590 οὲ
1247 554 1293 595 εἰς

256 620 295 659 τὸ
317 619 378 670 μὲν
404 613 474 665 οῦν,
494 616 516 663 ἢ
534 616 612 655 οὔκ·
634 616 725 653 ἀλλὰ
748 631 806 653 και
829 616 972 665 μᾶλλον.
999 618 1021 659 η
1042 612 1109 665 γὰρ
1131 612 1179 662 μή
1202 613 1293 648 ἀπα-

257 678 412 730 γόρευσις
427 675 522 727 παρὰ
539 678 608 717 τοῖς
625 676 786 716 παλαιοῖς
807 673 881 710 ἀντὶ
898 676 959 718 τῆς
977 674 1014 710 οὗ
1033 670 1205 723 ἀρνήσεως
1221 685 1295 706 πα-

259 734 534 788 ραλαμὸάνεται.
564 733 710 775 ”.Αλλως
745 730 836 769 ἀλλὰ
861 729 1011 767 πλέον
993 747 1015 775 η
1043 728 1213 780 μαίνομαι
1242 727 1296 764 ἐπ’

260 795 371 831 αὖτιι·Ν)
408 791 594 838 τουτέστιν
614 789 924 842 υπερὸαλλόντως
919 804 976 826 μοι
998 787 1166 857 ἀρέσκει.)

210 869 242 894 10
315 865 375 890 104.
405 850 568 888 κόὲαλαε
597 848 693 887 Ἀντι
718 851 776 884 τοῦ
799 850 976 897 κακοῦργα
1002 844 1062 882 καὶ
1081 842 1297 893 ἀνελεύθερα.

261 911 273 960 (
286 908 436 959 Δίδυμος
448 937 457 955 ,
472 903 808 956 κατεστωμυλμένα,
824 901 1037 950 ἀπατητικά.
1053 901 1112 939 καὶ
1126 898 1301 938 κακοῧού-

260 970 359 1013 λους,
376 965 578 1016 κοὸάλους.)

316 1038 377 1063 105.
410 1023 476 1074 (μὴ
504 1022 563 1061 τὸν
586 1021 667 1072 ἐμὸν
695 1020 781 1058 οἴκει
812 1033 819 1054 :

263 1081 481 1134 Ἀνδρομάχῃ

850 1018 921 1057 Καὶ
949 1021 1049 1055 τοῦτο
1078 1016 1176 1069 παρὰ
1204 1015 1243 1052 τὸ
1267 1017 1300 1053 ἐν

212 1184 244 1208 15
389 1176 430 1216 μὴ
444 1175 496 1205 τὸν
514 1174 586 1214 ἐμὸν
601 1172 677 1203 οἴκει
691 1174 774 1210 νοῦν,
790 1170 852 1210 ἐγὼ
865 1170 922 1210 γὰρ
939 1168 1096 1209 ἀρκέσω.)

318 1270 380 1295 106.
407 1271 467 1293 και
489 1253 556 1305 μὴν
578 1255 729 1303 ἀτεχνῶς
746 1267 785 1302 γε
808 1265 815 1289 :
838 1250 928 1288 Ἀντὶ
945 1253 1004 1287 τοῦ
1024 1246 1195 1295 ἀληθῶς
1177 1265 1199 1293 η
1218 1247 1305 1290 ὅλως

264 1314 324 1352 καὶ
341 1313 507 1359 συνόλως,
524 1327 584 1349 και
604 1310 695 1348 ἔστιν
715 1313 782 1347 οἷον
801 1308 943 1350 ἀδόλως.
962 1306 1087 1358 τέχνας
1102 1306 1168 1357 γὰρ
1187 1305 1304 1356 ἔλεγον

266 1375 368 1411 οιονει
382 1387 460 1414 τους
477 1370 605 1412 δόλους
630 1374 745 1414 [Hom.
764 1374 825 1405 Od.
848 1375 892 1413 Θ,
914 1379 996 1404 296:
1009 1371 1020 1411 ]
1044 1383 1057 1398 «
1085 1364 1174 1416 ἀμφὶ
1194 1363 1229 1400 δὲ
1248 1365 1305 1401 δε-

267 1448 281 1463 «
300 1445 382 1480 σμοι
399 1427 599 1479 τεχνήεντες
617 1425 748 1477 ε’χυντο.
771 1443 786 1457 »

213 1503 248 1528 20
321 1501 381 1526 107.
407 1487 553 1523 δειπνεῖν
582 1500 625 1534 με
648 1482 787 1521 δίδασκε
810 1495 818 1520 :
848 1481 986 1533 [Τοῦτο
1011 1479 1078 1533 γὰρ
1099 1480 1306 1525 ἐπίστασαι,

267 1547 375 1583 ἐκεῖνο
394 1545 422 1581 δ’
440 1542 490 1581 ού
503 1542 520 1594 ]]
539 1541 650 1579 ταῦτά
674 1556 737 1590 με,
756 1555 858 1592 φησι,
881 1539 1042 1586 δίδασκε,
1064 1538 1123 1576 καὶ
1144 1538 1192 1588 μὴ
1213 1540 1307 1590 κρῖνε

265 1602 470 1655 τραγιι)δίας.
489 1617 540 1638 οτι
555 1614 765 1651 αοηραγοςο
785 1597 976 1649 Ηρακλῆς.

322 1674 381 1699 113.
411 1659 579 1712 κρήνας;
611 1657 813 1709 [Γράφεται
838 1653 1025 1707 κρημνούς.
1058 1653 1225 1706 ἐκτροπαὶ
1252 1653 1307 1699 δὲ,

267 1718 436 1761 ἐκνεύσεις
466 1720 532 1754 τῶν
565 1716 726 1766 ὃδῶν,]
713 1713 800 1752 όπου
828 1730 877 1756 τις
907 1715 1122 1764 ἐκτραπῆναι
1142 1711 1299 1750 δύναται.

216 1797 249 1821 25
270 1776 351 1828 (διὰ
380 1776 420 1813 τὸ
444 1773 669 1826 ἐκτρέπεσθαι
697 1775 756 1817 τῆς
781 1772 857 1808 ὁδοῦ
884 1771 944 1808 καὶ
967 1770 1201 1822 κρύπτεσθαι,
1227 1770 1309 1807 ὅταν

268 1834 408 1887 ταραχή
427 1849 477 1876 τις
495 1832 637 1882 γένηται
656 1833 723 1868 τῶν
753 1832 893 1881 νεκρῶν.
907 1829 1032 1880 )[[οσα
1061 1830 1096 1866 δὲ
1117 1830 1147 1866 οῖ
1174 1829 1309 1865 ὁδοιπο-

271 1897 405 1945 ροῦντες
437 1891 552 1928 ἐπάνω
583 1893 643 1935 τῆς
674 1892 736 1960 γῆς
765 1887 959 1947 ευρίσκουσι
989 1887 1065 1924 καθ’
1085 1886 1173 1933 ὁδὸν,
1198 1890 1308 1924 ταῦτα

270 1951 329 1988 καὶ
349 1949 451 1991 αὐτὸς
470 1947 623 1998 οἰόμενος
641 1946 699 1984 καὶ
717 1946 783 1983 υπὸ
799 1949 863 1996 γῆν
881 1950 989 1992 εἰναι,
1007 1947 1120 1997 ἐρωτᾷ
1137 1944 1216 1997 περὶ
1233 1944 1307 1982 τού-

270 2025 351 2046 των
361 2008 378 2059 Ἦ

218 2085 252 2108 3ο
326 2080 386 2105 115.
418 2063 535 2110 ἐπειδὴ
550 2061 699 2115 ρυπαρὸς
713 2066 809 2104 οὗτος
824 2063 841 2099 ὃ
854 2060 977 2104 τόπος·
991 2059 1079 2098 ὅπου
1094 2059 1154 2097 δὲ
1141 2059 1310 2112 ρυπαρία,

271 2125 381 2178 κόρεις
399 2124 497 2161 εἰσίν.
516 2131 557 2159 V.

326 2197 385 2221 116.
415 2184 432 2219 6
450 2181 630 2233 Πρακλῆς
645 2178 730 2231 πρὸς
747 2178 804 2215 τὸν
823 2176 976 2216 Ξανθίαν
997 2177 1036 2214 τὸ
1056 2193 1084 2214 ιι)
1102 2175 1252 2227 σχέτλιε.
1272 2183 1310 2213 R.

271 2245 289 2279 6
317 2241 496 2292 Ἡρακλῆς
526 2238 676 2281 ἀκούσας
703 2240 763 2275 τοῦ
793 2236 942 2274 Ξανθίου
973 2234 1169 2285 λέγοντος“
1149 2250 1201 2272 οτι
1232 2234 1311 2286 περὶ

271 2301 353 2348 ἐμοῦ
387 2297 494 2340 οὐδεὶς
520 2296 640 2346 λόγος,
661 2296 745 2348 πρὸς
765 2294 867 2331 αὐτὸν
891 2295 1040 2331 ποιεῖται
1060 2292 1118 2331 τὸν
1139 2292 1239 2344 λόγον
1260 2292 1312 2330 ὅτι

221 2372 253 2395 35
273 2356 331 2394 καὶ
347 2355 388 2394 <rb
405 2355 589 2405 τολμήσεις
606 2353 815 2399 καταὸῆναι.
836 2360 876 2389 V.

328 2428 390 2452 118.
421 2412 497 2449 ἀντὶ
514 2416 573 2449 τοῦ
594 2410 649 2449 διὰ
669 2410 769 2453 ποίας
789 2411 878 2447 ὁδοῦ.
895 2417 936 2447 V.

329 2485 390 2509 119.
422 2470 509 2520 μήτε
541 2469 669 2521 θερμὴν
697 2482 705 2507 :
738 2468 838 2514 Μήτε
868 2467 954 2505 ὅπου
982 2467 1054 2504 ἐστὶ
1078 2470 1197 2516 καῦμα
1224 2465 1311 2516 μήτε

276 2528 499 2580 δυσχείμερον
516 2527 590 2564 ὁδὸν
612 2527 720 2577 εἴπῃς.

331 2600 391 2624 121.
423 2584 560 2637 θρανίου
583 2597 590 2622 :
615 2583 773 2635 Θράνους
795 2583 855 2619 καὶ
882 2581 1047 2632 θρανάτια
1068 2580 1215 2617 ταπεινά
1235 2595 1312 2617 τινα

223 2663 257 2687 40
277 2643 427 2696 διφρίδια
443 2642 502 2680 καὶ
519 2640 689 2679 ὑποπόδια
707 2639 882 2690 λέγονται·
900 2639 959 2675 καὶ
978 2638 1108 2690 ἡπαρὰ
1123 2641 1197 2674 τιΝι)
1186 2653 1312 2688 ποιητῃ

276 2706 412 2755 θρῆνυς·
431 2700 480 2752 ἐφ’
498 2704 544 2737 ὧν
561 2698 739 2748 ιστάαενοι
756 2701 786 2735 οἱ
805 2696 1044 2747 ἀπαγχόμενοι
1064 2698 1212 2747 ἀρτιΝι)σιν
1230 2698 1311 2732 ἑαυ-

276 2777 373 2807 τους,
406 2757 692 2801 ἀπολακτίζοντες
718 2756 820 2794 αυτά.
849 2759 909 2793 τοῦ
934 2753 969 2792 δὲ
996 2753 1093 2792 κάλω
1113 2756 1134 2798 ἡ
1156 2754 1269 2790 εὐθεια
1298 2755 1315 2789 6

276 2820 401 2862 κάλως.

331 2890 391 2914 122.
420 2875 589 2928 πνιγηρὰν
606 2872 745 2924 λέγειςῖ
768 2871 863 2924 Πρὸς
880 2871 938 2908 τὸν
955 2869 1103 2920 πνιγιιὸν
1122 2872 1184 2914 τῆς
1204 2869 1313 2920 ἀγχό-

224 2958 258 2982 45
278 2951 347 3006 νης
352 2950 411 2972 και
428 2933 546 2985 ὥσπερ
566 2934 643 2971 ὁδοῦ
666 2930 926 2980 καυματώδους.
947 2927 1091 2971 Ἄλλως.
1110 2937 1150 2966 V
1171 2942 1314 2976 καυμα-

278 2992 389 3038 τώδη·
411 2992 484 3041 ἅμα
505 2990 566 3041 υιὲν
587 2988 662 3027 ἀντι
684 2992 742 3025 τοῦ
763 2987 913 3040 θερμήν·
934 3001 1072 3036 πνιγευς
1089 2983 1155 3055 γὰρ
1175 2988 1196 3030 ἡ
1215 2985 1314 3034 κάμι

279 3066 348 3093 νος·
376 3050 449 3099 ἅμα
468 3049 502 3086 δὲ
532 3048 584 3085 ὅτι
613 3046 725 3096 πνίγει
753 3048 802 3083 τιιΝ)
830 3044 944 3097 χρόνω
965 3043 1004 3081 τὸ
1030 3042 1180 3095 σχοινίον
1199 3058 1258 3079 και
1278 3042 1316 3080 τὸ

280 3108 427 3158 θρανίον.

336 3179 394 3203 123.
425 3165 589 3214 σύντομος
616 3177 624 3202 :
654 3162 739 3201 “Οτι
766 3163 802 3200 οὔ
833 3160 934 3211 μόνον
963 3159 1127 3210 ἐπίτομον
1145 3158 1315 3209 λέγουσιν,

229 3246 263 3271 50
283 3223 373 3260 ἀλλὰ
392 3222 451 3260 καὶ
471 3221 650 3271 σύντομον.
670 3219 900 3272 τετριμμένην
922 3218 979 3265 δὲ,
1007 3217 1081 3268 ἅμα
1102 3216 1163 3267 μὲν
1184 3219 1229 3259 ὡς
1260 3218 1315 3254 ἐπὶ

281 3281 358 3317 ὁδοῦ
381 3277 764 3331 [κατημαξευμένηςῇ
786 3276 861 3327 ἅμα
883 3275 917 3314 δὲ
937 3275 996 3313 καὶ
1016 3275 1101 3327 πρὸς
1116 3274 1155 3312 τὸ
1174 3274 1313 3312 κώνειον

281 3338 337 3375 διὰ
356 3337 468 3380 θυείας
485 3336 675 3389 τρίῧεσθαι.

336 3409 397 3433 125.
428 3393 563 3446 ψυχράν
582 3408 620 3443 γε
638 3393 696 3430 καὶ
714 3391 937 3443 δυσχείμερον
959 3406 966 3430 :
991 3393 1000 3442 (
1015 3390 1083 3429 Καὶ
1100 3392 1144 3433 ὡς
1162 3389 1219 3427 ἐπὶ
1236 3391 1315 3427 ὁδοῦ

1024 234 1270 278 SCHOLIA
1302 234 1362 273 IN
1397 235 1514 275 ΒΑΝ
1522 233 1604 274 AS.

811 326 856 363 Οι
877 324 939 395 μὲν
972 321 1251 376 βραχύνουσιν,”
1238 337 1291 359 ινα
1314 331 1320 336 ’

1347 322 1499 372 ψυχρας,
1521 321 1581 358 καὶ
1601 322 1652 358 ὅτι
1668 319 1758 358 κατὰ
1774 320 1873 373 ψύξιν
1890 320 2021 373 φονεύει
2037 320 2076 359 τὸ
2092 319 2242 359 κώνειον.
2251 320 2383 380 )Ι[πή-

1348 393 1446 427 γνυσι
1463 378 1517 424 δὲ,
1536 383 1611 415 εἰπε
1621 378 1890 427 ,τάντικνηαια.
1900 378 1918 430 }
1937 378 2006 415 ἀπὸ
2022 395 2090 416 των
2110 380 2223 417 ποδων
2237 378 2304 465 γ1ὰρ
2322 382 2384 417 οὓ-

1348 451 1403 478 τος
1431 439 1448 473 6
1477 436 1622 478 θάνατος
1641 435 1805 487 ἄρχεται,
1834 436 1989 489 πρώτους
2022 453 2142 480 αυτους
2160 437 2384 489 καταψύχων.

1349 492 1419 544 [ὡς
1437 497 1495 531 τοῦ
1517 496 1659 537 ζωτικοῦ
1681 493 1827 543 αἵματος
1846 494 1925 546 περὶ
1944 494 2006 541 τὴν
2030 496 2176 548 καρδίαν
2198 497 2386 534 συστελλο-

1351 550 1493 603 μένου.]
2407 569 2424 592 5

1406 622 1466 648 127.
1498 608 1651 654 κατάντη
1672 622 1680 647 :
1702 608 1823 652 Οὕτως
1843 609 1988 647 Ἀττικοὶ
2015 611 2091 648 ἀντὶ
2109 616 2170 649 τοῦ
2190 614 2388 664 κατωφερῆ.

1352 665 1581 718 εὖκολώτεραι
1597 665 1664 718 γὰρ
1681 666 1740 703 καὶ
1756 665 1945 718 ταχύτεραι
1967 670 2002 705 αἱ
2021 672 2183 706 ταιαῦται
2200 669 2282 707 ὁδοί.

1407 738 1467 762 128.
1496 726 1542 767 ὡς
1560 724 1654 766 ὄντος
1672 739 1710 774 γε
1732 723 1780 774 μὴ
1802 726 2002 775 βαδιστικοῦ
2015 755 2024 771 ,
2046 727 2131 776 ἐμοῦ
2149 726 2307 772 δηλονότι
2324 742 2391 764 τα-

1352 782 1440 834 χέως
1461 782 1610 832 βαδίζειν
1630 781 1679 831 μὴ
1694 781 1896 832 δυναμένου.
1917 790 1956 818 V.
1979 781 2140 827 ὀξύποδος
2162 786 2258 834 ἐμοῦ.
2279 792 2317 822 R.

1409 854 1470 879 131.
1502 839 1689 893 ἀφιεμένην
1715 839 1779 886 τὴν
1804 839 1975 890 λαμπάδα
2001 854 2010 879 :
2034 841 2123 885 Τοὺς
2147 841 2393 892 λαμπαδιστὰς
2414 854 2446 878 10

1356 900 1502 949 ἀγῶνας.
1520 898 1833 950 λαμπαδηδρομίαι
1849 898 1884 936 δὲ
1900 898 2052 949 γίνονται
2065 903 2154 952 τρεῖς
2169 901 2202 937 ἓν
2219 902 2268 952 τῷ
2285 903 2395 952 Κερα-

1357 960 1486 1009 μεικῷ,
1507 957 1666 1003 Ἀθηνᾶς,
1688 956 1899 1009 Ἡφαίστου,
1922 957 2150 1009 Προμηθέως.
2218 960 2394 1010 Κεραμει-

1357 1015 1414 1057 κὸς
1450 1014 1552 1058 τόπος
1590 1015 1770 1061 Ἀθήνησιν
1805 1013 1890 1052 ὅπου
1926 1014 2126 1054 συνετέλουν
2157 1018 2189 1053 οἱ
2225 1015 2397 1061 Ἀθηναῖοι

1358 1071 1448 1110 κατὰ
1468 1071 1622 1110 ἐνιαυτὸν
1644 1073 1896 1122 λαμπαδοῦχον
1921 1073 2051 1122 ἀγῶνα.
2073 1072 2158 1124 πρὸς
2178 1071 2213 1110 δὲ
2232 1075 2282 1124 τῷ
2301 1071 2398 1126 τόπῳ

1358 1129 1468 1182 τούτῳ
1495 1129 1625 1181 πύργον
1655 1129 1731 1167 τινὰ
1758 1129 1926 1181 ὑπάρχειν
1952 1129 2067 1182 φασίν.
2095 1130 2146 1182 ἐφ’
2169 1130 2205 1168 ὃν
2239 1130 2396 1180 συμὸου-
2419 1146 2449 1170 15

1358 1188 1450 1225 λεύει
1467 1188 1569 1225 αὐτὸν
1591 1188 1770 1225 ἀναὸάντα
1791 1192 1929 1240 θεωρεῖν
1949 1187 2011 1233 τὴν
2028 1188 2217 1238 λαμπάδα,
2238 1188 2298 1226 καὶ
2317 1188 2399 1226 ὅταν

1361 1249 1390 1284 οἳ
1411 1249 1542 1298 πρῶτοι
1562 1246 1836 1296 λαμπαδίζοντες
1860 1249 2029 1299 ἀφεθῶσι,
2050 1246 2109 1284 καὶ
2129 1246 2232 1284 αὐτὸν
2253 1247 2322 1285 ἀπὸ
2341 1251 2399 1285 τοῦ

1360 1304 1492 1355 πύργου
1510 1306 1646 1356 ἀφεῖναι
1664 1304 1782 1341 ἑαυτὸν
1803 1304 1909 1342 κάτω.

1417 1375 1479 1400 133.
1512 1358 1598 1398 εἶναι
1612 1391 1622 1410 ,
1644 1361 1713 1399 τόθ’
1732 1356 1818 1398 εἶναι
1839 1375 1847 1399 :
1871 1360 1980 1411 (Ἀντὶ
1995 1365 2053 1399 τοῦ
2072 1363 2210 1414 ἀφεῖναι
2225 1362 2303 1407 τοὺς
2320 1364 2402 1416 δρο-

1364 1420 1449 1469 μεῖς.
1479 1418 1565 1462 τινὲς
1594 1419 1629 1456 δὲ
1654 1419 1842 1471 γράφουσιν
1869 1419 1981 1465 εἴητε,
2003 1419 2079 1456 ἀντὶ
2104 1424 2163 1457 τοῦ
2185 1421 2346 1473 ἀφείητε,
2371 1424 2401 1460 οἱ
2421 1438 2454 1463 2.)

1363 1479 1497 1529 δρομεῖς
1513 1476 1698 1527 δηλονότι.)
1716 1481 1817 1515 τοῦτο
1831 1476 1865 1514 δὲ
1882 1476 2145 1529 γνωριμώτερον
2160 1477 2299 1529 ἔχειτὸν
2313 1483 2402 1526 νοῦν,

1364 1533 1501 1571 ἐπειδὰν
1522 1536 1551 1572 οἳ
1572 1534 1736 1584 θεώμενοι
1756 1535 1898 1572 εἴπωσιν
1916 1534 2078 1587 ἀφείητε,
2101 1536 2258 1582 δηλονότι
2278 1539 2307 1575 οἳ
2326 1537 2404 1589 τρέ-

1362 1608 1491 1644 χοντες,
1503 1592 1561 1630 καὶ
1576 1592 1617 1630 σὺ
1630 1592 1766 1629 σαυτόν.
1783 1592 1963 1644 (γράφεται
1980 1591 2014 1629 δὲ
2027 1594 2060 1630 ἐν
2074 1594 2214 1637 πολλοῖς
2223 1589 2405 1642 εἶναι,ἀντὶ

1363 1655 1421 1688 τοῦ
1441 1650 1544 1697 εἵητε.
1565 1650 1702 1700 μήποτε
1720 1649 1759 1687 τὸ
1777 1649 1933 1702 δεύτερον
1951 1644 2059 1697 εἶναι,
2078 1650 2118 1688 τὸ
2138 1650 2171 1694 ἒς
2190 1652 2249 1689 καὶ
2263 1651 2304 1690 σὺ
2319 1668 2406 1690 σαυ-

1364 1709 1434 1755 τὸν,
1465 1707 1751 1760 ἁμαρτανομένου
1771 1711 1831 1744 τοῦ
1851 1707 2031 1759 προτέρου.
2050 1708 2145 1760 λέγοι
2165 1709 2194 1746 δ’
2215 1709 2256 1747 ἄν
2277 1726 2327 1753 τις
2346 1711 2404 1748 καὶ
2424 1725 2456 1750 23

1365 1769 1465 1803 τοῦτο
1480 1766 1581 1816 λόγον
1599 1765 1690 1817 ἔχειν
1702 1781 1710 1789 ·
1727 1768 1772 1809 ὡς
1788 1767 1855 1802 τῶν
1873 1765 2053 1815 θεωμένων
2073 1767 2339 1805 ἐπικελευόντων
2357 1771 2406 1820 τῷ

1363 1823 1403 1861 τὸ
1423 1827 1565 1874 σημεῖον
1585 1823 1717 1875 ἀφιεντι
1734 1822 1824 1860 κατὰ
1844 1822 1883 1860 τὸ
1902 1825 2048 1894 ἀρχαῖον
2070 1827 2215 1893 σωχῆμα,
2235 1824 2341 1868 ουτως
2361 1829 2407 1862 εῖ-

1365 1883 1440 1931 ναι)
1540 1880 1558 1933 [[
1567 1878 1711 1922 Ἄλλως.
1730 1896 1781 1917 οτι
1801 1882 1834 1917 ἓν
1855 1897 1896 1932 τη
1918 1879 2039 1932 ἀφέσει
2059 1885 2119 1927 τῆς
2138 1881 2322 1932 λαμπάδος
2343 1899 2407 1929 ση-

1367 1942 1461 1989 υεῒον
1478 1942 1520 1985 ἠν
1538 1941 1609 1981 τοῖς
1626 1937 1791 1987 μέλλουσι
1813 1939 1972 2007 δραμεῖν,
1991 1940 2039 1981 ὡς
2055 1939 2106 1976 δεῖ
2121 1943 2180 1976 τοῦ
2198 1938 2326 1991 δρόμου
2342 1956 2407 1977 κα-

1365 1996 1567 2050 τάρξασθαι.
1587 2000 1629 2043 ἠν
1652 1995 1685 2033 δὲ
1709 1999 1811 2033 τοῦτο
1831 1995 1900 2054 πρὸ
1916 2000 1975 2033 τοῦ
1996 1999 2174 2056 εὑρεθῆναι
2193 1997 2290 2049 παρὰ
2309 2000 2405 2049 Τυρ-
2425 2016 2460 2043 g„

1368 2056 1481 2101 σηνοῒς
1498 2054 1561 2100 τὴν
1585 2054 1776 2104 σάλπιγγα.
1803 2076 1847 2080 -—-
1868 2057 1975 2099 εῖναι,
2009 2054 2078 2092 τόθ’
2101 2058 2217 2093 εἱναιε
2238 2055 2290 2093 Τὸ
2320 2059 2407 2093 εῖναι

1367 2112 1530 2163 σημαίνει
1546 2128 1605 2150 και
1622 2111 1660 2149 τὸ
1679 2114 1923 2163 κορευσθῆναι,
1936 2114 1983 2154 ὡς
1999 2113 2033 2148 ἐν
2047 2115 2096 2149 τιιΝ)
2111 2131 2126 2145 «ι
2142 2112 2208 2157 εξ”
2189 2128 2263 2165 ερον
2281 2113 2374 2161 ἕντο,
2390 2133 2407 2147 ν

1366 2171 1426 2209 καὶ
1456 2170 1529 2208 ἔστι
1563 2169 1793 2219 δασυνόμενον
1824 2172 1870 2212 ὡς
1907 2169 1976 2207 ἀπὸ
2014 2174 2073 2208 τοῦ
2105 2170 2147 2208 ἴω
2172 2171 2232 2209 καὶ
2261 2162 2345 2222 ἔημι
2367 2171 2407 2209 τὸ

1367 2231 1503 2281 πληρῶ.
1532 2227 1694 2276 σημαίνει
1721 2227 1757 2264 δὲ
1786 2227 1847 2265 καὶ
1867 2227 1905 2265 τὸ
1927 2229 2063 2280 ἀφεῖναι
2082 2228 2142 2266 καὶ
2169 2228 2328 2282 πέμψαι,
2348 2230 2408 2268 καὶ

1367 2292 1467 2326 τοῦτο
1490 2286 1720 2337 δασυνόμενον
1737 2288 1854 2336 ὁμοῖον
1882 2288 1928 2328 ὡς
1953 2287 2113 2326 ἐνταῦθα.
2135 2287 2348 2332 κανονίζεται
2372 2288 2457 2330 δεῖς..
2444 2303 2455 2311 ·

1368 2346 1492 2389 οὕτως·
1512 2361 1589 2395 ιημι
1617 2344 1655 2382 τὸ
1673 2343 1822 2394 πέμπω,
1843 2346 1860 2381 6
1879 2343 2057 2414 μέλλων
2034 2360 2130 2392 ησω,
2151 2347 2168 2382 6
2199 2345 2231 2397 β’
2253 2345 2407 2406 ἀόριστος

1367 2410 1422 2452 ἦν,
1441 2408 1462 2450 ἡ
1494 2402 1625 2454 μετοχὴ
1656 2406 1715 2450 εἱς,
1744 2402 1854 2449 ἔντος,
1880 2417 1939 2440 και
1963 2401 2002 2440 τὸ
2031 2404 2144 2455 ἀπαρε
2136 2403 2284 2456 ’μφατον
2305 2408 2404 2443 εῖναι.

1374 2475 1456 2505 Ποῖ.

1424 2533 1483 2557 134.
1516 2519 1591 2556 ἀλλ’
1611 2517 1819 2567 ἀπολέσαιμ’
1849 2516 1890 2554 ἂν
1918 2517 2109 2568 ἐγκεφάλου
2132 2531 2141 2556 :
2178 2518 2264 2567 (Καὶ
2291 2518 2358 2571 γὰρ
2390 2523 2407 2557 ὁ

1370 2576 1556 2629 ἐγκέφαλος
1571 2579 1637 2613 τῶν
1660 2575 1849 2627 ἀνθρώπιον
1864 2575 1936 2626 ἔχει
1954 2575 2008 2626 ὑφ’
2023 2575 2144 2612 ἑαυτὸν
2162 2575 2290 2625 ὑμένας
2304 2577 2407 2615 ἐοικό·
2426 2598 2457 2625 41

1368 2651 1428 2677 τας
1441 2637 1511 2677 τοῖς
1537 2637 1599 2679 τῆς
1624 2636 1730 2678 συκῆς
1749 2632 1899 2685 φύλλοις.
1983 2630 2142 2682 Ἄλλως.)
2165 2633 2406 2686 Ἀρίσταρχος,

1369 2693 1454 2743 πρὸς
1468 2693 1505 2730 τὸ
1523 2695 1662 2743 σχῆμα,
1681 2691 1783 2742 φησὶ,
1807 2694 1865 2728 τοῦ
1885 2691 2085 2743 ἐγκεφάλου.
2111 2691 2183 2730 ἔστι
2199 2692 2266 2745 γὰρ
2289 2693 2407 2745 ὥσπερ

1371 2752 1429 2788 δύο
1450 2755 1526 2803 θρῖα
1551 2748 1772 2800 συγκείμενα.
1799 2751 1875 2800 θρῖα
1901 2748 1958 2795 δὲ,
1982 2748 2025 2786 τὰ
2051 2752 2111 2795 τῆς
2139 2753 2246 2796 συκῆς
2273 2750 2406 2803 φύλλα,

1370 2810 1429 2847 καὶ
1456 2808 1499 2845 τὰ
1528 2811 1604 2859 θρῖα
1620 2807 1654 2844 δὲ
1672 2806 1777 2849 οὕτως
1798 2806 2012 2849 σκευάζεται.
2033 2807 2173 2858 λέγεται
2194 2806 2229 2846 δὲ
2253 2808 2322 2846 ἀπὸ
2346 2814 2407 2847 τοῦ

1371 2867 1602 2904 κατειλεῖσθαι
1626 2865 1694 2907 τοῖς
1721 2868 1782 2910 τῆς
1810 2867 1915 2909 συκῆς
1943 2864 2094 2916 φύλλοις.
2125 2869 2147 2912 ἡ
2177 2865 2212 2904 δὲ
2238 2869 2406 2905 σκευασία
2425 2883 2459 2908 45

1371 2925 1466 2972 ἐστὶ,
1485 2922 1602 2974 στέαρ,
1627 2921 1725 2972 μέλι,
1747 2922 1819 2974 ᾠὰ,
1841 2921 2032 2971 σεμίδαλις.
2053 2922 2200 2961 εἰώθασι
2211 2922 2245 2961 δὲ
2271 2924 2330 2962 καὶ
2349 2924 2406 2962 τὸν

1371 2982 1559 3034 ἐγκέφαλον
1572 2982 1680 3018 ὀπτᾶν
1692 2979 1957 3025 κατειλήσαντες
1971 2987 2040 3024 τοῖς
2050 2984 2111 3027 τῆς
2127 2985 2232 3028 συκῆς
2249 2981 2406 3034 φύλλοις,

1371 3041 1392 3086 ἢ
1412 3039 1499 3090 μετὰ
1517 3043 1578 3085 τῆς
1596 3039 1703 3084 ἄλλης
1721 3042 1781 3076 τοῦ
1802 3038 1895 3090 θρίου
1913 3042 2147 3086 κατασκευῆς,
2169 3038 2190 3084 ἢ
2211 3039 2270 3077 καὶ
2291 3039 2405 3090 μόνον,

1371 3098 1456 3152 πρὸς
1475 3097 1493 3135 ὃ
1511 3097 1571 3135 καὶ
1591 3096 1764 3148 παρέθηκε
1786 3097 1824 3133 τὸ
1844 3099 1949 3149 θρῖον.

1426 3170 1486 3195 133.
1518 3155 1667 3197 ἅθυσσος
1700 3168 1708 3193 :
1740 3154 1810 3193 ὸΗν
1836 3155 1911 3193 οὐδὲ
1935 3154 2034 3206 βυθὸς
2060 3156 2222 3207 χωρῆσαι
2251 3152 2404 3194 δύναται.
2423 3169 2458 3194 50

1371 3215 1486 3258 ’Ίωνες
1505 3213 1538 3251 δὲ
1552 3213 1608 3250 τὸν
1630 3212 1730 3263 βυθὸν
1747 3212 1872 3263 βυσσόν
1889 3228 1984 3265 φασι.

1426 3287 1488 3311 139.
1519 3271 1705 3323 τυννουτῳί
1722 3287 1758 3308 σε
1782 3284 1790 3309 :
1810 3271 1978 3322 Συνάγιι)ν
1994 3270 2071 3313 τοὺς
2091 3270 2278 3314 δακτύλους
2291 3270 2404 3324 φησίν·

1372 3331 1446 3369 ἀντὶ
1463 3335 1521 3368 τοῦ
1542 3333 1668 3382 μικρῷ.
1689 3329 1814 3379 ὁμοίως
1832 3328 1867 3366 δὲ
1886 3329 1944 3366 καὶ
1963 3328 2098 3378 τυτθὸν,
2120 3327 2159 3366 τὸ
2173 3328 2310 3379 νήπιον,
2331 3328 2407 3366 ἀντὶ

1371 3393 1429 3426 τοῦ
1454 3387 1575 3425 τιτθόν·
1595 3388 1634 3425 τὸ
1650 3387 1700 3424 ἔτι
1715 3388 1810 3438 παρὰ
1825 3389 1894 3430 τοῖς
1909 3386 2047 3429 τιτθίοις
2066 3385 2287 3433 καθεστηκός.
2308 3385 2406 3438 φοὸεἷ
