2533 3808
218 198 264 229 35
954 176 1208 217 SCHOLIA
1246 175 1304 212 IN
1343 175 1604 223 EQUJTES.

268 297 313 321 57.
346 277 571 331 μεμαγμένην
598 289 605 313 :
625 269 979 325 Παρεσκευασμένην,
997 271 1056 308 καὶ
1075 272 1108 308 ἐν
1126 268 1253 321 ἑτοίμῳ

216 339 414 392 γενομένην.

268 412 312 436 59.
345 393 434 432 ἀλλὰ
450 391 610 444 βυρσίνην
626 389 716 442 ἔχων
733 402 740 427 :
762 388 949 439 ((Ρυτῆρα,
964 385 1118 435 ἱμάντα.)
1135 382 1253 427 ἔπαιξε

216 456 250 493 δὲ
267 453 362 506 παρὰ
381 452 419 489 τὸ
443 448 658 502 βυρσοδέψην
677 441 763 485 εἶναι
778 448 836 484 τὸν
851 445 1010 485 Κλέωνα.
1029 443 1096 480 ἔδει
1115 441 1181 494 γὰρ
1202 444 1252 479 εἷ-

176 528 191 550 5
212 519 286 550 πεῖν
309 509 492 562 μυρσίνην.
521 506 882 558 παραγραμματισμῷ
902 496 959 540 οὖν
981 501 1156 553 ἐχρήσατο
1180 499 1253 536 ἀντὶ

213 575 273 609 τοῦ
292 586 317 620 μ
332 568 371 606 τὸ
390 571 422 619 β.
441 572 516 609 ταῖς
534 564 600 616 γὰρ
621 562 799 615 μυρσίναις
824 560 1034 598 ἀποσοὸοῦσι
1060 558 1120 600 τὰς
1142 557 1253 608 μυίας·

213 634 229 668 ὁ
251 629 284 666 δὲ
301 627 377 670 τοὺς
398 626 541 679 ῥήτορας
566 617 652 661 εἶπε.
710 620 794 671 (ἀπὸ
810 623 869 657 τοῦ
888 617 1048 671 μυρσίνη.
1066 616 1174 666 ταύτῃ
1189 614 1255 667 γὰρ

212 690 459 740 ἐστεφανοῦντο
476 685 505 720 οἱ
531 680 732 733 στρατηγοί.
760 678 921 731 βυρσίνην
951 675 1007 722 δὲ,
1037 669 1142 721 εἶπεν,
1165 673 1255 725 ἔχων

212 745 383 785 ἀποσοὸεῒ
394 743 470 785 τοὺς
489 741 651 794 ῥήτορας,
669 741 713 781 ὡς
729 737 811 790 πρὸς
829 734 1068 788 βυρσοδέψην.)

161 821 192 844 10
264 820 308 845 60.
339 801 534 841 ἀποδιώκει.
550 806 589 835 V.

265 885 308 909 οι.
338 863 396 907 εἶθ’
414 871 432 905 ὃ
457 865 566 917 γέρων
590 863 750 914 σιὸυλλιᾷ
768 875 776 899 z
800 859 902 912 (Περὶ
922 857 978 896 τὸν
997 856 1118 909 χρόνον
1139 860 1258 894 τοῦτον

212 927 400 982 ταραχώδη
418 925 499 964 ὄντα
514 922 601 965 εἰκὸς
613 919 727 959 πολλὰ
740 923 882 957 τοιαῦτα
898 916 1080 968 γίνεσθαι.)
1096 915 1203 967 γέρων
1223 914 1258 952 δὲ

214 993 231 1027 ὁ
249 986 434 1032 δεσπότης,
454 983 559 1033 ἤγουν
580 983 597 1018 ὁ
616 982 733 1030 δῆμος.
751 978 913 1028 σιὸυλλιᾷ
931 974 984 1021 δὲ,
1003 977 1173 1027 χρησμῶν
1198 975 1258 1026 ε’ρᾷ

212 1047 268 1085 καὶ
293 1044 462 1093 ἐπιθυμεῖ.
486 1040 508 1086 ἢ
530 1039 738 1091 παραληρεῒ.
764 1034 894 1086 (ἐπειδὴ
914 1037 934 1080 ἡ
954 1033 1111 1072 Σίδυλλα
1130 1030 1260 1083 μακρό-

165 1120 193 1144 Ιο
217 1106 299 1148 ῧιος.
327 1103 349 1149 ἢ
376 1105 445 1144 τοῖς
467 1098 638 1152 χρησμοῖς
657 1096 795 1142 ἥδεται,
824 1092 845 1139 ἢ
865 1096 1060 1137 ἀπατᾶται,
1088 1092 1260 1141 μαντικῶς

215 1164 306 1214 ἔχει,
336 1157 515 1212 χρησμοὺς
540 1154 759 1209 φαντάζεται.
786 1149 1028 1204 χρησμολόγος
1052 1148 1118 1201 γὰρ
1149 1149 1258 1200 Ἐρυ-

214 1221 315 1273 θραία
331 1215 371 1266 ἦν
388 1222 409 1264 ἡ
430 1212 649 1263 Σίὸυλλα.)ἢ
671 1211 759 1262 μέγα
779 1215 892 1263 φρονεῖ
909 1208 967 1246 καὶ
988 1207 1179 1259 ἐπαίρεται.

267 1299 313 1322 62.
346 1277 638 1333 μεμακκοακόταῑ
659 1274 715 1314 Τὰ
736 1276 902 1314 Μακκοῦς
927 1275 1134 1324 φρονοῦντα,
1160 1273 1260 1317 ἀνοη-

216 1343 386 1381 ταίνοντα.
405 1336 556 1390 (Μακκὼ
572 1334 638 1386 γὰρ
652 1333 711 1371 καὶ
724 1330 838 1381 Λαμὼ
856 1329 1009 1381 ἐγένοντο
1024 1328 1131 1374 ε’νεαὶ,
1150 1327 1262 1365 τουτέ-

163 1418 196 1441 2ο
218 1418 272 1439 στι
313 1398 444 1451 βαρέως
481 1398 633 1433 νοοῦσαι.
669 1390 691 1436 ἢ
731 1391 1039 1441 παραφρονοῦντα,
1074 1388 1259 1438 ληροῦντα.

214 1460 331 1512 γέγονε
352 1455 449 1508 παρὰ
468 1454 507 1492 τὸ
528 1451 660 1502 μάταια
683 1449 786 1493 κοεῗν,
804 1445 825 1484 ὅ
851 1449 923 1484 ἐστι
946 1451 1046 1484 νοεῖν.
1068 1444 1142 1482 ὅθεν
1161 1448 1262 1482 θυοσ-

215 1519 308 1563 κόος,
325 1514 423 1568 παρὰ
441 1513 480 1551 τὸ
497 1510 565 1549 θύω
584 1509 642 1547 καὶ
661 1507 700 1545 τὸ
722 1508 809 1552 κοῶ,
828 1505 845 1543 δ
861 1504 1022 1555 σημαίνει
1036 1503 1074 1541 τὸ
1091 1504 1183 1552 νοῶ.)

267 1596 311 1620 63.
340 1578 465 1630 τέχνην
481 1589 489 1614 ;
506 1573 596 1622 [ἀντὶ
609 1575 669 1610 τοῦ
684 1568 860 1622 μηχανὴν,
879 1567 901 1615 ἢ
919 1568 995 1606 ἀντὶ
1011 1572 1086 1614 τοῦ]
1106 1569 1151 1611 εἷς
1165 1566 1261 1620 ἔργον

216 1643 309 1693 αὐτῷ
322 1638 382 1677 καὶ
400 1637 524 1687 τέχνην
541 1628 821 1684 προκεχώρηκεν.
836 1635 876 1665 V.
891 1635 928 1665 Θ.

163 1713 195 1736 91»
269 1699 426 1749 ἄντικρυς
442 1709 450 1733 :
464 1690 690 1745 (Προδήλως,
706 1684 997 1737 ὁμολογουμένως.
1013 1683 1141 1731 ηὔξησε
1156 1682 1263 1729 δὲτὴν

217 1756 405 1802 ἀναίδειαν,
436 1750 492 1790 διὰ
525 1749 564 1787 τὸ
596 1749 748 1800 φανερῶς
781 1742 1073 1796 καταψεύδεσθαι.
1108 1741 1260 1785 ’Ἄλλως

217 1814 398 1868 φανερῶς.)
430 1812 554 1859 δεῖγμα
580 1806 615 1844 δὲ
644 1801 925 1857 ὓπερὸαλλούσης
951 1801 1194 1853 ἀναισχυντίας
1225 1800 1264 1838 τὸ

218 1876 371 1927 φανερῶς
390 1867 680 1921 καταψεύδεσθαι.

271 1953 315 1978 οἱ.
346 1941 391 1981 ὡς
409 1933 539 1974 οἰκέται
557 1926 830 1981 μαστιγούμεθα.
847 1933 887 1963 V.

165 2018 200 2042 30
271 2013 316 2037 66.
343 1994 525 2047 δωροδοκεῖ
549 2004 556 2028 :
578 1991 682 2039 Δῶρα
696 1984 941 2043 λαμδάνεικαὶ
959 1983 1112 2021 διασείει.
1134 1982 1275 2033 (τίθεται

218 2058 254 2097 δὲ
271 2061 292 2103 ἡ
308 2054 396 2099 λέξις
412 2051 471 2090 καὶ
486 2049 541 2087 ἐπὶ
557 2050 614 2084 τοῦ
633 2044 791 2086 διδόντος.
811 2064 855 2068 -
872 2043 965 2094 δῶρα
981 2041 1131 2093 δέχεται.
1151 2042 1210 2093 V.)

271 2135 316 2160 67.
345 2119 461 2157 ε’Υλαν
481 2113 614 2162 ζόνομα
632 2108 763 2147 οἰκέτου
784 2107 972 2144 πέπλακεν.
992 2114 1031 2143 R.
1054 2113 1087 2143 V.
1115 2112 1196 2142 rotet.

271 2194 316 2218 68.
348 2180 376 2216 εἰ
405 2174 453 2225 μή
482 2173 516 2223 μ’
546 2167 749 2207 ἀναπείσετε
781 2179 788 2204 :
816 2165 928 2214 (Ἄντὶ
958 2169 1036 2210 τοῦ,
1065 2164 1266 2202 ἀναπείσετε

218 2237 404 2293 γρῆμασι.)
426 2230 607 2271 διαβάλλει
628 2226 677 2276 (δὲ
699 2224 813 2274 αὐτὸν)
832 2227 876 2267 ὡς
897 2223 1192 2276 δωροδοκούμενον
1209 2222 1267 2260 καὶ

167 2318 199 2340 35,
218 2287 423 2352 προδιδόντα
438 2291 498 2338 τὴν
513 2288 624 2326 πόλιν.
670 2283 833 2334 (Ἄλλως.
850 2285 878 2320 εἷ
893 2282 941 2333 μὴ
956 2282 1076 2320 πιστὸν
1092 2281 1268 2327 ποιήσετε.

220 2354 394 2395 τουτέστιν
416 2354 444 2389 εἲ
464 2348 511 2401 μὴ
535 2344 654 2399 μισθόν
674 2342 750 2380 τινά
765 2357 823 2392 μοι
841 2343 950 2392 δῶτε.)

273 2433 318 2458 69.
347 2414 558 2464 πατούμενοι
582 2406 845 2460 ῖὺῧριζόμενοι,
869 2406 1077 2457 θλιὸόμενοι.
1105 2413 1146 2443 V.
1171 2404 1271 2457 ὑδρι-

222 2480 375 2529 ζόμενοι,
388 2472 594 2522 πιεζόμενοι.
619 2475 700 2505 Vzct.

276 2558 320 2584 70.
337 2537 592 2595 [ὀκταπλάσιον
609 2532 754 2586 χέζομεν
782 2546 789 2570 :
811 2531 940 2581 Πολλῶ
960 2528 1116 2566 πλείονα.
1137 2526 1181 2564 ἵν’
1196 2522 1218 2579 ἧ
1236 2527 1274 2565 τὸ

171 2618 206 2643 40
225 2602 419 2652 νοούμενον,
432 2596 483 2635 ὅτι
500 2595 633 2644 μικροῖς
645 2591 827 2640 λήμμασιν
839 2586 1058 2624 ἀποδίδονται
1069 2587 1130 2630 τ’ἧς
1143 2583 1275 2627 πόλεως

224 2661 268 2699 τὰ
284 2658 498 2712 πράγματα,
514 2653 571 2703 ἀφ’
588 2645 634 2688 ὧν
651 2647 800 2700 ὠφέλεια
819 2645 941 2696 μείζων
959 2645 1108 2690 ἠδύνατο
1121 2641 1274 2692 γίνεσθαι

223 2724 265 2772 τῇ
283 2714 415 2767 πόλεμ]

293 2776 437 2829 χέζομεν
463 2786 470 2809 ;

278 2856 324 2881 71.
356 2837 558 2879 ἀνύσαντες,
587 2829 662 2869 ἀντὶ
692 2831 750 2866 τοῦ
776 2825 870 2869 ἅπαξ
899 2828 945 2868 εἰς
968 2827 1066 2862 τοῦτο
1086 2822 1274 2874 γενόμενοι.

495 2769 570 2807 ἀντὶ
590 2770 651 2805 τοῦ
675 2762 902 2814 ζημιούμεθα.
924 2770 961 2798 R.
986 2767 1019 2797 V.
1040 2767 1122 2797 Ποῖ.

174 2923 207 2946 45
230 2910 261 2939 1'..
280 2898 465 2938 ἀνύσαντες
482 2907 490 2932 :
507 2890 727 2943 ταχύναντες.
755 2893 786 2923 V.
811 2892 890 2922 Vict.

281 2978 327 3002 72.
357 2961 405 3013 νῲ
429 2973 436 2998 :
481 2957 609 3006 ἹΙμᾶς.
627 2951 790 3006 τρεπτέον
814 2964 821 2988 :
843 2947 963 2993 ’Ἄξιον
984 2944 1194 2997 τραπέσθαι,
1210 2959 1275 2981 πο-

231 3021 376 3075 ρευτέον.
399 3025 480 3055 Ποῖ.
499 3012 690 3067 πορευτέον.
709 3021 747 3050 R.

283 3099 328 3123 73.
358 3082 513 3135 κράτιστ’
531 3080 661 3124 ἐκείνην
678 3090 686 3115 1
701 3075 887 3128 ῙΓΑμεινον
902 3070 958 3110 ἐπὶ
975 3069 1013 3107 τὸ
1028 3065 1277 3117 αὐτομολήσω-

233 3159 307 3195 μεν.
335 3140 487 3180 τουτέστι
506 3141 666 3190 χωρῆσαι
690 3134 774 3187 πρὸς
792 3132 870 3175 τοὺς
889 3126 1095 3179 ἐναντίους]
1114 3125 1153 3163 τὸ
1176 3126 1278 3162 αὖτο-

186 3214 219 3239 50
237 3204 388 3253 μολῆσαι
407 3198 466 3236 καὶ
483 3199 644 3249 χωρῆσαι
663 3193 748 3245 πρὸς
765 3191 842 3234 τοὺς
861 3187 1056 3238 πολεμίους.
1072 3189 1110 3218 R·
1127 3186 1167 3215 V·

287 3273 331 3298 74.
360 3259 426 3308 οὐχ
441 3250 508 3294 οἷον
536 3268 544 3293 :
564 3255 601 3291 οὐ
622 3250 774 3289 δυνατόν.
802 3257 836 3286 V.
858 3254 941 3285 Ποῖ.

287 3332 331 3358 76.
361 3316 467 3354 πάλιν
495 3316 554 3358 τῆς
586 3311 704 3349 Πύλου
731 3307 923 3357 μέμνηται,
952 3302 1026 3340 ἐπεὶ
1047 3304 1064 3338 ὁ
1093 3297 1214 3338 Κλέων
1245 3298 1278 3334 ἐν

239 3380 323 3429 αὐτῇ
344 3375 492 3425 συνεχῶς
512 3367 754 3417 ηλαζονεύετο,
770 3368 814 3407 ὡς
832 3363 916 3400 ἄλλο
932 3361 1011 3410 μηδ’
1028 3361 1138 3396 ὁτιοῦν
1158 3370 1278 3406 κατορ-

1313 267 1484 310 θώσαντος
1506 269 1628 314 αὐτοῦ,
1647 265 1736 304 ἀλλὰ
1756 265 1900 313 πένητος
1915 265 2009 309 ὄντος
2030 266 2099 308 τοῖς
2124 264 2351 317 κατορθώμα-

1313 340 1377 362 σιν.
1399 333 1436 362 R.

1366 396 1412 421 77.
1438 382 1513 419 ἀντὶ
1529 386 1588 419 τοῦ
1607 381 1838 433 διεσχηκότος.
1856 388 1893 418 R.

1366 453 1412 479 78.
1442 442 1475 477 ἐν
1493 439 1607 478 Χαόσι
1628 454 1636 479 :
1654 439 1798 492 Θρᾴκης
1818 439 1908 482 ἔθνος
1933 440 1963 476 οἳ
1985 436 2130 481 Χαόνες.
2162 437 2352 490 (παρέλαὸε

1314 498 1349 537 δὲ
1369 498 1408 536 τὸ
1425 501 1553 546 ὄνομα,
1575 497 1631 535 ἵνα
1650 498 1689 535 τὸ
1709 498 1891 548 κεχηνέναι
1911 496 2065 548 δηλώσῃ.
2094 496 2223 539 Χαόνες
2240 495 2275 533 δὲ
2291 497 2354 542 δῆ-
2371 508 2389 533 5

1316 573 1378 607 μος
1397 559 1464 594 τῶν
1484 559 1717 608 Θεσπρωτῶν.
1738 554 1760 600 ἢ
1784 554 1958 607 βάρὸαρον
1976 554 2077 598 ἔθνος.
2147 553 2298 596 ”Anum
2322 555 2353 592 οἱ

1315 613 1378 663 μὲν
1396 617 1458 660 τ’ἧς
1475 613 1658 666 Ἠπείρου,
1676 615 1706 650 οἱ
1724 612 1759 650 δὲ
1775 616 1835 659 τῆς
1851 612 1995 664 Θρᾴκης
2010 611 2087 655 τοὺς
2107 612 2258 655 Χαόνας.
2278 611 2354 662 ἅμα

1317 671 1352 710 δὲ
1379 671 1456 716 τοὺς
1481 670 1741 724 εὐρυπρώκτους
1771 669 1942 721 διασύρει,
1974 668 2030 706 διὰ
2065 669 2104 707 τὸ
2133 670 2266 721 γαίνειν
2296 669 2355 708 τὸν

1316 730 1501 783 πρωκτόν.)
1514 753 1565 759 -
1578 732 1624 773 ὡς
1637 728 1877 782 εὐρύπρωκτον
1889 727 2068 765 διαὸάλλει
2082 714 2180 780 παρὰ
2196 728 2234 766 τὸ
2247 743 2354 780 κεχη-

1316 789 1421 827 νέναι.
1442 797 1480 826 R.
2290 773 2312 790 ²*
2377 800 2409 825 10

1833 843 1964 895 Σχεδὸν
1998 842 2119 890 εἰπεῖν,
2146 840 2168 888 ἢ
2204 842 2288 881 αὐτὸ
2317 844 2357 882 τὸ

1318 912 1483 959 πρᾶγμα,
1505 908 1620 955 ὁμοῖον
1638 905 1825 946 παντελῶς.
1853 909 1935 939 Vict.

1372 978 1415 1002 79.
1448 963 1510 1015 (τὼ
1534 962 1621 1014 χεῖρ’
1638 964 1672 1000 ἐν
1698 961 1867 1003 Αἰτωλοῖς
1888 972 1896 998 :
1921 958 2013 998 Ἀπὸ
2041 961 2101 995 τοῦ
2129 957 2295 1007 ὀνόματος
2319 958 2358 996 τὸ

1318 1029 1465 1075 πρᾶγμα
1482 1021 1587 1072 λέγει.
1606 1022 1668 1058 οὐκ
1687 1021 1721 1057 ἐν
1741 1017 1914 1070 Αἰτωλίᾳ,
1941 1017 2015 1054 ἀλλ’
2042 1018 2076 1054 ἐν
2095 1019 2143 1069 τῷ
2164 1018 2283 1055 αἷτεῗν.
2319 1015 2358 1054 τὸ

1320 1081 1347 1118 δ’
1366 1084 1399 1119 ἐν
1427 1081 1623 1119 Κλωπιδῶν
1654 1076 1828 1128 ἐναλλαγὴ
1852 1076 1956 1114 πάλιν
1987 1074 2176 1126 στοιχείου,
2199 1079 2258 1113 τοῦ
2277 1090 2294 1127 ρ
2313 1076 2359 1118 εἷς
2380 1089 2412 1113 15

1319 1140 1357 1177 τὸ
1376 1138 1617 1199 λ.υΚρ(ι)πίδαι
1635 1136 1702 1189 γὰρ
1719 1137 1826 1186 δῆμος
1845 1137 1905 1181 τῆς
1923 1133 2103 1177 Λεοντίδος
2119 1134 2238 1186 φυλῆς.
2257 1132 2360 1171 ἔπαι-

1320 1198 1371 1242 ξεν
1390 1201 1446 1235 οὖν
1465 1196 1561 1249 παρὰ
1578 1196 1616 1234 τὸ
1634 1195 1822 1249 κλέπτειν.)

1372 1269 1418 1294 80.
1449 1254 1777 1299 σκέπτου,διανοοῦ.
1796 1258 1837 1287 V.

1373 1328 1418 1351 83.
1449 1306 1537 1361 αἷμα
1553 1310 1709 1362 ταύρειον
1727 1323 1735 1348 :
1753 1306 1972 1360 Δηλητήριον
1989 1305 2128 1358 λέγεται
2140 1305 2179 1344 τὸ
2197 1301 2286 1357 αἷμα
2301 1309 2360 1344 τοῦ

1320 1371 1447 1424 ταύρου
1464 1369 1657 1419 πινόμενον.
1670 1376 1708 1405 R.
2380 1378 2416 1402 20

1374 1443 1420 1470 84.
1437 1432 1453 1467 ὃ
1470 1426 1747 1479 Θεμιστοκλέους
1763 1438 1771 1463 :
1788 1424 2029 1474 Θεμιστοκλῆς
2045 1423 2073 1473 (ὃ
2087 1422 2363 1474 καταναυμαχή-

1323 1505 1384 1533 σας
1402 1491 1436 1526 ἐν
1464 1491 1506 1539 τῇ
1529 1485 1608 1538 περὶ
1629 1483 1816 1533 Σαλαμῖνα
1835 1481 2016 1533 ναυμαχία
2042 1480 2120 1523 τοὺς
2149 1480 2362 1533 βαρὸάρους,

1323 1542 1382 1586 εἷθ’
1393 1546 1533 1597 ὕστερον
1550 1541 1770 1597 φυγαδευθεὶς
1786 1540 1852 1578 ὑπὸ
1868 1542 1935 1577 τῶν
1949 1538 2155 1589 Ἀθηναίων)
2167 1539 2224 1576 ἐπὶ
2240 1539 2363 1591 προδο-

1323 1606 1398 1649 σίας
1421 1604 1515 1656 αἷτίᾳ
1542 1603 1678 1656 ψευδεῖ,
1704 1601 1913 1652 καταφυγὼν
1941 1597 2025 1651 πρὸς
2052 1595 2281 1650 Ἀρταξέρξην
2305 1597 2363 1634 τὸν

1324 1664 1455 1717 Ξέρξου
1478 1663 1606 1708 παῖδα,
1627 1659 1687 1698 καὶ
1711 1657 1866 1709 τιμηθεὶς
1889 1655 1933 1694 τὰ
1958 1655 2106 1707 μέγιστα
2135 1655 2219 1707 παρ’
2239 1655 2364 1702 αὐτοῦ,
2384 1666 2419 1691 25

1327 1726 1382 1773 (ὡς
1395 1723 1454 1761 καὶ
1467 1722 1557 1774 τρεῖς
1566 1719 1682 1761 πόλεις
1693 1720 1739 1760 εἷς
1749 1717 1832 1769 ὄψον
1845 1714 1905 1753 καὶ
1920 1713 2022 1767 ἄρτον
2036 1713 2096 1751 καὶ
2109 1713 2214 1751 ποτὸν
2227 1713 2364 1759 λαὸεῒν,

1324 1779 1544 1832 Μαγνησίαν,
1567 1780 1750 1822 Μυοῦντα,
1774 1773 1996 1824 Λοίμψακον,)
2018 1771 2250 1823 ἐπηγγείλατο
2272 1772 2367 1823 αὐτῷ

1324 1840 1363 1877 τὸ
1387 1835 1721 1877 καταδουλώσασθαι
1746 1832 1808 1878 τὴν
1829 1830 2006 1877 ξΕλλοίδα,
2034 1828 2178 1879 δύναμιν
2201 1830 2230 1866 εἶ
2249 1828 2366 1868 λοίὸοι.

1324 1894 1603 1950 παραγενόμενος
1617 1892 1651 1930 δὲ
1665 1892 1752 1942 (ἅμα
1763 1893 1812 1942 τῷ
1830 1887 2066 1941 στρατεύματι
2083 1889 2130 1931 εἷς
2145 1887 2367 1938 Μαγνησίαν)

1325 1956 1384 1993 καὶ
1401 1952 1591 2005 καταγνοὺς
1607 1954 1746 1997 ἑαυτοῦ,
1767 1951 1796 1986 εἷ
1820 1948 1862 1985 δι’
1889 1946 1990 1984 αὐτὸν
2017 1945 2180 1990 σωθέντες
2196 1945 2369 1991 Ἕλληνες
2388 1963 2422 1988 30

1327 2016 1368 2052 δι’
1399 2015 1504 2051 αὐτοῦ
1525 2010 1745 2050 δουλεύσουσι
1769 2005 1975 2059 βαρδάροις,
1992 2004 2163 2057 προφάσει
2187 2003 2370 2057 χρησάμε-

1327 2089 1379 2116 νος
1392 2075 1438 2115 ὡς
1464 2069 1582 2109 θυσίαν
1606 2065 1802 2106 ἐπιτελέσαι
1827 2064 1984 2117 βούλοιτο
2005 2062 2065 2101 καὶ
2089 2064 2370 2115 ἱερουργῆσαιτῇ

1328 2130 1523 2182 Λευκόφρυι
1557 2126 1730 2178 Ἀρτέμιδι
1764 2121 1981 2174 καλουμένη,
2011 2123 2061 2173 τῷ
2091 2118 2208 2172 ταύρῳ
2236 2119 2372 2163 ὑποθεὶς

1327 2190 1390 2237 τὴν
1407 2188 1546 2242 φιάλην,
1562 2185 1620 2224 καὶ
1638 2182 1887 2229 ὑποδεξάμενος
1901 2180 1940 2218 τὸ
1957 2173 2046 2230 αἷμα
2061 2179 2119 2217 καὶ
2138 2177 2265 2230 χανδὸν
2283 2177 2371 2215 πιὼν

1329 2247 1547 2293 ἐτελεύτησεν
1577 2242 1710 2285 εὐθέως.
1729 2243 1760 2279 οἱ
1786 2239 1822 2277 δέ
1849 2253 1951 2292 φασιν
1969 2236 2021 2274 ὅτι
2041 2236 2201 2278 συνειδὼς
2220 2238 2238 2272 ὃ
2255 2237 2372 2284 Θεμι-
2391 2251 2427 2277 35

1331 2309 1478 2352 στοκλῆς
1507 2303 1559 2342 ὅτι
1577 2304 1643 2353 οὐχ
1661 2294 1728 2342 οἶός
1751 2313 1789 2336 τε
1808 2292 1849 2344 ἦν
1879 2294 2133 2348 διαπράξασθαι
2160 2295 2209 2346 τῷ
2237 2293 2373 2345 βασιλεῖ

1332 2366 1420 2418 ἅπερ
1446 2361 1693 2414 ἐπηγγείλατο,
1712 2357 1818 2399 οὕτως
1835 2355 1891 2393 ἐπὶ
1908 2354 1970 2400 τὴν
1993 2358 2052 2391 τοῦ
2069 2352 2216 2390 θανάτου
2242 2351 2375 2404 αἵρεσιν

1331 2422 1550 2475 παρεγένετο.
1579 2421 1708 2469 (τοῦτον
1726 2410 1784 2453 οὖν
1801 2414 1857 2452 τὸν
1874 2413 2000 2466 τρόπον
2029 2410 2161 2462 βέλτιον
2186 2403 2273 2447 εἶναί
2289 2423 2374 2461 φασι

1333 2481 1392 2520 καὶ
1413 2478 1534 2523 αὐτοὺς
1556 2477 1751 2520 ἀποθανεῖν,
1771 2471 1864 2511 κατὰ
1883 2473 1984 2517 ζῆλον
2005 2474 2065 2508 τοῦ
2084 2468 2373 2519 Θεμιστοκλέους.

1335 2538 1514 2577 διαὸάλλει
1531 2535 1566 2573 δὲ
1582 2533 1659 2576 τοὺς
1673 2530 1877 2577 Ἀθηναίους
1893 2531 1938 2572 ὡς
1952 2527 2078 2570 κακοὺς
2093 2526 2172 2578 περὶ
2187 2524 2264 2566 τοὺς
2280 2527 2376 2575 εὖερ-
2393 2541 2428 2565 40
2463 2548 2466 2550 v

1335 2597 1445 2647 γέτας.
1500 2593 1644 2634 Ἄλλως.
1661 2589 1749 2641 μετὰ
1761 2587 1823 2635 τὴν
1838 2586 1967 2639 Ξέρξου
1981 2584 2091 2639 φυγὴν
2105 2582 2376 2633 Λακεδαιμόνιοι

1335 2652 1520 2707 προδοσίας
1535 2650 1688 2704 κρίνουσι
1707 2647 1766 2686 καὶ
1788 2645 1966 2699 φονεύουσι
1990 2639 2194 2681 Παυσανίαν
2216 2639 2274 2677 τὸν
2290 2638 2376 2677 ἴδιον

1339 2711 1502 2765 βασιλέα,
1528 2706 1773 2760 Κλεομὸρότου
1804 2704 1864 2742 καὶ
1890 2699 2074 2741 Ἀλκαθόας
2095 2697 2182 2737 υἱόν.
2209 2696 2377 2740 ἐπικότως

1337 2772 1372 2810 δὲ
1390 2769 1599 2819 διακείμενοι
1615 2766 1700 2819 πρὸς
1716 2759 1959 2814 Θεμιστοκλέα
1979 2756 2035 2796 διὰ
2050 2757 2108 2795 τὸν
2123 2755 2300 2808 τειχισμὸν
2316 2757 2377 2801 τῆς

1338 2831 1518 2875 Ἀττικῆς,
1537 2823 1829 2877 μεταστέλλονται
1850 2818 1951 2856 αὐτὸν
1975 2818 2020 2858 εἰς
2044 2814 2168 2867 κρίσιν,
2189 2813 2376 2867 φάσκοντες
2394 2828 2429 2854 45

1338 2886 1544 2927 Παυσανίαν
1573 2878 1835 2934 ὡμολογηκέναι
1857 2876 1916 2914 καὶ
1945 2873 2047 2911 αὐτὸν
2074 2872 2246 2910 κοινωνεῖν
2277 2872 2311 2908 ἐν
2333 2873 2376 2922 τῇ

1337 2944 1516 2999 προδοσία.
1532 2939 1726 2987 Ἀθηναίων
1744 2935 1778 2974 δὲ
1796 2931 2011 2987 βουλομένων
2025 2928 2247 2968 ἀποστέλλειν
2262 2927 2376 2975 αὐτὸν,

1338 3003 1452 3057 φυγὼν
1469 2997 1533 3048 ’ἧκε
1555 2998 1638 3050 πρὸς
1654 2992 1899 3047 Ἀρταξέρξην,
1919 2989 1978 3028 καὶ
1995 2987 2158 3036 Μηδικὴν
2178 2985 2293 3040 φωνὴν
2313 3002 2378 3036 μα-

1338 3062 1403 3100 θὼν
1421 3058 1569 3102 ἐδίδαξεν
1591 3054 1692 3093 αὐτὸν
1716 3054 1789 3094 πῶς
1811 3050 1920 3088 ἔσωσε
1936 3047 1993 3086 τὸν
2020 3045 2154 3098 πατέρα
2177 3043 2310 3097 Ξέρξην
2327 3042 2376 3093 μὴ

1339 3117 1568 3171 συγχωρήσας
1584 3114 1653 3156 τοῖς
1668 3111 1823 3156 Ἕλλησι
1845 3109 2007 3145 διαλῦσαι
2023 3104 2068 3143 τὰ
2084 3103 2143 3142 ἐπὶ
2163 3104 2301 3148 Σηστοῦ
2318 3101 2378 3138 καὶ
2397 3115 2432 3140 ω

1338 3177 1489 3217 Ἀδύδου
1507 3172 1757 3222 διαζεύγματα.
1782 3167 1832 3221 ἐφ’
1846 3161 1894 3209 οἷς
1916 3161 2171 3217 εὐχαριστήσας
2183 3162 2201 3197 ὁ
2219 3158 2380 3210 βασιλεὺς

1339 3236 1498 3288 δωρεῖται
1535 3233 1629 3282 αὐτῷ
1656 3231 1746 3281 τρεῖς
1781 3226 1914 3271 πόλεις,
1951 3219 2159 3272 Μαγνησίαν
2193 3219 2240 3260 εἷς
2273 3217 2378 3263 σῖτον,

1340 3294 1536 3344 Λάμψακον
1555 3291 1600 3331 εἷς
1617 3283 1718 3333 οἶνον,
1741 3287 1905 3324 Μυοῦντα
1923 3283 1969 3324 εἷς
1985 3280 2070 3333 ὄψα,
2089 3280 2134 3320 ὡς
2153 3275 2189 3314 δὲ
2206 3275 2379 3320 Νεάνθης,

1339 3351 1398 3390 καὶ
1439 3346 1627 3400 Περκώτην
1662 3347 1707 3387 εἷς
1737 3339 1920 3394 στρωμνὴν
1960 3337 2020 3376 καὶ
2051 3333 2298 3383 Παλαίσκηψιν
2334 3332 2381 3377 εἷς

1371 846 1563 899 αὐτόχρημ’
1592 847 1626 883 ἐν
1657 845 1800 884 Χαόσι;
