2517 3792
1061 214 1224 253 PLUTI.

89 307 138 344 sis
163 306 305 342 lusisse.
334 307 506 342 Attamen
528 310 640 339 restat
664 301 864 338 difficultas
893 302 929 337 iu
954 300 1100 337 ἀπὸτοῦ

88 364 224 416 ἑταίρου
237 378 244 386 ·
260 364 348 400 satis
363 361 599 399 commodam
615 360 919 409 explanationem
934 360 1101 397 admittit

88 421 229 473 ἇρπαγῇ
243 420 515 469 παίζειν,ρι”1ηηι
531 420 703 466 rapiendo
719 421 854 461 ludere,
874 432 1100 467 quamquam

88 486 222 522 melius
239 484 405 536 ἁρπαστῷ
431 484 621 534 legeretur
650 499 656 518 :
687 482 751 519 sed
776 482 842 519 ἀπὸ
863 486 919 519 τοῦ
947 482 1100 533 ἑταίρου,

87 543 181 589 nisi,
202 542 303 592 quod
324 541 499 591 equidem
522 554 729 590 pernegare
750 542 879 586 nolim,
903 541 1012 590 plura
1031 541 1099 577 de—

87 601 238 644 ficiant,
259 598 399 648 quibus
424 598 643 643 adhaeserit,
673 600 870 635 sententiae
900 598 1102 634 convenire

87 657 240 694 minime
273 656 425 693 videtur
451 671 458 691 :
491 670 575 692 nam
606 657 634 693 si
660 657 717 693 vel
742 657 923 706 explicari
948 665 1099 705 posset,

85 728 110 750 a
127 719 220 751 socio
241 724 350 763 rapta
368 717 448 762 pila
472 716 612 762 ludere,
642 715 721 763 ipsa
745 716 848 751 lusus
873 715 953 763 ejus
979 714 1075 750 ratio
1091 743 1100 760 ,

85 785 161 822 qua
188 772 361 809 solebant
391 781 615 808 ostentatam
648 773 735 809 huic
767 773 879 823 pilam
910 772 955 809 ad
987 772 1099 807 alium

84 830 274 880 conjicere
296 860 305 876 ,
342 831 587 880 prioremque
623 831 822 876 frustrari,
854 829 1100 880 explicationi

85 888 327 939 repugnabit.
354 891 411 925 Ex
442 889 582 938 quibus
605 889 675 924 hoc
696 897 865 933 constet,
885 889 968 924 loca
994 895 1100 923 vete-

85 959 167 983 rum
183 948 411 996 scriptorum
430 946 690 996 suppeditabit
707 949 762 983 Jo.
785 949 922 982 Meurs.
945 948 1003 981 De
1020 945 1098 981 lud.

84 1008 205 1041 Graec.
230 1005 269 1041 in
289 1004 486 1056 Ἔρετίνδα.
510 1007 673 1040 Venerat
698 1005 736 1039 in
762 1011 926 1040 mentem
948 1002 1016 1039 ἀπὸ
1040 1006 1101 1039 τοῦ

83 1061 242 1114 σφαιρίου
264 1062 398 1099 eodem
418 1060 600 1110 loquendi
622 1061 737 1097 modo
750 1091 760 1107 ,
779 1074 856 1110 quo
877 1060 1017 1097 dicitur
1034 1061 1101 1098 ἀπὸ

82 1119 209 1156 Θαλλοῦ
227 1120 414 1171 περιάγειν,
431 1116 499 1154 ἀπὸ
516 1118 691 1171 τροχιλίας
706 1120 832 1171 άνιμᾷν
846 1135 854 1142 ·
874 1119 941 1156 ἀπὸ
960 1118 1100 1170 ῥαὸδίου

83 1176 312 1223 οἰακίζεσθαι,
330 1176 398 1213 ἀπὸ
413 1175 576 1224 ἐξωμίδος
591 1176 760 1228 περιιέναι
774 1193 781 1200 ·
799 1178 934 1214 Pollux
948 1186 1049 1215 certe
1063 1191 1100 1226 9,

87 1236 158 1272 105
186 1235 233 1272 de
255 1236 341 1272 lusu
367 1234 526 1287 φαινίνδα
552 1236 605 1271 sic
631 1235 762 1272 scribit
783 1251 790 1272 :
814 1235 981 1279 εἷκάζοιτο
1008 1236 1038 1272 δ’
1061 1235 1099 1272 ἂν

82 1286 170 1330 εἶναι
194 1296 216 1339 ἡ
242 1292 298 1330 διὰ
323 1296 383 1330 τοῦ
407 1295 531 1344 μικροῦ
555 1293 732 1345 σφαιρίου,
754 1293 772 1331 ὃ
796 1296 834 1331 ἐκ
853 1298 911 1332 τοῦ
936 1294 1100 1346 ἁρπάζειν

80 1350 296 1402 ὠνόμασται.
322 1355 402 1389 Hac
431 1352 478 1388 de
506 1365 547 1388 re
576 1366 733 1402 quoquo
760 1353 876 1389 inodo
901 1361 1100 1399 statuatur,

80 1411 174 1447 illud
189 1412 344 1461 quidem
360 1411 548 1447 affirmare
563 1424 637 1447 non
658 1425 805 1458 vereor,
822 1412 993 1461 spuriam
1008 1426 1099 1459 esse,

81 1480 196 1517 quam
213 1469 413 1519 proposui,
431 1468 565 1505 scholii
582 1477 727 1518 partem
745 1484 752 1504 :
772 1470 1100 1519 interpretationis

81 1527 247 1576 antiquae
285 1527 370 1563 linis
408 1534 464 1563 est
496 1527 534 1562 iu
572 1527 843 1579 προσπαίζοντος
867 1542 874 1562 :
909 1528 1100 1577 adjectum

82 1588 238 1629 postea,
263 1578 284 1625 ἢ
310 1577 456 1631 ὅπερ...
485 1577 630 1629 λέγομεν
646 1594 653 1601 ·
686 1579 907 1616 intermedia
929 1581 1023 1617 nihil
1045 1590 1101 1618 est

81 1638 231 1687 potius,
255 1651 367 1687 quam
398 1645 441 1674 ut
470 1637 558 1674 hinc
587 1638 799 1687 abigantur.
828 1642 973 1676 Hmssr.
1000 1663 1048 1668 —
1078 1654 1098 1676 2

80 1695 296 1747 περιπαίζειν
313 1705 350 1732 et
368 1696 404 1732 δὲ
420 1695 458 1732 τὸ
476 1709 551 1733 om.
571 1699 630 1741 V„
647 1697 712 1745 qui
728 1696 1012 1749 περισραιρίζειν.
1029 1700 1100 1734 Se-

82 1754 212 1803 quitur
233 1754 273 1790 in
289 1753 373 1791 Ald.
390 1753 412 1800 ἢ
434 1752 517 1804 ὅπερ
535 1756 568 1791 ἐν
587 1756 630 1803 τῇ
648 1754 811 1806 συνηθείᾳ
836 1753 921 1804 ζυγὰ
949 1755 970 1800 ἢ
991 1755 1100 1806 ἄζυγα

79 1810 328 1862 λέγομεν.-6
347 1812 432 1860 ζυγὰ
455 1810 543 1860 μονά
561 1812 674 1848 etiam
698 1815 789 1863 Reg.
807 1813 958 1863 μονζύγα
982 1817 1098 1851 Dorv.

80 1870 185 1908 Conf.
198 1870 301 1908 Suid.
316 1870 355 1907 in
375 1869 542 1922 Περιττά.

135 1930 226 1975 817,
243 1942 288 1965 10
307 1927 702 1978 Ἀποκαταμασσώμεθα
718 1933 765 1966 V.
853 1928 984 1980 σόμεθα
1001 1933 1101 1968 G.—

86 1995 101 2017 1
113 1996 128 2017 1
147 1980 210 2027 τὴν
227 1980 340 2031 πυγήν
359 1995 435 2019 om.
450 1983 495 2018 G.
518 1981 747 2031 σπογγίζομεν
768 1985 905 2029 Dorv.,
921 1984 1099 2021 omittens

80 2042 111 2078 οἱ
130 2039 389 2092 γὰρ-χέζοὺσι.
416 2063 468 2069 --
496 2055 540 2077 12
567 2042 882 2091 ἀποσπογγίζομεν.
903 2042 1101 2080 Glossator

79 2101 342 2139 Brunckianus
358 2103 496 2136 Ranar.
519 2107 593 2149 490
615 2101 851 2151 ἀπεψησάμην
874 2102 1016 2151 pariter
1035 2103 1099 2138 in-

83 2166 313 2208 terpretatur
329 2158 658 2207 ἀπεσπογγισάμην.
677 2160 786 2196 Conf.
811 2168 890 2195 not.
917 2159 965 2195 ad
986 2164 1098 2210 Greg.

83 2220 174 2254 Cor.
196 2231 235 2267 p.
261 2223 373 2265 1049.
396 2219 590 2254 scamna.

133 2277 223 2311 818.
250 2275 462 2324 Descripsit
481 2274 552 2310 hoc
569 2274 743 2311 scholion
759 2276 895 2312 Suidas
912 2276 950 2312 in
967 2277 1102 2327 Σκορο-

80 2334 184 2380 ὃίοις,
212 2333 278 2369 sed
300 2332 432 2369 ordine
458 2334 614 2382 paulum
639 2333 812 2380 diverso,
839 2348 951 2384 quem
972 2336 1101 2384 potio—

80 2405 160 2428 rem
183 2399 277 2441 puto
294 2405 302 2427 ε
324 2389 620 2432 Γελοίως-τοῧτό
640 2391 1101 2443 φησιν-διαίτης--εἴρηται

80 2450 116 2487 δὲ
130 2447 465 2501 σκ.-ἐχρήσαντο·
489 2450 553 2499 οὐχ
573 2448 692 2491 ἁπλῶς
716 2448 752 2486 δὲ
776 2452 1100 2499 τοῦτο-ἀποματ-

79 2509 210 2558 τόμεθα
222 2522 230 2530 ·
250 2507 387 2557 μήποτε
404 2505 441 2543 δέ
455 2521 539 2558 φησι
555 2510 615 2543 τοῦ
634 2522 690 2545 σκ.
707 2506 764 2544 τὸν
782 2524 815 2545 κ.
827 2532 869 2539 -
882 2511 927 2550 ὡς
943 2510 1101 2551 κάκεῖνος

79 2565 217 2618 -παρὰ
249 2564 312 2611 τὴν
344 2564 506 2602 ὑπόνοιαν
536 2565 690 2617 εἰρηκώς.
725 2568 810 2605 Lin.
847 2569 892 2603 15
923 2566 1100 2609 σαὸάνοις.

38 2621 42 2623 ⁴
79 2625 246 2662 Hieroel.
268 2625 309 2661 in
339 2624 530 2674 Hippiatr.
556 2637 593 2673 p.
624 2626 697 2661 235
719 2639 726 2661 :
747 2626 872 2662 λοῦσον
900 2626 954 2663 τὸν
979 2623 1099 2670 ἵππον,

79 2684 138 2720 καὶ
152 2681 329 2733 ἀπόμαξον
345 2681 520 2724 σαὸάνοις.
537 2683 786 2721 Theomnest.
804 2697 844 2733 p.
864 2686 935 2731 237
953 2699 961 2722 :
976 2685 1098 2721 λοῦσον

80 2741 139 2778 καὶ
159 2740 337 2791 ἀπόμαξον
357 2739 521 2782 σαὸάνοις
539 2738 704 2792 τραχέσιν
723 2740 774 2777 ὅτι
797 2742 952 2791 μάλιστα
967 2758 974 2765 ·
994 2756 1095 2792 pan-

80 2813 149 2836 nos
176 2808 215 2836 et
245 2800 360 2835 lintea
390 2800 503 2835 vertit
522 2800 715 2847 Vegetius.
745 2799 832 2836 Vid.
858 2801 1021 2837 Coteler.
1052 2801 1099 2836 ad

83 2866 210 2900 Herm.
242 2864 340 2898 Past.
374 2859 437 2897 lib.
467 2862 488 2896 3
519 2861 638 2898 Simii.
662 2861 710 2909 8,
736 2863 756 2910 §
779 2868 822 2909 4,
842 2871 879 2899 et
899 2866 978 2899 Jac.
1003 2863 1098 2901 Toll.

81 2921 130 2958 ad
161 2923 288 2958 Form.
317 2922 475 2967 Recept.
506 2919 671 2955 Manich.
702 2933 740 2969 p.
773 2922 856 2967 176.
884 2922 981 2958 Hinc
1006 2922 1099 2958 oriri

81 2986 175 3029 puto
209 2990 351 3014 nomen
382 2975 475 3012 illud
512 2975 670 3012 obvium
704 2978 744 3014 in
780 2982 933 3015 Gruter.
979 2983 1098 3017 Inscr.

81 3051 119 3087 p.
139 3049 310 3082 cccx111,
331 3049 367 3070 n.
390 3036 432 3078 8,
450 3038 493 3071 L.
513 3036 688 3071 Aurelius
704 3037 931 3073 Panniculus
944 3066 953 3082 ‚
977 3038 1043 3087 qui
1063 3047 1100 3075 et

82 3094 248 3132 Sabanas
270 3108 277 3129 :
308 3091 481 3132 Σαὸανᾶς.
501 3095 588 3127 Vox
608 3102 734 3130 autem
765 3094 838 3130 late
860 3094 1000 3130 diffusa
1023 3108 1099 3144 quo

81 3152 258 3203 pluribus
284 3151 326 3187 in
354 3149 493 3198 linguis
523 3150 798 3199 frequentatur,
832 3166 876 3189 eo
907 3152 1099 3190 difficilius

81 3210 183 3248 unde
211 3210 379 3259 primum
405 3209 611 3244 manaverit
638 3209 816 3258 indagare
841 3211 956 3246 licet:
985 3211 1101 3248 iuter-

82 3282 169 3321 pres
189 3267 313 3305 Arabs
328 3279 400 3316 pro
421 3264 520 3315 ὀθόνῃ
538 3268 664 3315 posuit
685 3268 723 3303 in
743 3272 788 3305 A.
808 3273 849 3304 A.
870 3281 928 3314 10,
950 3281 964 3302 1
978 3281 1009 3316 1,
1028 3283 1100 3318 pro

82 3326 224 3368 ὀθονίοις
268 3327 349 3362 MS.
391 3323 570 3360 Biblioth.
620 3325 806 3375 Groniug.
845 3326 884 3361 iu
935 3326 1097 3363 Johann.

83 3390 228 3434 Evang.
261 3398 308 3434 9,
346 3387 406 3427 [μ.
449 3382 632 3419 Gothicus
670 3383 721 3419 ita
757 3384 923 3421 reddidit
961 3384 1100 3422 σινδόνα

2099 225 2170 257 587

1130 311 1134 317 ·
1161 300 1290 336 Mattli.
1310 313 1372 346 27,
1390 300 1450 347 59.
1469 303 1524 336 Ex
1542 300 1683 337 Graecis
1699 300 1891 338 Clemente
1912 302 2173 342 Alexandrino

1161 357 1304 406 Paedag.
1325 371 1358 401 2,
1377 359 1416 403 3,
1436 371 1472 407 p.
1493 358 1577 403 ιόι,
1592 362 1640 404 D,
1660 359 1721 395 vix
1739 359 1991 408 antiquiorem
2010 361 2173 411 dederis,

1162 413 1226 450 ubi
1251 415 1402 451 σάξανον
1433 416 1658 453 inveniatur.
1690 419 1833 453 Himsr.
1858 416 2034 461 σοιὸανίοις
2053 422 2096 455 V.
2126 444 2175 448 —

1166 474 1209 507 16
1222 474 1264 509 τὰ
1283 473 1428 523 σκόροδα
1446 473 1608 526 Θ.-τοῦτό
1626 487 1727 525 φησιν
1745 475 1888 511 Suidas.
1904 476 2004 513 τοῦτό
2018 492 2120 529 φασιν
2134 482 2162 514 V

1160 534 1258 567 τοῦτο
1279 530 1371 580 λέγει
1394 532 1476 567 Ald.
1501 529 1553 566 ὅτι
1571 544 1644 568 om.
1662 535 1706 568 V.
1727 555 1776 559 —
1798 546 1837 577 17
1862 542 1945 581 post
1966 535 2096 581 διαίτης
2115 550 2176 574 se-

1161 596 1330 636 quuntur
1357 589 1392 623 in
1420 589 1465 625 Θ.
1499 596 1535 624 et
1569 589 1653 624 Ald.
1689 587 2056 641 μήποτε-εἰρημένον,
2092 607 2177 643 quae

1162 659 1260 681 nunc
1286 647 1411 695 posita
1437 646 1534 681 iufra
1559 659 1643 682 cum
1666 650 1708 682 V.
1736 656 1773 682 et
1792 648 1920 685 Suida.
1941 650 1979 686 τὸ
2001 652 2176 701 σκόροδον,

1168 710 1209 743 18
1227 707 1302 751 ὄζον
1325 712 1383 752 V„
1407 710 1472 757 qui
1498 723 1543 757 19
1562 711 1655 760 λιμῷ
1673 708 1751 760 γὰρ.
1770 711 1853 747 Ald.
1876 720 1913 748 et
1930 713 2064 750 Suidas
2078 715 2111 752 λ.
2128 714 2176 751 δὲ.

1161 787 1211 792 -
1233 779 1280 801 2ο
1301 765 1472 818 σκορόδοις
1491 771 1535 803 V.
1558 781 1627 816 pro
1647 766 1788 808 τούτοις.
1809 790 1862 796 -
1882 782 1924 805 21
1948 768 2078 812 Ἄλλως
2100 786 2174 810 om.

1161 824 1316 869 Suidas,
1341 825 1406 874 qui
1429 826 1494 875 οὐχ
1513 825 1630 867 ἁπλῶς
1651 824 1698 862 δὲ.
1718 848 1770 857 -
1788 834 1834 870 24
1857 827 2106 879 ἀφοδεύσαντες
2120 835 2178 878 V.,

1162 895 1206 917 ex
1230 895 1306 930 quo
1338 883 1509 919 additum
1538 880 1683 926 Ἄλλως.
1709 906 1760 913 -
1788 885 1835 920 25
1866 885 1999 934 μήποτε
2027 886 2062 924 δὲ
2091 889 2178 926 Ald.

1161 948 1197 976 et
1219 941 1364 977 Suidas.
1383 941 1468 992 λέγῃ
1491 943 1537 979 Θ.
1559 941 1625 993 γὰρ
1646 946 1689 979 V.
1721 951 1758 979 et
1775 943 1922 981 Suidas.
1953 944 1988 981 δὲ
2018 947 2102 983 Ald.
2131 969 2178 976 —

1163 999 1210 1034 26
1239 1000 1284 1040 ὡς
1306 1001 1460 1041 κάκεῖνος
1479 1000 1596 1049 vulgo
1617 1000 1720 1050 apud
1744 1001 1911 1038 Suidam.
1941 1004 2015 1040 Sed
2036 1007 2081 1047 ὡς
2104 1019 2178 1043 om.

1161 1057 1246 1094 cod.
1269 1059 1375 1094 Paris
1394 1063 1488 1094 A.—
1507 1072 1552 1104 27
1574 1073 1606 1095 τι
1624 1071 1699 1095 om.
1718 1060 1764 1097 Θ.
1786 1060 1868 1111 παρ’
1887 1060 2048 1099 ὑπόνοιαν
2067 1066 2108 1099 V.
2131 1085 2177 1091 —

1163 1116 1209 1151 28
1226 1115 1405 1167 εἰρημένον
1420 1117 1467 1155 Θ.
1489 1116 1574 1153 Ald.
1590 1115 1726 1168 φύλλοις
1743 1117 1915 1170 σκορόδων
1934 1121 2049 1157 Paris.
2066 1121 2178 1173 φύλλα

1160 1189 1206 1210 ων
1226 1175 1305 1224 (sic)
1331 1178 1450 1212 Dorv.

1215 1233 1312 1282 819,
1350 1234 1397 1269 3ο
1436 1246 1489 1283 sq.
1519 1231 1634 1284 εἴρηκε
1667 1231 1730 1278 τὴν
1773 1234 1954 1283 βουθυσίαν
1971 1264 1981 1280 ,
2021 1234 2078 1272 ἵνα
2115 1233 2181 1283 δη-

1160 1289 1256 1341 λώσῃ
1283 1293 1326 1327 V.
1359 1294 1451 1327 Cum
1482 1292 1615 1328 ceteris
1642 1293 1830 1328 consentit
1853 1292 2001 1330 Suidas.
2029 1307 2057 1331 s.
2090 1296 2181 1332 Βου-

1161 1351 1263 1385 θυτεῖ.
1295 1374 1335 1380 -
1364 1351 1408 1386 31
1441 1349 1543 1400 ὄγκον
1574 1352 1633 1394 τῆς
1661 1349 1779 1392 θυσίας
1808 1350 1866 1387 καὶ
1895 1350 1934 1387 τὸ
1963 1351 2093 1395 ἐντελὲς
2123 1357 2182 1390 τοῦ

1162 1406 1324 1456 μεγέθους
1340 1412 1384 1446 R.
1410 1434 1462 1440 --
1479 1410 1528 1445 32
1549 1409 1608 1454 ἣν,
1630 1408 1747 1459 φασὶν,
1770 1410 1818 1445 ἑκ.
1840 1411 2004 1447 καλοῦσιν
2026 1414 2085 1458 V„
2105 1425 2181 1448 non

1161 1470 1205 1504 G.
1229 1465 1264 1502 δὲ
1287 1480 1361 1503 om.
1381 1467 1429 1504 Θ.
1459 1467 1498 1503 ἐκ
1521 1466 1598 1508 συὸς
1617 1471 1664 1505 R.
1689 1467 1733 1504 Θ.
1755 1475 1793 1503 et
1812 1467 1947 1505 Suidas
1966 1482 1996 1507 s.
2019 1468 2180 1521 Τριττύς.

1161 1547 1209 1552 -
1243 1527 1288 1562 33
1318 1525 1464 1577 ταύρου,
1493 1529 1589 1577 κριοῦ
1612 1528 1656 1561 R.
1680 1524 1820 1577 ταύρου,
1841 1526 1967 1581 τράγου
1998 1528 2057 1563 καὶ
2083 1531 2180 1579 κριοῦ

1161 1583 1246 1621 Ald.
1261 1586 1357 1635 κριοῦ
1374 1584 1434 1620 καὶ
1449 1583 1574 1635 τράγου
1591 1583 1738 1621 Suidas.
1760 1585 1905 1620 «Paulo
1920 1586 2030 1622 aliter
2043 1585 2179 1636 τριττὸν

1160 1641 1208 1678 ab
1227 1643 1308 1679 aliis
1324 1643 1507 1692 explicari
1523 1642 1675 1678 docebit
1693 1643 1855 1690 Etymol.
1873 1644 1910 1679 in
1928 1657 1963 1681 v,
1981 1644 2079 1681 Vide
2093 1648 2179 1682 Des.

1162 1700 1313 1737 Herald.
1332 1702 1476 1751 Digni,
1491 1715 1521 1737 c.
1538 1702 1595 1746 16,
1612 1715 1647 1750 p.
1664 1706 1768 1743 224.»
1780 1703 1927 1738 Hmisr.
1946 1702 2179 1755 Ροεῑτριττύν

1160 1758 1307 1795 addunt
1326 1760 1373 1797 Θ.
1398 1759 1478 1799 Ald,
1499 1757 1632 1811 τριττὺς
1654 1758 1689 1795 δὲ
1711 1759 1793 1811 παρ’
1820 1758 2009 1805 Ἀθηναίοις
2031 1763 2052 1806 ἡ
2072 1761 2105 1804 ἐξ
2126 1761 2181 1804 ὑὸς

1161 1816 1219 1864 (ἐκ
1245 1817 1323 1858 συὸς
1349 1816 1415 1867 Θ.)
1444 1815 1502 1853 καὶ
1530 1819 1626 1868 κριοῦ
1652 1816 1709 1852 καὶ
1731 1816 1858 1867 τράγου
1880 1817 1990 1854 θυσία.
2013 1841 2064 1846 —
2087 1820 2131 1865 37
2156 1819 2178 1865 ἢ

1160 1874 1279 1916 ἁπλῶς
1305 1873 1375 1911 θύει
1405 1888 1479 1911 om.
1507 1877 1626 1911 Dorv,
1654 1875 1823 1924 Regius:
1852 1877 2033 1912 Βουθυτεῖν
2057 1878 2182 1929 κυρίως

1159 1931 1198 1969 τὸ
1219 1934 1297 1982 βοῦν
1321 1932 1423 1970 θύειν.
1451 1930 1595 1969 ἐκάλουν
1619 1931 1655 1968 δὲ
1675 1932 1732 1968 καὶ
1752 1932 1790 1970 τὸ
1812 1933 2007 1975 πολυτελῶς
2027 1933 2116 1971 θύειν
2136 1937 2182 1977 ὡς

1159 1990 1227 2028 ἀπὸ
1248 1994 1307 2028 τοῦ
1325 1990 1533 2043 κυριωτέρου
1554 1989 1641 2034 ζώου
1668 1993 1729 2035 τῆς
1754 1990 1829 2041 βοὸς
1852 1993 2039 2041 βουθυτεῖν.
2064 1992 2126 2038 τὴν
2145 1993 2180 2030 δὲ

1159 2049 1404 2094 ἐντελεστάτην
1438 2048 1556 2086 θυσίαν
1587 2047 1785 2098 ἓκατόμὸην
1818 2049 1976 2092 ἐκάλουν,
2002 2048 2057 2086 διὰ
2077 2051 2116 2087 τὸ
2142 2052 2180 2088 ἐκ

1162 2109 1250 2158 βοῶν
1277 2107 1398 2144 ἑκατὸν
1418 2107 1440 2153 ἢ
1463 2107 1596 2158 βάσεων
1616 2106 1721 2156 ἤγουν
1748 2107 1882 2156 ποδῶν,
1905 2105 2062 2144 τουτέστι
2084 2107 2178 2152 ζώων

1160 2164 1220 2211 κε’,
1240 2165 1369 2211 ταύτην
1384 2167 1565 2203 τελεῖσθαι.

1215 2226 1303 2270 822,
1325 2225 1372 2268 46
1393 2224 1529 2265 πάντως
1549 2227 1592 2260 V.
1613 2222 1739 2265 παντὸς
1756 2223 1801 2260 Θ.
1819 2223 1906 2259 Ald.
1923 2222 2016 2274 φέρει
2031 2225 2077 2262 R.
2102 2225 2179 2260 ἐπι-

1161 2280 1254 2334 φέρει
1283 2284 1345 2329 Θ.,
1377 2282 1569 2331 adscripto
1597 2283 1673 2318 ὓπο.
1698 2280 1804 2318 Idem
1829 2281 1973 2317 omittit
2007 2281 2178 2318 scholion

1160 2353 1332 2389 sequens.

1214 2399 1309 2444 825,
1331 2417 1349 2448 7
1369 2411 1423 2447 sq.
1442 2398 1494 2434 sic
1511 2397 1550 2433 in
1570 2399 1628 2442 V„
1645 2390 1756 2438 Οἷτος
1779 2398 1796 2433 ὃ
1829 2394 1915 2447 ἀνὴρ
1943 2394 2072 2438 δίκαιος
2090 2403 2178 2448 πρό-

1160 2471 1257 2508 τερον
1282 2455 1387 2501 πένης
1407 2454 1453 2492 ὣν
1475 2455 1615 2506 ἔρχεται
1637 2454 1719 2506 πρὸς
1739 2453 1795 2491 τὸν
1817 2455 1995 2499 Πλοῦτον,
2017 2448 2045 2506 ᾧ
2063 2455 2177 2492 διαλέ-

1160 2530 1257 2564 γεται
1284 2517 1301 2551 ὃ
1334 2513 1579 2565 Καρίων.-8
1610 2526 1666 2562 sq.
1691 2511 1714 2556 ἢ
1744 2512 1878 2558 οἰκέτης
1910 2511 1970 2558 ἢὸ
1996 2512 2179 2563 Χρεμύλος

1161 2576 1204 2609 R.
1223 2573 1299 2618 Qui
1319 2572 1445 2622 pergit
1465 2569 1624 2616 δηλονότι
1642 2569 1717 2606 ἀντὶ
1738 2573 1796 2606 τοῦ
1822 2568 2029 2606 παντάπασι
2048 2569 2087 2606 τὸ
2116 2585 2178 2606 κο-

1161 2630 1244 2680 μιδῆ
1263 2631 1424 2682 ἐχρῶντο.
1443 2631 1491 2668 V.
1524 2630 1644 2680 (post
1672 2629 1844 2665 scholion
1871 2642 1905 2664 ν.
1933 2628 2038 2677 834)
2072 2628 2111 2665 τὸ
2143 2627 2178 2665 δὲ

1159 2689 1286 2738 κομιδῆ
1305 2687 1381 2725 ἀντὶ
1399 2692 1460 2725 τοῦ
1483 2687 1704 2725 παντάπασιν
1726 2688 1892 2738 ἐχρῶντο,
1914 2700 1998 2735 quae
2018 2700 2092 2724 om.
2113 2687 2159 2724 Θ.

1214 2750 1303 2794 828,
1331 2763 1372 2795 17
1395 2748 1461 2800 γάρ
1480 2764 1545 2797 μου
1566 2747 1639 2785 ἐστί
1659 2751 1703 2784 R.

1215 2808 1304 2854 533,
1324 2808 1372 2842 28
1394 2806 1577 2851 ἀνήλωσας
1598 2809 1643 2842 R.
1663 2808 1708 2840 G.
1730 2803 1906 2848 ἀνήλωσεν
1922 2806 1966 2838 V.

1214 2866 1302 2912 838,
1327 2870 1371 2907 41
1390 2864 1447 2901 καὶ
1463 2878 1538 2902 om.
1552 2865 1598 2901 Θ.
1613 2867 1748 2910 Doi'V.,
1764 2862 1802 2897 in
1820 2873 1896 2910 quo
1912 2858 1999 2896 ἀλλὰ
2017 2858 2176 2909 γινώσκω

1159 2922 1236 2959 λιάν
1259 2940 1273 2954 «
1291 2923 1426 2959 ordine
1446 2924 1641 2958 continuo.
1662 2919 1748 2957 Λίοιν
1775 2918 1822 2954 ad
1842 2918 1967 2967 κομιδῆ
1988 2918 2174 2967 pertinet,

1161 2989 1203 3017 ut
1228 2995 1275 3017 ex
1295 2980 1561 3030 superioribus
1582 2978 1821 3016 manifestum
1843 2985 1898 3012 est
1914 2991 1922 3019 ;
1937 2976 1982 3011 ad
1999 2968 2075 3011 οἶδα
2089 2989 2175 3012 ver—

1160 3038 1251 3074 bum
1271 3038 1430 3088 γινώσκω
1445 3054 1452 3074 :
1468 3039 1613 3086 reliqua
1630 3034 1826 3072 sententiae
1843 3033 2039 3082 explendae
2058 3034 2176 3070 inser-

1158 3098 1266 3134 viunt
1290 3111 1296 3132 :
1321 3098 1357 3133 οὐ
1378 3095 1480 3145 μόνον
1500 3099 1610 3131 ταῦτα
1639 3093 1690 3142 (τὸ
1709 3090 1934 3142 ἐκτρέπεσθαί
1959 3105 2019 3136 σε,
2050 3089 2109 3127 καὶ
2137 3093 2176 3128 οὐ

1160 3155 1270 3191 δοκεῖν
1298 3156 1405 3205 ὁρᾶν)
1441 3154 1597 3198 ἐποίουν,
1634 3149 1724 3187 ἀλλὰ
1751 3148 1810 3186 καὶ
1841 3149 2035 3199 κατεγέλων
2067 3158 2138 3186 etc.
2158 3167 2173 3183 υ

1160 3216 1303 3251 ΗΕΜεΤ.

1213 3271 1288 3318 839
1308 3270 1359 3306 sic
1380 3269 1419 3305 in
1436 3271 1499 3310 R.‚
1518 3266 1556 3302 τὸ
1573 3259 1619 3302 ὧν
1641 3264 1715 3302 ἀντὶ
1733 3267 1792 3301 τοῦ
1811 3263 1866 3309 δή.
1896 3263 1971 3300 ἀντὶ
1993 3267 2051 3300 τοῦ
2069 3262 2171 3300 ἀπώ-

1158 3329 1428 3378 λεια-κριθῶν.
1453 3325 1491 3361 τὸ
1511 3322 1792 3369 ἑξῆς-ἐποίησε,
1814 3322 1948 3360 Suidas
1968 3336 1996 3358 s.
2016 3323 2171 3373 Αὖχμεῖς

1161 3387 1239 3422 haec
1259 3393 1403 3421 tantum
1424 3383 1630 3432 excerpsit,
1653 3381 1727 3418 ἀντὶ
1748 3384 1807 3418 τοῦ
1837 3379 1995 3416 ἀπώλεσε-Ξ
2020 3394 2062 3429 με
2082 3383 2100 3417 ὅ
2121 3379 2168 3417 ὢν
