2533 3808
291 223 364 256 ⁵18

292 303 358 336 8-1
370 313 387 343 7
411 299 456 334 Θ.
473 300 523 332 Μ.
536 295 615 331 Ald.
635 296 700 338 sic,
718 292 912 341 καταλέγει.
925 291 1014 328 οὕτω
1027 290 1093 341 γὰρ
1110 289 1293 342 κηρύσσειν

291 354 446 392 εἰώθασιν
464 354 494 389 οἱ
508 351 567 393 τὰς
583 355 661 392 ναῦς
678 350 827 400 ἔχοντες,
844 348 901 386 ὅτε
917 347 999 401 πρὸς
1017 349 1135 400 ἑτέραν
1157 347 1297 385 ἐκπλεύ-

291 427 360 448 σειν
388 409 551 458 μέλλουσι
575 406 712 459 χώραν,
739 409 784 448 ὡς
816 406 855 443 ἂν
879 406 1085 447 ἀκούσαντες
1115 407 1146 442 οἱ
1170 407 1294 442 ἐκεῖθεν

290 466 571 514 ἀποδημήσοντες
596 465 735 507 τούτους
769 463 1015 514 μισθώσαιντο.
1044 463 1134 500 κατὰ
1161 462 1199 500 τὸ
1226 463 1296 499 ἅνω

288 519 344 562 οὖν
362 525 433 566 ἔθος
449 523 506 560 καὶ
521 522 564 560 τὰ
582 524 615 559 ἐν
633 522 714 574 ᾅδου
733 522 953 573 σχηματίζει.
974 522 1093 567 Λήθης
1110 521 1145 557 δὲ
1165 522 1295 567 πεδίον,

288 581 414 634 χωρίον
445 579 698 618 διατετύπωκεν
729 581 763 617 ἓν
796 579 890 632 ᾅδου,
920 582 965 621 ὡς
984 580 1042 616 καὶ
1069 579 1127 616 τὸν
1149 578 1296 617 Αὐαίνου

288 640 379 677 λίθον
400 638 568 687 ἔπλασεν,
587 637 656 675 ἀπὸ
681 642 739 675 τοῦ
767 637 966 675 αὐαίνεσθοιι
982 636 1059 679 τοὺς
1082 635 1217 688 νεκροὺς
1238 636 1297 673 καὶ

288 696 474 738 ἀλίὸαντας
490 692 587 733 εἶναι.
606 695 710 746 (οὕτω
730 695 1038 747 γὰρ-ἀλίὸαντας
1056 688 1142 732 εἶναι
1163 709 1237 731 om.
1251 696 1296 732 Θ.

287 754 357 804 M.)
372 756 410 791 ἐκ
425 751 459 790 δὲ
475 757 534 790 τοῦ
551 751 706 804 δευτέρου
725 752 782 790 καὶ
797 753 835 790 τὸ
855 752 1020 790 ἀδύνατον
1038 756 1105 790 τῶν
1122 753 1198 790 καθ’
1217 752 1298 804 ᾅδου

290 813 400 859 δηλοῖ,
423 815 497 855 τοῦ,
525 811 547 857 ἢ
575 812 607 853 ἐς
636 810 713 848 ὄνου
744 810 864 853 πόκας.
897 810 1062 848 ἀδύνατον
1092 810 1159 863 γὰρ
1189 810 1299 852 πόκας

289 869 537 921 ἀποκείρασθαι
550 871 619 906 τῶν
639 869 737 906 ὄνων.
756 868 914 919 φαίνεται
939 868 973 906 δὲ
991 868 1048 906 καὶ
1066 870 1300 921 παροιμιῶδες

289 921 376 964 εἶναι
401 926 480 963 ὄνου
497 926 616 973 πόκον,
636 927 675 963 τὸ
694 926 887 977 ἄχρηστον·
909 926 984 964 οὐδὲ
1007 925 1072 978 γὰρ
1091 929 1124 963 αἱ
1144 931 1202 963 τοῦ
1222 927 1299 964 ὅνου

290 985 393 1026 πόκες
406 984 691 1036 χρησιμεύουσιν.
709 987 730 1030 ἡ
749 985 920 1035 παροιμία
941 984 975 1022 δὲ
993 985 1131 1035 λέγεται
1149 985 1205 1023 ἐπὶ
1231 987 1298 1022 τῶν

290 1041 466 1088 ἀνηνύτων
487 1042 545 1078 καὶ
566 1042 810 1080 ἀνυποστάτων
827 1059 835 1066 ·
857 1042 1008 1099 παρόσον
1037 1044 1094 1081 τὸν
1117 1043 1192 1080 ὄνον
1224 1042 1300 1081 οὔτε

290 1100 391 1144 πέξαι
418 1116 468 1146 τις
492 1099 651 1149 δύναται,
670 1099 746 1142 οὔτε
766 1105 905 1156 κοίρσαι.
924 1104 1063 1155 λέγεται
1086 1101 1121 1142 δὲ
1148 1101 1206 1142 καὶ
1226 1101 1300 1140 ὄνον

289 1157 430 1214 κείρεις,
452 1161 508 1197 ἐπὶ
528 1163 596 1198 τῶν
621 1161 800 1207 ἀνηνύτοις
825 1162 1103 1213 ἐπιχειρούνῆον.
1126 1164 1199 1213 (καὶ
1222 1165 1302 1199 ἀνυ-

289 1218 792 1271 ποστάτων-ἒπιχειρούντων
818 1234 894 1257 0111.
921 1221 966 1257 Θ.
985 1220 1052 1269 M.)
1078 1223 1111 1258 ἐν
1141 1216 1302 1273 ᾧτρόπῳ

291 1284 327 1311 ct
346 1284 480 1312 cetera.
496 1302 537 1308 -
553 1290 575 1324 9
591 1276 630 1313 τὸ
656 1280 696 1322 ἦς
717 1279 763 1313 V.
778 1300 820 1306 -
836 1290 879 1312 ιο
900 1290 955 1326 sq.
987 1277 1151 1314 ἀδύνατον
1188 1277 1223 1314 δὲ
1262 1293 1299 1314 π.

291 1333 531 1385 ἀποκείρεσθαι
555 1334 612 1372 τ’·ον
638 1333 728 1381 ὄνον,
752 1337 795 1371 13
816 1334 1011 1371 τετύπωκεν
1032 1340 1072 1371 R.
1087 1361 1127 1367 ..-
1146 1342 1189 1379 14
1211 1335 1301 1372 πλά-

293 1407 355 1433 σας
374 1400 411 1427 et
430 1394 597 1438 αὐᾶσθαι,
618 1395 662 1428 16
677 1395 719 1442 τῇ
736 1391 919 1444 παροιμίᾳ,
940 1394 983 1428 18
998 1392 1128 1445 χύτραν
1143 1393 1303 1439 ποικίλην

291 1448 349 1485 καὶ
368 1448 506 1500 κόπρων
527 1450 719 1499 ἀναθυμίας
740 1455 784 1487 V.

352 1506 435 1551 187,
458 1514 580 1549 22-24
602 1507 767 1559 γράφεται
785 1507 903 1544 ἐνθάδε
924 1507 1114 1559 Κερβερίην
1143 1509 1218 1545 ἀντὶ
1245 1512 1304 1546 τοῦ

294 1562 504 1612 Κιμμερίην.
525 1564 650 1607 ἄλλως.
670 1564 747 1605 τοὺς
777 1564 990 1616 Κιμμερίους
1009 1566 1122 1609 παίζει
1149 1565 1244 1618 παρὰ
1268 1566 1306 1603 τὸ

295 1619 465 1672 Κέρὸερος
483 1625 527 1658 V.

351 1680 420 1715 188
441 1680 605 1731 ὁρμήσειν
620 1685 668 1718 V.

350 1737 433 1784 189,
457 1738 502 1781 34
525 1737 635 1786 λέγειν
653 1751 729 1774 om.
752 1742 796 1775 V.
817 1742 862 1782 ὡς
888 1756 971 1792 χαρ.
997 1740 1085 1777 libri
1106 1750 1243 1790 praeter
1263 1746 1304 1778 R.

352 1808 437 1843 191,
460 1796 580 1831 35-53
602 1797 630 1831 εἷ
649 1795 696 1845 μὴ
724 1797 970 1848 νεναυμάχηκε
990 1798 1091 1850 φασὶν
1111 1799 1209 1849 οὐχοὶ
1226 1800 1308 1849 (νε-

294 1851 498 1902 ναυμάχηκε
516 1851 555 1895 ξᾶ
573 1853 675 1912 φησιν
690 1853 767 1903 οὐχὶ
783 1854 850 1903 G.)
866 1856 945 1907 περὶ
964 1856 1157 1906 χρημάτων
1182 1856 1307 1907 πατρί-

296 1909 579 1960 δος-πράττειν.
612 1913 700 1955 ἦσαν
730 1913 760 1947 οἱ
795 1912 1058 1949 δοῦλοι-ἰδίων
1089 1915 1217 1964 νεκρῶν
1249 1913 1307 1950 καὶ

296 1970 403 2018 κρεῶν
422 1967 483 2013 τὴν
501 1970 548 2010 εἷς
568 1968 785 2020 Ἀργινούσας
815 1971 898 2020 φησὶ
933 1971 1145 2022 ναυμαχίαν.
1177 1969 1308 2013 Ἄλλως

296 2030 340 2062 V.
357 2051 396 2056 —
415 2027 461 2062 36
485 2025 776 2076 ναυμαχήσαντες
803 2042 878 2065 om.
901 2033 1004 2066 M.-
1026 2030 1072 2075 37
1101 2029 1176 2065 ἀλλ’
1201 2027 1237 2073 ἢ,
1261 2030 1309 2064 38

297 2085 366 2119 τῶν
385 2082 572 2132 σωμάτων.
592 2084 676 2134 φησὶ
695 2083 730 2120 δὲ
747 2082 800 2121 ὅτι
817 2087 868 2132 οὐ,
892 2087 939 2134 39
957 2086 1015 2122 καὶ
1033 2087 1070 2122 οὐ
1088 2085 1168 2137 περὶ
1182 2086 1308 2137 πατρί-

297 2142 352 2182 δος
370 2145 421 2177 Μ.
434 2167 474 2172 --
490 2148 536 2184 42
561 2140 595 2178 δὲ
612 2155 686 2178 om.
703 2146 757 2179 M.
776 2168 815 2173 —
831 2150 875 2186 44
896 2146 1100 2195 στρατηγῶν
1117 2146 1148 2181 οἱ
1163 2143 1310 2194 ὑπομεί-

296 2214 413 2242 ναντες
428 2199 630 2236 ἀπώλλοντο
644 2204 697 2236 Μ.
710 2225 750 2230 -
766 2203 813 2243 46
831 2204 891 2246 τῆς
909 2216 986 2239 0111.
1012 2206 1116 2238 M.-
1128 2208 1178 2250 49
1191 2202 1225 2239 τί
1245 2202 1310 2255 γὰρ

297 2260 347 2293 Μ.
370 2257 471 2306 μόνον
490 2271 564 2294 om.
588 2261 684 2293 V.-
703 2259 750 2295 50
780 2258 964 2295 ἀπελαύνει
983 2264 1024 2295 V.
1051 2258 1154 2308 μόνον
1180 2259 1313 2297 ἐκώλυ-

297 2330 354 2351 σεν
382 2315 465 2351 Ald.
498 2315 650 2352 ἀπέλασε
678 2315 801 2365 μόνον,
833 2317 908 2354 ἀλλ’
935 2318 996 2353 οὐκ
1032 2316 1064 2353 εἴ
1085 2332 1135 2359 τις
1157 2317 1216 2354 καὶ
1242 2320 1310 2355 τῶν

299 2371 485 2424 ἐλευθέρων
502 2372 563 2422 μὴ,
586 2375 628 2410 51
654 2373 705 2419 εἴη
722 2374 750 2410 δ’
768 2378 819 2410 Μ.
839 2376 920 2411 sine
935 2374 968 2420 ἢ.
985 2403 1032 2408 --
1051 2375 1097 2411 52
1127 2374 1238 2425 λέγειν
1267 2379 1311 2413 V.

303 2434 397 2466 M.-
410 2430 455 2466 53
478 2432 512 2466 αἱ
524 2439 560 2467 et
573 2430 638 2481 γὰρ
653 2444 727 2467 om.
748 2437 861 2468 R.-2
874 2431 965 2483 ἄρξει
977 2437 1022 2470 R.
1041 2437 1086 2470 V.
1106 2433 1215 2485 ἄρξεις
1229 2434 1311 2471 Ald.

304 2491 528 2524 Correctum
542 2502 589 2524 ex
607 2489 667 2533 Θ,,
688 2490 752 2537 qui
771 2489 844 2525 hoc
862 2504 978 2526 unum
999 2490 1170 2527 scholion
1185 2491 1312 2539 habet,

301 2544 362 2588 τὴν
377 2546 573 2594 ναυμαχίαν
590 2545 651 2590 τὴν
676 2546 709 2581 ἐν
730 2545 962 2595 Ἀργινούσαις
978 2546 1084 2595 λέγει.
1103 2549 1171 2584 τῶν
1188 2548 1314 2596 σωμά-

302 2617 369 2637 των
394 2601 497 2649 λέγει.
524 2602 583 2638 καὶ
613 2603 808 2654 Σοφοκλῆς,
827 2607 976 2644 τοιοῦτος
1009 2604 1056 2640 ὢν
1085 2603 1195 2655 ἄρξειε
1216 2606 1314 2642 τοῦδε

304 2663 362 2695 τοῦ
377 2657 495 2711 κρέως.
512 2674 567 2710 γρ.
585 2661 727 2711 νεκρῶν.
741 2684 780 2693 -·-
797 2663 816 2697 3
838 2655 894 2697 οὖν
922 2669 959 2696 et
978 2662 1010 2697 al
1019 2669 1137 2697 terum
1153 2664 1214 2706 τῆς
1239 2676 1313 2699 om.

305 2719 364 2762 R„
390 2716 456 2764 qui
476 2716 594 2752 αὐτοῦ.
611 2743 650 2748 h
667 2723 687 2761 4
714 2716 915 2767 γεγονότων,
940 2719 961 2754 8
996 2717 1032 2755 δὲ
1062 2716 1141 2761 τοὺς
1170 2722 1213 2757 V.
1241 2721 1315 2767 Qui

304 2772 516 2823 ἠγωνίσατο,
531 2787 605 2809 non
624 2777 668 2810 G.

364 2834 448 2880 193,
471 2845 484 2867 1
498 2846 512 2867 1
538 2832 789 2883 περικυκλεύσῃ
806 2834 891 2870 Ald.
915 2832 1119 2884 περιελεύσῃ
1140 2837 1233 2883 Reg.

364 2895 448 2937 194,
473 2895 514 2932 14
537 2888 653 2927 εὈπου
672 2888 885 2941 ξηραίνονται
900 2894 929 2929 οἱ
947 2893 979 2928 ἐν
996 2891 1089 2943 ᾅδου.
1108 2891 1230 2935 ἄλλως.
1249 2892 1317 2930 ἀπὸ

306 2950 365 2983 τοῦ
391 2945 490 2988 αὔους
511 2950 557 2983 V.
584 2947 666 2985 Ἀπὸ
686 2953 746 2986 τοῦ
775 2951 886 2986 etiam
915 2951 1030 2986 ceteri
1061 2959 1198 2999 praeter
1218 2954 1262 2987 R.
1278 2979 1317 2984 ,-

312 3004 356 3038 16
385 3004 479 3040 λίθου
508 3018 582 3041 om.
605 3009 649 3042 R.
682 3010 724 3044 V.
760 3008 805 3045 Θ.
825 3008 860 3045 δὲ
888 3007 926 3045 τὸ
952 3012 997 3045 V.
1026 3012 1115 3058 Reg.
1133 3024 1140 3044 ε
1161 3001 1230 3045 ῗΗν
1254 3006 1316 3057 μὲν

309 3063 443 3106 ἀληθῶς
472 3063 573 3105 τόπος
599 3080 649 3106 τις
680 3065 769 3103 οὕτω
793 3066 1003 3116 καλούμενος
1030 3066 1180 3104 Αὐαίνου
1205 3066 1317 3109 λίθος·

310 3121 456 3156 ἐνταῦθα
477 3120 506 3156 δ’
521 3123 833 3172 ἐσχηματισμένως
853 3124 956 3176 φησὶν
973 3126 1112 3161 αὖαίνου
1136 3123 1243 3170 λίθον,
1260 3124 1317 3174 ἤγ.

309 3175 371 3221 τὴν
391 3177 484 3227 παρὰ
509 3180 557 3229 τῷ
585 3178 647 3230 ᾅδῃ
669 3179 854 3232 ξηρότητα,
875 3185 920 3224 ὡς
939 3182 1006 3219 ἀπὸ
1025 3185 1083 3219 τοῦ
1111 3180 1183 3218 αὕω
1202 3181 1241 3218 τὸ
1262 3181 1320 3226 ξη-

312 3235 427 3286 ραίνω,
444 3261 483 3267 -
506 3249 546 3281 17
570 3237 637 3273 ἀπὸ
664 3242 722 3275 τοῦ
755 3241 860 3277 αὐτοῦ
891 3240 1000 3286 αἴνου,
1036 3242 1079 3277 18
1108 3239 1186 3276 τινὰ
1213 3241 1258 3281 ὡς
1282 3248 1319 3276 et

312 3293 392 3342 ἄγος
409 3292 549 3343 γέγονας
562 3297 607 3331 V.

370 3353 452 3400 196,
469 3366 512 3398 ²7
526 3354 564 3388 ἐκ
577 3356 637 3398 τῆς
646 3354 751 3397 οἰκίας
761 3355 820 3392 ἰών
829 3361 872 3394 R.
887 3356 986 3400 ἐξιὼν
999 3358 1058 3400 τῆς
1068 3355 1175 3398 οἰκίας
1187 3357 1313 3393 ceteri⁴

1032 205 1329 243 ADNOTATIO
1357 205 1411 242 IN
1440 205 1614 243 SCHOL.

1413 303 1497 337 197,
1517 291 1564 325 30
1576 287 1739 329 Ἀκούσας
1754 291 1770 324 ὁ
1787 287 1949 330 Διόνυσος
1964 287 2017 326 ὅτι
2035 287 2152 332 κάθιζε
2171 287 2226 325 ἐπὶ
2241 287 2364 335 κώπην

1357 347 1473 383 ἐπάνω
1487 363 1517 382 τ.
1535 362 1568 383 κ.
1587 347 1637 382 ἐκ.
1656 350 1699 383 V.

1410 410 1498 447 204,
1520 406 1568 446 48
1598 403 1656 440 καὶ
1683 417 1756 440 om.
1773 407 1817 440 V.
1834 410 1935 452 -49
1962 404 2160 456 ναυμαχίαν
2188 402 2251 449 τὴν
2276 411 2367 441 κατὰ

1357 460 1487 512 Ξέρξου
1505 461 1587 498 Ald.
1609 460 1669 510 μὲν
1689 474 1762 497 0111.
1778 465 1822 497 V.

1411 521 1496 555 208.
1521 519 1700 556 Scholion
1722 519 1923 555 metricum
1946 532 2019 555 om.
2037 521 2147 557 etiam
2172 521 2217 558 Θ.
2245 523 2294 556 Μ.
2321 521 2366 556 Ι11

1358 580 1451 625 Reg.
1473 585 1676 612 annotatur
1696 575 1809 612 scribi
1823 577 1934 612 etiam
1956 575 2062 623 ὠοόπ,
2079 577 2185 615 ὠοόπ.

1412 648 1488 683 209
1505 663 1515 683 ,
1563 635 1688 677 24-26
1727 633 2078 684 βατράχων-ἄλλως
2110 649 2156 671 ex
2186 640 2232 672 V.
2268 636 2367 673 Nihil

1360 701 1497 742 praeter
1523 691 1641 728 verba
1664 695 1762 727 τοῦτο
1790 692 1801 731 ί
1805 690 1917 742 τούτῳ
1944 691 2007 741 Θ.)
2030 690 2200 743 κέχρηται
2222 695 2268 734 ὡς
2286 695 2368 744 ἐφυ-

1360 750 1447 802 μνίῳ
1464 753 1512 801 τῷ
1524 749 1627 801 κώλῳ
1647 749 1790 786 habent
1806 753 1850 786 R.
1869 750 1914 787 Θ.
1930 758 1967 786 et
1979 750 2061 800 (qui
2080 749 2190 801 τούτῳ
2205 754 2253 802 τῷ
2267 750 2370 802 κώλῳ

1360 807 1529 860 κέχρηται
1559 810 1604 849 ὡς
1624 807 1792 859 ἐφυμνίῳ)
1819 810 1870 843 Μ.
1890 833 1930 839 -
1947 815 1992 851 24
2011 806 2046 843 δὲ
2064 810 2170 844 ποιῶν
2189 808 2373 845 codex„-

1361 867 1409 903 25
1429 865 1464 902 δὲ
1482 879 1558 902 om.
1577 866 1722 902 G.-26
1737 865 1869 914 λιμνῶν
1885 865 1942 901 καὶ
1957 866 2091 917 κρηνῶν
2110 865 2253 918 ὀφείλων
2267 867 2371 903 εἰπεῖν

1361 923 1467 965 οὕτως
1497 917 1590 960 εἶπεν
1605 923 1780 972 Ἀττικῶς.
1807 926 1922 960 ταῦτα
1946 922 1981 959 δὲ
2008 924 2057 961 Θ.
2080 923 2215 960 Ald.-
2232 925 2280 960 30
2304 925 2374 969 λη·

1362 982 1492 1031 μναίων
1509 986 1568 1028 V.,
1583 995 1628 1018 ex
1646 995 1724 1031 quo
1741 984 1785 1018 31
1803 983 1833 1017 οἱ
1853 981 2038 1018 additum.

1417 1054 1459 1076 21
1471 1041 1504 1086 3,
1527 1042 1573 1083 34
1589 1038 1796 1092 προσφέρειν
1815 1053 1888 1076 orn.
1905 1041 1950 1078 Θ.

1416 1100 1504 1143 216,
1535 1100 1657 1141 36-41
1685 1095 1930 1149 ἀπὸ-ἑορτὰς
1955 1106 2044 1147 post
2066 1099 2232 1148 ἷαχοῧμεν
2263 1098 2289 1134 l.
2326 1103 2374 1141 42

1365 1156 1471 1204 pouit
1496 1158 1553 1201 V„
1570 1156 1724 1205 praelixo
1740 1153 1866 1196 ἄλλως.
1881 1180 1920 1185 -
1934 1156 1979 1200 37
2003 1155 2153 1202 λημναις
2171 1164 2208 1192 et
2225 1155 2377 1205 λήμναι,

1363 1223 1412 1260 40
1437 1215 1574 1266 Ἑκάὸῃ
1601 1219 1646 1252 V,
1676 1211 1895 1266 χοραστοίδας
1923 1212 2122 1256 ΑΙά.-41
2154 1211 2253 1250 Νύσα
2280 1217 2379 1249 V.—

1364 1280 1411 1317 42
1434 1274 1594 1323 glossam
1619 1273 1694 1310 ἀντὶ
1721 1273 1782 1310 τοῦ
1812 1271 1995 1323 ἰσχνοῦμεν
2026 1270 2109 1320 [sic]
2127 1270 2242 1308 habet
2263 1272 2378 1307 etiam

1363 1337 1404 1368 R.
1423 1331 1674 1368 Scribendum
1696 1331 1848 1367 videtur
1871 1330 1947 1367 ἀντὶ
1967 1331 2028 1366 τοῦ
2055 1329 2223 1378 ἠχοῧμεν.
2255 1332 2375 1365 Dum.

1363 1415 1403 1421 -
1419 1397 1542 1436 44-47
1561 1390 1734 1426 scholion
1751 1389 2052 1425 recentissimum
2069 1387 2253 1425 omittunt
2264 1387 2379 1423 etiam

1364 1450 1410 1486 Θ.
1426 1453 1478 1486 M.
1497 1452 1603 1498 Reg.‚
1624 1448 1689 1497 qui
1704 1448 1793 1494 haec,
1808 1447 1866 1484 τὸν
1884 1447 2054 1494 Νυσήϊον,
2073 1447 2231 1485 τουτέστι
2249 1445 2306 1485 τὸν
2320 1461 2378 1484 τι·-

1366 1507 1525 1556 μώμενον
1543 1508 1577 1543 ἐν
1595 1504 1696 1556 Νύσῃ
1713 1505 1779 1542 τινὶ
1790 1505 1887 1557 τόπῳ
1903 1509 1964 1551 τῆς
1982 1506 2152 1551 Ἀττικῆς,
2165 1507 2217 1557 ἐφ’
2233 1500 2272 1543 οἷ
2289 1505 2378 1557 ἱερὸν

1362 1559 1405 1611 ἦν
1427 1564 1606 1603 Διονύσου.
1627 1563 1649 1609 ἢ
1672 1563 1729 1600 τὸν
1751 1572 1790 1600 et
1810 1572 1935 1600 cetera
1959 1577 2044 1614 quae
2064 1563 2179 1600 habet
2198 1564 2243 1602 Θ.
2269 1565 2291 1600 l.
2312 1565 2375 1607 43.

1365 1653 1404 1658 ...
1420 1630 1469 1672 49
1488 1622 1669 1673 γενόμενος
1688 1626 1732 1658 V.

1421 1684 1509 1729 218,
1530 1682 1576 1718 52
1611 1681 1679 1718 Ἀθ.
1709 1679 1876 1730 γινομένη
1903 1683 1952 1732 τῷ
1981 1680 2138 1732 Διονύσῳ
2171 1680 2257 1718 add.
2289 1681 2377 1718 Ald.

1368 1741 1545 1778 Scholion
1556 1752 1630 1775 om.
1644 1742 1762 1775 M.—-2
1772 1737 1862 1775 θύειν
1872 1733 1948 1775 αὖθ’
1962 1738 2094 1788 ἔχουσι,
2105 1740 2187 1775 τῶν.
2199 1743 2244 1777 V.
2261 1737 2381 1788 ἔχουσι

1368 1812 1442 1835 0111.
1466 1797 1572 1842 Ald.,
1601 1805 1689 1833 aute
1710 1795 1782 1838 ἔθος
1811 1797 1920 1846 ponit
1941 1797 1989 1834 Θ.
2007 1820 2049 1827 -
2069 1803 2089 1840 4
2114 1796 2263 1838 ἅπαντες
2281 1797 2326 1834 Θ.
2351 1799 2382 1833 οἱ

1368 1856 1541 1893 additum
1561 1868 1609 1890 ex
1627 1857 1688 1900 R„
1714 1855 1779 1903 qui
1796 1855 1817 1888 6
1838 1852 2148 1905 παραγινομένους.
2168 1854 2234 1891 ὑπὸ
2250 1857 2318 1891 τῶν
2334 1856 2381 1893 Θ.

1370 1911 1610 1951 ἀποθανόντων
1627 1915 1672 1948 R.
1696 1913 1743 1948 Θ.
1761 1920 1798 1948 et
1819 1911 1934 1947 schol.
1950 1911 2110 1948 Acharn.
2132 1914 2243 1958 1076.
2263 1912 2383 1950 θανόν-

1368 1988 1435 2008 των
1466 1970 1551 2008 Ald.
1572 1972 1748 2006 Ceterum
1780 1969 2025 2018 Theopompi
2053 1970 2158 2005 locus
2183 1970 2222 2006 in
2252 1973 2298 2007 G.
2329 1972 2381 2007 sic

1369 2030 1532 2078 scriptus
1550 2036 1618 2074 est,
1637 2035 1785 2064 servata
1808 2027 1931 2063 forma
1951 2028 2133 2064 orationis
2159 2037 2274 2074 recta,
2294 2029 2382 2067 Θεό·

1369 2100 1508 2135 πομπος
1524 2084 1706 2130 ἐκτίθεται,
1726 2083 1813 2132 μετὰ
1827 2083 1866 2121 τὸ
1886 2087 2040 2130 σωθῆναι
2053 2083 2132 2127 τοὺς
2147 2085 2182 2121 ἐν
2208 2087 2258 2137 τῷ
2273 2102 2382 2123 κατα-

1370 2145 1517 2194 κλυσμῷ
1543 2140 1757 2194 πεφευγότας
1795 2141 2010 2193 ἀνθρώπους.
2037 2137 2062 2190 ἦ
2094 2141 2211 2195 ἡμέρᾳ
2237 2144 2384 2196 πρώτως

1371 2202 1562 2254 ἐθάρρησαν
1585 2199 1718 2252 χύτραν
1743 2203 1793 2251 τῷ
1819 2199 1901 2252 πυρὶ
1927 2201 2116 2246 ἐπιστῆσαι
2145 2200 2204 2238 καὶ
2233 2203 2267 2239 ὲν
2295 2203 2383 2253 αὖτ”ξΙ

1371 2262 1547 2311 ἀφεψῆσαι
1561 2258 1605 2295 τὰ
1625 2258 1845 2309 ἐμὸληθέντα
1856 2288 1865 2304 ,
1880 2258 1940 2295 καὶ
1955 2257 2018 2303 τὴν
2036 2257 2169 2309 ἡμέραν
2189 2258 2246 2296 καὶ
2262 2259 2381 2311 ἑορτὴν

1370 2319 1448 2355 κατ’
1467 2317 1575 2363 αὐτὴν
1588 2315 1650 2363 τὴν
1670 2315 1806 2368 ἡμέραν
1823 2315 2029 2361 ποιήσαντες
2041 2315 2188 2368 χύτρους
2201 2317 2384 2354 ἐκάλεσαν.

1373 2376 1468 2412 ἔθυον
1486 2374 1521 2412 δὲ
1550 2377 1584 2412 ἓν
1599 2372 1685 2426 αὐτῇ
1702 2374 1813 2411 οὐδενὶ
1829 2377 1901 2411 τῶν
1915 2374 2120 2424 Ὀλυμπίων
2138 2377 2223 2412 θεῶν
2234 2405 2245 2422 ,
2265 2374 2383 2427 ζΕρμῆ

1373 2432 1409 2470 δὲ
1427 2432 1554 2484 χθονίῳ
1573 2432 1659 2483 ὑπὲρ
1674 2434 1741 2468 τῶν
1760 2431 1956 2468 τεθνεώτων
1977 2431 2037 2468 καὶ
2053 2435 2114 2477 τῆς
2131 2432 2303 2484 ἑψομένης
2317 2433 2385 2484 χύ-

1372 2507 1456 2543 τρας
1472 2492 1522 2529 ἑνὶ
1540 2491 1676 2542 ἑκάστῳ
1694 2493 1762 2527 τῶν
1778 2492 1812 2527 ἐν
1831 2494 1873 2541 τῇ
1898 2490 2010 2528 πόλει.
2038 2491 2150 2533 οὐδεὶς
2168 2494 2238 2529 τῶν
2253 2493 2385 2545 ἱερείων

1373 2549 1521 2599 ἐγεύετο.
1540 2552 1570 2586 οἱ
1586 2550 1621 2585 δὲ
1636 2549 1715 2585 κατ’
1731 2549 1865 2593 ἐκείνην
1881 2547 1942 2593 τὴν
1958 2548 2092 2600 ἡμέραν
2108 2550 2217 2587 ἐκεῖσε
2235 2566 2387 2602 παραγε-

1374 2606 1510 2655 νόμενοι
1525 2606 1681 2655 ἐγεύοντο
1693 2608 1761 2643 τῶν
1777 2607 1912 2658 χυτρῶν
1931 2605 1989 2642 καὶ
2005 2604 2090 2657 ὑπὲρ
2106 2609 2175 2643 τῶν
2189 2608 2384 2646 τεθνεώτων

1374 2665 1430 2701 τὸν
1442 2666 1582 2716 εΕρμῆν
1597 2664 1827 2707 ἐξιλάσκοντο.
1845 2663 1959 2715 ἡμέρᾳ
1979 2662 2015 2700 δὲ
2031 2664 2091 2700 τὰς
2109 2664 2239 2717 χύτρας
2255 2667 2386 2709 ἐκείνας

1375 2717 1463 2768 ἦσαν
1482 2725 1643 2772 ε’ψοῧντες
1659 2722 1718 2759 καὶ
1740 2723 1778 2758 οὐ
1796 2721 1905 2758 νυκτί.
1932 2725 2029 2758 Tum
2053 2725 2177 2773 pergit
2200 2723 2324 2774 ἤγοντο
2350 2724 2386 2763 δὲ

1375 2780 1433 2817 καὶ
1455 2782 1583 2829 ἀγῶνες
1612 2781 1683 2816 ἐκεῖ
1715 2780 1745 2815 οἱ
1775 2778 1929 2829 χύτρινοι
1958 2789 2029 2816 etc.
2043 2805 2085 2812 -
2105 2795 2124 2827 7
2154 2781 2271 2819 αὐτόθι
2299 2792 2386 2820 ante

1376 2839 1506 2886 ἀγῶνες
1522 2841 1563 2873 V.
1591 2839 1622 2873 οἱ
1641 2850 1716 2873 0111.
1747 2838 1792 2874 Θ.
1817 2834 2025 2886 καλούμενοι
2053 2836 2208 2888 χύτρινοι
2234 2839 2388 2892 (χύτριοι

1376 2896 1420 2933 Θ.
1456 2899 1500 2932 V.
1524 2895 1571 2932 Θ.

1427 2895 1519 3001 >219,
1546 2953 1663 2989 13-16
1684 2966 1758 2990 om.
1780 2952 1892 2990 etiam
1911 2952 1958 2990 Θ.
1977 2956 2026 2989 Μ.

1432 3024 1520 3056 222,
1552 3024 1593 3055 17
1617 3009 1662 3048 Ὁ
1680 3024 1754 3047 om.
1772 3014 1836 3055 R„
1857 3018 1978 3047 totum
1995 3011 2168 3049 scholion
2182 3023 2255 3048 om.
2272 3015 2316 3048 V.
2332 3014 2386 3048 M.

1378 3097 1416 3102 -
1437 3069 1480 3104 18
1499 3067 1554 3104 ἐπὶ
1574 3067 1612 3104 τὸ
1634 3072 1678 3105 R.
1692 3093 1733 3100 -
1764 3082 1809 3117 19
1840 3066 2025 3121 Ἡρόδοτος
2050 3070 2117 3117 Θ.,
2141 3070 2208 3118 qui
2229 3082 2277 3106 2ο
2296 3068 2387 3107 κατὰ

1379 3126 1534 3162 omittit.
1559 3125 1695 3176 βαρύνει
1723 3125 1806 3163 αὐτό
1824 3130 1870 3163 R.

1432 3185 1521 3227 223,
1545 3197 1664 3229 21-27
1689 3197 1761 3219 om.
1795 3185 1907 3220 etiam
1939 3187 2046 3220 Μ.--
2066 3190 2113 3228 24
2143 3198 2198 3234 sq.
2219 3183 2387 3234 τράμιν-

1380 3240 1488 3290 ἰσχίον
1506 3242 1552 3279 Θ.
1572 3240 1869 3292 τράμην-ἷσχύον
1892 3241 1974 3278 Ald.
1989 3240 2110 3292 ὅσχεον
2134 3246 2322 3280 Kusterus
2341 3241 2386 3277 ad

1382 3299 1534 3335 Suidam
1557 3313 1584 3336 s.
1599 3298 1780 3350 '‘Oppov.-
1797 3301 1844 3335 28
1865 3313 1920 3348 sq.
1949 3299 2046 3351 ὄρρος
2066 3298 2100 3336 δὲ
2116 3298 2155 3336 τὸ
2174 3297 2384 3347 καλούμενον

1381 3355 1522 3409 πύρρον,
1557 3360 1604 3394 30
1633 3357 1857 3408 τὸ-ταυρὸν,
1886 3366 1923 3394 et
1941 3355 2064 3407 ὀσφὺν,
2091 3356 2190 3408 ὄρρον
2224 3358 2269 3399 ὣς
2288 3355 2384 3407 ὄρθον
