2533 3808
269 187 342 220 560

268 265 290 310 ἢ
315 264 390 300 ἀντὶ
412 265 471 299 τοῦ
496 255 812 306 καθωπλισμένως,
835 253 857 298 ἢ
885 253 959 291 ἀντι
984 267 1045 288 του
1067 266 1199 303 γοργως
1225 265 1283 286 και

270 320 357 371 μετὰ
372 335 430 356 συ
425 314 657 368 κροτήματός
672 327 762 354 τινος
777 326 897 363 χορου.
919 311 958 348 τὸ
982 309 1018 347 δὲ
1039 311 1076 347 οὔ
1100 308 1284 347 καταὸλα-

267 391 438 427 κευαενως
453 372 594 423 (καταὸε
583 372 642 408 ’ἕλ
645 369 841 419 ακευμένως
853 373 900 406 G.
908 368 1006 420 )αντι
1016 383 1076 405 του
1089 367 1285 409 σπουδαίως

267 451 324 472 και
348 437 384 471 οὐ
407 431 569 485 βραδέως.
594 429 678 480 β)ὰξ
711 429 790 481 γάρ.
810 451 856 457 -
879 443 924 477 19
949 443 1008 465 και
1038 435 1124 464 ante
1151 441 1283 477 γοργως

268 507 342 531 om
365 494 410 530 Θ.
427 504 533 526 —20
564 504 648 526 κατε
635 487 753 525 σὸλακ.
787 491 831 524 R.
863 485 1102 525 καταδείλακ.
1127 485 1214 522 Ald.
1232 506 1284 512 -—

265 564 314 589 22
333 549 390 587 καὶ
412 546 586 597 μαλθακία
604 550 624 593 ἡ
638 548 684 585 Θ.
709 545 896 599 ὑπεροψίας
916 544 1062 595 ἀμέλεια
1074 547 1120 581 R.
1139 542 1284 594 βλακεία

264 612 285 654 ἠ
310 607 420 660 τρυφή
439 611 528 656 Reg.

319 669 407 711 327,
429 668 474 703 33
494 679 549 715 sq.
571 663 650 701 ὅταν
672 664 732 701 bis
745 667 790 701 G.
807 663 857 700 ὅτ’
876 663 915 700 ἄν
930 667 975 700 V.
998 663 1111 699 Posui
1135 674 1284 698 comma

266 735 351 776 post
369 725 486 762 πάλιν.
504 724 577 761 Sed
592 724 793 760 scholiasta
814 723 972 760 fortasse
986 722 1188 771 scripserat
1203 719 1283 757 ὅταν

263 783 298 820 δὲ
320 784 418 835 θέλῃ,
440 783 544 820 πάλιν
565 782 756 834 ἄνθρωπον.
777 785 893 818 Dum.

319 850 406 916 328,
429 849 553 895 36-39
577 848 630 884 sic
656 848 695 883 in
723 850 779 892 V.,
804 842 1165 896 δόξεις-πρακτικόν.
1189 842 1210 888 ἢ
1239 843 1284 884 ὡς

264 904 624 955 αὐτον-σύυμαγον.
644 901 787 945 Ἄλλως.
810 903 884 940 αντὶ
904 906 962 939 του
982 902 1166 954 Θαρσησον.
1180 900 1282 950 νομί-

264 967 328 1008 ζεις
347 980 413 1015 γαρ
434 967 521 1000 εἰναι
543 962 586 1013 μὲ
573 979 605 999 ..ν
624 964 707 1012 (sci.
721 977 764 1012 με
780 961 880 1014 Ἄρη)
902 961 949 1003 εἷς
967 976 1006 997 το
1027 959 1197 1010 βοηθῆσαί
1215 973 1281 997 σοι.

264 1023 313 1058 τῶ
333 1020 444 1072 Αρει·
464 1020 578 1072 ἄκρως
594 1036 652 1057 και
670 1020 902 1066 ἅπειλητικῶς
922 1017 1038 1070 βλέψω
1050 1017 1133 1069 πρὸς
1143 1017 1182 1054 τὸ
1201 1019 1282 1067 βια-

264 1078 416 1127 ζόαενον.
434 1079 503 1115 Illa
528 1080 576 1129 τῷ
606 1076 686 1129 'Aps
692 1075 960 1129 ι-βιαζόμενον
993 1090 1070 1112 om.
1097 1079 1142 1112 G.
1163 1102 1215 1108 -—
1236 1077 1283 1112 36

458 1136 577 1173 ἑαυτὸν
600 1137 645 1174 Θ.
671 1136 747 1173 Ald.
770 1134 810 1173 ἂν
833 1140 943 1173 R.—
965 1136 1014 1172 38
1048 1135 1112 1172 vix
1148 1134 1283 1171 dubito

264 1196 356 1246 quin
374 1208 394 1231 a
409 1196 608 1232 scholiaste
623 1195 808 1244 scriptum
828 1195 944 1232 fuerit
971 1193 1093 1245 ἀρείως
1112 1193 1170 1230 καὶ
1187 1194 1286 1230 ἀπει-

264 1253 432 1298 λητικῶς,
453 1254 591 1287 Blartis
612 1256 647 1287 ite
670 1266 820 1300 morem,
835 1262 869 1288 et
881 1256 1148 1287 comminatorio
1165 1253 1282 1288 vultu.

737 1309 751 1322 ν

265 1310 425 1347 Suidas:
452 1308 597 1346 Βλέπειν
629 1308 696 1360 γὰρ
730 1325 761 1346 α.

265 1137 366 1173 αὐτὸν
387 1140 429 1172 V.

796 1310 825 1346 δ.
853 1310 890 1360 μ’
910 1310 1006 1362 Ἄρη.
1035 1310 1091 1346 ἐπὶ
1113 1312 1181 1346 τῶν
1210 1312 1284 1346 ὑπι-

266 1366 490 1418 σχνουμένων
512 1366 615 1403 παντὶ
639 1366 750 1404 σθένει
767 1367 930 1419 πράττειν
947 1368 1082 1419 (Mich.
1104 1368 1282 1416 Apostol.

265 1425 513 1477 συμπράττειν,
531 1426 624 1462 nihil
640 1426 805 1474 amplius
825 1427 979 1476 addens)
995 1426 1053 1463 καὶ
1072 1426 1285 1478 συνάρασθαι

265 1485 348 1537 πρὸς
371 1483 542 1533 βοήθειαν.
565 1483 671 1526 δόξεις
702 1500 765 1532 με,
788 1484 906 1536 φησιν,
927 1483 1032 1536 Ἄρεα
1053 1487 1135 1536 ὁρᾷν
1153 1500 1284 1537 κατορ-

266 1541 410 1579 θωτικὸν
428 1540 488 1577 καὶ
508 1541 699 1592 πρακτικόν
714 1557 721 1564 ·
744 1542 811 1578 ubi
837 1543 1003 1592 primum
1027 1551 1114 1592 post
1133 1557 1285 1594 πρακτι-

266 1600 323 1638 κον
345 1601 440 1636 illud
473 1598 586 1651 ἄκρως
615 1613 693 1636 non
716 1601 1087 1650 comparetzdeinde
1118 1601 1193 1639 ἀντὶ
1224 1605 1284 1639 τοῦ

266 1671 476 1708 perperam,
518 1667 557 1694 ut
601 1666 708 1707 puto,
738 1658 842 1695 deest
864 1674 871 1695 :
894 1668 974 1696 tum
1013 1660 1190 1697 laciniam
1227 1660 1283 1697 ed.

266 1717 431 1753 Juntinae
445 1716 496 1765 [et
516 1716 654 1765 Regii]‚
676 1717 780 1765 quod
800 1730 886 1754 raro
906 1719 959 1763 fit,
985 1728 1204 1768 excerptam
1225 1719 1286 1755 vi-

267 1774 344 1810 des.
366 1774 577 1810 Notandum
598 1784 723 1811 autem
739 1783 809 1820 est,
823 1776 1013 1825 triplicem
1028 1777 1156 1814 afferri
1168 1777 1286 1813 inter-

269 1832 535 1881 pretationem,
552 1846 664 1868 unam
688 1833 923 1883 alteramque
943 1847 1112 1883 pravam,
1136 1837 1285 1872 tertiam

268 1891 356 1926 satis
375 1891 626 1927 commodam.
646 1894 791 1927 Hmsr.

324 1956 410 2002 329.
432 1956 515 1989 Non
535 1954 727 1990 constabat
734 1957 902 2001 judicum
925 1969 1076 2000 merces,
1095 1956 1154 1993 vel
1179 1960 1286 1993 sala-

268 2015 382 2055 rium;
399 2014 465 2047 sed
473 2015 587 2060 islpro
603 2019 770 2061 temporis
790 2019 929 2050 ratione
947 2015 1141 2051 mutabant
1154 2030 1165 2050 .·
1180 2017 1286 2053 scili-

269 2079 327 2107 cet
353 2079 418 2106 aut
452 2071 535 2119 ipse
571 2072 750 2120 populus'
770 2072 1023 2119 Atheniensis,
1055 2082 1120 2109 aut
1152 2076 1287 2124 populi

270 2128 525 2164 moderatores
546 2137 582 2164 et
608 2129 820 2179 demagogi.
842 2129 1025 2167 Ἵστασθαι
1043 2131 1082 2167 in
1100 2132 1231 2168 eadem
1246 2147 1287 2169 re

269 2187 402 2235 saepius
425 2194 597 2235 usurpat,
623 2187 670 2223 ad
700 2187 801 2225 Nub.
821 2201 856 2224 V.
878 2189 974 2235 8603
993 2189 1038 2225 ad
1064 2194 1135 2226 Av.
1164 2191 1286 2231 1540:

269 2245 333 2294 οὐχ
346 2243 497 2289 εἱστήκει
515 2243 549 2280 δὲ
572 2245 685 2286 αὐτοῖς
704 2245 742 2282 τὸ
754 2245 943 2297 τριώέολον
955 2262 962 2269 ·
978 2249 1142 2297 Hesych.
1164 2250 1202 2285 in
1220 2252 1286 2287 Δι-

269 2302 433 2339 καστικόν
447 2317 454 2338 ;
470 2303 507 2339 οὐ
527 2301 644 2351 μέντοι
665 2302 823 2349 ἔστηκεν,
845 2305 923 2341 ἀλλ’
943 2304 1068 2342 ἄλλοτε
1086 2306 1199 2348 ἄλλως
1218 2307 1288 2344 ἐδί-

271 2362 363 2398 δοτο·
377 2361 479 2409 quod
489 2361 536 2397 ab
550 2363 754 2399 Aristotele
768 2372 933 2400 sumtum
949 2365 987 2400 in
999 2365 1288 2403 Atheniensium

270 2423 365 2469 Rep.
377 2420 597 2456 scholiastes
611 2420 776 2456 ostendit
788 2421 834 2457 ad
847 2425 962 2472 Vesp.
981 2436 1015 2459 v.
1034 2424 1123 2459 682.
1140 2426 1287 2460 Hmsv.

270 2477 485 2514 Mercedem
511 2478 687 2526 judicum
724 2480 928 2527 permiscet
966 2481 1170 2517 scholiasta
1204 2495 1289 2518 cuin

272 2536 445 2572 mercede
467 2536 661 2572 concionis
681 2538 830 2585 populi,
853 2539 899 2573 de
923 2551 997 2587 qua
1013 2539 1185 2587 loquitur
1206 2541 1292 2576 Ari-

272 2594 486 2642 stophanes.
501 2598 618 2630 Dmn.
638 2615 685 2620 —
709 2599 755 2639 47
779 2597 882 2631 bom.
896 2596 942 2632 Θ.

328 2659 401 2694 330
436 2661 482 2694 R.
506 2658 569 2693 illa
595 2656 704 2699 οὐδεὶς
738 2656 1010 2700 ἐδίκαζεν-οὐκ
1040 2659 1222 2710 εἰσήρχετο
1254 2661 1291 2696 in

274 2717 466 2765 principio
484 2716 617 2752 scholii
636 2715 755 2764 ponit.
777 2716 839 2752 Sic
860 2716 970 2753 etiam
987 2719 1081 2765 Reg.
1102 2717 1237 2766 incipit
1258 2718 1292 2753 ἐν

273 2777 315 2824 τῇ
335 2775 430 2810 ἐκκλ.
451 2772 558 2815 οὐδεὶς
579 2782 648 2810 etc.
670 2795 723 2800 -—
740 2774 781 2809 51
809 2774 943 2810 Suidas
963 2774 1079 2811 habet
1098 2775 1226 2816 ὠστίας
1253 2775 1293 2810 in

274 2845 311 2867 v.
334 2832 462 2880 [quem
487 2831 611 2866 locum
632 2844 708 2866 om.
735 2830 819 2867 cod.
844 2832 958 2868 Paris.
980 2832 1055 2881 A.]‚
1079 2832 1144 2868 ubi
1166 2833 1295 2881 priora

275 2890 387 2939 hujus
405 2889 662 2926 adnotationis
677 2889 879 2938 descripsit
898 2890 1012 2939 paulo
1033 2891 1201 2939 plenius;
1222 2903 1294 2940 po—

275 2948 435 2984 steriora
462 2946 622 2983 totidem
645 2946 770 2983 verbis
791 2948 829 2983 in
850 2946 1063 2999 Τριώὸολον,
1089 2948 1241 2984 omissis
1260 2948 1294 2983 ἐν

1158 3001 1172 3030 θ

276 3055 318 3090 τῃ
338 3039 506 3091 ἐκκλησίᾳ
527 3038 745 3078 83'.Hm1sr.
770 3039 898 3082 ὠστίας
921 3044 965 3077 R.
991 3043 1127 3089 Reg.3
1113 3039 1176 3083 ἔξω
1205 3038 1296 3084 ὠθὴν

277 3097 339 3142 τὴν
361 3097 549 3148 ἐργομένην
581 3102 639 3144 R.‚
666 3099 774 3147 quasi
812 3097 932 3142 εςωθεν
965 3099 1065 3135 ὠθεῖν
1103 3099 1295 3135 voluisset.

279 3155 353 3191 Sed
374 3153 508 3197 ἐξωθεῖν
529 3157 678 3193 Suidas.
698 3179 747 3184 ——-
764 3157 811 3193 52
836 3158 870 3193 ἐν
897 3159 940 3206 τῇ
961 3155 1132 3208 ἐκκλησίᾳ
1159 3156 1194 3193 δὲ
1222 3170 1297 3193 om.

281 3215 328 3255 R.
345 3233 396 3240 -
415 3213 461 3248 53
484 3212 592 3257 ἕπέὸη
612 3215 680 3249 τῶν
711 3212 754 3257 ξε’
777 3215 880 3251 ἐτῶν.
911 3212 984 3251 ὅσοι
1014 3209 1072 3250 οὖν
1104 3215 1175 3251 τελ.
1206 3218 1297 3263 Reg.

282 3270 424 3322 φανερόν
454 3286 507 3316 τι,
529 3281 661 3307 certum
687 3275 784 3320 quid.
804 3275 958 3326 φανερῶς
984 3277 1077 3323 Reg.
1098 3295 1148 3301 -—
1173 3275 1195 3310 6
1216 3272 1301 3310 πάν-

281 3342 356 3365 τοτε
372 3341 445 3365 om.
468 3329 515 3367 Θ.

1017 165 1317 204 ADNOTATIO
1345 166 1399 202 IN
1429 165 1604 205 SCHOL.

1401 252 1490 297 331,
1511 265 1525 287 1
1539 265 1553 287 1
1589 255 1846 304 παραχωρῆσαι
1866 262 2026 303 uterque
2047 252 2179 290 codeX.
2199 246 2359 291 Correiti

1344 321 1391 344 ex
1410 310 1455 343 G.
1486 316 1539 357 et,
1571 309 1637 357 qui
1663 310 1922 361 παραγίωρῆσαί
1945 326 1988 361 με
2013 310 2140 355 habet,
2163 313 2210 346 V.
2237 314 2357 348 D1Nn.

1345 365 1488 415 Regius
1524 366 1836 419 παραχωρήσαιμι.
1872 367 2123 420 καταλείψαιμι
2150 381 2226 406 om.
2247 370 2295 406 V.
2311 372 2358 405 G.

1399 430 1488 477 332,
1509 437 1552 474 14
1575 430 1666 467 κατὰ
1686 430 1805 468 τούτου
1823 435 1940 469 Dorv.

1399 494 1488 540 338,
1508 496 1633 537 24—26
1655 496 1707 532 sic
1728 497 1766 532 in
1783 499 1845 543 V.,
1868 496 2048 534 ὃιαὸάλλει
2074 496 2149 538 robe,
2163 495 2359 543 Ἀθηναίους

1343 553 1388 593 ὡς
1414 550 1537 604 ἀργους
1561 567 1618 589 και
1647 554 1680 590 ἐν
1703 559 1773 595 τοῖς
1793 554 1954 606 κουρείοις
1976 554 2191 605 καθημένους
2217 571 2276 593 και
2298 557 2360 592 οὐκ

1344 611 1378 647 ἐν
1396 616 1466 652 τοῖς
1486 610 1648 670 ἰατρείοις
1676 611 1904 660 ποιουμένους
1931 613 1992 656 τὰς
2013 615 2209 665 συντυχίας.
2236 613 2357 651 τούτου

1345 667 1456 706 ἕνεκεν
1476 672 1569 705 εἶπεν
1591 670 1624 705 ἐν
1640 675 1710 711 τοῖς
1736 669 1913 720 κουρείοις.
1928 694 1965 698 —-
1988 672 2034 707 25
2062 687 2120 708 και
2152 686 2220 722 pro
2241 675 2304 719 ὡς,
2323 682 2360 710 et

1344 727 1506 779 κουρείων
1528 742 1587 764 και
1608 729 1648 779 ἂρ
1652 743 1731 777 γους
1755 732 1802 765 R.
1835 731 1879 772 ὡς
1912 730 1971 782 ἀρ
1957 744 2036 771 κους
2064 729 2163 772 ὄντας
2186 745 2245 768 και
2262 732 2359 781 διημ.

1344 784 1402 821 ἐπὶ
1422 801 1452 822 τ.
1470 800 1503 823 κ.
1522 789 1612 834 Reg.
1631 786 1688 823 καὶ
1710 787 1744 823 ἐν
1767 789 1911 823 Hemst.
1937 787 1995 823 καὶ
2016 789 2077 824 οὐκ
2096 788 2130 824 ἐν
2150 792 2196 825 V.
2217 790 2263 827 Θ.
2276 789 2360 826 Ald.

1652 849 1703 873 Ουζ

1344 900 1396 906 -—
1417 879 1465 914 26
1489 877 1705 928 ποιουμένων
1724 879 1769 917 Θ.
1791 879 1849 916 ΙΙ).
1871 879 2083 932 ἐργαστήρια
2096 875 2184 927 ἦσαν
2209 879 2254 917 τὰ
2275 895 2360 918 κου-

1346 942 1418 987 ρεῖα
1438 938 1554 974 Paris.
1575 941 1669 987 Reg.
1685 960 1735 965 —-
1749 941 1795 975 3ο
1816 944 2080 991 μπαρμπερεῖα,
2096 940 2136 976 id
2153 948 2209 977 est
2231 939 2363 991 βαρὸε-

1345 1000 1418 1046 ρεῖα
1438 1011 1445 1031 :
1465 995 1510 1032 de
1531 1009 1607 1045 quo
1627 1010 1661 1032 v.
1682 996 1771 1032 vide
1792 999 1965 1046 Ducang.

1401 1062 1489 1107 342,
1507 1062 1554 1097 35
1580 1060 1713 1098 Σκόπει
1735 1065 1800 1107 V.,
1822 1075 1900 1098 non
1918 1065 1963 1099 G.
1990 1086 2041 1090 —
2061 1065 2108 1101 36
2132 1062 2278 1107 Ἄλλως.
2302 1065 2365 1100 οὐκ

1343 1119 1456 1163 ἀκολ.,
1475 1120 1520 1164 37
1540 1121 1658 1170 ἀγωγῇ
1683 1123 1728 1156 V.
1754 1119 1995 1170 ἐπὶ-βλέπος
2015 1135 2088 1158 om.
2112 1125 2157 1158 G.
2175 1148 2221 1154 -—
2239 1128 2287 1166 42
2306 1121 2365 1174 φί-

1343 1179 1415 1218 λοις
1441 1180 1511 1214 τῶν
1527 1176 1662 1214 οἰκείων
1683 1180 1847 1229 χρηστῶν
1873 1183 1966 1229 Reg.

1399 1235 1488 1282 345,
1511 1237 1558 1279 46
1579 1238 1641 1279 τῆς
1661 1236 1850 1287 εὐπραγίας
1870 1238 1916 1274 Θ.

1399 1293 1471 1339 347
1495 1297 1542 1332 R.
1564 1293 1680 1330 habet
1700 1292 1791 1336 030'3:
1809 1293 1830 1339 ἢ
1851 1296 1867 1330 ὁ
1887 1295 2041 1335 Πλοῦτος
2061 1292 2082 1339 ἢ
2103 1293 2205 1337 ἄλλος
2228 1309 2280 1337 τις
2295 1296 2363 1331 τῶν

1344 1352 1441 1388 θεῶν.

1401 1411 1475 1458 349
1498 1410 1536 1445 in
1556 1413 1678 1449 Dorv.
1702 1409 1922 1460 λέγοντες-
1946 1409 1986 1446 τὸ
2007 1408 2042 1446 δὲ
2071 1408 2172 1453 λέξας
2198 1410 2275 1447 ἀντὶ
2304 1413 2366 1448 τοῦ

1344 1467 1425 1517 λέγε
1459 1468 1699 1520 ψυχρόν·ἔχει
1729 1469 1764 1505 δὲ
1795 1466 1907 1505 οὕτω·
1942 1467 2022 1518 λέγε
2052 1467 2104 1504 ὅτι
2141 1470 2207 1520 φῆς
2239 1467 2368 1512 ἀνύσας

1345 1529 1447 1562 τοῦτο
1465 1525 1551 1562 ποτὲ
1570 1556 1580 1574 ,
1600 1526 1779 1564 τουτέστιν
1799 1527 1845 1569 εἷς
1862 1526 2073 1579 διασάφησιν
2091 1525 2149 1564 καὶ
2169 1525 2263 1569 τέλος
2277 1528 2368 1577 ἀγα-

1344 1583 1415 1634 γὼν
1437 1584 1494 1622 τὸν
1513 1585 1571 1623 σὸν
1592 1585 1706 1636 λόγον.
1723 1614 1774 1618 -
1792 1592 1813 1630 4
1834 1584 1909 1622 ἀντὶ
1932 1589 1993 1622 τοῦ
2016 1585 2125 1635 μέγας
2154 1589 2198 1622 V.
2220 1584 2367 1628 ἀνύσαςε

1347 1644 1510 1688 Σπεύσας
1533 1659 1607 1683 om.
1633 1647 1693 1691 Θ.,
1708 1646 1774 1695 qui
1797 1645 1818 1681 5
1838 1646 1883 1687 εἷς
1903 1644 1943 1682 τὸ
1961 1646 2014 1682 ἀν.

1404 1704 1493 1749 351,
1520 1718 1565 1741 10
1586 1704 1750 1757 ἐπιτρίψῃ
1769 1708 1862 1754 Reg.
1882 1726 1934 1731 —
1957 1717 1998 1739 11
2026 1703 2117 1753 λέγω
2148 1717 2221 1740 0111.
2252 1704 2367 1740 Paris.

1347 1776 1450 1799 —12
1474 1766 1665 1806 παντελῶς.
1678 1763 1828 1805 Ἄλλως.
1850 1762 1966 1800 πάντα
1985 1766 2108 1799 V.—1
2120 1765 2140 1800 3
2158 1761 2310 1800 Ἀττικὸν
2333 1762 2369 1801 δὲ

1345 1819 1385 1857 τὸ
1407 1821 1516 1871 καίμ’
1534 1822 1596 1859 οὐκ
1616 1821 1769 1875 ἀρέσκει,
1785 1823 1829 1863 ὡς
1850 1820 2055 1872 προείρηται
2070 1821 2130 1869 (ad
2143 1835 2176 1858 v.
2199 1823 2262 1871 69)
2283 1822 2367 1860 Ald.

1402 1879 1490 1925 355,
1512 1880 1638 1928 25—29
1652 1880 1747 1916 nihil
1766 1886 1904 1928 praeter
1922 1878 1998 1915 ἀντὶ
2018 1881 2080 1923 τῆς
2097 1879 2164 1917 ὑπό
2179 1880 2369 1927 habetv„

1347 1937 1450 1985 quod
1468 1951 1541 1974 om.
1564 1941 1609 1974 G.
1622 1937 1772 1990 περισσὴ
1789 1939 1811 1982 ἡ
1827 1934 1922 1987 πρός.
1941 1935 1962 1982 ἢ
1984 1936 2060 1973 ἀντὶ
2083 1939 2145 1982 τῆς
2164 1936 2242 1974 ὑπό.
2258 1937 2370 1990 ὀρθόν.

1347 1993 1432 2031 ἴδιον
1455 1994 1575 2047 ἀνδρὸς
1603 1994 1832 2047 εἰργασμένου
1855 1994 1901 2031 Θ.
1932 1997 1976 2030 In
2002 1998 2048 2031 R.
2074 1995 2247 2032 scholion
2274 1996 2370 2033 adeo

1348 2054 1502 2089 evanuit
1520 2062 1562 2089 ut
1585 2054 1665 2090 haec
1686 2061 1832 2090 tantum
1850 2051 1923 2100 legi
1945 2053 2139 2101 possint.

1349 2110 1436 2163 δρός.
1454 2110 1640 2163 περισσὸν.
1713 2127 1791 2148 ..αν

1404 2170 1493 2215 358,
1518 2170 1565 2207 33
1600 2168 1675 2206 ἀντι
1705 2184 1764 2206 του
1787 2165 1969 2218 μεταμέλη
1997 2167 2184 2221 φροντίζεις
2204 2173 2263 2217 V.,
2286 2183 2371 2219 quae

1349 2240 1425 2263 om.
1447 2231 1492 2264 G.

1403 2287 1494 2335 359,
1521 2287 1568 2322 36
1593 2286 1713 2339 εἴληφε
1728 2289 1830 2324 τοῦτο
1844 2285 1907 2333 τὴν
1923 2291 1968 2325 V.
1990 2288 2035 2325 Θ.
2052 2290 2096 2323 111
2117 2287 2159 2324 R.
2180 2286 2276 2323 nihil
2299 2287 2373 2337 legi

1349 2354 1476 2398 potest
1496 2353 1634 2394 praeter
1653 2345 1775 2383 λείπει.

1404 2405 1493 2449 361,
1515 2409 1558 2446 41
1582 2402 1668 2440 Ἀπὸ
1690 2403 1893 2446 δυσπετείας
1906 2407 1964 2451 V.,
1980 2403 2046 2453 qui
2067 2401 2289 2450 42,Ἄλλως.
2311 2404 2372 2440 οὐ-

1351 2461 1417 2502 δεὶς
1432 2470 1504 2498 etc.
1521 2488 1573 2493 —
1595 2463 1643 2500 43
1665 2460 1682 2497 ὃ
1700 2461 1792 2498 δοκεῖ
1809 2465 1852 2498 V.
1870 2463 1918 2499 Θ.
1936 2484 1988 2490 -
2008 2462 2056 2505 46
2084 2461 2175 2511 ὑγιὲς
2201 2462 2372 2499 Dindor-

1351 2522 1420 2557 fius
1443 2519 1590 2556 addidit
1608 2533 1655 2555 ex
1674 2520 1843 2556 Platone.

1405 2579 1494 2622 363,
1520 2578 1562 2613 51
1589 2576 1719 2628 φράσαι
1743 2578 1790 2614 Θ.

1406 2636 1480 2671 365
1500 2637 1617 2669 Dorv.
1640 2633 1816 2670 versibus
1832 2634 2099 2683 interpositum
2118 2631 2231 2669 habet
2252 2632 2371 2684 πρώην

1353 2691 1387 2728 δὲ
1406 2690 1557 2741 χρηστὸς
1576 2689 1623 2726 ὢν
1643 2690 1703 2726 καὶ
1730 2693 1789 2726 νῦν
1811 2694 2002 2742 πανοῦργος
2029 2689 2115 2727 ἐστί.
2142 2692 2212 2728 Vel
2233 2685 2287 2738 ἦν,
2312 2693 2371 2728 vel

1353 2747 1604 2786 omittendum
1623 2760 1664 2783 er
1667 2755 1703 2783 at
1720 2746 1791 2783 καί.
1811 2750 1950 2784 HmusT.

1409 2808 1482 2842 368
1506 2806 1543 2841 in
1563 2809 1605 2840 V.
1630 2804 1746 2846 δεδιως
1762 2804 1906 2854 (ἄλλως.
1932 2804 2052 2848 δεδιὼς
2067 2810 2113 2843 G.
2118 2806 2128 2856 )
2146 2809 2180 2843 63
2175 2806 2263 2843 ’λειε
2251 2808 2372 2854 εἰπεῖν,

1353 2862 1499 2913 ὅμοιοςτ
1488 2867 1515 2899 ἰ
1534 2878 1576 2899 πε
1564 2878 1710 2914 πανουρ
1714 2862 1882 2916 γευμένω

1410 2923 1501 2969 369,
1539 2922 1583 2957 16
1616 2920 1651 2958 δέ
1683 2923 1776 2959 ἐστιν
1818 2923 1875 2961 ἐπι
1912 2926 1954 2959 V.
1980 2923 2094 2971 μάτην
2127 2923 2298 2960 additum
2332 2938 2375 2961 ex

1355 2979 1470 3018 Suida
1492 2992 1519 3016 s.
1550 2978 1686 3030 Κρώζει
1707 2988 1743 3015 et
1765 2981 1842 3018 Οὐκ
1868 2974 1930 3018 οἶδ’
1955 2980 1973 3018 ὃ
1998 2979 2152 3032 κρώζεις.
2178 2984 2250 3018 Pro
2271 2994 2315 3019 eo
2335 2981 2379 3019 τὰ

1356 3038 1427 3074 ἄνω
1446 3038 1562 3074 habet
1580 3041 1621 3074 V.
1637 3037 1849 3089 θρυλούντων
1868 3043 1915 3076 V.
1946 3040 1991 3077 Θ.
2018 3043 2113 3090 Reg.
2140 3039 2378 3092 θρυλλούντων

1359 3100 1400 3133 R.
1422 3095 1506 3133 Ald.
1524 3095 1641 3148 ὥσπερ
1659 3097 1695 3131 αἱ
1720 3099 1760 3131 V.
1790 3096 1860 3133 ἀπὸ
1884 3099 1952 3134 τῶν
1976 3099 2104 3148 θυρῶν·
2125 3095 2165 3133 σὺ
2195 3096 2260 3150 γὰρ
2285 3100 2377 3147 Reg.

1357 3169 1430 3206 κορ.
1455 3153 1531 3190 ἀντὶ
1550 3157 1609 3191 τοῦ
1625 3153 1736 3203 λέγεις
1757 3160 1802 3194 R.
1827 3178 1876 3184 ——-
1895 3170 1936 3203 17
1955 3156 2035 3208 περὶ
2048 3155 2089 3194 τὸ
2109 3157 2249 3208 κεκλοφ.
2275 3170 2319 3204 με
2336 3160 2377 3194 V.

1358 3214 1404 3250 Θ.
1424 3216 1515 3262 Reg.
1542 3211 1693 3262 διαλέγει
1712 3216 1807 3264 Reg.

1413 3273 1501 3319 370,
1524 3272 1572 3307 26
1597 3272 2013 3325 κοινωνῆσαι-εἴρηται,
2044 3280 2081 3308 et
2115 3272 2164 3308 3ο
2193 3269 2309 3315 ἄθλιος
2347 3265 2379 3309 εἷ

1360 3329 1421 3366 καὶ
1441 3345 1473 3367 κ.
1498 3329 1613 3367 habet
1629 3330 1675 3367 Θ.

2156 2082 2165 2090 .
2185 2081 2192 2088 .
2218 2053 2303 2104 πρὸς
2313 2055 2372 2090 ἀν-

1810 2111 1889 2155 .τῆς
1905 2111 1990 2147 ὑπο.
