2533 3808
197 806 226 829 10

197 1104 227 1127 15

248 193 320 225 216

245 286 352 330 ταγᾶς
366 280 534 325 ἀτταγᾶς,
550 271 732 324 τροχαϊκὸν
748 269 905 320 δίμετρον
927 267 1276 320 βραχυκατάληκτον,

245 340 274 374 εἰ
294 336 328 373 δὲ
350 334 485 386 βούλει,
507 329 693 368 παιωνικὸν
715 330 753 365 ἐκ
770 325 975 378 κρητικῶν]

298 391 506 443 μιμούμενος
525 387 629 424 πάλιν
642 385 704 431 τὴν
724 384 837 437 φωνὴν
851 386 918 421 τῶν
936 383 1058 436 ὀρνέων
1073 382 1174 419 καλεῖ
1190 379 1278 418 αὐτὰ
1308 397 1311 420 1

244 454 261 488 ὃ
282 451 380 501 ἔποψ.
401 476 452 482 .-
472 444 594 496 ὁμοίως
615 444 648 481 δὲ
666 442 726 481 καὶ
744 446 854 480 ταῦτα
868 440 1097 487 ὀξυτονητέον.
1118 448 1212 484 Rav.,
1225 444 1279 485 qui

245 515 318 546 hinc
333 522 431 552 usque
445 513 485 544 ad
498 523 530 545 v.
548 515 599 541 392
619 508 737 539 scholia
753 507 882 538 omittit.

297 574 360 598 238.
391 559 447 596 ἐπὶ
476 564 596 598 κισσοῦ
617 559 779 597 κλάδεσιν
801 572 809 597 :
842 558 931 597 Ἀντὶ
956 562 1016 596 τοῦ
1036 560 1105 601 τοῖς
1130 556 1279 598 κλάδοις.

245 618 303 655 ἀπ’
324 618 452 661 εὐθείας
471 617 507 656 δὲ
525 623 585 666 τῇς
604 619 747 664 κλάδος,
764 620 809 661 ὡς
828 617 866 655 τὸ
882 616 989 660 τέκος.

297 690 359 714 240.
391 677 617 731 κοτινοτράγα
660 690 669 716 :
713 675 858 715 Κότινον
905 675 1080 722 ἐσθίοντα,
1125 672 1281 712 τουτέστι

246 734 454 787 ἀγριέλαιον.

299 793 529 845 κομαροφάγα
550 807 558 832 :
582 792 746 844 Κόμαρον
770 791 937 830 ἐσθίοντα.

298 864 361 889 244.
391 851 456 889 ὅσα
477 852 505 889 0'
531 852 642 895 ἑλείας
668 864 677 890 z
702 850 868 893 Ἑλώδεις
895 849 1018 892 τόπους
1038 846 1185 890 στενούς.
1206 846 1282 889 τοὺς

246 908 373 953 ἑλείους
390 909 527 952 στενοὺς
549 910 685 953 τόπους.
707 909 776 947 ἀπὸ
797 912 857 946 τοῦ
881 911 898 945 ὁ
919 907 1036 950 ἕλειος.
1061 906 1122 950 τὰς
1140 903 1280 949 ὀξυστό-

247 982 329 1017 μους
346 967 399 1015 δὲ,
417 967 476 1011 τὰς
492 968 547 1012 ὀξὺ
569 968 728 1021 ᾀδούσας.

298 1039 362 1065 245.
392 1026 538 1077 ἐμπίδας
555 1041 564 1066 t
581 1027 678 1080 Ζῷόν
695 1029 785 1065 ἐστιν
806 1026 840 1063 ἐν
857 1025 958 1063 ὕδασι
974 1023 1151 1076 γινόμενον
1167 1023 1283 1072 ὅμοιον

246 1087 296 1137 τῷ
324 1082 489 1135 κώνωπι,
510 1088 625 1135 μεῖζον
657 1084 692 1122 δὲ
717 1088 760 1137 τῇ
788 1087 954 1136 περιοχῇ,
987 1082 1077 1120 κατὰ
1108 1083 1147 1120 τὸ
1179 1081 1282 1132 μέσον

245 1146 358 1196 λευκῷ
386 1144 675 1197 περιεζωσμένον.
709 1143 902 1195 [κάμπτετε
933 1142 966 1179 δὲ
980 1172 989 1189 ,
1022 1141 1282 1187 καταΕάλλετε,

247 1202 386 1240 ἐσθίετε.
402 1203 540 1254 ἐρόεντα
555 1202 589 1240 δὲ
605 1203 681 1240 ἀντὶ
695 1207 755 1240 τοῦ
770 1201 1027 1251 ἐπιθυμητικὸν,
1045 1203 1089 1244 ὡς
1104 1199 1283 1253 χαρίεντα.

247 1263 462 1313 Μαραθῶνος
484 1261 536 1308 δὲ,
558 1263 609 1299 ὅτι
630 1264 663 1299 ἐν
683 1264 877 1313 Μαραθῶνι
897 1259 984 1297 πολὺ
1003 1260 1041 1297 τὸ
1059 1259 1203 1311 ὄρνεον.]

298 1333 362 1358 249.
393 1322 546 1371 ἀτταγᾶς
568 1335 577 1359 t
602 1320 645 1358 ‘O
665 1322 818 1369 ἀτταγᾶς
835 1321 851 1355 ὁ
870 1318 960 1369 ἔχων
979 1317 1036 1355 τὸν
1054 1319 1207 1367 λειμῶνα
1224 1320 1283 1354 τοῦ

193 1392 199 1400 ⁴
247 1381 472 1431 Μαραθῶνος.
496 1379 540 1416 τὰ
566 1378 632 1431 γὰρ
658 1377 813 1428 λιμνώδη
836 1377 895 1415 καὶ
917 1377 1011 1414 ἔλεια
1035 1376 1147 1428 χωρία
1171 1391 1283 1413 κατα-

247 1437 410 1474 ὃόσκεται
439 1440 455 1474 ὃ
488 1439 649 1489 ἀτταγᾶς.
681 1438 717 1487 [ἡ
747 1436 845 1489 τρίτη
877 1435 1008 1487 στροφὴ
1040 1437 1160 1472 κώλων
1194 1434 1284 1472 ὀκτὼ

198 1533 201 1535 .
245 1497 459 1533 δακτυλικῶν
480 1495 736 1548 τετραμέτρων,
756 1493 847 1540 πλὴν
867 1497 926 1531 τοῦ
948 1497 990 1538 ζ’.
1011 1497 1110 1531 τοῦτο
1131 1493 1197 1546 γὰρ
1223 1494 1285 1531 δα-

192 1688 226 1712 25

193 2023 229 2049 30

195 2325 228 2349 35

196 2611 231 2635 40

199 2901 232 2923 45

202 3136 235 3158 50

244 1553 387 1599 κτυλικῆ
408 1553 536 1605 βάσις]

297 1626 361 1650 250.
392 1607 439 1649 ὧν
465 1613 495 1649 τ’
524 1612 580 1649 ἐπὶ
601 1611 737 1649 πόντιον

245 1670 340 1723 παρὰ
356 1669 400 1708 τὰ
416 1670 606 1720 Ἀλκμᾶνος

770 1626 778 1650 2
807 1610 853 1650 ‘O
881 1610 918 1648 τέ
946 1610 1116 1663 περιττός.
1147 1610 1219 1648 ἔστι
1250 1609 1284 1648 δὲ

358 1759 390 1794 ὅς
399 1758 425 1789 τ’
442 1759 490 1789 ἐπὶ
504 1758 639 1799 κύματος
653 1758 740 1794 ἄνθος
755 1758 808 1797 ἅμ’
826 1757 1009 1788 ἀλκυόνεσσι
1023 1760 1166 1788 ποτᾶται.

247 1835 298 1873 διὸ
319 1834 379 1872 καὶ
405 1837 568 1886 Δωρικῶς
596 1834 740 1886 εἴρηται.
768 1834 807 1872 τὸ
828 1834 855 1871 δ’
874 1834 971 1883 ἑξῇς,
993 1828 1039 1871 ῶν
1059 1849 1096 1871 τε
1117 1835 1207 1886 φῦλα
1229 1834 1286 1871 ἐπὶ

245 1891 382 1929 πόντιον
400 1886 503 1942 οἶδμα
530 1891 707 1937 Θαλάσσης
733 1891 793 1942 ἅμ’
815 1891 1020 1928 ἀλκυόνεσσι
1046 1897 1208 1928 ποτᾶται.
1241 1893 1284 1942 [ἡ

247 1950 282 1988 δὲ
309 1949 444 1987 ἀλκυὼν
476 1950 662 1987 θαλάσσιόν
691 1951 782 1987 ἐστιν
815 1949 943 2001 ὄρνεον.
980 1948 1040 1985 καὶ
1073 1948 1226 2000 ἱστορίαν
1251 1948 1285 1986 δὲ

247 2008 410 2054 τοιαύτην
428 2007 505 2059 περὶ
530 2009 641 2044 αὐτῶν
662 2023 777 2059 φασιν,
802 2011 847 2052 ὡς
868 2008 927 2044 ἀπ’
954 2006 1141 2060 ἀνθρώπων
1163 2009 1286 2059 ἀπωρ-

245 2066 366 2113 νεώθη.
401 2065 473 2103 ἔστι
501 2065 536 2103 δὲ
565 2069 585 2111 ἡ
616 2066 756 2111 Κήῦκος
787 2071 846 2104 τοῦ
881 2065 1081 2117 Τραχινίων
1119 2065 1286 2116 βασιλέως

245 2125 343 2176 γυνή.
365 2124 396 2163 οἳ
415 2125 508 2177 ὄλὸῳ
529 2123 682 2177 μεγίστῳ
702 2124 920 2176 ἐπαρθέντες,
938 2126 984 2167 εἰς
1001 2128 1163 2161 τοσοῦτον
1183 2118 1286 2170 ῇλθον

246 2184 488 2236 φρυάγματος,
514 2185 559 2225 ὡς
586 2181 752 2226 ἀπαξιοῦν
782 2183 853 2225 τοῖς
877 2181 971 2225 ἰδίοις
999 2181 1145 2232 ὀνόμασι
1166 2184 1285 2219 καλεῖ-

247 2246 335 2279 σθαι,
355 2242 414 2279 καὶ
431 2244 448 2278 ὁ
466 2241 527 2291 μὲν
552 2240 715 2278 ἐκάλεσεν
743 2240 844 2278 αὑτὸν
865 2241 950 2287 Δία,
969 2243 989 2286 ἡ
1016 2239 1051 2277 δὲ
1068 2239 1200 2293 ἽΙραν.
1227 2241 1286 2278 καί

245 2316 329 2337 ποτε
343 2301 377 2337 ἐν
394 2299 551 2350 θαλάσσῃ
568 2300 670 2336 αὐτοῦ
686 2297 849 2341 πλέοντος
864 2301 881 2335 ὃ
899 2298 984 2341 Ζεὺς
1000 2299 1167 2350 ὀργισθεὶς
1183 2299 1285 2337 αὐτόν

246 2375 283 2396 τε
301 2358 465 2410 διέφθειρε
491 2358 549 2395 καὶ
568 2356 630 2403 τὴν
647 2361 744 2395 ναῦν.
766 2360 787 2402 ἡ
814 2357 849 2395 δὲ
874 2357 962 2408 ἄγαν
981 2360 1180 2409 περιπαθῶς
1198 2358 1287 2395 ὠδύ-

250 2432 324 2468 ρετο
343 2416 399 2453 τὸν
429 2420 487 2452 τοῦ
516 2415 635 2467 ἀνδρὸς
662 2414 807 2452 θάνατον
830 2415 927 2467 παρὰ
960 2419 1010 2468 τῷ
1045 2417 1215 2466 αἰγιαλῷ,
1245 2416 1286 2461 ἣν

248 2473 391 2518 ἐλεήσας
415 2476 432 2509 ὃ
457 2471 543 2515 Ζεὺς
568 2472 793 2524 ἀπωρνέωσε.
820 2473 879 2510 καὶ
900 2475 1026 2510 ἐκεῖνον
1054 2472 1089 2510 δὲ
1109 2475 1154 2516 εἷς
1173 2473 1286 2524 ὄρνεον

250 2531 451 2582 μετέΕαλεν,
470 2530 505 2568 δν
527 2531 674 2582 κηρύλον
699 2533 877 2569 καλοῦσιν.
910 2532 1044 2583 ἐθρήνει
1066 2530 1100 2568 δὲ
1122 2534 1188 2569 τῶν
1211 2533 1287 2584 ᾠῶν

251 2593 356 2636 αὓτῇς
372 2592 405 2627 ἐν
426 2593 467 2641 τῇ
490 2588 648 2640 θαλάσσῃ
670 2588 870 2638 κλωμένων.
889 2589 940 2626 διὸ
962 2588 1053 2626 κατὰ
1077 2589 1156 2632 Διὸς
1176 2585 1287 2628 οἶκτον

251 2649 291 2686 ιδ’
312 2647 446 2699 ἡμέρας
464 2646 699 2689 ἀλκυονίτιδας
719 2647 934 2695 καλουμένας
954 2646 1118 2689 εὐδιεινὰς
1136 2647 1208 2698 ἔχει
1228 2653 1287 2686 τοῦ

251 2707 361 2750 ἔτους,
380 2708 413 2743 ἐν
434 2700 486 2748 αἷς
504 2706 668 2746 τίκτουσα
686 2705 849 2746 ἐκὸάλλει
869 2704 945 2749 τοὺς
965 2705 1147 2756 νεοττούς]

303 2779 365 2803 252.
396 2763 440 2802 τὰ
455 2766 603 2815 νεώτερα
626 2777 634 2802 :
656 2763 924 2815 Ἀπαγγέλματα
961 2763 1119 2810 δηλονότι
1139 2762 1162 2808 ἢ
1194 2765 1288 2817 πρά-

250 2839 380 2874 γματα.

304 2895 366 2920 254.
399 2880 641 2933 [ταναοδείρων
664 2894 673 2920 :
693 2880 1019 2933 Μακροτραχήλων.
1040 2880 1079 2917 τὸ
1097 2880 1235 2933 μερικὸν
1254 2881 1289 2919 δὲ

252 2939 308 2977 ἐπὶ
321 2939 458 2977 πάντων
474 2938 601 2983 ἔταξεν.
616 2941 654 2976 οὗ
668 2938 734 2990 γὰρ
750 2939 866 2977 πάντα
883 2938 1089 2990 ταναόδειρα
1102 2938 1145 2977 τὰ
1158 2939 1288 2991 ὄρνεα.]

304 3011 365 3034 2:36.
396 2997 510 3040 καινὸς
526 2997 667 3047 γνώμην
686 3011 694 3036 :
716 2997 808 3035 Νέαν
826 2997 968 3047 γνώμην
986 2996 1243 3047 εἰσηγούμενος.

305 3069 368 3094 258.
400 3056 491 3106 [ἀλλ’
520 3056 562 3093 ἴτ’
592 3059 625 3098 ἐς
653 3055 773 3106 λόγους
800 3069 809 3094 z
836 3059 959 3094 Ταῦτα
988 3055 1032 3093 τὰ
1062 3055 1164 3093 πέντε
1191 3057 1288 3094 κῶλα

255 3113 361 3151 ἔοικεν
382 3114 527 3165 ἐπῳδοῦ.
550 3114 607 3151 καὶ
628 3113 692 3150 εἰσὶ
717 3113 761 3151 τὰ
783 3113 844 3163 μὲν
871 3113 930 3152 δύο
948 3113 1119 3165 τροχαῖκα
1145 3113 1288 3167 δίμετρα

255 3171 494 3217 ἀκατάληκτα.
516 3171 553 3208 τὸ
573 3173 684 3223 τρίτον
705 3172 867 3222 ἷαμῧικὸν
889 3174 927 3209 ἐκ
950 3171 1179 3224 τριδράχεων.
1201 3172 1239 3209 τὸ
1260 3173 1287 3209 δ’

254 3229 441 3266 παιωνικὸν
463 3231 501 3266 ἐκ
521 3233 692 3282 κρητικῶν
723 3229 930 3283 διρρύθμων.
952 3229 991 3266 τὸ
1016 3229 1174 3279 πέμπτον
1205 3232 1289 3280 ἰαμ-

256 3287 351 3324 ὅικὸν
373 3287 601 3339 ἑφθημιμερὲς
623 3289 661 3325 ἐκ
686 3288 913 3340 τριδράχεων.
941 3287 992 3340 ἐφ’
1020 3287 1167 3333 ἑκάστης
1189 3304 1289 3341 στρο-

255 3348 319 3397 φῇς
335 3345 569 3398 παράγραφος.
594 3345 644 3382 ’πὶ
661 3344 695 3382 δὲ
710 3349 758 3397 τῷ
774 3346 864 3384 τέλει
883 3345 1052 3397 κορωνίς.]

1032 171 1284 210 SCHOLIA
1319 171 1376 208 IN
1411 171 1574 209 AVES.

1391 279 1453 304 261.
1483 266 1658 304 κικκαὸαῦ
1678 279 1686 305 :
1704 265 1765 310 τὰς
1784 268 1939 317 γλαῦκας
1958 263 2048 303 οὕτω
2064 265 2186 316 φωνεῖν
2205 261 2377 313 λέγουσιν.

1339 322 1413 360 ὅθεν
1443 323 1503 360 καὶ
1529 323 1699 367 κικκαὸὰς
1727 324 1832 368 αὐτὰς
1860 325 2029 375 λέγουσιν.
2056 322 2130 359 ἔστι
2155 321 2190 359 δὲ
2215 319 2292 372 ἱερὰ
2317 323 2378 366 τῇς

1339 381 1492 426 Ἀθηνᾶς.
1522 383 1552 419 οἱ
1579 381 1615 419 δὲ
1639 382 1841 432 κικυμίδας,
1870 385 1915 425 ὡς
1945 381 2175 432 Καλλίμαχος
2203 385 2265 426 [fr.
2294 379 2376 429 3¹8]

1340 456 1354 472 «
1375 439 1474 492 κάρτ’
1501 438 1613 489 ἀγαθὴ
1647 440 1796 491 κικυμίς.
1816 459 1831 475 »
1851 441 1911 478 καὶ
1929 438 2090 492 εΌμηρος
2116 439 2152 477 δὲ
2173 444 2227 486 [ΙΙ.
2246 444 2295 489 Ξ,
2316 439 2384 489 291]

1441 525 1575 565 χαλκίδα
1589 525 1793 563 κικλήσκουσι
1811 526 1885 564 θεοὶ,
1903 525 2006 566 ἄνδρες
2020 526 2051 556 δὲ
2065 525 2215 565 κύμινδιν.
2395 531 2412 553 5

1338 598 1402 646 τὴν
1422 601 1559 651 γλαῦκα
1580 600 1649 637 ἀπὸ
1669 603 1729 646 τῇς
1747 603 1880 652 μορφῆς
1898 601 2067 651 χαλκίδα,
2084 599 2203 646 ἐπειδὴ
2222 599 2381 652 χαλκίζει

1339 661 1388 711 τῷ
1404 658 1579 711 χρώματι.
1635 657 1778 701 Ἄλλως.
1799 658 1943 708 μίμημα
1959 661 2059 695 τοῦτο
2075 664 2174 701 ποιᾶς
2193 661 2307 710 φωνῇς
2321 662 2383 704 τῇς

1340 716 1500 767 γλαυκός.
1522 716 1595 755 ἔστι
1616 716 1652 754 δὲ
1670 716 1746 769 ἱερὰ
1763 720 1826 763 τῇς
1846 716 2000 762 Ἀθηνᾶς.
2022 716 2073 753 διὸ
2089 715 2148 753 καὶ
2171 710 2257 760 εἶδος
2276 718 2383 762 αὐτῇς

1341 775 1428 813 πολὺ
1448 777 1482 812 ἐν
1501 779 1544 828 τῇ
1567 776 1704 827 Ἀττικῇ
1725 775 1786 813 καὶ
1806 776 1852 818 εἰς
1874 773 1979 824 τιμὴν
1998 777 2060 820 τῇς
2081 777 2156 812 θεοῦ
2178 776 2214 812 ἐν
2234 778 2310 818 τοῖς
2327 791 2382 813 νο-

1342 834 1512 884 μίσμασιν
1534 834 1788 886 ε’γχαράττουσι
1806 833 1869 879 τὴν
1889 834 2042 883 γλαῦκα.
2063 831 2120 870 διὰ
2141 832 2181 870 τὸ
2203 835 2383 884 χαλκῶδες
2407 852 2437 876 ιο

1343 891 1378 929 δὲ
1407 892 1498 944 ἔχειν
1524 892 1564 930 τὸ
1586 892 1714 945 πτερὸν
1739 891 1877 942 λέγεται
1905 890 1965 929 καὶ
1993 890 2130 942 χαλκίς.
2159 890 2296 943 λέγεται
2323 892 2384 930 καὶ

1342 950 1513 1001 κύμινδις.

1395 1022 1457 1047 266.
1489 1007 1598 1059 ἐμέὰς
1616 1010 1726 1052 ἐπῶζε
1750 1022 1759 1047 :
1786 1005 1957 1060 Ἒπῴζειν
1978 1007 2051 1045 ἐστὶ
2073 1006 2112 1045 τὸ
2132 1006 2190 1045 ἐπὶ
2213 1010 2282 1051 τοῖς
2306 1009 2386 1061 ᾠοῖς

1342 1066 1554 1117 καθεζόμενα
1583 1066 1627 1104 τὰ
1656 1066 1757 1118 ὄρνεα
1786 1066 1935 1119 κράζειν.
1967 1068 2137 1112 [ἐνταῦθα
2163 1065 2200 1104 δὲ
2228 1067 2303 1105 ἀντὶ
2324 1071 2383 1105 τοῦ

1343 1124 1557 1176 ἐκρύπτετο]
1587 1124 1774 1178 χαραδριὸς
1799 1124 1835 1162 δέ
1856 1126 1948 1161 ἐστιν
1969 1118 2056 1167 εἶδος
2072 1123 2187 1175 ὀρνέου
2206 1125 2384 1175 μεταὸαλ-
2407 1142 2438 1166 15

1342 1182 1489 1233 λομένου
1507 1185 1554 1226 εἰς
1572 1182 1616 1220 τὰ
1635 1183 1861 1234 προκείμενα.
1879 1184 1983 1234 διχῶς
2001 1182 2037 1220 δέ
2053 1198 2060 1205 ·
2081 1181 2139 1220 ἐπὶ
2164 1181 2226 1232 μὲν
2249 1187 2308 1221 τοῦ
2328 1186 2386 1236 ὀρ-

1343 1241 1440 1291 νέου,
1455 1241 1645 1294 χαραδριὸν
1667 1241 1884 1287 ὀξυτονητέον
1896 1258 1903 1264 ·
1923 1243 1951 1278 εἰ
1973 1239 2008 1278 δὲ
2031 1240 2088 1278 ἐπὶ
2106 1244 2168 1287 τῇς
2186 1241 2385 1294 χαράδρας,

1346 1301 1597 1351 βαρυτονεῗται.
1617 1300 1710 1347 ἐπεὶ,
1728 1300 1831 1352 φασὶ,
1849 1299 1908 1338 καὶ
1923 1302 1958 1337 αἱ
1975 1299 2152 1352 χαράδραι
2171 1299 2296 1353 τρόπον
2309 1300 2386 1339 τινὰ

1345 1357 1400 1395 διὰ
1415 1360 1483 1394 τῶν
1500 1358 1681 1410 ῥευμάτων
1701 1358 1874 1411 μελῳδίας
1889 1362 2082 1397 ποιοῦνται.

1396 1416 1586 1469 χαραδριὸν
1606 1416 1839 1466 μιμούμενοςε
1862 1416 2047 1469 Εὐφρόνιος
2066 1418 2104 1454 ἐκ
2119 1419 2178 1454 τοῦ
2198 1417 2386 1470 χαραδριὸν

1346 1473 1555 1523 μιμούμενος
1584 1474 1672 1518 ἀξιοῖ
1701 1473 1860 1525 δέχεσθαι
1883 1474 2199 1527 ἀποκεκρυμμένος.
2226 1475 2301 1512 ἐπεὶ
2321 1474 2387 1527 γὰρ

1344 1531 1421 1575 τοὺς
1442 1532 1631 1586 ἷκτερικοὺς
1648 1533 1776 1585 ὠφελεῖ
1791 1536 1807 1570 ὃ
1823 1532 2012 1586 χαραδριὸς
2028 1532 2158 1585 ὀφθεὶς,
2178 1535 2208 1570 οἱ
2227 1534 2388 1571 πωλοῦν-

1345 1607 1399 1634 τες
1426 1591 1540 1637 αὐτὸν,
1563 1591 1665 1644 φασὶ,
1687 1590 1909 1644 κρύπτουσιν,
1930 1591 1986 1629 ἵνα
2008 1591 2056 1642 μὴ
2076 1591 2143 1644 πρὸ
2167 1595 2226 1629 τοῦ
2246 1591 2387 1638 ὠνήσα-

1346 1648 1424 1686 σθαί
1452 1665 1502 1692 τις
1526 1651 1605 1701 ἰαθῇ
1636 1648 1828 1702 παρέργως.
1848 1673 1901 1678 —-
1982 1649 2125 1692 Ἄλλως.
2146 1649 2206 1688 καὶ
2227 1648 2295 1700 μὴν
2320 1666 2389 1688 κα-

1344 1705 1466 1744 λύπτει
1484 1710 1529 1751 ὡς
1547 1707 1737 1760 χαραδριὸν
1758 1708 1898 1761 περνάς.
1917 1716 1956 1745 V.
1978 1707 2138 1760 Ἀνδρέας
2160 1707 2196 1745 δέ
2216 1723 2301 1760 φησι
2319 1711 2386 1746 τῶν
2426 1725 2438 1732 ”

1348 1767 1521 1818 ἰκτερικῶν
1545 1768 1583 1803 οὐ
1604 1765 1681 1809 τοὺς
1701 1765 1852 1814 ἰδόντας,
1869 1765 1961 1804 ἀλλὰ
1979 1765 2058 1810 τοὺς
2074 1765 2247 1819 φαγόντας
2269 1768 2385 1804 ἀπαλ-

1345 1824 1532 1862 λάττεσθαι
1546 1828 1606 1862 τοῦ
1621 1824 1762 1867 πάθους.

1399 1896 1460 1921 267.
1485 1881 1616 1933 τοροτίξ
1637 1895 1645 1919 :
1666 1884 1712 1920 Οἱ
1731 1881 1792 1932 μὲν
1810 1882 1868 1919 καὶ
1889 1886 1992 1920 τοῦτο
2006 1885 2066 1920 τοῦ
2084 1881 2211 1925 ἔποπος
2228 1882 2387 1933 λέγουσιν

1347 1934 1450 1985 εἶναι,
1469 1943 1498 1978 οἱ
1519 1939 1554 1977 δὲ
1572 1939 1702 1992 ὄρνιθός
1718 1955 1806 1983 τινος
1825 1939 2111 1993 περιιπταμένου.
2139 1940 2214 1991 [καὶ
2233 1945 2333 1979 τοῦτο
2353 1941 2389 1978 δὲ

1346 2001 1412 2036 τῶν
1427 1998 1616 2050 εἰρημένων
1631 1997 1788 2050 ὀρνέων.]

1399 2070 1461 2096 268.
1495 2056 1608 2107 [ἀγάθ’
1625 2057 1701 2093 ἀλλ’
1711 2056 1825 2094 οὑτοσὶ
1844 2069 1852 2094 :
1870 2056 2024 2109 Κορωνὶς
2043 2050 2138 2100 αὖθις
2152 2056 2251 2110 ἑτέρα
2270 2056 2390 2113 εἰσιόν-

1345 2131 1413 2153 των
1428 2118 1494 2152 τῶν
1513 2117 1719 2167 ὑποκριτῶν.
1738 2117 1768 2152 οἳ
1783 2114 1818 2152 δὲ
1836 2114 1948 2166 στίχοι
1965 2114 2146 2168 τροχαϊκοὶ
2162 2115 2389 2170 τετράμετροι

2407 2020 2442 2045 30

1347 2173 1598 2219 καταληκτικοὶ
1614 2174 1664 2223 μ’,
1680 2176 1727 2211 ὡν
1743 2175 1940 2216 τελευταῖος

1428 2263 1480 2293 καὶ
1494 2262 1657 2302 βλέπουσιν
1675 2262 1716 2297 εἰς
1731 2262 1766 2292 σὲ
1781 2261 1873 2301 κάμέ.
1885 2264 1977 2292 τοῦτο
1993 2261 2046 2302 μὲν
2062 2261 2156 2302 κάμοὶ
2171 2261 2266 2292 δοκεῖ.

1348 2334 1380 2369 ἐν
1403 2330 1534 2369 ἐκθέσει
1555 2330 1590 2369 δὲ
1609 2330 1698 2382 μετὰ
1713 2330 1770 2368 τὸν
1789 2331 1839 2375 λζ’
1865 2331 1983 2382 στίχον
2007 2333 2104 2369 κῶλα
2124 2329 2275 2381 ἷαμὸικὰ
2294 2330 2391 2382 δίμε·
2429 2369 2440 2375 „

1346 2405 1412 2442 τρα
1433 2389 1664 2435 ἀκατάληκτα
1687 2389 1733 2439 β’.
1749 2390 1806 2427 ἐπὶ
1823 2392 1871 2441 τῷ
1886 2389 1977 2426 τέλει
1994 2388 2165 2441 κορωνίς.]
2430 2378 2443 2394 Φ

1400 2447 1459 2484 καὶ
1487 2447 1529 2493 δή
1549 2463 1598 2490 τις
1618 2447 1707 2499 ὅρνις
1728 2460 1737 2485 :
1761 2450 1876 2485 Τοῦτο
1899 2447 2099 2484 ἀποδέδωκε
2115 2447 2199 2500 πρὸς
2217 2445 2262 2484 τὰ
2281 2446 2352 2485 ἄνω
2369 2446 2391 2484 ἃ

1348 2500 1440 2543 εἶπεν
1458 2508 1475 2542 ὃ
1492 2504 1604 2556 ἕτερος
1625 2524 1638 2537 «
1661 2505 1774 2548 ἄλλως
1791 2505 1844 2557 ἄρ’
1865 2504 1992 2557 οὕποψ.
2017 2521 2030 2537 υ
2051 2505 2156 2555 [ταῶς
2173 2503 2210 2542 δὲ
2231 2504 2392 2549 Ἀττικῶς
2441 2547 2443 2550 .

1349 2564 1591 2615 περισπᾶται.]

1401 2635 1465 2659 270.
1498 2615 1594 2664 οὗτος
1608 2620 1708 2663 αὐτὸς
1726 2635 1734 2659 :
1752 2620 1856 2671 [Ἀντὶ
1872 2624 1930 2659 τοῦ
1946 2622 1964 2657 ὁ
1978 2620 2084 2672 ἔποψ]
2099 2621 2171 2672 ἐρεῖ
2182 2621 2282 2671 ἡμῖν.

1402 2693 1465 2717 272.
1496 2678 1601 2722 καλός
1617 2695 1654 2729 γε
1677 2678 1737 2716 καὶ
1762 2683 1944 2731 φοινικιοῦς
1963 2692 1972 2716 z
1993 2673 2063 2717 γΗν
2083 2678 2150 2731 γὰρ
2171 2678 2391 2732 φοινικόπτε-

1350 2752 1416 2787 ρος.
1442 2735 1582 2786 λέγεται
1609 2731 1666 2773 οὖν
1693 2736 1768 2773 ἀντὶ
1797 2740 1855 2774 τοῦ
1875 2735 2014 2789 πυρρός.
2042 2743 2257 2790 περισπᾶται
2281 2735 2319 2776 δὲ
2342 2740 2392 2790 τῷ

1348 2793 1440 2845 λόγῳ
1462 2796 1530 2831 τῶν
1549 2796 1593 2836 εἷς
1613 2809 1668 2836 ους
1688 2794 1822 2832 ἁπλῶν.
1841 2793 1901 2831 καὶ
1918 2793 2024 2844 [ἔστι]
2044 2794 2142 2847 παρὰ
2161 2795 2224 2842 τὴν
2244 2795 2393 2848 φοίνικος

1347 2851 1485 2902 γενικὴν
1505 2852 1686 2904 φοινικόεις
1706 2851 1766 2889 καὶ
1786 2851 1966 2903 φοινικίεος
1983 2854 2017 2890 ἐν
2038 2853 2218 2906 ὑπερθέσει
2237 2853 2297 2892 καὶ
2317 2869 2391 2907 φοι-

1351 2913 1477 2952 νικιοῦς
1491 2910 1526 2946 ἓν
1540 2909 1747 2962 συναιρέσει.
2411 2949 2441 2973 4'

1404 2981 1467 3005 275.
1493 2966 1624 3018 ἔξεδρον
1644 2967 1764 3018 χώραν
1782 2966 1871 3019 ἔχων
1888 2981 1897 3006 :
1920 2968 1986 3007 Ἐκ
2003 2971 2064 3015 τῇς
2083 2968 2299 3022 Σοφοκλέους
2317 2969 2387 3007 δευ-
2429 2959 2444 2975 ⁰

1349 3024 1450 3078 τέρας
1462 3027 1597 3076 Τυροῦς
1611 3024 1702 3076 ἀρχὴ

2410 2656 2443 2681 40

1429 3104 1473 3140 τίς
1487 3105 1564 3146 ὄρνις
1575 3104 1662 3140 οὗτος
1673 3105 1788 3146 ἔξεδρον
1799 3106 1903 3148 χώραν
1915 3106 2015 3147 ἑχων;

1761 3174 1790 3186 W

1401 3175 1446 3216 ὡς
1463 3175 1491 3210 εἰ
1510 3168 1583 3211 εἶπε
1603 3189 1627 3225 χ
1631 3173 1736 3226 ροιάν.
1758 3176 1889 3227 εςεδρον
1907 3173 1961 3222 δὲ,
1979 3173 2289 3227 παρηλλαγμένην.
2325 3175 2389 3213 Σο·

1348 3232 1476 3282 φοκλῆς
1498 3233 1590 3281 (Phil.
1609 3234 1672 3281 212)
1691 3251 1705 3265 «
1721 3235 1782 3270 οὐκ
1797 3232 1946 3286 ἔξεδρος,
1962 3235 2037 3271 ἀλλ’
2055 3232 2193 3276 ἔντοπος
2210 3232 2310 3284 ἀνήρ.
2328 3232 2360 3282 υ]

1401 3304 1463 3328 276.
1495 3293 1511 3327 ὁ
1532 3291 1765 3340 μουσόμαντις
1788 3306 1796 3313 ·
1817 3292 1862 3331 Ὁ
1888 3291 2087 3342 κομπώδης.
2109 3295 2255 3329 τοιοῦτοι
2274 3289 2342 3342 γὰρ
2359 3290 2390 3327 οἱ

1351 3348 1490 3397 μάντεις
1507 3349 1565 3386 καὶ
1582 3351 1612 3385 οί
1627 3349 1780 3395 ποιηταί.

2409 3273 2444 3300 50
