2453 3808
90 201 800 222 :zm-

434 318 524 400 G.
588 318 1169 398 DINDORFII
1225 321 1820 403 PRAEFATIO.

1024 474 1218 490 '70⁶—

137 575 197 615 Ad
214 575 355 614 scholia
381 575 419 611 in
439 574 729 625 Aristophanem
750 583 786 611 ct
803 574 1037 612 emendanda
1062 582 1097 610 ct

83 634 350 686 locupletanda
367 633 563 670 codicibus
580 647 669 670 usus
684 647 765 670 sum
783 648 861 679 sex,

104 697 205 744 ΖΚ.
224 696 454 738 Ravennam,

161 754 206 788 V.
228 755 374 787 Veneto
393 751 588 787 Marciano
613 757 699 796 474,

163 813 209 846 G.
233 808 402 858 ejusdem
426 808 668 845 bibliothecae
686 809 772 853 475,

163 867 208 905 Θ.
229 867 446 903 florentino
468 867 725 902 Laurentiano
751 880 863 914 2779,

164 926 207 964 Γ.
231 925 401 974 ejusdem
421 924 660 961 bibliotheca?
684 925 802 974 plutei
823 926 883 966 31,
907 924 964 968 15,

161 987 215 1020 M.
235 983 509 1020 Mediolanensi
529 982 784 1019 Ambrosiano
807 987 848 1029 L,
868 984 930 1031 39,

83 1042 319 1092 aliorumque
353 1041 624 1077 nonnullorum
655 1042 843 1091 excerptis
858 1071 868 1087 ,
907 1055 990 1090 quae
1023 1042 1098 1078 suis

82 1113 242 1150 quaeque
273 1099 364 1136 locis
384 1101 690 1136 commemoravi.
732 1103 877 1137 Horum
911 1100 1098 1136 librorum

83 1158 252 1195 omnium
273 1167 308 1195 et
333 1166 441 1194 aetate
459 1166 495 1194 et
516 1159 740 1195 auctoritate
757 1160 934 1208 princeps
955 1167 1009 1195 est
1027 1163 1099 1196 Ra-

82 1228 224 1252 vennas
245 1215 420 1252 undecim
440 1215 667 1254 fabularum.
690 1218 847 1267 Propria
866 1217 953 1253 huic
977 1217 1099 1254 codici

83 1282 170 1311 511111
189 1274 332 1311 scholia
348 1275 841 1325 Thesmophoriazusarum,
862 1278 1098 1326 Lysistratae-

82 1345 157 1382 que
179 1345 353 1370 versuum
370 1334 562 1381 818-889‚
585 1336 827 1382 11199-1228,
855 1336 1098 1381 latio-1278,

86 1393 308 1440 1297—1311
332 1406 341 1437 ;
374 1392 513 1429 desunt
538 1394 719 1442 Equitum
743 1395 947 1437 216-1408
965 1422 973 1436 ‚
994 1394 1099 1431 Pacis

86 1450 336 1498 1039-1356,
367 1451 509 1487 Avium
531 1452 707 1500 ²39“39-'*
725 1480 734 1496 ,
759 1453 977 1500 Lysistratae
1002 1453 1099 1498 376-

84 1513 170 1551 404.
204 1508 352 1545 Scholia
374 1510 497 1545 minus
518 1523 632 1558 quam
653 1511 768 1559 vulgo
801 1520 886 1547 sunt
917 1512 1097 1560 copiosa:

83 1574 187 1602 caret
210 1566 310 1602 enim
329 1580 406 1602 non
427 1568 548 1603 solum
570 1569 863 1616 Byzantinorum
885 1569 1100 1616 grammati-

83 1637 215 1661 corum
248 1624 586 1670 annotationibus,
621 1625 685 1661 sed
718 1626 831 1662 etiam
862 1626 908 1662 de
945 1627 1099 1662 scholiis

81 1682 349 1719 Alexandrinis
370 1683 509 1731 passim
536 1683 663 1719 omisit
681 1697 766 1732 quae
786 1684 832 1720 ad
854 1685 1100 1734 explicandas

83 1749 210 1790 poetae
229 1741 432 1777 sententias
456 1741 577 1777 minus
600 1743 808 1778 necessaria
826 1756 907 1779 esse
925 1743 1099 1780 videren-

82 1807 156 1836 tur.
175 1798 382 1836 Vocabulis
397 1799 699 1837 Graecobarbaris
723 1802 760 1837 in
782 1802 934 1838 scholiis
955 1802 1100 1851 pariter

81 1866 197 1908 atque
213 1858 448 1907 glossematis
466 1859 566 1894 inter
588 1872 718 1896 versus
734 1861 868 1910 positis
893 1861 1016 1897 utitur
1035 1875 1099 1897 ra-

82 1917 229 1953 rissime
246 1916 369 1966 iisque
388 1917 541 1953 nonnisi
557 1917 695 1954 talibus
712 1932 795 1968 quae
815 1927 900 1955 ante
918 1923 1101 1956 Constan-

82 1975 152 2012 tini
180 1975 306 2024 magni
328 1983 510 2024 tempora
536 1976 576 2012 in
604 1976 770 2025 linguam
798 1977 990 2026 vulgarem
1020 1991 1100 2014 esse

81 2034 186 2071 illata
213 2034 271 2070 vel
296 2033 524 2083 scriptorum
552 2035 737 2084 exemplis
759 2044 906 2071 constet
931 2037 990 2072 vel
1009 2050 1101 2072 ana-

82 2093 182 2143 logia
201 2092 355 2130 doceat:
373 2091 585 2141 cujusmodi
597 2102 684 2129 sunt
707 2093 818 2144 βάκλα
831 2094 877 2130 ad
895 2095 990 2131 Plut.
1011 2097 1098 2141 476,

83 2150 212 2202 ὃγκίνοι
235 2154 323 2196 431,
349 2150 507 2202 συδάριον
524 2159 561 2188 et
577 2151 753 2203 φακιόλιον
771 2166 844 2200 729
857 2181 867 2197 ,
888 2156 1036 2195 κοῧσττος
1054 2153 1100 2190 ad

81 2214 166 2247 Pac.
182 2212 269 2256 478,
283 2210 532 2261 βουρὸωνάριος
548 2219 586 2247 61
603 2210 791 2255 maffia-m
805 2212 852 2247 ad
865 2212 1099 2261 Thesmoph.

84 2274 175 2318 491,
205 2268 433 2305 vocabulum
460 2268 639 2304 Latinum
668 2268 884 2320 ἐκσκέπτορκ
914 2270 1100 2318 (excepto-

85 2329 174 2377 rem)
199 2328 245 2364 ad
264 2327 368 2364 Nub.
398 2341 486 2372 770.
520 2328 687 2363 Patriam
715 2341 844 2373 suam,
870 2342 947 2364 non
977 2338 1099 2366 tamen

86 2386 224 2423 diserte
248 2387 496 2432 nominatam,
511 2386 626 2422 semel
651 2395 834 2422 memorat
856 2387 1033 2424 librarius
1055 2389 1100 2424 ad

85 2445 220 2482 Avium
245 2457 282 2479 v.
300 2445 374 2487 842
390 2472 400 2488 ,
424 2443 491 2479 ubi
510 2457 594 2493 quae
621 2445 822 2481 scholiasta
840 2445 885 2482 de
899 2446 1101 2482 excubito-

83 2503 190 2540 ribus
207 2516 276 2553 per
293 2501 552 2538 tintinnabula
566 2503 774 2552 exploratis
793 2504 1010 2549 annotavit,
1031 2518 1100 2541 sno

81 2563 201 2612 ipsius
217 2561 473 2597 additamento
499 2562 604 2597 auxit
630 2561 826 2607 librarius,
847 2561 929 2613 ὅπερ
954 2563 1100 2600 ἐθεασά-

1159 575 1306 611 Vencre
1337 576 1515 624 genitrice
1544 577 1588 613 ad
1611 576 1710 614 Nub.
1749 578 1822 625 132,
1859 587 1892 614 ct
1921 588 2098 629 excerpta
2127 594 2172 617 ex

1159 634 1340 670 Athenaeo
1361 635 1407 670 de
1429 634 1518 670 ludo
1537 635 1679 671 cottabi
1699 636 1743 671 ad
1765 640 1846 674 Pac.
1874 644 1982 681 1244.
2005 639 2174 676 Yocabu-

1160 692 1283 728 lorum
1299 692 1549 729 barbarorum
1568 706 1656 730 usus
1677 694 1810 730 iisdem
1828 694 1966 743 quibus
1985 698 2020 732 in
2032 700 2173 733 Raven-

1159 758 1243 786 nate
1260 750 1398 787 finibus
1413 752 1642 789 continetur.
1666 752 1724 788 Sic
1746 751 1925 803 ποδάριον
1946 762 1981 789 61
1999 755 2172 805 ’.Ιικκιόλιεν

1157 817 1212 844 651
1231 810 1268 845 111
1286 810 1431 846 scholio
1449 811 1547 847 Pluti
1567 825 1653 859 729,
1679 811 1806 860 ὀγκίνοι
1829 812 1881 849 ib.
1902 812 1994 857 (431,
2016 827 2175 861 κον-,σμε-

1158 870 1285 917 τροῧσα
1313 867 1364 904 ib.
1383 869 1456 910 436
1474 897 1483 914 ,
1504 869 1645 909 rtatim-13
1666 869 1757 905 ibid.
1790 883 1881 917 1097
1901 899 1909 915 ,
1934 870 2173 918 καμηλκύκιῡν

1159 926 1205 961 ad
1223 926 1320 962 Nub.
1345 929 1417 963 268
1434 956 1442 971 ,
1467 926 1663 979 σπόρτουλα
1688 928 1738 964 ib.
1764 930 1871 964 1136.
1905 930 2036 964 Latina
2054 928 2174 965 ἔκσκέ·

1157 999 1268 1036 πτορα
1289 985 1339 1021 ib.
1358 1000 1445 1032 770,
1467 986 1659 1037 δηλάτορας
1680 986 1725 1022 ad
1745 987 1840 1023 Plut.
1869 988 1955 1032 287.

1211 1046 1356 1080 Yeneto
1376 1050 1449 1089 474
1469 1044 1540 1093 Α.)
1566 1053 1637 1080 tam
1668 1045 1799 1081 similis
1816 1053 1871 1081 651
1894 1045 1988 1081 alter
2008 1045 2174 1094 ejusdem

1160 1101 1399 1139 bibliothecae
1418 1102 1539 1139 codex
1567 1103 1667 1152 (G.),
1704 1113 1744 1140 ut
1775 1104 1986 1153 descriptus
2021 1117 2066 1140 ex
2093 1106 2175 1154 ipso

1159 1161 1335 1197 videatur
1350 1190 1359 1206 ,
1387 1162 1535 1198 omissis
1559 1162 1784 1211 plerumque
1803 1163 2036 1211 glossematis
2054 1163 2173 1198 iuter-

1159 1218 1389 1265 linearibus,
1419 1233 1502 1268 quae
1523 1220 1630 1269 prior
1650 1220 1712 1257 ille
1731 1234 1805 1256 11011
1829 1234 1946 1269 pauca
1968 1219 2094 1265 habet,
2112 1221 2176 1256 ad-

1159 1277 1246 1314 ditis
1276 1286 1402 1314 autem
1433 1278 1585 1315 aliunde
1616 1287 1884 1328 excerptorum
1921 1278 1965 1314 de
1995 1279 2176 1316 comoedia

1160 1336 1349 1385 capitibus
1365 1338 1515 1374 duobus
1539 1338 1568 1387 (I
1591 1342 1676 1375 etII
1699 1338 1755 1375 ed.
1779 1338 1946 1386 nostrae),
1963 1339 2174 1374 annotatio-

1161 1394 1272 1430 nibus
1295 1395 1440 1444 aliquot
1470 1395 1517 1431 ad
1549 1396 1692 1443 primos
1723 1396 1821 1432 Pluti
1848 1409 1998 1438 versus,
2032 1395 2077 1431 ad
2106 1400 2174 1432 Av.

1162 1454 1250 1500 559,
1272 1454 1358 1499 560,
1381 1455 1468 1495 801,
1488 1462 1524 1489 61
1545 1455 1629 1490 loco
1647 1455 1890 1504 Theopompi
1906 1454 1951 1490 ad
1972 1458 2065 1490 Rau.
2087 1456 2175 1499 218,

1161 1525 1273 1561 (1116111
1302 1511 1517 1548 breviorem
1540 1512 1693 1549 exhibet
1714 1516 1760 1549 V.
1794 1513 1954 1561 Reliqua
1978 1514 2176 1562 scriptura¹

1161 1570 1359 1606 diversitas
1375 1571 1548 1619 quamvis
1571 1585 1646 1607 non
1667 1571 1886 1619 infiequens
1903 1599 1911 1614 ,
1937 1579 2059 1606 tamen
2084 1570 2175 1606 ubi—

1161 1642 1233 1677 que
1253 1637 1308 1664 est
1329 1628 1514 1677 ejusmodi
1539 1637 1577 1664 ut
1593 1629 1747 1665 librario
1770 1628 1883 1664 tribui
1903 1629 2020 1677 possit
2038 1629 2176 1677 prioris

1161 1687 1302 1723 codicis
1332 1687 1570 1736 corruptelas
1603 1689 1834 1736 corrigenti:
1859 1687 1894 1722 in
1929 1700 2004 1735 (1110
2035 1687 2098 1723 1116
2125 1688 2176 1723 ita

1160 1754 1215 1781 est
1234 1754 1405 1781 versatus
1421 1754 1461 1781 ut
1479 1746 1559 1781 aliis
1579 1747 1616 1782 in
1635 1746 1726 1782 locis
1742 1759 1871 1782 verum
1892 1745 2051 1791 videret,
2071 1747 2175 1794 quod

1161 1818 1237 1840 non
1272 1804 1426 1841 difficile
1460 1805 1529 1840 fuit
1562 1805 1600 1840 in
1635 1813 1690 1841 tot
1723 1804 1959 1840 minutorum
1992 1805 2175 1840 vitiorum

1160 1863 1407 1907 correctione,
1436 1863 1471 1898 in
1491 1863 1572 1899 aliis
1594 1863 1726 1898 miram
1748 1862 1928 1911 proderet
1951 1862 2094 1911 ingenii
2112 1863 2177 1898 he-

1160 1919 1393 1963 betudinem,
1415 1920 1521 1969 cujus
1537 1922 1627 1957 satis
1642 1922 1711 1957 erit
1730 1920 1873 1969 aliquot
1892 1920 1963 1956 hoc
1981 1921 2065 1956 loco
2084 1934 2174 1970 pro-

1161 1978 1313 2015 duxisse
1334 1979 1585 2015 documenta:

1318 2052 1346 2077 V
1678 2052 1702 2078 G
1859 2049 1863 2087 1
1922 2048 2125 2079 scribendum

1160 2101 1217 2126 AV.
1242 2097 1301 2126 455
1314 2096 1441 2136 ῥωμέως
1537 2097 1696 2137 ῥωμαλέον
1860 2093 1986 2135 ’νομέως

1227 2145 1302 2174 1395
1318 2143 1439 2182 ἐἺῑαζδῒῇ
1536 2143 1566 2172 ,ἐν
1582 2143 1707 2182 Tor-2572]
1873 2144 1936 2173 ἔνια
1951 2148 1988 2183 τῇ

1226 2193 1303 2222 1490
1316 2189 1506 2221 τιτανωπόισι
1535 2190 1646 2229 τιτάνῳ
1662 2189 1817 2228 πασιᾳάης
1871 2192 2061 2222 Tan-armaion

1380 2238 1415 2266 λ).

1224 2282 1233 2308 1
1244 2278 1303 2308 556
1318 2278 1396 2318 βαῧυ
1534 2277 1686 2307 &zeina
1873 2279 2086 2314 Βαδυλωνίοις,

1128 2350 1130 2371 i
1160 2330 1359 2366 Interdum
1389 2330 1542 2366 lacunas
1569 2329 1732 2366 absurde
1758 2332 1944 2380 explevit,
1977 2332 2079 2367 velut
2106 2336 2174 2368 Av.

1161 2391 1250 2435 874,
1276 2403 1387 2437 1297,
1408 2389 1466 2424 vel
1487 2402 1562 2424 non
1586 2389 1773 2425 intellecta
1798 2390 1844 2426 ab
1866 2404 1905 2427 se
1925 2391 2116 2436 correxit,
2136 2401 2177 2427 ut

1160 2452 1244 2484 Pac.
1265 2449 1365 2496 959,
1385 2446 1448 2492 τὴν
1478 2447 1637 2497 κωμικὴν
1664 2447 1798 2499 γράψας
1826 2448 1915 2492 λέξιν
1950 2450 2109 2486 mutavit
2139 2451 2176 2486 in

1160 2506 1347 2559 κωμῳδίαν
1367 2505 1511 2557 γράψας.
1535 2511 1616 2543 Ηο6
1634 2507 1732 2543 libro
1752 2508 1804 2544 ita
1820 2521 1902 2544 sum
1928 2522 2016 2545 usus
2040 2518 2081 2545 ut
2099 2508 2177 2545 dis-

1127 2604 1130 2614 ,
1160 2580 1311 2602 5611511111
1336 2565 1416 2614 ejus
1435 2580 1455 2602 a
1473 2569 1620 2603 Veneto
1642 2567 1769 2615 priore
1789 2577 2028 2615 annotarem,
2059 2569 2175 2604 omit-

83 2635 152 2671 μην
176 2618 301 2662 καύτὸς
329 2618 438 2668 ἔγωγε
466 2620 500 2655 ἓν
521 2622 563 2670 τῇ
590 2621 656 2671 ἐμῇ
687 2621 840 2672 πατρίδι.
876 2622 1015 2659 Similis
1044 2630 1100 2658 est
1126 2617 1132 2676 1
1160 2632 1278 2661 terem
1299 2637 1536 2661 consensum.

83 2678 245 2715 recentis
267 2677 476 2714 scholiastae
500 2679 698 2715 annotatio
718 2679 764 2715 ad
784 2682 879 2717 Rau.
901 2680 988 2727 932.
1021 2681 1099 2716 Pri-

84 2750 166 2773 mus
182 2744 270 2787 post
285 2744 414 2772 renata
426 2736 621 2773 literarum
637 2737 762 2773 studia
778 2738 849 2774 hoc
865 2738 996 2774 codice
1010 2752 1099 2775 usus

83 2804 140 2832 est
156 2794 342 2831 Antonius
362 2795 593 2838 Francinus,
624 2794 689 2843 qui
713 2795 817 2830 Pacis
843 2808 974 2831 versus
1003 2798 1101 2843 948-

88 2853 198 2899 1005,
221 2851 362 2901 quibus
376 2859 479 2888 caret
494 2852 611 2888 editio
626 2852 775 2895 Aldina,
796 2866 871 2888 una
886 2867 969 2889 cum
990 2854 1100 2890 scho-

83 2912 145 2948 liis
167 2924 215 2947 ex
237 2923 283 2946 eo
307 2909 520 2960 descriptos
542 2910 662 2947 edidit
683 2911 722 2947 in
751 2910 917 2959 editione
943 2914 1100 2950 Juntina

83 2984 116 3007 a.
141 2969 253 3013 1525,
273 2969 375 3005 nulla
390 2969 563 3018 quamvis
582 2969 774 3006 mentione
792 2969 932 3006 codicis
950 2970 1060 3008 facta.

136 3026 338 3064 Proximus
366 3028 580 3064 Ravennati
609 3031 776 3064 Venetus
808 3036 864 3064 est
897 3035 971 3075 474
989 3058 998 3075 ,
1032 3031 1098 3079 (1111

85 3095 229 3137 septem
242 3094 386 3123 tantum
399 3087 544 3125 fabulas
552 3089 838 3139 complectitur:
854 3088 989 3126 desunt
997 3091 1098 3126 enim

85 3146 360 3190 Acharnenses,
379 3146 646 3183 Ecclesiazusae
658 3177 667 3193 ‚
683 3147 1098 3197 Thesmophoriazusae‚

86 3204 304 3253 Lysistrata.
333 3203 485 3240 Scholia
505 3205 659 3254 antiqua
681 3205 793 3255 longe
812 3219 923 3255 quam
945 3207 1096 3243 Raven-

87 3278 154 3301 nas
173 3263 290 3301 habet
305 3263 513 3312 ampliora,
542 3277 626 3299 raro
647 3264 823 3301 admixtis
844 3266 1097 3301 recentiorum

89 3322 419 3372 grammaticorum
441 3321 752 3357 annotationibus
768 3351 778 3371 ,
799 3323 928 3372 quales
947 3332 1035 3359 sunt
1052 3324 1099 3360 ‹le

89 3382 226 3418 mensis
247 3380 438 3417 coronatis
456 3379 706 3417 Hebraeorum
726 3379 771 3416 ad
792 3381 886 3417 Plut.
911 3382 1030 3427 1056,
1054 3382 1099 3418 de

1212 2684 1488 2719 Laurentianus
1510 2685 1554 2720 Θ.
1573 2692 1755 2733 quattuor
1775 2684 2004 2727 fabularum,
2021 2686 2175 2721 charta-

1160 2755 1248 2778 ceus
1266 2741 1382 2777 seculi
1400 2742 1522 2790 quarti
1547 2741 1682 2778 decimi
1701 2771 1710 2786 ‚
1733 2743 1924 2792 praecipuo
1943 2744 2027 2779 usui
2047 2743 2118 2779 suit
2137 2745 2175 2779 in

1160 2801 1313 2838 scholiis
1331 2801 1527 2850 Equitum,
1545 2801 1608 2837 ubi
1626 2800 1724 2837 bona
1743 2802 1907 2851 plurima
1927 2816 2011 2838 cum
2028 2807 2175 2839 Veneto

1159 2859 1273 2896 habet
1295 2860 1511 2896 communia
1527 2887 1537 2904 ,
1566 2861 1748 2896 nonnulla
1769 2860 1879 2896 etiam
1908 2861 1977 2896 sibi
2004 2862 2174 2910 propria,

1158 2913 1281 2967 neque
1301 2919 1340 2954 in
1356 2918 1467 2954 Pluto
1487 2925 1523 2953 et
1549 2918 1665 2954 Ranis
1682 2918 1845 2954 utilitate
1869 2931 1936 2954 sua
1958 2919 2091 2955 caruit.
2115 2919 2172 2955 Ad

1158 2976 1289 3014 Nubes
1302 2977 1476 3013 tenuiora
1493 2975 1608 3012 habet
1628 2977 1859 3012 scholiorum
1872 2985 2048 3026 excerpta
2062 2991 2172 3027 quam

1159 3049 1242 3084 quae
1255 3035 1545 3072 commemorari
1562 3035 1707 3084 singula
1725 3048 1853 3085 operae
1868 3036 2030 3084 pretium
2049 3036 2173 3080 fuerit,

1159 3093 1391 3141 omninoque
1412 3092 1501 3128 libri
1522 3091 1635 3140 hujus
1663 3092 1890 3129 lectionibus
1910 3106 1997 3129 cum
2022 3092 2170 3128 delectu

1160 3151 1325 3199 quodam
1345 3163 1435 3186 usus
1450 3163 1530 3187 sum
1547 3179 1557 3196 ,
1576 3164 1624 3186 ne
1644 3152 1924 3187 annotationem
1942 3164 2062 3187 meam
2084 3151 2172 3187 inu-

1160 3209 1215 3245 tili
1234 3209 1332 3245 mole
1350 3222 1542 3258 augerem.
1575 3209 1699 3246 Infimi
1717 3210 1787 3245 aevi
1815 3209 1968 3246 scholiis
1989 3209 2051 3245 hic
2072 3222 2171 3258 quo-

1160 3281 1233 3316 que
1252 3267 1373 3302 codex
1393 3275 1515 3312 caret,
1543 3266 1614 3303 nisi
1644 3267 1744 3316 quod
1774 3281 1848 3303 uno
1869 3268 2066 3316 alteroque
2088 3268 2173 3304 loco

1159 3325 1424 3361 annotationes
1442 3325 1624 3374 quasdam
1641 3326 1800 3362 insertas
1813 3325 1928 3362 habet
1945 3326 2072 3375 quales
2084 3329 2170 3361 Mo-

1161 3383 1368 3432 schopulus
1390 3383 1527 3432 aliique
1548 3382 1714 3432 ejusdem
1735 3384 1914 3433 temporis
1938 3383 2168 3432 grammatici

1956 3492 1990 3511 (l.
