2533 3808
188 284 256 315 166

236 370 312 394 133ss-
347 351 497 400 (ὑπώπια
517 363 525 387 :
545 347 601 386 Τὰ
619 348 664 388 εἷς
678 345 738 391 τὴν
753 344 828 396 ὄψιν
843 342 1034 393 πλήγματα
1050 340 1209 379 ἐνταῦθα.

180 415 312 466 εἴρηται
339 410 365 447 δ’
393 412 427 447 ἐν
460 407 575 448 ἄλλοις
602 410 652 451 [ad
669 409 804 441 Acharu.
828 411 990 449 551‚1⁴ac.
1012 405 1076 446 541]
1105 401 1206 450 ἀκρι-

179 472 350 521 ἕεστερον.
356 470 366 516 )

234 542 310 565 1338.
340 526 385 563 ἴθι
408 539 466 574 μοι
481 520 690 573 παραστηθ
712 521 773 556 ἀντ
755 518 915 556 -ιόολωε
940 517 1032 563 Γυνη
1049 533 1100 559 τις
1120 514 1211 566 ὑδρι-

143 609 158 633 5
180 586 286 637 σμένη
321 584 387 620 ὑπὸ
409 585 467 620 τοῦ
500 580 656 633 γέροντος
685 579 794 616 δεῖται
821 580 881 614 τοῦ
910 578 982 614 υἱοῦ
1017 577 1210 626 (βοηθῆσαι

179 647 278 695 αὕτη.
301 642 451 691 Δίδυμος
472 639 506 677 δὲ
525 637 730 690 ἀρτόπωλις
743 636 862 687 λέγει).
885 659 933 664 —-
954 634 1039 685 γυνή
1059 649 1109 676 τις
1128 646 1212 684 προς

179 702 349 754 μάρτυρα.
367 708 405 737 R.

233 773 310 797 1391.
339 756 564 803 κάπιθήκηεν
585 754 675 797 Τους
693 753 811 798 ἔξωθεν
831 768 891 789 του
910 750 1047 804 φορτίου
1061 747 1212 802 προσθή-

177 833 242 865 κην
260 816 373 860 ὄντας.

129 902 159 925 10
235 890 311 914 1391.
345 874 452 925 (λόγοι
485 871 758 916 διαλλάξουσιν;
789 872 961 920 Μιμεῖται
987 866 1030 906 τὰ
1048 866 1212 916 εἰρημένα

179 935 245 972 ὑπὸ
265 938 324 972 τοῦ
342 935 440 983 υἱοῦ.)

234 1006 312 1030 1396.
345 989 582 1042 (καταπροίξει
611 990 693 1027 :Ou
722 987 770 1037 μὴ
802 984 1094 1038 καταφρονήσεις,
1116 980 1213 1033 παρὰ

179 1051 241 1098 την
267 1056 407 1102 προῖκα.
441 1047 616 1086 τουτέστιν
647 1063 684 1085 ου
712 1045 842 1098 δωρεάν
876 1059 942 1095 μου
973 1045 1119 1094 ἐγχάνῃ.
1155 1039 1214 1077 καὶ

179 1114 280 1148 τοῦτο
296 1108 366 1146 δὲ’
352 1124 386 1147 εν
406 1108 520 1150 ἄλλοις
548 1112 600 1154 [ad
616 1111 879 1152 Nub.1>10‚Eq.
906 1104 1074 1152 435].>—
1093 1100 1213 1149 ὄνομα.

131 1190 161 1213 15
180 1180 214 1208 R.
232 1180 273 1207 V.

236 1239 312 1262 1397.
345 1224 538 1276 (θυγατέρος
566 1236 574 1261 :
607 1222 691 1261 εὈτι
723 1224 784 1260 οὐκ
820 1220 982 1261 Ἀττικι)ς
1011 1217 1145 1270 εἴρηται
1176 1215 1215 1252 τὸ

181 1283 382 1334 θυγατέρος,
400 1284 476 1320 ἀλλ’
499 1282 672 1323 Ἰωνικως.
693 1279 737 1317 τὰ
757 1277 877 1332 φορτία
898 1276 933 1315 δὲ
949 1292 1026 1319 τους
1043 1275 1186 1328 ἄρτους.)

236 1354 314 1380 1402.
344 1341 442 1391 γυνή.
464 1350 502 1379 R.

235 1412 312 1437 1403.
345 1401 384 1448 (ὠ
416 1397 496 1436 κύον
525 1398 604 1435 κύον
638 1411 645 1435 :

110 1462 164 1501 '20
181 1456 395 1503 υλακτούσης
421 1472 500 1504 σου,
518 1471 634 1507 φησιν,
659 1456 696 1491 οὗ
718 1454 906 1506 φροντίζω,
927 1461 955 1490 ω
976 1450 1069 1490 κύον.
1090 1464 1217 1501 πυρους

182 1514 216 1553 δὲ
237 1515 367 1561 σίτους,
388 1531 476 1552 ωστε
497 1515 618 1567 ἄρτους
641 1516 797 1559 ποιῆσαι.
818 1511 894 1549 ἐπει
915 1509 1078 1562 etp-:07:07
1083 1510 1132 1558 ις)

236 1587 314 1612 1407
349 1576 385 1623 (π
376 1589 443 1626 ρος
461 1588 539 1615 τους
556 1572 816 1624 ἀγορανόμους;
832 1569 923 1612 Τους
944 1583 1217 1609 επισκοπουντας

181 1632 224 1669 τὰ
255 1649 315 1678 τΤ,ς
343 1632 474 1674 πόλεως
504 1630 611 1680 ὤνια,
633 1630 691 1668 καὶ
724 1631 936 1671 διοικοῦντας
968 1625 1074 1673 αὐτὰ,
1108 1629 1153 1669 ὡς
1184 1628 1217 1663 ἐν

680 1395 729 1434 Γ
715 1412 754 1442 Γ,ν
783 1393 976 1453 ἀρτόπωλιν
1003 1407 1088 1430 κυνα
1110 1394 1214 1427 εἶπεν.

182 1691 402 1743 A7<zpv3uctv
424 1695 516 1736 [723]
520 1692 530 1740 )
553 1713 592 1718 -—
612 1705 689 1732 τους
706 1705 772 1726 των
788 1687 897 1725 ὠνίων
917 1685 1126 1738 προστάτας.
1148 1692 1189 1723 V.

129 1765 163 1790 25
240 1762 315 1787 1408.
346 1750 516 1800 (κλητηρα
539 1761 547 1786 :
572 1747 758 1800 Μάρτυ.ρα
780 1745 936 1783 τουτέστι
955 1743 1012 1781 τὸν
1034 1745 1079 1786 εἰς
1097 1742 1135 1779 τὸ
1164 1743 1217 1779 δι-

181 1806 366 1859 καστήριον
392 1808 563 1843 καλουντα
594 1808 704 1872 υπηρε
692 1806 780 1851 ζτην.
815 1805 1046 1855 Χαιρερωντα
1079 1800 1114 1838 33
1147 1799 1216 1849 τον)

182 1865 247 1908 πύς
251 1880 317 1902 ινοΓ
347 1863 589 1916 Σωκράτους
576 1878 710 1915 εταιρον
733 1862 801 1912 (τον
824 1860 1008 1914 φιλόσο3όν
1029 1875 1124 1912 φησι.
1145 1857 1216 1895 πά-

182 1924 280 1961 λιν
263 1923 289 1960 ο’
312 1922 414 1960 αυτὸν
435 1924 480 1965 εἰς
501 1921 686 1973 ὠγρότητα
708 1920 906 1958 διαίάλλων
931 1918 1061 1968 εἰσάγει
1089 1932 1220 1968 μαρτυ-

184 1986 307 2034 ροῢντα
323 1985 365 2033 τῇ
384 1980 604 2033 ἀρτοπώλιδι.
607 1981 617 2029 )

131 2054 165 2080 30
239 2053 318 2077 1410.
349 2038 549 2092 Ερυ.ιονευς
571 2037 758 2089 μελοποιὸς
783 2039 909 2080 Λᾶσος.
937 2044 976 2074 V.
997 2032 1178 2086 με)οποιὸς
1203 2034 1220 2069 ὁ

185 2101 313 2140 Λᾶσος.
333 2106 370 2134 R.

239 2170 315 2194 1411
346 2155 421 2193 ἀντὶ
440 2171 498 2193 του
516 2154 612 2192 οὐδέν
629 2170 713 2205 μοι
708 2154 803 2191 μέλει
823 2169 882 2191 του
899 2155 1106 2204 Σιμωνίδου.
1127 2163 1166 2192 V.

240 2228 317 2252 1413.
347 2213 389 2251 ἱ”ν
409 2218 430 2260 ἠ
453 2215 570 2265 ὠχρᾶ,
586 2216 632 2257 ὡς
648 2229 678 2251 οι
697 2214 906 2265 κεγρημένοι
927 2213 1036 2250 θοίῙΓο.)
1055 2213 1218 2265 εἰσήγαγε

185 2273 219 2311 33
246 2273 373 2325 Ευριπ’
350 2274 436 2319 ιδης
454 2271 515 2318 τὴν
542 2271 619 2310 Ἰνὼ
646 2272 765 2324 ὠχρὰν
794 2271 860 2310 ὑπὸ
883 2289 944 2318 της
973 2272 1218 2316 κακοπαθείας.

133 2352 167 2378 35
188 2332 245 2370 καὶ
265 2334 282 2368 ὃ
300 2333 482 2383 Χαιρεφῶν
505 2330 540 2368 δὲ
562 2335 714 2373 τοιοῦτος
736 2330 838 2373 ἄλλος
856 2330 945 2369 ἔοικε
966 2331 1088 2384 θαψίᾳ.
1107 2331 1221 2383 ὠχρὸς

184 2389 250 2442 γὰρ
267 2393 284 2427 ὁ
301 2392 484 2442 Χαιρεφῶν
510 2389 568 2426 καὶ
587 2392 608 2434 ἠ
630 2388 735 2441 θάψος
749 2388 906 2435 τοιαύτη.
929 2389 1019 2427 ἀλλὰ
1041 2389 1101 2427 καὶ
1122 2390 1222 2442 παρὰ

185 2448 223 2485 τὸ
249 2449 440 2485 θάπτεσθαι
460 2448 574 2489 καλως
597 2463 800 2484 πεπαικται.
826 2451 863 2478 V
885 2447 1030 2499 [θαρίνῃ
1059 2461 1067 2486 2
1096 2448 1219 2500 (Ξγρα.

185 2506 327 2552 τοιαύτη
345 2521 411 2555 γαρ
434 2509 455 2551 ἡ
481 2505 638 2557 θάψος,
625 2504 709 2557 όπερ
726 2505 809 2557 παρ’
829 2507 914 2555 ἡμῖν
931 2505 1142 2558 γρυσόξυλον
1163 2505 1219 2543 λέ-

185 2579 292 2613 γεται.
313 2563 498 2615 Θεόκριτος
516 2569 563 2609 [2,
580 2568 626 2609 88]

132 2666 167 2691 40
309 2657 360 2687 καί
376 2667 431 2696 μευ
442 2657 523 2697 χρὼς
534 2656 587 2696 μὲν
599 2656 703 2696 ὁμοῖος
720 2656 836 2696 ἐγίνετο
849 2655 980 2687 πολλάκι
998 2657 1096 2696 θαψῷ.

185 2737 282 2789 παρὰ
301 2737 330 2774 δ’
359 2737 526 2789 Εὐριπίδῃ
556 2737 751 2790 γέγραπται
777 2740 798 2782 ἡ
830 2736 907 2775 Ἰνὼ
930 2736 1135 2789 κρεμαμένη
1163 2738 1221 2775 καὶ

185 2795 284 2848 ὠχρὰ
301 2795 367 2833 ὑπὸ
387 2798 447 2841 τῆς
467 2795 712 2838 κακοπαθείας.
731 2796 923 2832 πέπαικται
941 2793 975 2832 δὲ
993 2796 1108 2838 καλῶς
1125 2795 1220 2847 παρὰ

185 2855 224 2891 τὸ
247 2853 468 2905 θάπτεσθαι]

241 2925 319 2950 1414.
351 2911 426 2948 ἀντὶ
450 2915 508 2948 τοῦ
527 2911 593 2949 ὑπὸ
615 2911 804 2964 Εὐριπίδου
828 2912 867 2949 ἐκ
888 2913 955 2948 τῶν
973 2911 1086 2948 ποδῶν
1104 2913 1125 2956 ἡ
1145 2910 1220 2949 Ἰνὼ

132 2988 165 3012 45
186 2969 368 3023 κρέμαται.
388 2977 423 3006 R.
440 2978 479 3006 V.

241 3042 317 3065 1417.
347 3027 436 3078 ὤμοι
458 3028 681 3078 κακοδαίμων
714 3043 722 3067 :
758 3027 1022 3081 (παραγίνεταί)
1054 3043 1103 3070 τις
1134 3026 1220 3080 ἀνὴρ

188 3086 378 3139 Εὐριπίδης
398 3086 670 3137 (ὠνομασμένος,
684 3089 887 3139 κατηγορῶν
904 3089 965 3123 τοῦ
982 3085 1221 3129 Φιλοκλέωνος

186 3144 333 3196 ῧὸρεως,
352 3145 411 3182 καὶ
427 3145 617 3197 κατήγορον
638 3146 874 3196 ἐπαγόμενος).

243 3215 325 3240 1429:
353 3204 403 3254 (οὐ
424 3204 549 3255 τρίδι-,ν
580 3217 589 3243 ;
617 3205 694 3242 Οὐκ
721 3203 894 3256 ἔμπειρος.
921 3203 980 3241 καὶ
998 3205 1031 3241 ἐν
1050 3202 1220 3256 Νεφέλαις

136 3277 169 3300 ει)
189 3265 264 3306 [869]

350 3355 402 3385 καὶ
415 3358 476 3385 τῶν
486 3355 661 3395 κρεμαθρῶν
677 3356 711 3386 οὐ
725 3355 835 3396 τρίὸων
851 3359 912 3386 τῶν
926 3355 1053 3395 ἐνθάδε.)

244 3434 439 3490 1431Ϊῖξρδοι
460 3434 509 3479 τίς
536 3448 543 3473 :
572 3434 783 3485 (Ἕκαστος,
803 3435 917 3487 φησὶν,
940 3435 980 3481 ἢν
1002 3429 1070 3473 οἶδε
1092 3434 1216 3486 τέχνην

928 258 1190 298 SCHOLIA
1225 258 1281 295 IN
1321 259 1550 298 VESPAs.

1265 341 1484 393 ἐργαζέσθω.)
1506 343 1565 380 καὶ
1581 348 1690 381 ταῦτα
1713 343 1780 383 δὲ’
1765 361 1800 383 εν
1821 347 1895 389 ταῖς
1917 347 2120 399 παροιμίαις
2140 348 2295 401 φέρεται.

1321 401 1429 449 (1432).
1459 402 1505 443 εἷς
1520 400 1564 437 τὰ
1585 402 1788 442 Πιττάλου;
1809 406 1905 447 Εἷς’
1897 410 2036 457 ιατροῧ,
2058 407 2187 459 [φἠσιν,
2206 407 2298 446 ἀπό-

1264 459 1380 509 τρεχε]
1408 459 1745 511 θεραπευθησόμενος
1774 461 1835 505 τὰς
1865 463 2011 514 πληγάς.
2045 465 2159 518 ἰατρὸς
2186 465 2253 518 γαρ
2284 469 2302 504 ὂ

1266 516 1450 560 Πίτταλος.

1322 588 1401 614 1433.
1435 575 1550 625 (ὅμοιά
1571 591 1630 614 σου
1649 590 1658 615 :

1266 633 1323 670 τὸν
1343 634 1564 686 κατήγορον.)

1324 705 1402 730 1434.
1436 692 1470 742 (ἃ
1495 693 1521 729 ’ν
1546 707 1554 731 :
1578 692 1629 731 Τὸ
1648 692 1778 737 ἐντελὲς
1796 693 1817 731 ἃ
1839 694 1905 745 ἄν.)

1324 763 1401 788 1436.
1431 750 1569 795 κατέαξ’
1601 752 1713 802 ἐχῖνον
1749 765 1758 790 t
1790 752 1929 806 Χύτρας
1949 747 2037 797 εἶδος
2067 756 2085 792 ὃ
2120 756 2242 807 ἐχῖνος.
2263 769 2303 799 vs.

1270 808 1393 861 [ἄγγος
1413 825 1447 846 τι
1470 811 1637 860 χαλκοῦν,
1657 809 1679 855 ἢ
1700 809 1760 847 καὶ
1786 812 1824 848 ἐκ
1843 811 2017 864 κεράμου,
2042 814 2089 855 εἷς
2107 812 2125 850 ὃ
2145 817 2304 851 καθιᾶσιν

1270 870 1299 905 οἱ
1320 868 1494 914 διαιτηταὶ
1517 867 1813 922 τὰ4“(ραμ.ματεῒα
1839 873 1907 907 τῶν
1937 873 2148 923 μαρτυριῶν,
2170 871 2192 908 ἅ
2219 888 2306 915 τινες
2330 890 2360 914 10

1271 924 1529 978 ἐμαρτύρησαν,
1557 926 1617 964 καὶ
1648 928 1985 978 κατασημηνάμενοι
2010 929 2098 979 μετὰ
2125 933 2255 977 ταῦτα,
2279 932 2308 967 εἷ

1272 985 1454 1035 ἐγκληθείη
1477 987 1498 1030 ἡ
1523 984 1656 1032 δίαιτα,
1680 988 1749 1028 τοῖς
1775 987 1954 1030 δικασταῖς
1977 987 2164 1025 ἐπεδίδουν.
2191 992 2250 1025 τοῦ
2280 988 2309 1025 δ’

1273 1043 1396 1094 ἅγγους
1413 1042 1534 1080 τούτου
1550 1043 1610 1080 καὶ
1630 1043 1854 1094 Δημοσθένης
1873 1044 2126 1095 μνημονεύουσι
2145 1046 2204 1083 καὶ
2222 1046 2310 1098 Ἀρι-

1272 1101 1445 1148 στοτέλης.
1468 1100 1541 1139 ἔστι
1561 1101 1597 1139 δέ
1613 1117 1645 1139 τι
1664 1103 1723 1140 καὶ
1753 1105 1838 1154 ζῷον
1858 1109 2021 1156 χερσαῖον
2042 1104 2101 1142 καὶ
2126 1104 2309 1142 θαλάττιον

1273 1161 1425 1212 ὄστρεον.
1449 1160 1508 1198 καὶ
1527 1159 1589 1210 μὲν
1611 1159 1651 1206 δὴ
1672 1160 1730 1198 καὶ
1749 1164 1770 1207 ἡ
1791 1162 1927 1214 γαστὴρ
1947 1166 2004 1200 τοῦ
2026 1161 2134 1214 βοός]
2332 1180 2362 1203 15

1328 1232 1405 1257 1438.
1435 1218 1490 1256 ναὶ
1509 1218 1571 1256 τὰν
1593 1219 1710 1271 Κόραν
1732 1232 1740 1257 :
1764 1218 1851 1269 (Τὴν
1868 1220 2116 1272 Περσεφόνην.)
2136 1220 2311 1273 [τουτέστι

1274 1278 1329 1315 τὸν
1351 1277 1463 1329 κόρον,
1483 1276 1546 1324 τὴν
1573 1277 1657 1330 πρὸς
1680 1276 1720 1314 τὸ
1743 1277 1928 1330 τρέφεσθαι
1960 1278 2065 1331 μέχρι
2085 1279 2186 1331 κόρου
2207 1278 2306 1325 ὕλην.

1273 1342 1343 1379 τοῖς
1363 1336 1397 1373 δὲ
1422 1336 1501 1387 περὶ
1525 1335 1691 1374 Σικελίαν
1720 1335 1760 1373 τὸ
1787 1335 1879 1373 κατὰ
1900 1336 2016 1389 Κόρης
2040 1337 2177 1387 ὀμνύειν
2200 1340 2312 1390 ἐνεφι-

1273 1395 1432 1447 λοχώρει.
1454 1397 1606 1432 ἐντεῦθεν
1625 1394 1691 1446 γὰρ
1719 1397 1737 1432 ὃ
1754 1393 1867 1450 ε’ᾼδης
1883 1394 1996 1440 αὐτὴν·
2013 1396 2169 1448 ἁρπάσαι
2189 1395 2314 1446 μυθεύ-

1275 1468 1349 1490 εται
1361 1483 1369 1499 ,
1385 1455 1431 1496 ὡς
1447 1455 1477 1490 οἳ
1496 1452 1540 1490 τὰ
1558 1452 1702 1490 τοιαῦτά
1722 1469 1761 1504 γε
1786 1455 2027 1505 ἀλληγορῆσαι
2044 1453 2164 1501 δεινοὶ,
2182 1453 2238 1492 διὰ
2254 1455 2312 1492 τὸν
2332 1469 2367 1493 ‘20

1275 1511 1451 1563 γινόμενον
1478 1512 1534 1549 ἐπὶ
1560 1510 1682 1564 χρόνον
1707 1511 1785 1549 τινὰ
1808 1514 1877 1549 τῶν
1903 1511 2115 1564 σπερμάτων
2138 1511 2228 1550 κατὰ
2251 1516 2314 1564 γῆς

1276 1569 1506 1622 ἀφανισμόν]
1528 1570 1662 1623 δωρίζει
1694 1568 1730 1608 δὲ
1760 1571 1931 1617 ἐπίτηδες.
1960 1569 2165 1622 [ἐπίδεσμον
2195 1572 2230 1608 δὲ
2256 1572 2313 1609 τὸν

1275 1629 1333 1666 ἐπὶ
1351 1633 1394 1681 τῇ
1411 1631 1529 1681 πληγῇ
1550 1628 1685 1679 δεσμόν.

1332 1701 1410 1725 1440.
1442 1688 1512 1736 (καὶ
1531 1687 1585 1738 τὰ)
1608 1687 1693 1734 ἕλκη
1714 1687 1895 1734 ἐπέδησας.
1917 1696 1951 1725 R.
1970 1696 2011 1726 V.

1333 1760 1410 1785 1445.
1443 1747 1624 1799 (κλητῆρες
1641 1745 1856 1799 ἐπιλείψουσι
1879 1746 2153 1799 ίἘπιλείψουσι
2178 1745 2315 1800 μάρτυ-
2334 1757 2367 1782 25

1279 1820 1332 1856 ρες
1349 1804 1427 1849 τοὺς
1445 1807 1745 1857 κατηγοροῦντας.)

1334 1877 1410 1902 1446.
1444 1863 1606 1902 Αἴσωπον
1641 1866 1670 1901 οἱ
1710 1863 1838 1916 Δελφοί
1866 1877 1874 1902 :
1913 1863 1971 1913 (Ὁ
1998 1861 2060 1913 μὲν
2088 1863 2314 1901 Βδελυκλέων

1279 1922 1449 1975 ἀράμενος
1468 1922 1524 1959 τὸν
1549 1922 1684 1975 πατέρα
1707 1923 1812 1959 αὐτοῦ
1840 1920 2090 1968 Φιλοκλέωνα,
2109 1920 2191 1959 εἴσω
2210 1921 2314 1972 κομί-

1678 575 1721 615 ‘O
1745 577 1968 616 Βδελυκλέων
1985 580 2095 618 ταῦτά
2115 597 2200 634 φησι
2219 582 2302 635 πρὸς
2322 598 2338 621 5

1280 1984 1338 2025 ζει.
1357 1984 1374 2018 ὃ
1402 1980 1438 2018 δὲ
1457 1980 1641 2033 φερόμενος
1660 1980 1807 2018 πλάττει
1831 1984 1947 2030 μῦθον.
1970 1981 2141 2031 διηγεῖται
2161 1978 2228 2033 γὰρ
2255 1995 2314 2017 τον

1278 2056 1356 2092 περι
1381 2039 1547 2079 Αἰσώπου
1568 2040 1669 2126 λόγον
1680 2041 1733 2089 ·)
1721 2040 1757 2077 όν
1781 2055 1885 2092 φασιν
1909 2038 2051 2076 ἐλθόντα
2074 2038 2157 2076 ποτὲ
2177 2040 2223 2082 εἷς
2238 2054 2316 2082 τους
2335 2053 2369 2079 30

1279 2098 1432 2151 Δελφους
1464 2100 1673 2150 ἀποσκῶραι
1703 2097 1843 2144 αὐτους,
1865 2096 1916 2134 ὅτι
1947 2098 1996 2146 μὴ
2024 2096 2134 2148 ἔχοιεν
2162 2113 2239 2149 γην,
2258 2097 2316 2134 ἀφ’

1278 2174 1318 2204 ης
1342 2156 1563 2209 ἐργαζόμενοι
1594 2156 1845 2209 διατρέφοιντο,
1876 2156 1967 2194 ἀλλὰ
2002 2155 2216 2208 περιμένοιεν
2248 2156 2316 2194 ἀπὸ

1279 2218 1346 2253 τῶν
1365 2219 1439 2254 θεοῦ
1461 2215 1622 2266 θυμάτων
1640 2216 1770 2261 διαζῆν.
1794 2217 1825 2253 οἱ
1846 2215 1881 2252 δὲ
1901 2214 2028 2267 Δελφοὶ
2056 2214 2316 2266 χαλεπήναντες

1280 2274 1407 2325 φιάλην
1427 2274 1521 2326 ἱερὰν
1542 2280 1613 2317 τοῖς
1640 2272 1807 2312 Αἰσώπου
1832 2272 1989 2311 σκεύεσιν
2010 2272 2197 2311 ὓπέὸαλον.
2215 2275 2233 2310 ὁ
2253 2273 2316 2323 μὲν

1281 2332 1320 2378 δὴ
1338 2334 1399 2370 οὐκ
1427 2332 1524 2375 εἰδὼς
1541 2332 1604 2378 τὴν
1626 2335 1659 2375 ἐς
1683 2332 1831 2371 Φωκίδα
1852 2331 2024 2384 φέρουσαν
2044 2330 2206 2383 ὥρμησεν
2227 2331 2315 2369 ὁδόν.
2337 2348 2371 2373 35

1279 2393 1310 2428 οἱ
1331 2391 1358 2428 δ’
1379 2391 1649 2442 επιδραυ.όντες,
1666 2390 1725 2428 καὶ
1745 2390 1987 2443 φωράσαντες,
2004 2389 2196 2460 ἱεροσυλίας
2213 2392 2318 2428 αὐτου

1280 2450 1503 2501 κατηγόρουν.
1522 2452 1539 2486 ὃ
1557 2449 1584 2486 δ’
1605 2448 1662 2486 επὶ
1687 2448 1817 2500 πέτραν
1837 2450 1874 2486 οὐ
1895 2448 1986 2485 πάνυ
2003 2447 2132 2507 πόρρω
2142 2463 2203 2485 του
2223 2450 2316 2499 ἱερου

1280 2508 1339 2545 καὶ
1359 2524 1419 2553 της
1445 2508 1576 2549 πόλεως
1601 2506 1784 2557 ἀγόμενος,
1803 2506 1860 2558 ἀφ’
1879 2510 1919 2551 ἦς
1936 2505 2080 2554 νόμιμον
2110 2509 2150 2552 ἠν
2173 2521 2249 2548 τους
2264 2507 2317 2542 ἱε-

1282 2565 1442 2637 ροσύλους
1473 2568 1686 2623 ριπτεῗσθαι,
1710 2564 1768 2601 τὸν
1802 2564 1884 2616 περὶ
1912 2578 1973 2600 του
2009 2563 2180 2614 κανθάρου
2213 2567 2318 2613 μυΟον

1281 2626 1395 2666 αὐτοῖς
1416 2623 1624 2674 διηγήσατο·
1647 2626 1685 2659 οὗ
1701 2637 1739 2673 γε
1756 2637 1815 2659 και
1835 2637 1870 2659 εν
1890 2621 2022 2674 Εἰρήνῃ
2043 2626 2122 2668 [129]
2141 2637 2184 2672 με
2169 2621 2315 2671 .’·μνΓ]ται
2335 2640 2372 2666 40

1281 2682 1338 2719 διὰ
1357 2681 1486 2719 τούτων
1507 2685 1525 2718 ὁ
1544 2697 1648 2727 ποι’τΓ,
1651 2697 1688 2726 ης

1381 2781 1411 2811 ἐν
1424 2783 1520 2811 τοῖσιν
1537 2780 1684 2810 Αἰσώπου
1700 2779 1800 2818 λόγοις
1817 2779 1956 2819 ἐξηυρέθη

1382 2827 1471 2867 μόνος
1487 2830 1631 2858 πετεινῶν
1645 2827 1686 2862 εἰς
1703 2827 1786 2862 θεοὺς
1803 2826 1976 2866 ἀφιγμένος.

1279 2909 1350 2946 ἐκεῖ
1369 2907 1405 2945 δὲ
1424 2906 1468 2945 τὰ
1489 2906 1604 2944 εἰκότα
1621 2906 1840 2958 λεχθήσεται.

1334 2979 1413 3004 1449.
1443 2968 1488 3007 ὡς
1504 2964 1670 3017 κάνθαρος
1690 2967 1834 3011 ἀνῆλθεν
1855 2967 1900 3008 ὡς
1918 2965 1977 3002 καὶ
1997 2967 2032 3002 ἐν
2051 2965 2198 3018 Εἰρήνῃ.
2221 2972 2259 3002 R.
2332 2981 2368 3007 45

1334 3038 1412 3063 1441.
1443 3024 1554 3076 [ζηλῶ
1575 3040 1612 3061 σε
1633 3026 1691 3069 τῆς
1708 3023 1868 3074 εὐτυχίας
1891 3038 1899 3062 :
1922 3022 1980 3062 Τὰ
1999 3027 2143 3061 τοιαῦτα
2160 3022 2232 3069 εἴδη
2249 3037 2312 3059 κα-

1277 3084 1388 3121 λεῖται
1408 3082 1498 3120 κατὰ
1519 3082 1653 3133 σχέσιν.
1676 3081 1748 3119 ἔστι
1768 3086 1848 3132 γοῦν
1869 3085 1890 3128 ἡ
1911 3085 2071 3134 παροῦσα
2091 3081 2220 3133 στροφὴ
2239 3079 2312 3118 κώ-

1277 3143 1346 3179 λων
1359 3140 1628 3193 χοριαμὲικῶν
1614 3155 1894 3213 επιμεμιγυ.ενωΓ
1910 3139 2093 3192 ἐπιτρίτοις
2106 3138 2312 3191 διτροχαίοις

1278 3199 1448 3249 διιάμῧοις
1475 3198 1694 3240 δισπονδείοις
1717 3199 1862 3242 ἷωνικοις
1885 3198 1944 3236 καὶ
1969 3197 2099 3236 παίωσι
2126 3197 2186 3235 ιδ’.
2212 3195 2309 3241 καὶὴ

1278 3256 1484 3309 ἀντιστροςρὴ
1498 3254 1681 3301 τοσούτων
1693 3272 1739 3293 ων
1753 3255 1791 3293 τὸ
1806 3258 1868 3306 μὲν
1884 3255 2040 3309 δεύτερον
2053 3253 2308 3301 καταληκτικὸν
2328 3274 2363 3299 50

1277 3316 1353 3362 ἤτοι
1374 3313 1582 3367 ἑφθηυιιιιερε
1590 3331 1621 3361 ς,
1638 3312 1681 3351 τὰ
1702 3313 1737 3351 33
1757 3313 1862 3352 λοιπὰ
1877 3314 1991 3352 πάντα
2009 3313 2152 3364 δίμετρα
2173 3311 2308 3349 ἀκατά-

1276 3377 1408 3421 ληκτα,
1430 3373 1473 3410 τὰ
1497 3372 1557 3422 μὲν
1583 3372 1880 3425 τετρασυλλάὸους
1904 3372 2029 3424 ἔχοντα
2054 3372 2179 3418 πόδας,
2202 3370 2245 3408 τὰ
2271 3368 2307 3407 δὲ

1276 3432 1588 3474 πεντασυλλάὸους.
1614 3430 1810 3468 διαλύονται
1832 3430 1898 3483 γὰρ
1918 3433 1953 3468 αἱ
1979 3429 2110 3482 μακραὶ
2133 3426 2306 3467 συλλαὸαὶ
