<?xml version="1.0" encoding="UTF-8"?>
<!DOCTYPE html PUBLIC "-//W3C//DTD XHTML 1.0 Transitional//EN"
    "http://www.w3.org/TR/xhtml1/DTD/xhtml1-transitional.dtd">
<html xmlns="http://www.w3.org/1999/xhtml" xml:lang="en" lang="en">
 <head>
  <title>
</title>
<meta http-equiv="Content-Type" content="text/html;charset=utf-8" />
  <meta name='ocr-system' content='tesseract 3.04.00' />
  <meta name='ocr-capabilities' content='ocr_page ocr_carea ocr_par ocr_line ocrx_word'/>
</head>
<body>
  <div class='ocr_page' id='page_1' title='image "./scholiagraecaina00dbuoft_0194.png"; bbox 0 0 2533 3808; ppageno 0'>
   <div class='ocr_carea' id='block_1_1' title="bbox 224 218 1584 269">
    <p class='ocr_par' dir='ltr' id='par_1_1' title="bbox 224 218 1584 269">
     <span class='ocr_line' id='line_1_1' title="bbox 224 218 1584 269; baseline -0.01 0"><span class='ocrx_word' id='word_1_1' title='bbox 224 237 292 269; x_wconf 81' lang='lat'>152</span> <span class='ocrx_word' id='word_1_2' title='bbox 977 219 1226 258; x_wconf 88' lang='lat' dir='ltr'><strong>SCHOLIA</strong></span> <span class='ocrx_word' id='word_1_3' title='bbox 1259 218 1320 257; x_wconf 92' lang='lat' dir='ltr'>IN</span> <span class='ocrx_word' id='word_1_4' title='bbox 1353 219 1584 258; x_wconf 90' lang='lat' dir='ltr'><strong>VESPAS.</strong></span> 
     </span>
    </p>
   </div>
   <div class='ocr_carea' id='block_1_2' title="bbox 183 309 1252 954">
    <p class='ocr_par' dir='ltr' id='par_1_2' title="bbox 183 309 1252 954">
     <span class='ocr_line' id='line_1_2' title="bbox 217 309 1250 365; baseline -0.015 -4"><span class='ocrx_word' id='word_1_5' title='bbox 217 323 308 365; x_wconf 89' lang='grc' dir='ltr'>λίους</span> <span class='ocrx_word' id='word_1_6' title='bbox 322 318 511 359; x_wconf 76' lang='grc' dir='ltr'>διακοσίους</span> <span class='ocrx_word' id='word_1_7' title='bbox 525 317 574 364; x_wconf 88' lang='grc' dir='ltr'>μ’.</span> <span class='ocrx_word' id='word_1_8' title='bbox 630 314 775 356; x_wconf 85' lang='grc' dir='ltr'>Α.λλως</span> <span class='ocrx_word' id='word_1_9' title='bbox 790 311 957 355; x_wconf 83' lang='grc' dir='ltr'>σιτοδείας</span> <span class='ocrx_word' id='word_1_10' title='bbox 970 327 1052 350; x_wconf 88' lang='grc' dir='ltr'>ποτε</span> <span class='ocrx_word' id='word_1_11' title='bbox 1066 309 1250 363; x_wconf 79' lang='grc' dir='ltr'>γενομένης</span> 
     </span>
     <span class='ocr_line' id='line_1_3' title="bbox 217 367 1251 430; baseline -0.012 -12.988"><span class='ocrx_word' id='word_1_12' title='bbox 217 397 251 418; x_wconf 88' lang='grc' dir='ltr'>εν</span> <span class='ocrx_word' id='word_1_13' title='bbox 268 382 310 430; x_wconf 78' lang='grc' dir='ltr'>τῇ</span> <span class='ocrx_word' id='word_1_14' title='bbox 336 378 490 426; x_wconf 76' lang='grc' dir='ltr'>Ἀττικῇ,</span> <span class='ocrx_word' id='word_1_15' title='bbox 522 372 768 423; x_wconf 67' lang='grc' dir='ltr'>ῙΙαμμήτι-χος</span> <span class='ocrx_word' id='word_1_16' title='bbox 787 374 804 408; x_wconf 86' lang='lat'>6</span> <span class='ocrx_word' id='word_1_17' title='bbox 833 374 894 417; x_wconf 67' lang='grc' dir='ltr'>τῆς</span> <span class='ocrx_word' id='word_1_18' title='bbox 926 369 1058 417; x_wconf 68' lang='grc' dir='ltr'>Λιὸύης</span> <span class='ocrx_word' id='word_1_19' title='bbox 1091 367 1251 420; x_wconf 76' lang='grc' dir='ltr'>βασιλευς</span> 
     </span>
     <span class='ocr_line' id='line_1_4' title="bbox 218 427 1251 476; baseline -0.013 -1"><span class='ocrx_word' id='word_1_20' title='bbox 218 437 399 475; x_wconf 87' lang='grc' dir='ltr'>ἀπέστειλε</span> <span class='ocrx_word' id='word_1_21' title='bbox 427 440 519 471; x_wconf 88' lang='grc' dir='ltr'>σῖτον</span> <span class='ocrx_word' id='word_1_22' title='bbox 542 433 611 474; x_wconf 83' lang='grc' dir='ltr'>τοῖς</span> <span class='ocrx_word' id='word_1_23' title='bbox 628 429 817 476; x_wconf 73' lang='grc' dir='ltr'>Αθηναίοις</span> <span class='ocrx_word' id='word_1_24' title='bbox 838 428 1022 474; x_wconf 70' lang='grc' dir='ltr'>αἰτήσασιν</span> <span class='ocrx_word' id='word_1_25' title='bbox 1044 427 1160 466; x_wconf 88' lang='grc' dir='ltr'>αυτόν.</span> <span class='ocrx_word' id='word_1_26' title='bbox 1190 443 1251 472; x_wconf 89' lang='grc' dir='ltr'>της</span> 
     </span>
     <span class='ocr_line' id='line_1_5' title="bbox 217 484 1249 544; baseline -0.013 -10"><span class='ocrx_word' id='word_1_27' title='bbox 217 499 253 534; x_wconf 83' lang='grc' dir='ltr'>δὲ</span> <span class='ocrx_word' id='word_1_28' title='bbox 277 496 439 544; x_wconf 87' lang='grc' dir='ltr'>διανομης</span> <span class='ocrx_word' id='word_1_29' title='bbox 460 489 645 541; x_wconf 86' lang='grc' dir='ltr'>γενομένης</span> <span class='ocrx_word' id='word_1_30' title='bbox 664 503 724 526; x_wconf 90' lang='grc' dir='ltr'>του</span> <span class='ocrx_word' id='word_1_31' title='bbox 743 487 837 525; x_wconf 86' lang='grc' dir='ltr'>σίτου</span> <span class='ocrx_word' id='word_1_32' title='bbox 857 486 1061 533; x_wconf 72' lang='grc' dir='ltr'>ξενηλασίαν</span> <span class='ocrx_word' id='word_1_33' title='bbox 1082 484 1249 530; x_wconf 80' lang='grc' dir='ltr'>ἐποίησαν</span> 
     </span>
     <span class='ocr_line' id='line_1_6' title="bbox 183 545 1249 620; baseline -0.012 -27"><span class='ocrx_word' id='word_1_34' title='bbox 183 566 197 588; x_wconf 83' lang='grc'>5</span> <span class='ocrx_word' id='word_1_35' title='bbox 218 556 405 600; x_wconf 83' lang='grc' dir='ltr'>Ἀθηναῖοι,</span> <span class='ocrx_word' id='word_1_36' title='bbox 432 566 491 588; x_wconf 88' lang='grc' dir='ltr'>και</span> <span class='ocrx_word' id='word_1_37' title='bbox 512 551 545 586; x_wconf 81' lang='grc' dir='ltr'>ἐν</span> <span class='ocrx_word' id='word_1_38' title='bbox 566 564 614 585; x_wconf 80' lang='grc' dir='ltr'>τι)</span> <span class='ocrx_word' id='word_1_39' title='bbox 641 546 824 620; x_wconf 50' lang='grc' dir='ltr'>διἀκρίνειν</span> <span class='ocrx_word' id='word_1_40' title='bbox 844 562 921 589; x_wconf 87' lang='grc' dir='ltr'>τους</span> <span class='ocrx_word' id='word_1_41' title='bbox 926 545 1124 617; x_wconf 48' lang='grc' dir='ltr'>ἀὐθιγενεῖς</span> <span class='ocrx_word' id='word_1_42' title='bbox 1153 547 1249 596; x_wconf 77' lang='grc' dir='ltr'>εὗρον</span> 
     </span>
     <span class='ocr_line' id='line_1_7' title="bbox 216 601 1250 663; baseline -0.012 -12"><span class='ocrx_word' id='word_1_43' title='bbox 216 629 275 651; x_wconf 90' lang='grc' dir='ltr'>και</span> <span class='ocrx_word' id='word_1_44' title='bbox 292 610 423 663; x_wconf 75' lang='grc' dir='ltr'>ἑτέρους</span> <span class='ocrx_word' id='word_1_45' title='bbox 441 605 737 660; x_wconf 78' lang='grc' dir='ltr'>τετρακισχι)ίους</span> <span class='ocrx_word' id='word_1_46' title='bbox 766 604 990 646; x_wconf 77' lang='grc' dir='ltr'>ἑπτακοσίους</span> <span class='ocrx_word' id='word_1_47' title='bbox 1010 602 1176 649; x_wconf 79' lang='grc' dir='ltr'>ἑξήκοντα</span> <span class='ocrx_word' id='word_1_48' title='bbox 1197 601 1250 646; x_wconf 82' lang='grc' dir='ltr'>ξέ-</span> 
     </span>
     <span class='ocr_line' id='line_1_8' title="bbox 215 661 1250 737; baseline -0.01 -30"><span class='ocrx_word' id='word_1_49' title='bbox 215 688 290 714; x_wconf 85' lang='grc' dir='ltr'>νους</span> <span class='ocrx_word' id='word_1_50' title='bbox 316 684 405 720; x_wconf 88' lang='grc' dir='ltr'>παρε</span> <span class='ocrx_word' id='word_1_51' title='bbox 408 683 468 719; x_wconf 90' lang='grc' dir='ltr'>γγε</span> <span class='ocrx_word' id='word_1_52' title='bbox 454 665 704 737; x_wconf 81' lang='grc' dir='ltr'>γραμμένους.</span> <span class='ocrx_word' id='word_1_53' title='bbox 723 667 823 702; x_wconf 76' lang='grc' dir='ltr'>τοῦτο</span> <span class='ocrx_word' id='word_1_54' title='bbox 843 668 900 701; x_wconf 73' lang='grc' dir='ltr'>οὖν</span> <span class='ocrx_word' id='word_1_55' title='bbox 928 678 1031 711; x_wconf 78' lang='grc' dir='ltr'>φησι,</span> <span class='ocrx_word' id='word_1_56' title='bbox 1058 661 1118 699; x_wconf 86' lang='grc' dir='ltr'>καὶ</span> <span class='ocrx_word' id='word_1_57' title='bbox 1146 662 1179 698; x_wconf 84' lang='grc' dir='ltr'>ἐν</span> <span class='ocrx_word' id='word_1_58' title='bbox 1200 663 1250 698; x_wconf 87' lang='grc' dir='ltr'>τῶ</span> 
     </span>
     <span class='ocr_line' id='line_1_9' title="bbox 216 719 1251 782; baseline -0.012 -14"><span class='ocrx_word' id='word_1_59' title='bbox 216 731 443 782; x_wconf 80' lang='grc' dir='ltr'>ἐρευνᾶσθαι</span> <span class='ocrx_word' id='word_1_60' title='bbox 438 725 482 763; x_wconf 76' lang='grc' dir='ltr'>μό</span> <span class='ocrx_word' id='word_1_61' title='bbox 484 741 534 775; x_wconf 89' lang='grc' dir='ltr'>γις</span> <span class='ocrx_word' id='word_1_62' title='bbox 551 723 590 761; x_wconf 85' lang='grc' dir='ltr'>ἔλ</span> <span class='ocrx_word' id='word_1_63' title='bbox 594 723 674 766; x_wconf 63' lang='grc' dir='ltr'>αὲες</span> <span class='ocrx_word' id='word_1_64' title='bbox 693 722 796 760; x_wconf 87' lang='grc' dir='ltr'>πέντε</span> <span class='ocrx_word' id='word_1_65' title='bbox 818 721 913 772; x_wconf 78' lang='grc' dir='ltr'>μεδίι</span> <span class='ocrx_word' id='word_1_66' title='bbox 913 737 1019 768; x_wconf 74' lang='grc' dir='ltr'>ινους,</span> <span class='ocrx_word' id='word_1_67' title='bbox 1037 719 1251 770; x_wconf 81' lang='grc' dir='ltr'>ἐγκαλούμε</span> 
     </span>
     <span class='ocr_line' id='line_1_10' title="bbox 215 780 941 857; baseline -0.015 -30"><span class='ocrx_word' id='word_1_68' title='bbox 215 805 268 832; x_wconf 93' lang='grc' dir='ltr'>νος</span> <span class='ocrx_word' id='word_1_69' title='bbox 287 791 332 830; x_wconf 83' lang='grc' dir='ltr'>ὡς</span> <span class='ocrx_word' id='word_1_70' title='bbox 347 786 454 857; x_wconf 50' lang='grc' dir='ltr'>ξ’ένος,</span> <span class='ocrx_word' id='word_1_71' title='bbox 468 800 526 822; x_wconf 90' lang='grc' dir='ltr'>και</span> <span class='ocrx_word' id='word_1_72' title='bbox 541 782 679 825; x_wconf 87' lang='grc' dir='ltr'>τούτους</span> <span class='ocrx_word' id='word_1_73' title='bbox 693 780 767 819; x_wconf 69' lang='grc' dir='ltr'>οὐδὲ</span> <span class='ocrx_word' id='word_1_74' title='bbox 784 782 838 818; x_wconf 57' lang='grc' dir='ltr'>ὑφ’</span> <span class='ocrx_word' id='word_1_75' title='bbox 855 780 888 817; x_wconf 77' lang='grc' dir='ltr'>ἓν</span> <span class='ocrx_word' id='word_1_76' title='bbox 907 796 941 817; x_wconf 92' lang='grc' dir='ltr'>εν</span> 
     </span>
     <span class='ocr_line' id='line_1_11' title="bbox 215 834 1250 896; baseline -0.014 -12"><span class='ocrx_word' id='word_1_77' title='bbox 215 845 306 884; x_wconf 83' lang='grc' dir='ltr'>κατὰ</span> <span class='ocrx_word' id='word_1_78' title='bbox 327 843 446 896; x_wconf 82' lang='grc' dir='ltr'>μέρος,</span> <span class='ocrx_word' id='word_1_79' title='bbox 464 857 555 879; x_wconf 90' lang='grc' dir='ltr'>κατα</span> <span class='ocrx_word' id='word_1_80' title='bbox 569 839 705 891; x_wconf 64' lang='grc' dir='ltr'>χοίνικα</span> <span class='ocrx_word' id='word_1_81' title='bbox 725 837 811 884; x_wconf 80' lang='grc' dir='ltr'>ἑ’,να</span> <span class='ocrx_word' id='word_1_82' title='bbox 833 835 928 875; x_wconf 78' lang='grc' dir='ltr'>οὐδὲν</span> <span class='ocrx_word' id='word_1_83' title='bbox 958 834 1173 888; x_wconf 68' lang='grc' dir='ltr'>διαφέροντος</span> <span class='ocrx_word' id='word_1_84' title='bbox 1191 838 1250 871; x_wconf 74' lang='grc' dir='ltr'>τοῦ</span> 
     </span>
     <span class='ocr_line' id='line_1_12' title="bbox 216 894 1252 954; baseline -0.012 -12"><span class='ocrx_word' id='word_1_85' title='bbox 216 905 310 942; x_wconf 82' lang='grc' dir='ltr'>σίτου</span> <span class='ocrx_word' id='word_1_86' title='bbox 339 904 477 954; x_wconf 80' lang='grc' dir='ltr'>κριθῶν,</span> <span class='ocrx_word' id='word_1_87' title='bbox 507 915 553 941; x_wconf 88' lang='grc' dir='ltr'>ως</span> <span class='ocrx_word' id='word_1_88' title='bbox 572 913 680 935; x_wconf 86' lang='grc' dir='ltr'>κακου</span> <span class='ocrx_word' id='word_1_89' title='bbox 703 896 798 934; x_wconf 81' lang='grc' dir='ltr'>σίτου</span> <span class='ocrx_word' id='word_1_90' title='bbox 824 894 1096 945; x_wconf 85' lang='grc' dir='ltr'>διανεμηθέντος.</span> <span class='ocrx_word' id='word_1_91' title='bbox 1124 895 1185 935; x_wconf 84' lang='grc' dir='ltr'>Εἰς</span> <span class='ocrx_word' id='word_1_92' title='bbox 1214 908 1252 930; x_wconf 88' lang='grc' dir='ltr'>το</span> 
     </span>
    </p>
   </div>
   <div class='ocr_carea' id='block_1_3' title="bbox 216 951 1252 1009">
    <p class='ocr_par' dir='ltr' id='par_1_3' title="bbox 216 951 1252 1009">
     <span class='ocr_line' id='line_1_13' title="bbox 216 951 1252 1009; baseline -0.014 -8"><span class='ocrx_word' id='word_1_93' title='bbox 216 978 311 1000; x_wconf 74' lang='grc' dir='ltr'>αυτο.</span> <span class='ocrx_word' id='word_1_94' title='bbox 333 977 378 1004; x_wconf 77' lang='grc' dir='ltr'>ως</span> <span class='ocrx_word' id='word_1_95' title='bbox 392 961 495 1009; x_wconf 57' lang='lat' dir='ltr'>&gt;dy-01)</span> <span class='ocrx_word' id='word_1_96' title='bbox 515 971 697 1008; x_wconf 71' lang='grc' dir='ltr'>γΞνΟμΞνῦυ</span> <span class='ocrx_word' id='word_1_97' title='bbox 718 971 777 992; x_wconf 70' lang='grc' dir='ltr'>και</span> <span class='ocrx_word' id='word_1_98' title='bbox 793 970 860 991; x_wconf 65' lang='lat' dir='ltr'>Tm!</span> <span class='ocrx_word' id='word_1_99' title='bbox 879 953 980 997; x_wconf 68' lang='grc' dir='ltr'>ξένων</span> <span class='ocrx_word' id='word_1_100' title='bbox 996 951 1150 1004; x_wconf 66' lang='grc' dir='ltr'>ῦῑακρῑθξ</span> <span class='ocrx_word' id='word_1_101' title='bbox 1152 967 1252 998; x_wconf 64' lang='lat'><strong>73307,</strong></span> 
     </span>
    </p>
   </div>
   <div class='ocr_carea' id='block_1_4' title="bbox 165 776 1251 882">
    <p class='ocr_par' dir='ltr' id='par_1_4' title="bbox 165 776 1251 882">
     <span class='ocr_line' id='line_1_14' title="bbox 959 776 1251 824; baseline -0.007 -8"><span class='ocrx_word' id='word_1_102' title='bbox 959 778 1147 830; x_wconf 82' lang='grc' dir='ltr'>συντομία,</span> <span class='ocrx_word' id='word_1_103' title='bbox 1161 776 1242 815; x_wconf 51' lang='grc' dir='ltr'>ἅλμ’)</span> <span class='ocrx_word' id='word_1_104' title='bbox 1231 794 1251 814; x_wconf 89' lang='grc' dir='ltr'>α</span> 
     </span>
     <span class='ocr_line' id='line_1_15' title="bbox 165 858 196 882; baseline 0.032 -1"><span class='ocrx_word' id='word_1_105' title='bbox 165 858 196 882; x_wconf 84' lang='lat'>10</span> 
     </span>
    </p>
   </div>
   <div class='ocr_carea' id='block_1_5' title="bbox 216 1010 1256 1364">
    <p class='ocr_par' dir='ltr' id='par_1_5' title="bbox 216 1010 1102 1066">
     <span class='ocr_line' id='line_1_16' title="bbox 216 1010 1102 1066; baseline -0.014 -8"><span class='ocrx_word' id='word_1_106' title='bbox 216 1018 371 1058; x_wconf 76' lang='grc' dir='ltr'>τουτέστι</span> <span class='ocrx_word' id='word_1_107' title='bbox 391 1013 685 1066; x_wconf 79' lang='grc' dir='ltr'>δοκιμαζομένων,</span> <span class='ocrx_word' id='word_1_108' title='bbox 708 1015 736 1050; x_wconf 84' lang='grc' dir='ltr'>εἰ</span> <span class='ocrx_word' id='word_1_109' title='bbox 756 1011 898 1058; x_wconf 68' lang='grc' dir='ltr'>πολίτης</span> <span class='ocrx_word' id='word_1_110' title='bbox 918 1010 970 1057; x_wconf 85' lang='grc' dir='ltr'>εἴη</span> <span class='ocrx_word' id='word_1_111' title='bbox 985 1010 1008 1057; x_wconf 98' lang='lat'>75</span> <span class='ocrx_word' id='word_1_112' title='bbox 1030 1010 1090 1061; x_wconf 82' lang='grc' dir='ltr'>μή.</span> <span class='ocrx_word' id='word_1_113' title='bbox 1083 1013 1102 1060; x_wconf 93' lang='grc'>.)</span> 
     </span>
    </p>

    <p class='ocr_par' dir='ltr' id='par_1_6' title="bbox 218 1067 1254 1187">
     <span class='ocr_line' id='line_1_17' title="bbox 269 1067 1254 1126; baseline -0.011 -11"><span class='ocrx_word' id='word_1_114' title='bbox 269 1091 333 1116; x_wconf 86' lang='lat'><strong>721.</strong></span> <span class='ocrx_word' id='word_1_115' title='bbox 365 1073 625 1126; x_wconf 61' lang='grc' dir='ltr'>στομφάζοντας</span> <span class='ocrx_word' id='word_1_116' title='bbox 647 1086 655 1108; x_wconf 87' lang='lat'><strong>:</strong></span> <span class='ocrx_word' id='word_1_117' title='bbox 682 1068 1006 1119; x_wconf 82' lang='grc' dir='ltr'>Ἀλαζονευομένους</span> <span class='ocrx_word' id='word_1_118' title='bbox 1034 1071 1079 1112; x_wconf 86' lang='grc' dir='ltr'>εἷς</span> <span class='ocrx_word' id='word_1_119' title='bbox 1106 1067 1144 1105; x_wconf 82' lang='grc' dir='ltr'>τὸ</span> <span class='ocrx_word' id='word_1_120' title='bbox 1175 1083 1254 1105; x_wconf 89' lang='grc' dir='ltr'>στο-</span> 
     </span>
     <span class='ocr_line' id='line_1_18' title="bbox 218 1129 1081 1187; baseline -0.013 -12"><span class='ocrx_word' id='word_1_121' title='bbox 218 1153 281 1187; x_wconf 85' lang='grc' dir='ltr'>μα,</span> <span class='ocrx_word' id='word_1_122' title='bbox 301 1140 341 1173; x_wconf 88' lang='lat' dir='ltr'>R.</span> <span class='ocrx_word' id='word_1_123' title='bbox 373 1130 682 1181; x_wconf 87' lang='grc' dir='ltr'>ἀλαζονευομένους</span> <span class='ocrx_word' id='word_1_124' title='bbox 701 1129 723 1175; x_wconf 80' lang='grc' dir='ltr'>ἢ</span> <span class='ocrx_word' id='word_1_125' title='bbox 744 1130 1014 1180; x_wconf 80' lang='grc' dir='ltr'>ἐπεγγελῶντας.</span> <span class='ocrx_word' id='word_1_126' title='bbox 1039 1142 1081 1171; x_wconf 88' lang='lat' dir='ltr'>v.</span> 
     </span>
    </p>

    <p class='ocr_par' dir='ltr' id='par_1_7' title="bbox 269 1190 779 1242">
     <span class='ocr_line' id='line_1_19' title="bbox 269 1190 779 1242; baseline -0.014 -10"><span class='ocrx_word' id='word_1_127' title='bbox 269 1207 336 1233; x_wconf 83' lang='lat'><strong>722.</strong></span> <span class='ocrx_word' id='word_1_128' title='bbox 371 1194 410 1230; x_wconf 82' lang='grc' dir='ltr'>ἐκ</span> <span class='ocrx_word' id='word_1_129' title='bbox 430 1190 558 1233; x_wconf 79' lang='grc' dir='ltr'>παντὸς</span> <span class='ocrx_word' id='word_1_130' title='bbox 579 1190 716 1242; x_wconf 86' lang='grc' dir='ltr'>τρόπου.</span> <span class='ocrx_word' id='word_1_131' title='bbox 738 1199 779 1227; x_wconf 86' lang='lat' dir='ltr'>V.</span> 
     </span>
    </p>

    <p class='ocr_par' dir='ltr' id='par_1_8' title="bbox 219 1244 1256 1364">
     <span class='ocr_line' id='line_1_20' title="bbox 269 1244 1254 1324; baseline -0.011 -32"><span class='ocrx_word' id='word_1_132' title='bbox 269 1265 334 1292; x_wconf 80' lang='grc'>724.</span> <span class='ocrx_word' id='word_1_133' title='bbox 365 1248 599 1324; x_wconf 59' lang='grc' dir='ltr'>(κωλακρέτου</span> <span class='ocrx_word' id='word_1_134' title='bbox 631 1261 639 1286; x_wconf 94' lang='lat'><strong>:</strong></span> <span class='ocrx_word' id='word_1_135' title='bbox 676 1247 965 1298; x_wconf 71' lang='grc' dir='ltr'>Περιφραστικως</span> <span class='ocrx_word' id='word_1_136' title='bbox 980 1260 1036 1282; x_wconf 89' lang='grc' dir='ltr'>τον</span> <span class='ocrx_word' id='word_1_137' title='bbox 1057 1244 1254 1282; x_wconf 79' lang='grc' dir='ltr'>δικαστικὸν</span> 
     </span>
     <span class='ocr_line' id='line_1_21' title="bbox 219 1302 1256 1364; baseline -0.011 -15"><span class='ocrx_word' id='word_1_138' title='bbox 219 1310 350 1364; x_wconf 82' lang='grc' dir='ltr'>μισθόν.</span> <span class='ocrx_word' id='word_1_139' title='bbox 370 1309 452 1360; x_wconf 87' lang='grc' dir='ltr'>παρ’</span> <span class='ocrx_word' id='word_1_140' title='bbox 472 1306 634 1344; x_wconf 72' lang='grc' dir='ltr'>ὑπόνοιαν</span> <span class='ocrx_word' id='word_1_141' title='bbox 655 1305 712 1352; x_wconf 80' lang='grc' dir='ltr'>δὲ,</span> <span class='ocrx_word' id='word_1_142' title='bbox 733 1305 806 1341; x_wconf 87' lang='grc' dir='ltr'>δεον</span> <span class='ocrx_word' id='word_1_143' title='bbox 826 1304 933 1340; x_wconf 83' lang='grc' dir='ltr'>εἷπειν</span> <span class='ocrx_word' id='word_1_144' title='bbox 960 1302 1045 1355; x_wconf 83' lang='grc' dir='ltr'>ζῴου</span> <span class='ocrx_word' id='word_1_145' title='bbox 1067 1303 1181 1352; x_wconf 81' lang='grc' dir='ltr'>τινός.)</span> <span class='ocrx_word' id='word_1_146' title='bbox 1203 1326 1256 1332; x_wconf 90' lang='grc'>--</span> 
     </span>
    </p>
   </div>
   <div class='ocr_carea' id='block_1_6' title="bbox 167 1147 197 1171">
    <p class='ocr_par' dir='ltr' id='par_1_9' title="bbox 167 1147 197 1171">
     <span class='ocr_line' id='line_1_22' title="bbox 167 1147 197 1171; baseline 0.033 -1"><span class='ocrx_word' id='word_1_147' title='bbox 167 1147 197 1171; x_wconf 85' lang='lat'>15</span> 
     </span>
    </p>
   </div>
   <div class='ocr_carea' id='block_1_7' title="bbox 217 1360 1253 1466">
    <p class='ocr_par' dir='ltr' id='par_1_10' title="bbox 217 1360 1253 1466">
     <span class='ocr_line' id='line_1_23' title="bbox 217 1360 1253 1419; baseline -0.012 -10.638"><span class='ocrx_word' id='word_1_148' title='bbox 217 1371 332 1409; x_wconf 86' lang='grc' dir='ltr'>πάντα</span> <span class='ocrx_word' id='word_1_149' title='bbox 355 1383 428 1414; x_wconf 90' lang='grc' dir='ltr'>σοι,</span> <span class='ocrx_word' id='word_1_150' title='bbox 450 1381 559 1419; x_wconf 70' lang='grc' dir='ltr'>φησι,</span> <span class='ocrx_word' id='word_1_151' title='bbox 580 1364 705 1414; x_wconf 82' lang='grc' dir='ltr'>δίδωμι</span> <span class='ocrx_word' id='word_1_152' title='bbox 721 1362 812 1408; x_wconf 81' lang='grc' dir='ltr'>πλὴν</span> <span class='ocrx_word' id='word_1_153' title='bbox 831 1361 901 1399; x_wconf 82' lang='grc' dir='ltr'>ἀπὸ</span> <span class='ocrx_word' id='word_1_154' title='bbox 922 1360 1097 1411; x_wconf 87' lang='grc' dir='ltr'>δημοσίων</span> <span class='ocrx_word' id='word_1_155' title='bbox 1115 1376 1253 1414; x_wconf 62' lang='grc' dir='ltr'>τροοης.</span> 
     </span>
     <span class='ocr_line' id='line_1_24' title="bbox 218 1436 335 1466; baseline -0.017 0"><span class='ocrx_word' id='word_1_156' title='bbox 218 1436 298 1466; x_wconf 77' lang='lat' dir='ltr'><strong>Ven.</strong></span> <span class='ocrx_word' id='word_1_157' title='bbox 331 1454 335 1458; x_wconf 67' lang='lat'>.</span> 
     </span>
    </p>
   </div>
   <div class='ocr_carea' id='block_1_8' title="bbox 270 1478 880 1536">
    <p class='ocr_par' dir='ltr' id='par_1_11' title="bbox 270 1478 880 1536">
     <span class='ocr_line' id='line_1_25' title="bbox 270 1478 880 1536; baseline -0.013 -12"><span class='ocrx_word' id='word_1_158' title='bbox 270 1499 332 1525; x_wconf 82' lang='lat'><strong>725.</strong></span> <span class='ocrx_word' id='word_1_159' title='bbox 364 1484 463 1536; x_wconf 83' lang='grc' dir='ltr'>(πρὶν</span> <span class='ocrx_word' id='word_1_160' title='bbox 482 1483 521 1519; x_wconf 83' lang='grc' dir='ltr'>ἂν</span> <span class='ocrx_word' id='word_1_161' title='bbox 540 1483 665 1533; x_wconf 62' lang='grc' dir='ltr'>ἀμφοῖν</span> <span class='ocrx_word' id='word_1_162' title='bbox 688 1493 696 1518; x_wconf 90' lang='lat'>:</span> <span class='ocrx_word' id='word_1_163' title='bbox 720 1478 825 1519; x_wconf 74' lang='grc' dir='ltr'>Κατὰ</span> <span class='ocrx_word' id='word_1_164' title='bbox 842 1478 880 1516; x_wconf 82' lang='grc' dir='ltr'>τὸ</span> 
     </span>
    </p>
   </div>
   <div class='ocr_carea' id='block_1_9' title="bbox 299 1564 1183 1613">
    <p class='ocr_par' dir='ltr' id='par_1_12' title="bbox 299 1564 1183 1613">
     <span class='ocr_line' id='line_1_26' title="bbox 299 1564 1183 1613; baseline -0.011 -9"><span class='ocrx_word' id='word_1_165' title='bbox 299 1573 375 1613; x_wconf 80' lang='grc' dir='ltr'>μηδὲ</span> <span class='ocrx_word' id='word_1_166' title='bbox 391 1571 478 1608; x_wconf 87' lang='grc' dir='ltr'>δίκην</span> <span class='ocrx_word' id='word_1_167' title='bbox 493 1569 640 1609; x_wconf 80' lang='grc' dir='ltr'>δικάσῃς,</span> <span class='ocrx_word' id='word_1_168' title='bbox 653 1568 723 1608; x_wconf 86' lang='grc' dir='ltr'>πρὶν</span> <span class='ocrx_word' id='word_1_169' title='bbox 740 1568 777 1598; x_wconf 84' lang='grc' dir='ltr'>ἂν</span> <span class='ocrx_word' id='word_1_170' title='bbox 794 1567 906 1607; x_wconf 61' lang='grc' dir='ltr'>ἀμφοῖν</span> <span class='ocrx_word' id='word_1_171' title='bbox 926 1566 1018 1606; x_wconf 77' lang='grc' dir='ltr'>μῦθον</span> <span class='ocrx_word' id='word_1_172' title='bbox 1036 1564 1183 1605; x_wconf 78' lang='grc' dir='ltr'>ἀκούσῃς.</span> 
     </span>
    </p>
   </div>
   <div class='ocr_carea' id='block_1_10' title="bbox 167 1639 1265 2812">
    <p class='ocr_par' dir='ltr' id='par_1_13' title="bbox 167 1639 1265 2803">
     <span class='ocr_line' id='line_1_27' title="bbox 217 1639 1259 1699; baseline -0.01 -12"><span class='ocrx_word' id='word_1_173' title='bbox 217 1652 318 1699; x_wconf 80' lang='grc' dir='ltr'>ὑγιῶς</span> <span class='ocrx_word' id='word_1_174' title='bbox 335 1647 370 1685; x_wconf 89' lang='grc' dir='ltr'>δε</span> <span class='ocrx_word' id='word_1_175' title='bbox 387 1663 444 1684; x_wconf 89' lang='grc' dir='ltr'>νυν</span> <span class='ocrx_word' id='word_1_176' title='bbox 469 1661 507 1684; x_wconf 87' lang='grc' dir='ltr'>το</span> <span class='ocrx_word' id='word_1_177' title='bbox 528 1649 655 1697; x_wconf 65' lang='grc' dir='ltr'>ἀμφοῖν</span> <span class='ocrx_word' id='word_1_178' title='bbox 678 1646 803 1681; x_wconf 88' lang='grc' dir='ltr'>κεῖται.</span> <span class='ocrx_word' id='word_1_179' title='bbox 825 1658 902 1685; x_wconf 91' lang='grc' dir='ltr'>τους</span> <span class='ocrx_word' id='word_1_180' title='bbox 920 1641 1123 1692; x_wconf 84' lang='grc' dir='ltr'>σκίμπωνας</span> <span class='ocrx_word' id='word_1_181' title='bbox 1140 1639 1176 1678; x_wconf 77' lang='grc' dir='ltr'>δὲ</span> <span class='ocrx_word' id='word_1_182' title='bbox 1199 1656 1259 1683; x_wconf 90' lang='grc' dir='ltr'>τας</span> 
     </span>
     <span class='ocr_line' id='line_1_28' title="bbox 221 1698 1259 1759; baseline -0.012 -13"><span class='ocrx_word' id='word_1_183' title='bbox 221 1706 424 1759; x_wconf 75' lang='grc' dir='ltr'>βακτηρίας.</span> <span class='ocrx_word' id='word_1_184' title='bbox 445 1703 566 1749; x_wconf 66' lang='grc' dir='ltr'>ἀτενής</span> <span class='ocrx_word' id='word_1_185' title='bbox 584 1701 619 1740; x_wconf 77' lang='grc' dir='ltr'>δὲ</span> <span class='ocrx_word' id='word_1_186' title='bbox 641 1701 801 1752; x_wconf 81' lang='grc' dir='ltr'>μανικὸς,</span> <span class='ocrx_word' id='word_1_187' title='bbox 824 1699 880 1738; x_wconf 87' lang='grc' dir='ltr'>δια</span> <span class='ocrx_word' id='word_1_188' title='bbox 897 1700 936 1737; x_wconf 82' lang='grc' dir='ltr'>τὸ</span> <span class='ocrx_word' id='word_1_189' title='bbox 957 1699 1009 1736; x_wconf 85' lang='grc' dir='ltr'>ἀει</span> <span class='ocrx_word' id='word_1_190' title='bbox 1035 1698 1150 1741; x_wconf 78' lang='grc' dir='ltr'>ἀτενὲς</span> <span class='ocrx_word' id='word_1_191' title='bbox 1176 1698 1237 1750; x_wconf 78' lang='grc' dir='ltr'>β)</span> <span class='ocrx_word' id='word_1_192' title='bbox 1221 1722 1259 1735; x_wconf 94' lang='lat'>3-</span> 
     </span>
     <span class='ocr_line' id='line_1_29' title="bbox 167 1756 1258 1814; baseline -0.011 -10"><span class='ocrx_word' id='word_1_193' title='bbox 167 1785 200 1809; x_wconf 80' lang='lat'><strong>25</strong></span> <span class='ocrx_word' id='word_1_194' title='bbox 218 1782 293 1803; x_wconf 91' lang='grc' dir='ltr'>πειν</span> <span class='ocrx_word' id='word_1_195' title='bbox 312 1781 388 1807; x_wconf 89' lang='grc' dir='ltr'>τους</span> <span class='ocrx_word' id='word_1_196' title='bbox 412 1761 519 1814; x_wconf 88' lang='grc' dir='ltr'>μανία</span> <span class='ocrx_word' id='word_1_197' title='bbox 536 1776 603 1798; x_wconf 89' lang='grc' dir='ltr'>κατ</span> <span class='ocrx_word' id='word_1_198' title='bbox 592 1759 801 1811; x_wconf 79' lang='grc' dir='ltr'>.εγομένους.</span> <span class='ocrx_word' id='word_1_199' title='bbox 903 1759 1006 1803; x_wconf 75' lang='grc' dir='ltr'>ἀτενῆ·</span> <span class='ocrx_word' id='word_1_200' title='bbox 1026 1773 1083 1794; x_wconf 89' lang='grc' dir='ltr'>τον</span> <span class='ocrx_word' id='word_1_201' title='bbox 1114 1756 1258 1806; x_wconf 83' lang='grc' dir='ltr'>μανικὸν</span> 
     </span>
     <span class='ocr_line' id='line_1_30' title="bbox 219 1801 1259 1876; baseline -0.012 -13"><span class='ocrx_word' id='word_1_202' title='bbox 219 1830 276 1863; x_wconf 82' lang='grc' dir='ltr'>ν’ῦν</span> <span class='ocrx_word' id='word_1_203' title='bbox 308 1801 452 1876; x_wconf 74' lang='grc' dir='ltr'>εἴρηκέν.</span> <span class='ocrx_word' id='word_1_204' title='bbox 485 1802 695 1872; x_wconf 70' lang='grc' dir='ltr'>ἠγριωμένοι</span> <span class='ocrx_word' id='word_1_205' title='bbox 732 1818 799 1870; x_wconf 84' lang='grc' dir='ltr'>γάρ</span> <span class='ocrx_word' id='word_1_206' title='bbox 834 1819 900 1855; x_wconf 80' lang='grc' dir='ltr'>εἶσι</span> <span class='ocrx_word' id='word_1_207' title='bbox 925 1833 984 1854; x_wconf 85' lang='grc' dir='ltr'>και</span> <span class='ocrx_word' id='word_1_208' title='bbox 1015 1816 1158 1868; x_wconf 62' lang='grc' dir='ltr'>ύραιμοι</span> <span class='ocrx_word' id='word_1_209' title='bbox 1191 1817 1259 1852; x_wconf 89' lang='grc' dir='ltr'>τῶν</span> 
     </span>
     <span class='ocr_line' id='line_1_31' title="bbox 220 1879 729 1932; baseline -0.018 -10"><span class='ocrx_word' id='word_1_210' title='bbox 220 1882 381 1922; x_wconf 85' lang='grc' dir='ltr'>τοιούτων</span> <span class='ocrx_word' id='word_1_211' title='bbox 401 1884 431 1918; x_wconf 84' lang='grc' dir='ltr'>οἱ</span> <span class='ocrx_word' id='word_1_212' title='bbox 447 1881 557 1932; x_wconf 59' lang='grc' dir='ltr'>ὀφθα)</span> <span class='ocrx_word' id='word_1_213' title='bbox 561 1879 643 1929; x_wconf 88' lang='grc' dir='ltr'>μοί.)</span> <span class='ocrx_word' id='word_1_214' title='bbox 725 1920 729 1921; x_wconf 17' lang='lat'><em>⁷</em></span> 
     </span>
     <span class='ocr_line' id='line_1_32' title="bbox 273 1933 946 1990; baseline -0.016 -10.439"><span class='ocrx_word' id='word_1_215' title='bbox 273 1955 337 1980; x_wconf 97' lang='lat'>728</span> <span class='ocrx_word' id='word_1_216' title='bbox 369 1953 603 1990; x_wconf 66' lang='grc' dir='ltr'>συγχορευτα,</span> <span class='ocrx_word' id='word_1_217' title='bbox 619 1952 636 1973; x_wconf 93' lang='grc' dir='ltr'>ο</span> <span class='ocrx_word' id='word_1_218' title='bbox 657 1937 717 1973; x_wconf 78' lang='grc' dir='ltr'>ἐστ</span> <span class='ocrx_word' id='word_1_219' title='bbox 721 1933 946 1986; x_wconf 64' lang='grc' dir='ltr'>ισυνεργέΝ</span> 
     </span>
     <span class='ocr_line' id='line_1_33' title="bbox 274 1988 1261 2049; baseline -0.013 -11.937"><span class='ocrx_word' id='word_1_220' title='bbox 274 2014 338 2038; x_wconf 83' lang='lat'><strong>730.</strong></span> <span class='ocrx_word' id='word_1_221' title='bbox 369 1997 551 2049; x_wconf 87' lang='grc' dir='ltr'>ἀτεράμων</span> <span class='ocrx_word' id='word_1_222' title='bbox 577 2008 585 2033; x_wconf 88' lang='grc'>;</span> <span class='ocrx_word' id='word_1_223' title='bbox 614 1993 736 2043; x_wconf 85' lang='grc' dir='ltr'>(Οἷονε</span> <span class='ocrx_word' id='word_1_224' title='bbox 733 2010 741 2030; x_wconf 91' lang='grc' dir='ltr'>ι</span> <span class='ocrx_word' id='word_1_225' title='bbox 765 2009 813 2043; x_wconf 89' lang='grc' dir='ltr'>μη</span> <span class='ocrx_word' id='word_1_226' title='bbox 834 1991 1007 2043; x_wconf 85' lang='grc' dir='ltr'>τεράμων,</span> <span class='ocrx_word' id='word_1_227' title='bbox 1025 1988 1126 2039; x_wconf 67' lang='grc' dir='ltr'>ἀὶλὰ)</span> <span class='ocrx_word' id='word_1_228' title='bbox 1149 1991 1261 2035; x_wconf 88' lang='grc' dir='ltr'>σκλη-</span> 
     </span>
     <span class='ocr_line' id='line_1_34' title="bbox 169 2046 1260 2122; baseline -0.013 -25"><span class='ocrx_word' id='word_1_229' title='bbox 169 2077 203 2102; x_wconf 79' lang='lat'>30</span> <span class='ocrx_word' id='word_1_230' title='bbox 224 2058 288 2110; x_wconf 90' lang='grc' dir='ltr'>ρός.</span> <span class='ocrx_word' id='word_1_231' title='bbox 311 2057 414 2107; x_wconf 84' lang='grc' dir='ltr'>(ἔνθεν</span> <span class='ocrx_word' id='word_1_232' title='bbox 443 2055 489 2103; x_wconf 79' lang='grc' dir='ltr'>δὲ)</span> <span class='ocrx_word' id='word_1_233' title='bbox 520 2069 579 2091; x_wconf 92' lang='grc' dir='ltr'>και</span> <span class='ocrx_word' id='word_1_234' title='bbox 589 2051 782 2122; x_wconf 49' lang='grc' dir='ltr'>[ἀτέραμνα</span> <span class='ocrx_word' id='word_1_235' title='bbox 803 2050 951 2122; x_wconf 81' lang='grc' dir='ltr'>(ὄσπρια</span> <span class='ocrx_word' id='word_1_236' title='bbox 981 2047 1121 2100; x_wconf 67' lang='grc' dir='ltr'>ραμὲν),</span> <span class='ocrx_word' id='word_1_237' title='bbox 1148 2046 1192 2085; x_wconf 79' lang='grc' dir='ltr'>τὰ</span> <span class='ocrx_word' id='word_1_238' title='bbox 1212 2064 1260 2098; x_wconf 88' lang='grc' dir='ltr'>μη</span> 
     </span>
     <span class='ocr_line' id='line_1_35' title="bbox 222 2109 1260 2168; baseline -0.012 -15"><span class='ocrx_word' id='word_1_239' title='bbox 222 2116 372 2168; x_wconf 80' lang='grc' dir='ltr'>ἑψόμενα</span> <span class='ocrx_word' id='word_1_240' title='bbox 393 2113 448 2151; x_wconf 82' lang='grc' dir='ltr'>διὰ</span> <span class='ocrx_word' id='word_1_241' title='bbox 466 2109 701 2163; x_wconf 70' lang='grc' dir='ltr'>σκληρότητα·</span> <span class='ocrx_word' id='word_1_242' title='bbox 723 2124 820 2160; x_wconf 89' lang='grc' dir='ltr'>παρα</span> <span class='ocrx_word' id='word_1_243' title='bbox 845 2123 884 2144; x_wconf 88' lang='grc' dir='ltr'>το</span> <span class='ocrx_word' id='word_1_244' title='bbox 911 2112 1016 2153; x_wconf 87' lang='grc' dir='ltr'>[11.Γ,</span> <span class='ocrx_word' id='word_1_245' title='bbox 1045 2111 1107 2151; x_wconf 86' lang='grc'>412]</span> <span class='ocrx_word' id='word_1_246' title='bbox 1134 2105 1260 2157; x_wconf 79' lang='grc' dir='ltr'>«τέρεν</span> 
     </span>
     <span class='ocr_line' id='line_1_36' title="bbox 222 2166 1260 2240; baseline -0.011 -29"><span class='ocrx_word' id='word_1_247' title='bbox 222 2173 347 2212; x_wconf 75' lang='grc' dir='ltr'>κατὰ</span> <span class='ocrx_word' id='word_1_248' title='bbox 329 2172 448 2240; x_wconf 68' lang='grc' dir='ltr'>οάκρυω</span> <span class='ocrx_word' id='word_1_249' title='bbox 454 2170 583 2222; x_wconf 83' lang='grc' dir='ltr'>γέουσα</span> <span class='ocrx_word' id='word_1_250' title='bbox 600 2187 615 2201; x_wconf 76' lang='grc' dir='ltr'>υ</span> <span class='ocrx_word' id='word_1_251' title='bbox 638 2167 709 2217; x_wconf 89' lang='grc' dir='ltr'>(και</span> <span class='ocrx_word' id='word_1_252' title='bbox 725 2166 806 2205; x_wconf 81' lang='lat' dir='ltr'>II)</span> <span class='ocrx_word' id='word_1_253' title='bbox 787 2182 876 2203; x_wconf 89' lang='grc' dir='ltr'>ατων</span> <span class='ocrx_word' id='word_1_254' title='bbox 900 2171 986 2212; x_wconf 82' lang='lat' dir='ltr'>[Leg</span> <span class='ocrx_word' id='word_1_255' title='bbox 1011 2177 1044 2211; x_wconf 83' lang='grc'>9,</span> <span class='ocrx_word' id='word_1_256' title='bbox 1059 2180 1090 2211; x_wconf 91' lang='lat' dir='ltr'>p.</span> <span class='ocrx_word' id='word_1_257' title='bbox 1111 2178 1162 2202; x_wconf 67' lang='lat'><strong>85⁹.</strong></span> <span class='ocrx_word' id='word_1_258' title='bbox 1157 2191 1181 2209; x_wconf 96' lang='lat'>‚</span> <span class='ocrx_word' id='word_1_259' title='bbox 1203 2168 1230 2196; x_wconf 93' lang='lat' dir='ltr'>D</span> <span class='ocrx_word' id='word_1_260' title='bbox 1236 2168 1260 2210; x_wconf 91' lang='lat'>.]</span> 
     </span>
     <span class='ocr_line' id='line_1_37' title="bbox 222 2221 1261 2295; baseline -0.013 -24.693"><span class='ocrx_word' id='word_1_261' title='bbox 222 2232 422 2284; x_wconf 79' lang='grc' dir='ltr'>κέγρηται</span> <span class='ocrx_word' id='word_1_262' title='bbox 406 2246 448 2280; x_wconf 90' lang='grc' dir='ltr'>τη</span> <span class='ocrx_word' id='word_1_263' title='bbox 465 2227 575 2277; x_wconf 71' lang='grc' dir='ltr'>λέξει,</span> <span class='ocrx_word' id='word_1_264' title='bbox 595 2223 827 2295; x_wconf 64' lang='grc' dir='ltr'>κερασέόὶους</span> <span class='ocrx_word' id='word_1_265' title='bbox 843 2239 902 2260; x_wconf 89' lang='grc' dir='ltr'>και</span> <span class='ocrx_word' id='word_1_266' title='bbox 920 2238 963 2259; x_wconf 90' lang='grc' dir='ltr'>ατ</span> <span class='ocrx_word' id='word_1_267' title='bbox 966 2222 1133 2274; x_wconf 54' lang='grc' dir='ltr'>εσάμνους</span> <span class='ocrx_word' id='word_1_268' title='bbox 1152 2221 1192 2258; x_wconf 89' lang='lat'>73</span> <span class='ocrx_word' id='word_1_269' title='bbox 1176 2237 1261 2271; x_wconf 88' lang='grc' dir='ltr'>εγων</span> 
     </span>
     <span class='ocr_line' id='line_1_38' title="bbox 222 2279 1260 2339; baseline -0.013 -12"><span class='ocrx_word' id='word_1_270' title='bbox 222 2305 299 2332; x_wconf 85' lang='grc' dir='ltr'>τους</span> <span class='ocrx_word' id='word_1_271' title='bbox 321 2290 386 2326; x_wconf 85' lang='grc' dir='ltr'>σκλ</span> <span class='ocrx_word' id='word_1_272' title='bbox 378 2302 489 2339; x_wconf 55' lang='grc' dir='ltr'>«Γ,ρους</span> <span class='ocrx_word' id='word_1_273' title='bbox 510 2283 566 2322; x_wconf 82' lang='grc' dir='ltr'>δια</span> <span class='ocrx_word' id='word_1_274' title='bbox 589 2283 717 2321; x_wconf 88' lang='grc' dir='ltr'>τούτων</span> <span class='ocrx_word' id='word_1_275' title='bbox 735 2300 750 2314; x_wconf 88' lang='lat'>«</span> <span class='ocrx_word' id='word_1_276' title='bbox 773 2297 821 2331; x_wconf 89' lang='grc' dir='ltr'>μΓ,</span> <span class='ocrx_word' id='word_1_277' title='bbox 843 2297 891 2323; x_wconf 89' lang='grc' dir='ltr'>τις</span> <span class='ocrx_word' id='word_1_278' title='bbox 910 2295 945 2330; x_wconf 87' lang='grc' dir='ltr'>·,Γ-</span> <span class='ocrx_word' id='word_1_279' title='bbox 934 2279 1050 2325; x_wconf 82' lang='grc' dir='ltr'>-’νΤ,ται</span> <span class='ocrx_word' id='word_1_280' title='bbox 1073 2281 1140 2315; x_wconf 82' lang='grc' dir='ltr'>των</span> <span class='ocrx_word' id='word_1_281' title='bbox 1162 2280 1260 2316; x_wconf 91' lang='grc' dir='ltr'>πολι-</span> 
     </span>
     <span class='ocr_line' id='line_1_39' title="bbox 171 2336 1262 2397; baseline -0.011 -12"><span class='ocrx_word' id='word_1_282' title='bbox 171 2366 204 2391; x_wconf 84' lang='lat'>35</span> <span class='ocrx_word' id='word_1_283' title='bbox 223 2350 290 2385; x_wconf 88' lang='grc' dir='ltr'>τῶν</span> <span class='ocrx_word' id='word_1_284' title='bbox 315 2341 586 2397; x_wconf 62' lang='grc' dir='ltr'>κερασῧόλος,”“</span> <span class='ocrx_word' id='word_1_285' title='bbox 568 2359 590 2387; x_wconf 89' lang='grc' dir='ltr'>-Γ,</span> <span class='ocrx_word' id='word_1_286' title='bbox 619 2340 821 2393; x_wconf 70' lang='grc' dir='ltr'>ἀτεραιινος.</span> <span class='ocrx_word' id='word_1_287' title='bbox 846 2357 859 2372; x_wconf 76' lang='grc' dir='ltr'>υ</span> <span class='ocrx_word' id='word_1_288' title='bbox 890 2353 974 2375; x_wconf 41' lang='grc' dir='ltr'>μασι</span> <span class='ocrx_word' id='word_1_289' title='bbox 1011 2352 1077 2388; x_wconf 87' lang='grc' dir='ltr'>γαρ</span> <span class='ocrx_word' id='word_1_290' title='bbox 1104 2353 1147 2374; x_wconf 89' lang='grc' dir='ltr'>τα</span> <span class='ocrx_word' id='word_1_291' title='bbox 1173 2336 1262 2374; x_wconf 87' lang='grc' dir='ltr'>κατὰ</span> 
     </span>
     <span class='ocr_line' id='line_1_40' title="bbox 223 2393 1260 2455; baseline -0.014 -12"><span class='ocrx_word' id='word_1_292' title='bbox 223 2409 290 2443; x_wconf 70' lang='grc' dir='ltr'>τῶν</span> <span class='ocrx_word' id='word_1_293' title='bbox 311 2402 465 2455; x_wconf 82' lang='grc' dir='ltr'>κεράτων</span> <span class='ocrx_word' id='word_1_294' title='bbox 490 2399 658 2452; x_wconf 87' lang='grc' dir='ltr'>βληθέντα</span> <span class='ocrx_word' id='word_1_295' title='bbox 677 2399 861 2449; x_wconf 84' lang='grc' dir='ltr'>σπέρματα</span> <span class='ocrx_word' id='word_1_296' title='bbox 880 2396 1058 2447; x_wconf 88' lang='grc' dir='ltr'>ατέραμνα</span> <span class='ocrx_word' id='word_1_297' title='bbox 1079 2393 1260 2444; x_wconf 88' lang='grc' dir='ltr'>γίνεσθαι.)</span> 
     </span>
     <span class='ocr_line' id='line_1_41' title="bbox 277 2451 1263 2511; baseline -0.013 -10.934"><span class='ocrx_word' id='word_1_298' title='bbox 277 2475 340 2501; x_wconf 83' lang='grc'>734.</span> <span class='ocrx_word' id='word_1_299' title='bbox 372 2458 566 2511; x_wconf 64' lang='grc' dir='ltr'>(ἐμοανήςῑ</span> <span class='ocrx_word' id='word_1_300' title='bbox 588 2455 685 2495; x_wconf 90' lang='grc' dir='ltr'>Ισον</span> <span class='ocrx_word' id='word_1_301' title='bbox 703 2458 753 2508; x_wconf 75' lang='grc' dir='ltr'>τῷ</span> <span class='ocrx_word' id='word_1_302' title='bbox 778 2453 941 2507; x_wconf 82' lang='grc' dir='ltr'>ἕναργης,</span> <span class='ocrx_word' id='word_1_303' title='bbox 963 2452 1043 2504; x_wconf 76' lang='grc' dir='ltr'>ουγὶ</span> <span class='ocrx_word' id='word_1_304' title='bbox 1066 2468 1115 2489; x_wconf 88' lang='grc' dir='ltr'>τω</span> <span class='ocrx_word' id='word_1_305' title='bbox 1142 2451 1263 2489; x_wconf 61' lang='grc' dir='ltr'>φαινό-</span> 
     </span>
     <span class='ocr_line' id='line_1_42' title="bbox 227 2521 351 2571; baseline 0 -13"><span class='ocrx_word' id='word_1_306' title='bbox 227 2521 351 2571; x_wconf 84' lang='grc' dir='ltr'>μενος.)</span> 
     </span>
     <span class='ocr_line' id='line_1_43' title="bbox 278 2591 341 2617; baseline -0.045 0.227"><span class='ocrx_word' id='word_1_307' title='bbox 278 2591 341 2617; x_wconf 87' lang='lat'><strong>737.</strong></span> 
     </span>
     <span class='ocr_line' id='line_1_44' title="bbox 280 2631 564 2684; baseline -0.025 -8.9"><span class='ocrx_word' id='word_1_308' title='bbox 280 2651 343 2676; x_wconf 87' lang='lat'><strong>738.</strong></span> <span class='ocrx_word' id='word_1_309' title='bbox 377 2631 564 2684; x_wconf 71' lang='lat' dir='ltr'>(ctc6poev:</span> 
     </span>
     <span class='ocr_line' id='line_1_45' title="bbox 230 2685 1265 2747; baseline -0.013 -15"><span class='ocrx_word' id='word_1_310' title='bbox 230 2695 347 2747; x_wconf 82' lang='grc' dir='ltr'>βαίτη.</span> <span class='ocrx_word' id='word_1_311' title='bbox 368 2692 440 2729; x_wconf 91' lang='grc' dir='ltr'>ἔστι</span> <span class='ocrx_word' id='word_1_312' title='bbox 461 2689 496 2727; x_wconf 84' lang='grc' dir='ltr'>δε</span> <span class='ocrx_word' id='word_1_313' title='bbox 513 2687 658 2740; x_wconf 71' lang='grc' dir='ltr'>περιὸόλ</span> <span class='ocrx_word' id='word_1_314' title='bbox 662 2702 733 2724; x_wconf 85' lang='grc' dir='ltr'>αιον</span> <span class='ocrx_word' id='word_1_315' title='bbox 758 2689 797 2724; x_wconf 82' lang='grc' dir='ltr'>ἐκ</span> <span class='ocrx_word' id='word_1_316' title='bbox 820 2685 1000 2738; x_wconf 76' lang='grc' dir='ltr'>δερμάτων</span> <span class='ocrx_word' id='word_1_317' title='bbox 1025 2699 1101 2721; x_wconf 92' lang='grc' dir='ltr'>συνε</span> <span class='ocrx_word' id='word_1_318' title='bbox 1089 2699 1265 2735; x_wconf 87' lang='grc' dir='ltr'>ρραμμε-</span> 
     </span>
     <span class='ocr_line' id='line_1_46' title="bbox 227 2740 1265 2812; baseline -0.013 -21"><span class='ocrx_word' id='word_1_319' title='bbox 227 2769 294 2791; x_wconf 89' lang='grc' dir='ltr'>νων</span> <span class='ocrx_word' id='word_1_320' title='bbox 316 2747 531 2803; x_wconf 67' lang='grc' dir='ltr'>προὲατείων</span> <span class='ocrx_word' id='word_1_321' title='bbox 559 2745 726 2804; x_wconf 72' lang='grc' dir='ltr'>ἔγόντων</span> <span class='ocrx_word' id='word_1_322' title='bbox 735 2744 778 2781; x_wconf 78' lang='grc' dir='ltr'>τὰ</span> <span class='ocrx_word' id='word_1_323' title='bbox 803 2743 889 2795; x_wconf 86' lang='grc' dir='ltr'>ἔρια.</span> <span class='ocrx_word' id='word_1_324' title='bbox 919 2759 949 2780; x_wconf 91' lang='grc' dir='ltr'>οι</span> <span class='ocrx_word' id='word_1_325' title='bbox 967 2741 1002 2779; x_wconf 74' lang='grc' dir='ltr'>δὲ</span> <span class='ocrx_word' id='word_1_326' title='bbox 1026 2740 1265 2812; x_wconf 56' lang='grc' dir='ltr'>ἀκριῗεστεροί</span> 
     </span>
    </p>
   </div>
   <div class='ocr_carea' id='block_1_11' title="bbox 229 2798 1265 2865">
    <p class='ocr_par' dir='ltr' id='par_1_14' title="bbox 229 2798 1265 2865">
     <span class='ocr_line' id='line_1_47' title="bbox 229 2798 1265 2865; baseline -0.014 -15"><span class='ocrx_word' id='word_1_327' title='bbox 229 2826 314 2865; x_wconf 77' lang='grc' dir='ltr'>φασι</span> <span class='ocrx_word' id='word_1_328' title='bbox 339 2810 486 2860; x_wconf 66' lang='grc' dir='ltr'>’χλαῖναν</span> <span class='ocrx_word' id='word_1_329' title='bbox 512 2802 666 2841; x_wconf 86' lang='grc' dir='ltr'>πα)αιαν</span> <span class='ocrx_word' id='word_1_330' title='bbox 696 2807 782 2839; x_wconf 81' lang='grc' dir='ltr'>εἶναι</span> <span class='ocrx_word' id='word_1_331' title='bbox 814 2799 975 2838; x_wconf 49' lang='lat' dir='ltr'><strong>niv-9073...</strong></span> <span class='ocrx_word' id='word_1_332' title='bbox 999 2814 1062 2843; x_wconf 82' lang='grc' dir='ltr'>την</span> <span class='ocrx_word' id='word_1_333' title='bbox 1095 2799 1201 2844; x_wconf 77' lang='grc' dir='ltr'>αὐτην</span> <span class='ocrx_word' id='word_1_334' title='bbox 1229 2798 1265 2836; x_wconf 78' lang='grc' dir='ltr'>δὲ</span> 
     </span>
    </p>
   </div>
   <div class='ocr_carea' id='block_1_12' title="bbox 373 2572 987 2622">
    <p class='ocr_par' dir='ltr' id='par_1_15' title="bbox 373 2572 987 2622">
     <span class='ocr_line' id='line_1_48' title="bbox 373 2572 987 2622; baseline -0.01 -10"><span class='ocrx_word' id='word_1_335' title='bbox 373 2576 408 2613; x_wconf 82' lang='grc' dir='ltr'>ὃν</span> <span class='ocrx_word' id='word_1_336' title='bbox 430 2575 533 2611; x_wconf 66' lang='grc' dir='ltr'>άὶικα</span> <span class='ocrx_word' id='word_1_337' title='bbox 553 2573 725 2622; x_wconf 57' lang='grc' dir='ltr'>(Ρωμαῖοι</span> <span class='ocrx_word' id='word_1_338' title='bbox 753 2572 927 2608; x_wconf 61' lang='grc' dir='ltr'>καλοῦσιν.</span> <span class='ocrx_word' id='word_1_339' title='bbox 948 2577 987 2607; x_wconf 85' lang='lat' dir='ltr'>V.</span> 
     </span>
    </p>
   </div>
   <div class='ocr_carea' id='block_1_13' title="bbox 174 2626 1263 2682">
    <p class='ocr_par' dir='ltr' id='par_1_16' title="bbox 174 2626 1263 2682">
     <span class='ocr_line' id='line_1_49' title="bbox 174 2626 1263 2682; baseline -0.008 -11"><span class='ocrx_word' id='word_1_340' title='bbox 174 2655 208 2678; x_wconf 77' lang='lat'>40</span> <span class='ocrx_word' id='word_1_341' title='bbox 597 2630 731 2682; x_wconf 86' lang='grc' dir='ltr'>Σισύρα</span> <span class='ocrx_word' id='word_1_342' title='bbox 756 2631 914 2667; x_wconf 89' lang='grc' dir='ltr'>καλεῖται</span> <span class='ocrx_word' id='word_1_343' title='bbox 940 2643 1060 2678; x_wconf 85' lang='grc' dir='ltr'>παρα,</span> <span class='ocrx_word' id='word_1_344' title='bbox 1055 2626 1115 2663; x_wconf 72' lang='grc' dir='ltr'>μέν</span> <span class='ocrx_word' id='word_1_345' title='bbox 1135 2643 1223 2664; x_wconf 88' lang='grc' dir='ltr'>τισιν</span> <span class='ocrx_word' id='word_1_346' title='bbox 1242 2642 1263 2672; x_wconf 93' lang='grc' dir='ltr'>η</span> 
     </span>
    </p>
   </div>
   <div class='ocr_carea' id='block_1_14' title="bbox 176 2859 1266 3374">
    <p class='ocr_par' dir='ltr' id='par_1_17' title="bbox 176 2859 1250 3020">
     <span class='ocr_line' id='line_1_50' title="bbox 227 2859 887 2938; baseline -0.02 -29"><span class='ocrx_word' id='word_1_347' title='bbox 227 2870 288 2909; x_wconf 82' lang='grc' dir='ltr'>καὶ</span> <span class='ocrx_word' id='word_1_348' title='bbox 308 2865 461 2938; x_wconf 80' lang='grc' dir='ltr'>σισύραν</span> <span class='ocrx_word' id='word_1_349' title='bbox 467 2865 536 2900; x_wconf 88' lang='grc' dir='ltr'>καλ</span> <span class='ocrx_word' id='word_1_350' title='bbox 538 2877 614 2900; x_wconf 89' lang='grc' dir='ltr'>ουσι</span> <span class='ocrx_word' id='word_1_351' title='bbox 632 2877 691 2898; x_wconf 84' lang='grc' dir='ltr'>και</span> <span class='ocrx_word' id='word_1_352' title='bbox 712 2859 887 2912; x_wconf 88' lang='grc' dir='ltr'>σισύρναν.</span> 
     </span>
     <span class='ocr_line' id='line_1_51' title="bbox 176 2915 1262 2974; baseline -0.009 -11"><span class='ocrx_word' id='word_1_353' title='bbox 176 2942 210 2965; x_wconf 80' lang='lat'>45</span> <span class='ocrx_word' id='word_1_354' title='bbox 282 2941 346 2967; x_wconf 98' lang='grc'>40</span> <span class='ocrx_word' id='word_1_355' title='bbox 377 2920 482 2974; x_wconf 68' lang='grc' dir='ltr'>ὀσρύν</span> <span class='ocrx_word' id='word_1_356' title='bbox 509 2935 517 2959; x_wconf 91' lang='lat'>:</span> <span class='ocrx_word' id='word_1_357' title='bbox 553 2920 624 2959; x_wconf 83' lang='grc' dir='ltr'>Τὸν</span> <span class='ocrx_word' id='word_1_358' title='bbox 655 2934 753 2971; x_wconf 91' lang='grc' dir='ltr'>παρα</span> <span class='ocrx_word' id='word_1_359' title='bbox 784 2919 851 2955; x_wconf 84' lang='grc' dir='ltr'>πλε</span> <span class='ocrx_word' id='word_1_360' title='bbox 836 2918 932 2970; x_wconf 80' lang='grc' dir='ltr'>ευρὸν</span> <span class='ocrx_word' id='word_1_361' title='bbox 964 2917 1118 2955; x_wconf 88' lang='grc' dir='ltr'>διάκενον</span> <span class='ocrx_word' id='word_1_362' title='bbox 1146 2915 1262 2954; x_wconf 83' lang='grc' dir='ltr'>τόπον.</span> 
     </span>
     <span class='ocr_line' id='line_1_52' title="bbox 236 2991 318 3020; baseline 0.012 -1"><span class='ocrx_word' id='word_1_363' title='bbox 236 2991 318 3020; x_wconf 64' lang='lat' dir='ltr'><strong>Vici.</strong></span> 
     </span>
    </p>

    <p class='ocr_par' dir='ltr' id='par_1_18' title="bbox 230 3031 1266 3203">
     <span class='ocr_line' id='line_1_53' title="bbox 283 3031 1266 3086; baseline -0.005 -12"><span class='ocrx_word' id='word_1_364' title='bbox 283 3049 346 3074; x_wconf 80' lang='grc'>743.</span> <span class='ocrx_word' id='word_1_365' title='bbox 379 3036 627 3086; x_wconf 63' lang='grc' dir='ltr'>(νενουθέτηκεν</span> <span class='ocrx_word' id='word_1_366' title='bbox 655 3034 756 3072; x_wconf 81' lang='grc' dir='ltr'>αὑτόν</span> <span class='ocrx_word' id='word_1_367' title='bbox 780 3047 788 3072; x_wconf 89' lang='lat'>:</span> <span class='ocrx_word' id='word_1_368' title='bbox 811 3034 852 3071; x_wconf 89' lang='grc' dir='ltr'>Ὁ</span> <span class='ocrx_word' id='word_1_369' title='bbox 881 3034 983 3086; x_wconf 76' lang='grc' dir='ltr'>χορὸς</span> <span class='ocrx_word' id='word_1_370' title='bbox 1002 3033 1208 3085; x_wconf 74' lang='grc' dir='ltr'>ἀναδέχεται</span> <span class='ocrx_word' id='word_1_371' title='bbox 1228 3031 1266 3069; x_wconf 80' lang='grc' dir='ltr'>τὸ</span> 
     </span>
     <span class='ocr_line' id='line_1_54' title="bbox 231 3090 1266 3145; baseline -0.003 -15"><span class='ocrx_word' id='word_1_372' title='bbox 231 3094 418 3145; x_wconf 87' lang='grc' dir='ltr'>πρόσωπον</span> <span class='ocrx_word' id='word_1_373' title='bbox 437 3098 494 3132; x_wconf 69' lang='grc' dir='ltr'>τοῦ</span> <span class='ocrx_word' id='word_1_374' title='bbox 517 3093 770 3135; x_wconf 87' lang='grc' dir='ltr'>Φιλοκλέωνος.</span> <span class='ocrx_word' id='word_1_375' title='bbox 797 3091 968 3143; x_wconf 89' lang='grc' dir='ltr'>μετέγνω,</span> <span class='ocrx_word' id='word_1_376' title='bbox 989 3091 1104 3145; x_wconf 65' lang='grc' dir='ltr'>φησὶν,</span> <span class='ocrx_word' id='word_1_377' title='bbox 1125 3090 1182 3128; x_wconf 78' lang='grc' dir='ltr'>ἐπὶ</span> <span class='ocrx_word' id='word_1_378' title='bbox 1198 3091 1266 3133; x_wconf 84' lang='grc' dir='ltr'>τοῖς</span> 
     </span>
     <span class='ocr_line' id='line_1_55' title="bbox 230 3150 746 3203; baseline 0 -15"><span class='ocrx_word' id='word_1_379' title='bbox 230 3151 484 3203; x_wconf 79' lang='grc' dir='ltr'>πεπραγμένοις</span> <span class='ocrx_word' id='word_1_380' title='bbox 501 3153 594 3203; x_wconf 78' lang='grc' dir='ltr'>αὐτῷ</span> <span class='ocrx_word' id='word_1_381' title='bbox 611 3150 746 3200; x_wconf 86' lang='grc' dir='ltr'>πάλαι.)</span> 
     </span>
    </p>

    <p class='ocr_par' dir='ltr' id='par_1_19' title="bbox 180 3205 1265 3374">
     <span class='ocr_line' id='line_1_56' title="bbox 180 3205 1265 3260; baseline 0 -16"><span class='ocrx_word' id='word_1_382' title='bbox 180 3221 214 3244; x_wconf 76' lang='lat'>50</span> <span class='ocrx_word' id='word_1_383' title='bbox 288 3222 350 3257; x_wconf 51' lang='lat'><strong>731.</strong></span> <span class='ocrx_word' id='word_1_384' title='bbox 382 3210 512 3258; x_wconf 86' lang='grc' dir='ltr'>(κείνων</span> <span class='ocrx_word' id='word_1_385' title='bbox 539 3208 667 3260; x_wconf 84' lang='grc' dir='ltr'>ἔραμαι</span> <span class='ocrx_word' id='word_1_386' title='bbox 698 3222 706 3246; x_wconf 91' lang='lat'>:</span> <span class='ocrx_word' id='word_1_387' title='bbox 740 3207 801 3251; x_wconf 83' lang='grc' dir='ltr'>Ἐξ</span> <span class='ocrx_word' id='word_1_388' title='bbox 834 3206 1044 3246; x_wconf 81' lang='grc' dir='ltr'>Ἱππολύτου</span> <span class='ocrx_word' id='word_1_389' title='bbox 1075 3205 1265 3258; x_wconf 81' lang='grc' dir='ltr'>Εὐριπίδου</span> 
     </span>
     <span class='ocr_line' id='line_1_57' title="bbox 235 3271 326 3312; baseline -0.011 -9"><span class='ocrx_word' id='word_1_390' title='bbox 235 3271 326 3312; x_wconf 87' lang='lat'><strong>[230].</strong></span> 
     </span>
     <span class='ocr_line' id='line_1_58' title="bbox 285 3323 849 3374; baseline -0.002 -13"><span class='ocrx_word' id='word_1_391' title='bbox 285 3324 371 3361; x_wconf 79' lang='grc' dir='ltr'>κεῖθι</span> <span class='ocrx_word' id='word_1_392' title='bbox 394 3337 401 3362; x_wconf 89' lang='lat'><strong>:</strong></span> <span class='ocrx_word' id='word_1_393' title='bbox 425 3323 487 3362; x_wconf 81' lang='grc' dir='ltr'>Ἐν</span> <span class='ocrx_word' id='word_1_394' title='bbox 506 3323 575 3365; x_wconf 83' lang='grc' dir='ltr'>τοῖς</span> <span class='ocrx_word' id='word_1_395' title='bbox 595 3323 849 3374; x_wconf 81' lang='grc' dir='ltr'>δικαστηρίοις.)</span> 
     </span>
    </p>
   </div>
   <div class='ocr_carea' id='block_1_15' title="bbox 288 3379 1269 3433">
    <p class='ocr_par' dir='ltr' id='par_1_20' title="bbox 288 3379 1269 3433">
     <span class='ocr_line' id='line_1_59' title="bbox 288 3379 1269 3433; baseline -0.003 -14"><span class='ocrx_word' id='word_1_396' title='bbox 288 3395 350 3423; x_wconf 72' lang='lat'><strong>752.</strong></span> <span class='ocrx_word' id='word_1_397' title='bbox 380 3381 430 3424; x_wconf 89' lang='grc' dir='ltr'>τίς</span> <span class='ocrx_word' id='word_1_398' title='bbox 449 3381 640 3433; x_wconf 66' lang='grc' dir='ltr'>ἀψήφιστος</span> <span class='ocrx_word' id='word_1_399' title='bbox 660 3394 668 3420; x_wconf 87' lang='lat'>:</span> <span class='ocrx_word' id='word_1_400' title='bbox 687 3380 798 3420; x_wconf 82' lang='grc' dir='ltr'>”Ενθα</span> <span class='ocrx_word' id='word_1_401' title='bbox 813 3383 848 3418; x_wconf 80' lang='grc' dir='ltr'>ἐν</span> <span class='ocrx_word' id='word_1_402' title='bbox 868 3387 941 3424; x_wconf 87' lang='grc' dir='ltr'>ταῖς</span> <span class='ocrx_word' id='word_1_403' title='bbox 961 3379 1143 3430; x_wconf 79' lang='grc' dir='ltr'>δημοσίαις</span> <span class='ocrx_word' id='word_1_404' title='bbox 1159 3379 1269 3422; x_wconf 81' lang='grc' dir='ltr'>δίκαις</span> 
     </span>
    </p>
   </div>
   <div class='ocr_carea' id='block_1_16' title="bbox 1280 311 1356 480">
    <p class='ocr_par' dir='ltr' id='par_1_21' title="bbox 1280 311 1356 687">
     <span class='ocr_line' id='line_1_60' title="bbox 1280 311 1356 480; baseline 0 207"><span class='ocrx_word' id='word_1_405' title='bbox 1280 311 1356 480; x_wconf 45' lang='grc' dir='ltr'>Γ</span> 
     </span>
    </p>
   </div>
   <div class='ocr_carea' id='block_1_17' title="bbox 1279 690 1285 785">
    <p class='ocr_par' dir='ltr' id='par_1_22' title="bbox 1279 690 1285 785">
     <span class='ocr_line' id='line_1_61' title="bbox 1279 690 1285 785; baseline 0 3023"><span class='ocrx_word' id='word_1_406' title='bbox 1279 690 1285 785; x_wconf 95' lang='lat' dir='ltr'> </span> 
     </span>
    </p>
   </div>
   <div class='ocr_carea' id='block_1_18' title="bbox 1280 795 1285 824">
    <p class='ocr_par' dir='ltr' id='par_1_23' title="bbox 1280 795 1285 824">
     <span class='ocr_line' id='line_1_62' title="bbox 1280 795 1285 824; baseline 0 0"><span class='ocrx_word' id='word_1_407' title='bbox 1280 795 1285 824; x_wconf 77' lang='lat'>³</span> 
     </span>
    </p>
   </div>
   <div class='ocr_carea' id='block_1_19' title="bbox 1308 310 2342 439">
    <p class='ocr_par' dir='ltr' id='par_1_24' title="bbox 1308 310 2342 420">
     <span class='ocr_line' id='line_1_63' title="bbox 1382 310 2342 381; baseline 0.005 -34"><span class='ocrx_word' id='word_1_408' title='bbox 1382 310 1489 348; x_wconf 82' lang='grc' dir='ltr'>ταυτὸ</span> <span class='ocrx_word' id='word_1_409' title='bbox 1518 310 1742 381; x_wconf 81' lang='grc' dir='ltr'>συναγόμενοι</span> <span class='ocrx_word' id='word_1_410' title='bbox 1762 313 1792 349; x_wconf 90' lang='grc' dir='ltr'>οι</span> <span class='ocrx_word' id='word_1_411' title='bbox 1819 313 2001 361; x_wconf 86' lang='grc' dir='ltr'>δικασταὶ,</span> <span class='ocrx_word' id='word_1_412' title='bbox 2020 316 2080 351; x_wconf 70' lang='grc' dir='ltr'>τοῦ</span> <span class='ocrx_word' id='word_1_413' title='bbox 2109 312 2255 366; x_wconf 86' lang='grc' dir='ltr'>κήρυκος</span> <span class='ocrx_word' id='word_1_414' title='bbox 2279 315 2342 360; x_wconf 83' lang='grc' dir='ltr'>τὴν</span> 
     </span>
     <span class='ocr_line' id='line_1_64' title="bbox 1308 368 1819 439; baseline 0.004 -34"><span class='ocrx_word' id='word_1_415' title='bbox 1308 369 1373 405; x_wconf 86' lang='grc' dir='ltr'>κλΓ</span> <span class='ocrx_word' id='word_1_416' title='bbox 1358 368 1528 420; x_wconf 77' lang='grc' dir='ltr'>Γ,ρωτρίδα</span> <span class='ocrx_word' id='word_1_417' title='bbox 1539 368 1819 439; x_wconf 68' lang='grc' dir='ltr'>προσφέροντος,</span> 
     </span>
    </p>
   </div>
   <div class='ocr_carea' id='block_1_20' title="bbox 1310 370 2342 480">
    <p class='ocr_par' dir='ltr' id='par_1_25' title="bbox 1310 370 2342 480">
     <span class='ocr_line' id='line_1_65' title="bbox 1846 370 2342 441; baseline 0.006 -34"><span class='ocrx_word' id='word_1_418' title='bbox 1846 370 1969 409; x_wconf 70' lang='grc' dir='ltr'>ἔὸαλον</span> <span class='ocrx_word' id='word_1_419' title='bbox 2000 371 2062 415; x_wconf 86' lang='grc' dir='ltr'>τὰς</span> <span class='ocrx_word' id='word_1_420' title='bbox 2074 371 2234 441; x_wconf 40' lang='grc' dir='ltr'>[ψήφους.</span> <span class='ocrx_word' id='word_1_421' title='bbox 2261 372 2342 411; x_wconf 79' lang='grc' dir='ltr'>ἔνιοι</span> 
     </span>
     <span class='ocr_line' id='line_1_66' title="bbox 1310 424 2114 480; baseline 0.005 -18"><span class='ocrx_word' id='word_1_422' title='bbox 1310 424 1345 462; x_wconf 83' lang='grc' dir='ltr'>δὲ</span> <span class='ocrx_word' id='word_1_423' title='bbox 1365 425 1433 463; x_wconf 83' lang='grc' dir='ltr'>ἔσθ’</span> <span class='ocrx_word' id='word_1_424' title='bbox 1456 425 1511 463; x_wconf 80' lang='grc' dir='ltr'>ὅτε</span> <span class='ocrx_word' id='word_1_425' title='bbox 1537 427 1604 463; x_wconf 82' lang='grc' dir='ltr'>ὑπο</span> <span class='ocrx_word' id='word_1_426' title='bbox 1624 427 1782 478; x_wconf 79' lang='grc' dir='ltr'>φιληδίας</span> <span class='ocrx_word' id='word_1_427' title='bbox 1807 431 1968 480; x_wconf 78' lang='grc' dir='ltr'>κατεῖγον</span> <span class='ocrx_word' id='word_1_428' title='bbox 1995 429 2114 472; x_wconf 83' lang='grc' dir='ltr'>αὐτάς.</span> 
     </span>
    </p>
   </div>
   <div class='ocr_carea' id='block_1_21' title="bbox 1309 429 2377 1516">
    <p class='ocr_par' dir='ltr' id='par_1_26' title="bbox 1310 429 2377 711">
     <span class='ocr_line' id='line_1_67' title="bbox 2196 429 2341 473; baseline 0 -6"><span class='ocrx_word' id='word_1_429' title='bbox 2196 429 2341 473; x_wconf 81' lang='grc' dir='ltr'>Ἄλλως.</span> 
     </span>
     <span class='ocr_line' id='line_1_68' title="bbox 1310 482 2341 537; baseline 0.006 -17"><span class='ocrx_word' id='word_1_430' title='bbox 1310 482 1416 521; x_wconf 82' lang='grc' dir='ltr'>ἐνίοτε</span> <span class='ocrx_word' id='word_1_431' title='bbox 1437 483 1510 533; x_wconf 80' lang='grc' dir='ltr'>μὲν,</span> <span class='ocrx_word' id='word_1_432' title='bbox 1532 499 1647 536; x_wconf 70' lang='grc' dir='ltr'>φησιν,</span> <span class='ocrx_word' id='word_1_433' title='bbox 1674 483 1792 537; x_wconf 66' lang='grc' dir='ltr'>ἔρερον</span> <span class='ocrx_word' id='word_1_434' title='bbox 1813 485 1964 536; x_wconf 82' lang='grc' dir='ltr'>στάμνον</span> <span class='ocrx_word' id='word_1_435' title='bbox 1990 503 2048 524; x_wconf 92' lang='grc' dir='ltr'>και</span> <span class='ocrx_word' id='word_1_436' title='bbox 2072 487 2252 525; x_wconf 53' lang='grc' dir='ltr'>ἐνέβαλλον</span> <span class='ocrx_word' id='word_1_437' title='bbox 2272 503 2341 526; x_wconf 85' lang='grc' dir='ltr'>κα-</span> 
     </span>
     <span class='ocr_line' id='line_1_69' title="bbox 1310 541 2377 603; baseline 0.007 -24"><span class='ocrx_word' id='word_1_438' title='bbox 1310 541 1450 592; x_wconf 83' lang='grc' dir='ltr'>θήμενοι</span> <span class='ocrx_word' id='word_1_439' title='bbox 1469 544 1500 580; x_wconf 82' lang='grc' dir='ltr'>οἱ</span> <span class='ocrx_word' id='word_1_440' title='bbox 1521 543 1683 580; x_wconf 82' lang='grc' dir='ltr'>δικασταὶ</span> <span class='ocrx_word' id='word_1_441' title='bbox 1702 542 1763 586; x_wconf 83' lang='grc' dir='ltr'>τὰς</span> <span class='ocrx_word' id='word_1_442' title='bbox 1790 544 1977 603; x_wconf 55' lang='grc' dir='ltr'>ψήρους,’</span> <span class='ocrx_word' id='word_1_443' title='bbox 1962 546 2069 584; x_wconf 89' lang='grc' dir='ltr'>ενίοτε</span> <span class='ocrx_word' id='word_1_444' title='bbox 2099 546 2135 584; x_wconf 80' lang='grc' dir='ltr'>δὲ</span> <span class='ocrx_word' id='word_1_445' title='bbox 2165 546 2224 584; x_wconf 82' lang='grc' dir='ltr'>καὶ</span> <span class='ocrx_word' id='word_1_446' title='bbox 2244 547 2341 585; x_wconf 86' lang='grc' dir='ltr'>αυτοὶ</span> <span class='ocrx_word' id='word_1_447' title='bbox 2360 562 2377 588; x_wconf 86' lang='lat'><strong>5</strong></span> 
     </span>
     <span class='ocr_line' id='line_1_70' title="bbox 1311 600 2344 672; baseline 0.008 -36"><span class='ocrx_word' id='word_1_448' title='bbox 1311 600 1518 672; x_wconf 78' lang='grc' dir='ltr'>ἐγειρόμενοι</span> <span class='ocrx_word' id='word_1_449' title='bbox 1539 600 1698 638; x_wconf 57' lang='lat' dir='ltr'><strong>gemo.</strong></span> <span class='ocrx_word' id='word_1_450' title='bbox 1725 604 1825 639; x_wconf 70' lang='grc' dir='ltr'>τοῦτο</span> <span class='ocrx_word' id='word_1_451' title='bbox 1845 605 1902 640; x_wconf 84' lang='grc' dir='ltr'>οὖν</span> <span class='ocrx_word' id='word_1_452' title='bbox 1925 603 2036 654; x_wconf 86' lang='grc' dir='ltr'>λέγει,</span> <span class='ocrx_word' id='word_1_453' title='bbox 2063 607 2081 641; x_wconf 87' lang='grc' dir='ltr'>ὁ</span> <span class='ocrx_word' id='word_1_454' title='bbox 2099 603 2146 655; x_wconf 87' lang='grc' dir='ltr'>μὴ</span> <span class='ocrx_word' id='word_1_455' title='bbox 2164 606 2344 658; x_wconf 67' lang='grc' dir='ltr'>ἐψηφοφο-</span> 
     </span>
     <span class='ocr_line' id='line_1_71' title="bbox 1312 658 1772 729; baseline 0.004 -35"><span class='ocrx_word' id='word_1_456' title='bbox 1312 673 1422 711; x_wconf 87' lang='grc' dir='ltr'>ρηκως</span> <span class='ocrx_word' id='word_1_457' title='bbox 1439 658 1608 729; x_wconf 82' lang='grc' dir='ltr'>ἐγερθεις</span> <span class='ocrx_word' id='word_1_458' title='bbox 1603 658 1772 698; x_wconf 73' lang='grc' dir='ltr'>Βαλλέτω.</span> 
     </span>
    </p>

    <p class='ocr_par' dir='ltr' id='par_1_27' title="bbox 1309 717 2347 945">
     <span class='ocr_line' id='line_1_72' title="bbox 1363 717 2345 771; baseline 0.003 -16.012"><span class='ocrx_word' id='word_1_459' title='bbox 1363 731 1426 756; x_wconf 84' lang='lat'><strong>757.</strong></span> <span class='ocrx_word' id='word_1_460' title='bbox 1455 717 1562 769; x_wconf 88' lang='grc' dir='ltr'>πάρες</span> <span class='ocrx_word' id='word_1_461' title='bbox 1576 720 1604 754; x_wconf 84' lang='grc' dir='ltr'>ὠ</span> <span class='ocrx_word' id='word_1_462' title='bbox 1622 717 1772 769; x_wconf 82' lang='grc' dir='ltr'>σκιερά;</span> <span class='ocrx_word' id='word_1_463' title='bbox 1790 717 1880 755; x_wconf 83' lang='grc' dir='ltr'>Ἀντι</span> <span class='ocrx_word' id='word_1_464' title='bbox 1898 721 1957 756; x_wconf 81' lang='grc' dir='ltr'>τοῧ</span> <span class='ocrx_word' id='word_1_465' title='bbox 1975 721 2003 755; x_wconf 86' lang='grc' dir='ltr'>ὠ</span> <span class='ocrx_word' id='word_1_466' title='bbox 2018 719 2171 766; x_wconf 87' lang='grc' dir='ltr'>ἀσθενής.</span> <span class='ocrx_word' id='word_1_467' title='bbox 2191 728 2230 758; x_wconf 90' lang='lat' dir='ltr'>R.</span> <span class='ocrx_word' id='word_1_468' title='bbox 2247 720 2345 771; x_wconf 87' lang='grc' dir='ltr'>παρα</span> 
     </span>
     <span class='ocr_line' id='line_1_73' title="bbox 1309 774 2347 828; baseline 0.004 -16"><span class='ocrx_word' id='word_1_469' title='bbox 1309 775 1385 813; x_wconf 76' lang='grc' dir='ltr'>τὰ</span> <span class='ocrx_word' id='word_1_470' title='bbox 1371 791 1408 813; x_wconf 86' lang='grc' dir='ltr'>εκ</span> <span class='ocrx_word' id='word_1_471' title='bbox 1424 774 1699 827; x_wconf 67' lang='grc' dir='ltr'>Βελλερορόντου</span> <span class='ocrx_word' id='word_1_472' title='bbox 1715 775 1830 819; x_wconf 86' lang='grc' dir='ltr'>παίζει</span> <span class='ocrx_word' id='word_1_473' title='bbox 1842 780 1973 814; x_wconf 80' lang='grc' dir='ltr'>ταῦτα·</span> <span class='ocrx_word' id='word_1_474' title='bbox 1992 795 2008 810; x_wconf 93' lang='lat'>«</span> <span class='ocrx_word' id='word_1_475' title='bbox 2026 776 2151 828; x_wconf 87' lang='grc' dir='ltr'>πάρες,</span> <span class='ocrx_word' id='word_1_476' title='bbox 2171 780 2211 828; x_wconf 87' lang='grc' dir='ltr'>(ὠ</span> <span class='ocrx_word' id='word_1_477' title='bbox 2225 778 2347 828; x_wconf 80' lang='grc' dir='ltr'>σκιερὰ</span> 
     </span>
     <span class='ocr_line' id='line_1_74' title="bbox 1312 832 2346 904; baseline 0.004 -34"><span class='ocrx_word' id='word_1_478' title='bbox 1312 853 1324 866; x_wconf 89' lang='lat'>«</span> <span class='ocrx_word' id='word_1_479' title='bbox 1349 835 1416 871; x_wconf 71' lang='grc' dir='ltr'>ουλ</span> <span class='ocrx_word' id='word_1_480' title='bbox 1417 832 1498 879; x_wconf 88' lang='grc' dir='ltr'>λας,</span> <span class='ocrx_word' id='word_1_481' title='bbox 1521 833 1661 885; x_wconf 68' lang='grc' dir='ltr'>ὑπερὲῶ</span> <span class='ocrx_word' id='word_1_482' title='bbox 1685 839 1843 904; x_wconf 83' lang='grc' dir='ltr'>κρηναῖα</span> <span class='ocrx_word' id='word_1_483' title='bbox 1860 833 1968 880; x_wconf 81' lang='grc' dir='ltr'>νάπη.</span> <span class='ocrx_word' id='word_1_484' title='bbox 1996 833 2053 872; x_wconf 84' lang='grc' dir='ltr'>τὸν</span> <span class='ocrx_word' id='word_1_485' title='bbox 2083 835 2170 887; x_wconf 79' lang='grc' dir='ltr'>ὑπὲρ</span> <span class='ocrx_word' id='word_1_486' title='bbox 2194 838 2346 889; x_wconf 74' lang='grc' dir='ltr'>κεφαλης</span> 
     </span>
     <span class='ocr_line' id='line_1_75' title="bbox 1313 890 2344 945; baseline 0.001 -16"><span class='ocrx_word' id='word_1_487' title='bbox 1313 910 1328 925; x_wconf 86' lang='lat'>«</span> <span class='ocrx_word' id='word_1_488' title='bbox 1349 891 1454 943; x_wconf 82' lang='grc' dir='ltr'>αἰθέρ’</span> <span class='ocrx_word' id='word_1_489' title='bbox 1479 890 1611 929; x_wconf 81' lang='grc' dir='ltr'>ἰδέσθαι</span> <span class='ocrx_word' id='word_1_490' title='bbox 1632 891 1789 938; x_wconf 88' lang='grc' dir='ltr'>σπεύδω,</span> <span class='ocrx_word' id='word_1_491' title='bbox 1810 890 1873 928; x_wconf 90' lang='grc' dir='ltr'>τίν’</span> <span class='ocrx_word' id='word_1_492' title='bbox 1892 891 1966 943; x_wconf 72' lang='grc' dir='ltr'>ἔγει</span> <span class='ocrx_word' id='word_1_493' title='bbox 1990 892 2111 930; x_wconf 89' lang='grc' dir='ltr'>στάσιν</span> <span class='ocrx_word' id='word_1_494' title='bbox 2135 894 2292 933; x_wconf 72' lang='grc' dir='ltr'>Εἰνοδία.</span> <span class='ocrx_word' id='word_1_495' title='bbox 2307 897 2344 945; x_wconf 75' lang='grc' dir='ltr'>υ)</span> 
     </span>
    </p>

    <p class='ocr_par' dir='ltr' id='par_1_28' title="bbox 1312 948 2349 1234">
     <span class='ocr_line' id='line_1_76' title="bbox 1366 948 2346 999; baseline 0.003 -13.009"><span class='ocrx_word' id='word_1_496' title='bbox 1366 964 1430 987; x_wconf 82' lang='lat'><strong>759.</strong></span> <span class='ocrx_word' id='word_1_497' title='bbox 1465 948 1671 999; x_wconf 78' lang='grc' dir='ltr'>(κλέπτοντα</span> <span class='ocrx_word' id='word_1_498' title='bbox 1697 963 1705 987; x_wconf 89' lang='lat'>:</span> <span class='ocrx_word' id='word_1_499' title='bbox 1734 949 1886 988; x_wconf 44' lang='lat'><strong>„3⁷:30”</strong></span> <span class='ocrx_word' id='word_1_500' title='bbox 1855 965 1883 986; x_wconf 88' lang='grc' dir='ltr'>ει</span> <span class='ocrx_word' id='word_1_501' title='bbox 1903 965 1970 987; x_wconf 90' lang='grc' dir='ltr'>κατ</span> <span class='ocrx_word' id='word_1_502' title='bbox 1972 950 2149 988; x_wconf 85' lang='grc' dir='ltr'>αδικάσειν</span> <span class='ocrx_word' id='word_1_503' title='bbox 2171 951 2229 988; x_wconf 84' lang='grc' dir='ltr'>τὸν</span> <span class='ocrx_word' id='word_1_504' title='bbox 2250 953 2346 990; x_wconf 88' lang='grc' dir='ltr'>Κλέ-</span> 
     </span>
     <span class='ocr_line' id='line_1_77' title="bbox 1312 1007 2347 1061; baseline 0.004 -17"><span class='ocrx_word' id='word_1_505' title='bbox 1312 1023 1404 1054; x_wconf 87' lang='grc' dir='ltr'>ωνα,</span> <span class='ocrx_word' id='word_1_506' title='bbox 1425 1009 1453 1044; x_wconf 83' lang='grc' dir='ltr'>εἷ</span> <span class='ocrx_word' id='word_1_507' title='bbox 1470 1007 1573 1044; x_wconf 69' lang='grc' dir='ltr'>λάὸοι</span> <span class='ocrx_word' id='word_1_508' title='bbox 1593 1007 1697 1044; x_wconf 83' lang='grc' dir='ltr'>αυτὸν</span> <span class='ocrx_word' id='word_1_509' title='bbox 1714 1007 1968 1058; x_wconf 82' lang='grc' dir='ltr'>ἐγκαλούμενον</span> <span class='ocrx_word' id='word_1_510' title='bbox 1989 1008 2069 1061; x_wconf 86' lang='grc' dir='ltr'>περὶ</span> <span class='ocrx_word' id='word_1_511' title='bbox 2089 1009 2234 1055; x_wconf 76' lang='grc' dir='ltr'>κλοπῆς.</span> <span class='ocrx_word' id='word_1_512' title='bbox 2255 1009 2295 1048; x_wconf 84' lang='grc' dir='ltr'>τὸ</span> <span class='ocrx_word' id='word_1_513' title='bbox 2311 1010 2347 1048; x_wconf 76' lang='grc' dir='ltr'>δὲ</span> 
     </span>
     <span class='ocr_line' id='line_1_78' title="bbox 1312 1064 2349 1119; baseline 0.003 -16"><span class='ocrx_word' id='word_1_514' title='bbox 1312 1065 1390 1103; x_wconf 78' lang='grc' dir='ltr'>ὅλον</span> <span class='ocrx_word' id='word_1_515' title='bbox 1419 1064 1581 1116; x_wconf 86' lang='grc' dir='ltr'>βούλεται</span> <span class='ocrx_word' id='word_1_516' title='bbox 1608 1065 1808 1103; x_wconf 64' lang='grc' dir='ltr'>διαὸάλὶειν</span> <span class='ocrx_word' id='word_1_517' title='bbox 1837 1065 1894 1103; x_wconf 83' lang='grc' dir='ltr'>τὸν</span> <span class='ocrx_word' id='word_1_518' title='bbox 1926 1066 2126 1104; x_wconf 84' lang='grc' dir='ltr'>δικαστικον</span> <span class='ocrx_word' id='word_1_519' title='bbox 2146 1066 2271 1119; x_wconf 88' lang='grc' dir='ltr'>τρόπον</span> <span class='ocrx_word' id='word_1_520' title='bbox 2303 1071 2349 1111; x_wconf 80' lang='grc' dir='ltr'>ὡς</span> 
     </span>
     <span class='ocr_line' id='line_1_79' title="bbox 1314 1122 2347 1179; baseline 0.003 -18"><span class='ocrx_word' id='word_1_521' title='bbox 1314 1124 1462 1176; x_wconf 65' lang='grc' dir='ltr'>σκληρὸν</span> <span class='ocrx_word' id='word_1_522' title='bbox 1489 1123 1548 1161; x_wconf 87' lang='grc' dir='ltr'>καὶ</span> <span class='ocrx_word' id='word_1_523' title='bbox 1578 1124 1737 1170; x_wconf 82' lang='grc' dir='ltr'>ἅπιστοΓ,</span> <span class='ocrx_word' id='word_1_524' title='bbox 1759 1123 1862 1161; x_wconf 85' lang='grc' dir='ltr'>ὁπότε</span> <span class='ocrx_word' id='word_1_525' title='bbox 1885 1122 1962 1161; x_wconf 78' lang='grc' dir='ltr'>οὔδε</span> <span class='ocrx_word' id='word_1_526' title='bbox 1984 1127 2034 1161; x_wconf 88' lang='grc' dir='ltr'>τῶ</span> <span class='ocrx_word' id='word_1_527' title='bbox 2057 1123 2213 1172; x_wconf 84' lang='grc' dir='ltr'>Κλέωνι,</span> <span class='ocrx_word' id='word_1_528' title='bbox 2230 1127 2288 1179; x_wconf 74' lang='grc' dir='ltr'>ἀφ’</span> <span class='ocrx_word' id='word_1_529' title='bbox 2308 1130 2347 1164; x_wconf 78' lang='grc' dir='ltr'>οὓ</span> 
     </span>
     <span class='ocr_line' id='line_1_80' title="bbox 1313 1180 2240 1234; baseline 0.001 -15"><span class='ocrx_word' id='word_1_530' title='bbox 1313 1182 1352 1219; x_wconf 77' lang='grc' dir='ltr'>τὸ</span> <span class='ocrx_word' id='word_1_531' title='bbox 1369 1181 1478 1231; x_wconf 83' lang='grc' dir='ltr'>ὄνομα</span> <span class='ocrx_word' id='word_1_532' title='bbox 1496 1180 1568 1232; x_wconf 74' lang='grc' dir='ltr'>ἔχει</span> <span class='ocrx_word' id='word_1_533' title='bbox 1586 1184 1603 1218; x_wconf 97' lang='lat'>6</span> <span class='ocrx_word' id='word_1_534' title='bbox 1621 1180 1838 1227; x_wconf 81' lang='grc' dir='ltr'>Φιλοκλέων,</span> <span class='ocrx_word' id='word_1_535' title='bbox 1855 1180 1977 1219; x_wconf 88' lang='grc' dir='ltr'>πιστόν</span> <span class='ocrx_word' id='word_1_536' title='bbox 1994 1198 2028 1219; x_wconf 88' lang='grc' dir='ltr'>τι</span> <span class='ocrx_word' id='word_1_537' title='bbox 2045 1181 2240 1234; x_wconf 76' lang='grc' dir='ltr'>φυλάττει.)</span> 
     </span>
    </p>

    <p class='ocr_par' dir='ltr' id='par_1_29' title="bbox 1314 1238 2350 1350">
     <span class='ocr_line' id='line_1_81' title="bbox 1367 1238 2350 1294; baseline 0.002 -18"><span class='ocrx_word' id='word_1_538' title='bbox 1367 1253 1429 1277; x_wconf 80' lang='grc'>703.</span> <span class='ocrx_word' id='word_1_539' title='bbox 1463 1238 1580 1294; x_wconf 83' lang='grc' dir='ltr'>(ᾍδης</span> <span class='ocrx_word' id='word_1_540' title='bbox 1603 1241 1770 1292; x_wconf 87' lang='grc' dir='ltr'>διακρινεῖ</span> <span class='ocrx_word' id='word_1_541' title='bbox 1791 1254 1799 1278; x_wconf 86' lang='lat'><strong>:</strong></span> <span class='ocrx_word' id='word_1_542' title='bbox 1824 1239 1885 1278; x_wconf 81' lang='grc' dir='ltr'>Ἐν</span> <span class='ocrx_word' id='word_1_543' title='bbox 1912 1239 2092 1292; x_wconf 88' lang='grc' dir='ltr'>Κρήσσαις</span> <span class='ocrx_word' id='word_1_544' title='bbox 2117 1240 2308 1293; x_wconf 84' lang='grc' dir='ltr'>Εὐριπίδου</span> <span class='ocrx_word' id='word_1_545' title='bbox 2332 1243 2350 1278; x_wconf 88' lang='lat'>6</span> 
     </span>
     <span class='ocr_line' id='line_1_82' title="bbox 1314 1296 2138 1350; baseline 0.001 -15"><span class='ocrx_word' id='word_1_546' title='bbox 1314 1298 1324 1311; x_wconf 74' lang='lat'><strong>³</strong></span> <span class='ocrx_word' id='word_1_547' title='bbox 1353 1296 1449 1350; x_wconf 75' lang='grc' dir='ltr'>τρεὺς</span> <span class='ocrx_word' id='word_1_548' title='bbox 1467 1297 1551 1350; x_wconf 81' lang='grc' dir='ltr'>πρὸς</span> <span class='ocrx_word' id='word_1_549' title='bbox 1568 1314 1610 1344; x_wconf 89' lang='grc' dir='ltr'>τη</span> <span class='ocrx_word' id='word_1_550' title='bbox 1613 1314 1630 1335; x_wconf 92' lang='grc' dir='ltr'>ν</span> <span class='ocrx_word' id='word_1_551' title='bbox 1652 1297 1829 1350; x_wconf 83' lang='grc' dir='ltr'>Ἀερόπην.</span> <span class='ocrx_word' id='word_1_552' title='bbox 1872 1304 1978 1350; x_wconf 89' lang='grc' dir='ltr'>κρινεῖ</span> <span class='ocrx_word' id='word_1_553' title='bbox 1997 1302 2120 1336; x_wconf 74' lang='grc' dir='ltr'>ταῦτα.</span> <span class='ocrx_word' id='word_1_554' title='bbox 2125 1299 2138 1348; x_wconf 91' lang='grc'>)</span> 
     </span>
    </p>

    <p class='ocr_par' dir='ltr' id='par_1_30' title="bbox 1315 1354 2351 1464">
     <span class='ocr_line' id='line_1_83' title="bbox 1367 1354 2351 1408; baseline 0.002 -15"><span class='ocrx_word' id='word_1_555' title='bbox 1367 1368 1429 1394; x_wconf 82' lang='grc'>764.</span> <span class='ocrx_word' id='word_1_556' title='bbox 1462 1355 1673 1406; x_wconf 67' lang='grc' dir='ltr'>(κε-[α’ρηκας</span> <span class='ocrx_word' id='word_1_557' title='bbox 1687 1358 1803 1393; x_wconf 87' lang='grc' dir='ltr'>ποῶν;</span> <span class='ocrx_word' id='word_1_558' title='bbox 1817 1354 1932 1392; x_wconf 83' lang='grc' dir='ltr'>Ἀπὸ</span> <span class='ocrx_word' id='word_1_559' title='bbox 1919 1354 1991 1407; x_wconf 85' lang='grc' dir='ltr'>ρήμ</span> <span class='ocrx_word' id='word_1_560' title='bbox 1993 1371 2072 1399; x_wconf 91' lang='grc' dir='ltr'>ατος</span> <span class='ocrx_word' id='word_1_561' title='bbox 2087 1355 2351 1408; x_wconf 86' lang='grc' dir='ltr'>περισπωμένου</span> 
     </span>
     <span class='ocr_line' id='line_1_84' title="bbox 1315 1412 1980 1464; baseline -0.002 -14"><span class='ocrx_word' id='word_1_562' title='bbox 1315 1416 1375 1450; x_wconf 69' lang='grc' dir='ltr'>τοῦ</span> <span class='ocrx_word' id='word_1_563' title='bbox 1394 1428 1526 1464; x_wconf 81' lang='grc' dir='ltr'>χαιρω,</span> <span class='ocrx_word' id='word_1_564' title='bbox 1547 1417 1584 1450; x_wconf 90' lang='grc' dir='ltr'>ου</span> <span class='ocrx_word' id='word_1_565' title='bbox 1603 1415 1619 1449; x_wconf 87' lang='lat'>6</span> <span class='ocrx_word' id='word_1_566' title='bbox 1638 1412 1774 1463; x_wconf 67' lang='grc' dir='ltr'>μέὶὶων</span> <span class='ocrx_word' id='word_1_567' title='bbox 1794 1412 1980 1464; x_wconf 78' lang='grc' dir='ltr'>χαιρήσω.)</span> 
     </span>
    </p>

    <p class='ocr_par' dir='ltr' id='par_1_31' title="bbox 1368 1470 1634 1516">
     <span class='ocr_line' id='line_1_85' title="bbox 1368 1470 1634 1516; baseline -0.004 -7"><span class='ocrx_word' id='word_1_568' title='bbox 1368 1485 1431 1509; x_wconf 84' lang='grc'>768.</span> <span class='ocrx_word' id='word_1_569' title='bbox 1461 1474 1482 1516; x_wconf 79' lang='grc' dir='ltr'>ἡ</span> <span class='ocrx_word' id='word_1_570' title='bbox 1509 1470 1634 1516; x_wconf 73' lang='grc' dir='ltr'>σηκὶςε</span> 
     </span>
    </p>
   </div>
   <div class='ocr_carea' id='block_1_22' title="bbox 2367 855 2399 880">
    <p class='ocr_par' dir='ltr' id='par_1_32' title="bbox 2367 855 2399 880">
     <span class='ocr_line' id='line_1_86' title="bbox 2367 855 2399 880; baseline 0.031 -1"><span class='ocrx_word' id='word_1_571' title='bbox 2367 855 2399 880; x_wconf 87' lang='grc'>10</span> 
     </span>
    </p>
   </div>
   <div class='ocr_carea' id='block_1_23' title="bbox 2369 1142 2401 1167">
    <p class='ocr_par' dir='ltr' id='par_1_33' title="bbox 2369 1142 2401 1167">
     <span class='ocr_line' id='line_1_87' title="bbox 2369 1142 2401 1167; baseline 0.031 -1"><span class='ocrx_word' id='word_1_572' title='bbox 2369 1142 2401 1167; x_wconf 82' lang='lat'>15</span> 
     </span>
    </p>
   </div>
   <div class='ocr_carea' id='block_1_24' title="bbox 1316 1465 2413 2850">
    <p class='ocr_par' dir='ltr' id='par_1_34' title="bbox 1316 1465 2354 1694">
     <span class='ocr_line' id='line_1_88' title="bbox 1663 1465 2352 1524; baseline 0 -15"><span class='ocrx_word' id='word_1_573' title='bbox 1663 1470 1815 1521; x_wconf 86' lang='grc' dir='ltr'>(Σηκίδα</span> <span class='ocrx_word' id='word_1_574' title='bbox 1844 1470 1906 1515; x_wconf 75' lang='grc' dir='ltr'>τὴν</span> <span class='ocrx_word' id='word_1_575' title='bbox 1932 1470 2007 1508; x_wconf 86' lang='grc' dir='ltr'>κατ’</span> <span class='ocrx_word' id='word_1_576' title='bbox 2029 1465 2352 1524; x_wconf 26' lang='grc' dir='ltr'>οἷκονζθεράπαιναν</span> 
     </span>
     <span class='ocr_line' id='line_1_89' title="bbox 1316 1527 2354 1580; baseline 0.002 -15"><span class='ocrx_word' id='word_1_577' title='bbox 1316 1528 1466 1578; x_wconf 86' lang='grc' dir='ltr'>λέγουσι.</span> <span class='ocrx_word' id='word_1_578' title='bbox 1488 1530 1547 1566; x_wconf 87' lang='grc' dir='ltr'>καὶ</span> <span class='ocrx_word' id='word_1_579' title='bbox 1577 1531 1836 1578; x_wconf 88' lang='grc' dir='ltr'>σεσημειῶσθαι</span> <span class='ocrx_word' id='word_1_580' title='bbox 1867 1527 1963 1571; x_wconf 87' lang='grc' dir='ltr'>τινὰς</span> <span class='ocrx_word' id='word_1_581' title='bbox 1990 1531 2036 1572; x_wconf 84' lang='grc' dir='ltr'>ὡς</span> <span class='ocrx_word' id='word_1_582' title='bbox 2066 1529 2354 1580; x_wconf 80' lang='grc' dir='ltr'>ἀπεκδεχομένων</span> 
     </span>
     <span class='ocr_line' id='line_1_90' title="bbox 1316 1586 2353 1639; baseline 0.003 -16"><span class='ocrx_word' id='word_1_583' title='bbox 1316 1589 1418 1624; x_wconf 89' lang='grc' dir='ltr'>τινῶν</span> <span class='ocrx_word' id='word_1_584' title='bbox 1437 1586 1500 1633; x_wconf 74' lang='grc' dir='ltr'>τὴν</span> <span class='ocrx_word' id='word_1_585' title='bbox 1517 1586 1643 1633; x_wconf 84' lang='grc' dir='ltr'>σηκίδα</span> <span class='ocrx_word' id='word_1_586' title='bbox 1656 1586 1792 1637; x_wconf 84' lang='grc' dir='ltr'>ὄνομα.)</span> <span class='ocrx_word' id='word_1_587' title='bbox 1814 1609 1865 1615; x_wconf 96' lang='lat'>—</span> <span class='ocrx_word' id='word_1_588' title='bbox 1878 1589 1899 1632; x_wconf 86' lang='grc' dir='ltr'>ἡ</span> <span class='ocrx_word' id='word_1_589' title='bbox 1919 1586 2090 1635; x_wconf 83' lang='grc' dir='ltr'>διάκονος,</span> <span class='ocrx_word' id='word_1_590' title='bbox 2103 1590 2126 1633; x_wconf 86' lang='grc' dir='ltr'>ἡ</span> <span class='ocrx_word' id='word_1_591' title='bbox 2147 1586 2353 1639; x_wconf 85' lang='grc' dir='ltr'>θεράπαινα.</span> 
     </span>
     <span class='ocr_line' id='line_1_91' title="bbox 1318 1643 1612 1694; baseline 0.003 -12"><span class='ocrx_word' id='word_1_592' title='bbox 1318 1648 1348 1682; x_wconf 83' lang='grc' dir='ltr'>οἱ</span> <span class='ocrx_word' id='word_1_593' title='bbox 1369 1643 1405 1682; x_wconf 78' lang='grc' dir='ltr'>δὲ</span> <span class='ocrx_word' id='word_1_594' title='bbox 1429 1644 1552 1694; x_wconf 84' lang='grc' dir='ltr'>ὄνομα.</span> <span class='ocrx_word' id='word_1_595' title='bbox 1575 1655 1612 1683; x_wconf 84' lang='lat' dir='ltr'>R.</span> 
     </span>
    </p>

    <p class='ocr_par' dir='ltr' id='par_1_35' title="bbox 1318 1700 2410 1869">
     <span class='ocr_line' id='line_1_92' title="bbox 1371 1700 2410 1755; baseline 0 -15"><span class='ocrx_word' id='word_1_596' title='bbox 1371 1716 1435 1741; x_wconf 82' lang='grc'>769.</span> <span class='ocrx_word' id='word_1_597' title='bbox 1467 1700 1609 1753; x_wconf 85' lang='grc' dir='ltr'>(ταύτης</span> <span class='ocrx_word' id='word_1_598' title='bbox 1641 1701 1838 1748; x_wconf 70' lang='grc' dir='ltr'>ἕπιὸολήντ</span> <span class='ocrx_word' id='word_1_599' title='bbox 1866 1700 1990 1740; x_wconf 90' lang='grc' dir='ltr'>Λείπει</span> <span class='ocrx_word' id='word_1_600' title='bbox 2023 1701 2196 1755; x_wconf 75' lang='grc' dir='ltr'>δραχμήν.</span> <span class='ocrx_word' id='word_1_601' title='bbox 2227 1702 2355 1749; x_wconf 87' lang='grc' dir='ltr'>ταύτης</span> <span class='ocrx_word' id='word_1_602' title='bbox 2374 1726 2410 1751; x_wconf 77' lang='lat'><strong>25</strong></span> 
     </span>
     <span class='ocr_line' id='line_1_93' title="bbox 1318 1758 2353 1813; baseline 0.001 -17"><span class='ocrx_word' id='word_1_603' title='bbox 1318 1763 1379 1806; x_wconf 56' lang='grc' dir='ltr'>’.ἧς</span> <span class='ocrx_word' id='word_1_604' title='bbox 1396 1759 1492 1806; x_wconf 86' lang='grc' dir='ltr'>δίκης</span> <span class='ocrx_word' id='word_1_605' title='bbox 1510 1759 1592 1810; x_wconf 90' lang='grc' dir='ltr'>μίαν</span> <span class='ocrx_word' id='word_1_606' title='bbox 1619 1759 1727 1809; x_wconf 89' lang='grc' dir='ltr'>μόνην</span> <span class='ocrx_word' id='word_1_607' title='bbox 1748 1758 1911 1811; x_wconf 77' lang='grc' dir='ltr'>δραχμὴν</span> <span class='ocrx_word' id='word_1_608' title='bbox 1937 1759 2103 1806; x_wconf 73' lang='grc' dir='ltr'>ἐπιὸολὴν</span> <span class='ocrx_word' id='word_1_609' title='bbox 2123 1762 2255 1813; x_wconf 73' lang='grc' dir='ltr'>ψηφιεῖ.</span> <span class='ocrx_word' id='word_1_610' title='bbox 2275 1764 2353 1799; x_wconf 82' lang='grc' dir='ltr'>ἐπι-</span> 
     </span>
     <span class='ocr_line' id='line_1_94' title="bbox 1320 1816 2248 1869; baseline 0 -13"><span class='ocrx_word' id='word_1_611' title='bbox 1320 1818 1426 1864; x_wconf 72' lang='grc' dir='ltr'>ὅολην</span> <span class='ocrx_word' id='word_1_612' title='bbox 1447 1819 1483 1855; x_wconf 80' lang='grc' dir='ltr'>δὲ</span> <span class='ocrx_word' id='word_1_613' title='bbox 1500 1817 1670 1867; x_wconf 83' lang='grc' dir='ltr'>ἐπιτίμιον</span> <span class='ocrx_word' id='word_1_614' title='bbox 1690 1817 1830 1867; x_wconf 86' lang='grc' dir='ltr'>ζημίαν,</span> <span class='ocrx_word' id='word_1_615' title='bbox 1851 1816 1949 1869; x_wconf 81' lang='grc' dir='ltr'>παρὰ</span> <span class='ocrx_word' id='word_1_616' title='bbox 1965 1817 2003 1855; x_wconf 84' lang='grc' dir='ltr'>τὸ</span> <span class='ocrx_word' id='word_1_617' title='bbox 2019 1817 2248 1868; x_wconf 72' lang='grc' dir='ltr'>ε’πιὸάλλειν.)</span> 
     </span>
    </p>

    <p class='ocr_par' dir='ltr' id='par_1_36' title="bbox 1319 1875 2357 1987">
     <span class='ocr_line' id='line_1_95' title="bbox 1373 1875 2357 1929; baseline 0 -16"><span class='ocrx_word' id='word_1_618' title='bbox 1373 1879 1496 1929; x_wconf 65' lang='grc' dir='ltr'>ψηφιεῖ</span> <span class='ocrx_word' id='word_1_619' title='bbox 1522 1890 1530 1914; x_wconf 88' lang='lat'>:</span> <span class='ocrx_word' id='word_1_620' title='bbox 2095 1889 2104 1914; x_wconf 76' lang='grc' dir='ltr'>ε</span> <span class='ocrx_word' id='word_1_621' title='bbox 2131 1875 2255 1914; x_wconf 87' lang='grc' dir='ltr'>Λείπει</span> <span class='ocrx_word' id='word_1_622' title='bbox 2273 1877 2357 1929; x_wconf 88' lang='grc' dir='ltr'>δρα-</span> 
     </span>
     <span class='ocr_line' id='line_1_96' title="bbox 1319 1935 1542 1987; baseline -0.009 -15"><span class='ocrx_word' id='word_1_623' title='bbox 1319 1935 1427 1987; x_wconf 71' lang='grc' dir='ltr'>χμήν.</span> <span class='ocrx_word' id='word_1_624' title='bbox 1455 1942 1542 1971; x_wconf 62' lang='lat' dir='ltr'><strong>vict.</strong></span> 
     </span>
    </p>

    <p class='ocr_par' dir='ltr' id='par_1_37' title="bbox 1373 1990 2099 2043">
     <span class='ocr_line' id='line_1_97' title="bbox 1373 1990 2099 2043; baseline -0.004 -12"><span class='ocrx_word' id='word_1_625' title='bbox 1373 2006 1436 2031; x_wconf 91' lang='lat'><strong>771.</strong></span> <span class='ocrx_word' id='word_1_626' title='bbox 1465 1991 1566 2043; x_wconf 79' lang='grc' dir='ltr'>ἐξέχῃ</span> <span class='ocrx_word' id='word_1_627' title='bbox 1590 2007 1598 2030; x_wconf 88' lang='lat'>:</span> <span class='ocrx_word' id='word_1_628' title='bbox 1622 1991 1781 2043; x_wconf 55' lang='lat' dir='ltr'><strong>&#39;Avffffflb</strong></span> <span class='ocrx_word' id='word_1_629' title='bbox 1803 1990 1989 2043; x_wconf 87' lang='grc' dir='ltr'>ἀνατέλλῃ.</span> <span class='ocrx_word' id='word_1_630' title='bbox 2017 1999 2099 2029; x_wconf 78' lang='lat' dir='ltr'><strong>Vict.</strong></span> 
     </span>
    </p>

    <p class='ocr_par' dir='ltr' id='par_1_38' title="bbox 1321 2047 2413 2850">
     <span class='ocr_line' id='line_1_98' title="bbox 1374 2047 2356 2102; baseline -0.002 -12"><span class='ocrx_word' id='word_1_631' title='bbox 1374 2064 1438 2090; x_wconf 85' lang='lat'><strong>772.</strong></span> <span class='ocrx_word' id='word_1_632' title='bbox 1470 2049 1560 2099; x_wconf 82' lang='grc' dir='ltr'>(εἵλη</span> <span class='ocrx_word' id='word_1_633' title='bbox 1588 2051 1665 2087; x_wconf 86' lang='grc' dir='ltr'>κατ’</span> <span class='ocrx_word' id='word_1_634' title='bbox 1689 2050 1808 2102; x_wconf 87' lang='grc' dir='ltr'>ὄρθρον</span> <span class='ocrx_word' id='word_1_635' title='bbox 1838 2063 1846 2088; x_wconf 89' lang='lat'>:</span> <span class='ocrx_word' id='word_1_636' title='bbox 1871 2047 1965 2095; x_wconf 58' lang='grc' dir='ltr'>ΓΈλη</span> <span class='ocrx_word' id='word_1_637' title='bbox 1991 2052 2012 2095; x_wconf 91' lang='grc' dir='ltr'>ἡ</span> <span class='ocrx_word' id='word_1_638' title='bbox 2041 2053 2102 2086; x_wconf 78' lang='grc' dir='ltr'>τοῦ</span> <span class='ocrx_word' id='word_1_639' title='bbox 2120 2049 2219 2095; x_wconf 89' lang='grc' dir='ltr'>ἡλίου</span> <span class='ocrx_word' id='word_1_640' title='bbox 2243 2050 2356 2101; x_wconf 77' lang='grc' dir='ltr'>αὐγὴ,</span> 
     </span>
     <span class='ocr_line' id='line_1_99' title="bbox 1322 2106 2358 2159; baseline 0 -14"><span class='ocrx_word' id='word_1_641' title='bbox 1322 2108 1470 2154; x_wconf 86' lang='grc' dir='ltr'>δασέως,</span> <span class='ocrx_word' id='word_1_642' title='bbox 1491 2106 1677 2159; x_wconf 66' lang='grc' dir='ltr'>ληφθέντος</span> <span class='ocrx_word' id='word_1_643' title='bbox 1694 2106 1730 2144; x_wconf 81' lang='grc' dir='ltr'>δὲ</span> <span class='ocrx_word' id='word_1_644' title='bbox 1752 2107 1808 2144; x_wconf 81' lang='grc' dir='ltr'>διὰ</span> <span class='ocrx_word' id='word_1_645' title='bbox 1823 2111 1882 2144; x_wconf 71' lang='grc' dir='ltr'>τοῦ</span> <span class='ocrx_word' id='word_1_646' title='bbox 1899 2123 1928 2157; x_wconf 85' lang='grc' dir='ltr'>ι,</span> <span class='ocrx_word' id='word_1_647' title='bbox 1943 2108 2063 2159; x_wconf 86' lang='grc' dir='ltr'>ψιλῶς.</span> <span class='ocrx_word' id='word_1_648' title='bbox 2079 2130 2131 2135; x_wconf 86' lang='grc'><strong>-</strong></span> <span class='ocrx_word' id='word_1_649' title='bbox 2145 2107 2206 2144; x_wconf 85' lang='grc' dir='ltr'>καὶ</span> <span class='ocrx_word' id='word_1_650' title='bbox 2225 2107 2358 2159; x_wconf 81' lang='grc' dir='ltr'>εἷρκτὸν</span> 
     </span>
     <span class='ocr_line' id='line_1_100' title="bbox 1321 2164 2358 2217; baseline -0.001 -14"><span class='ocrx_word' id='word_1_651' title='bbox 1321 2166 1380 2203; x_wconf 77' lang='grc' dir='ltr'>καὶ</span> <span class='ocrx_word' id='word_1_652' title='bbox 1406 2166 1463 2202; x_wconf 77' lang='grc' dir='ltr'>ἐπὶ</span> <span class='ocrx_word' id='word_1_653' title='bbox 1487 2169 1545 2202; x_wconf 77' lang='grc' dir='ltr'>τοῦ</span> <span class='ocrx_word' id='word_1_654' title='bbox 1576 2165 1652 2202; x_wconf 80' lang='grc' dir='ltr'>ὀδὸν</span> <span class='ocrx_word' id='word_1_655' title='bbox 1678 2164 1738 2202; x_wconf 86' lang='grc' dir='ltr'>καὶ</span> <span class='ocrx_word' id='word_1_656' title='bbox 1768 2164 1879 2203; x_wconf 78' lang='grc' dir='ltr'>οὐδόν.</span> <span class='ocrx_word' id='word_1_657' title='bbox 1898 2178 1938 2207; x_wconf 78' lang='lat' dir='ltr'>v,</span> <span class='ocrx_word' id='word_1_658' title='bbox 1957 2188 2009 2193; x_wconf 97' lang='lat'>—</span> <span class='ocrx_word' id='word_1_659' title='bbox 2034 2164 2204 2217; x_wconf 77' lang='grc' dir='ltr'>γράφεται</span> <span class='ocrx_word' id='word_1_660' title='bbox 2234 2164 2270 2202; x_wconf 85' lang='grc' dir='ltr'>δὲ</span> <span class='ocrx_word' id='word_1_661' title='bbox 2299 2165 2358 2202; x_wconf 83' lang='grc' dir='ltr'>καὶ</span> 
     </span>
     <span class='ocr_line' id='line_1_101' title="bbox 1322 2221 2358 2275; baseline -0.002 -13"><span class='ocrx_word' id='word_1_662' title='bbox 1322 2225 1397 2262; x_wconf 87' lang='grc' dir='ltr'>κατ’</span> <span class='ocrx_word' id='word_1_663' title='bbox 1423 2223 1520 2275; x_wconf 82' lang='grc' dir='ltr'>ὀρθὸν</span> <span class='ocrx_word' id='word_1_664' title='bbox 1550 2225 1584 2260; x_wconf 83' lang='grc' dir='ltr'>ἐν</span> <span class='ocrx_word' id='word_1_665' title='bbox 1613 2223 1764 2265; x_wconf 84' lang='grc' dir='ltr'>πολλοῖς.</span> <span class='ocrx_word' id='word_1_666' title='bbox 1796 2222 1856 2260; x_wconf 90' lang='grc' dir='ltr'>καὶ</span> <span class='ocrx_word' id='word_1_667' title='bbox 1883 2221 2107 2272; x_wconf 84' lang='grc' dir='ltr'>ἐξηγούμενος</span> <span class='ocrx_word' id='word_1_668' title='bbox 2129 2222 2358 2275; x_wconf 87' lang='grc' dir='ltr'>Καλλίστρα-</span> 
     </span>
     <span class='ocr_line' id='line_1_102' title="bbox 1321 2279 2413 2334; baseline -0.002 -14"><span class='ocrx_word' id='word_1_669' title='bbox 1321 2281 1377 2325; x_wconf 88' lang='grc' dir='ltr'>τός</span> <span class='ocrx_word' id='word_1_670' title='bbox 1391 2297 1492 2334; x_wconf 68' lang='grc' dir='ltr'>φησι,</span> <span class='ocrx_word' id='word_1_671' title='bbox 1511 2279 1602 2318; x_wconf 80' lang='grc' dir='ltr'>κατὰ</span> <span class='ocrx_word' id='word_1_672' title='bbox 1620 2279 1659 2317; x_wconf 84' lang='grc' dir='ltr'>τὸ</span> <span class='ocrx_word' id='word_1_673' title='bbox 1678 2281 1785 2333; x_wconf 88' lang='grc' dir='ltr'>ὀρθῶς</span> <span class='ocrx_word' id='word_1_674' title='bbox 1801 2279 1898 2330; x_wconf 80' lang='grc' dir='ltr'>ἔχον·</span> <span class='ocrx_word' id='word_1_675' title='bbox 1917 2279 1994 2330; x_wconf 77' lang='grc' dir='ltr'>οὐχὶ</span> <span class='ocrx_word' id='word_1_676' title='bbox 2011 2282 2046 2317; x_wconf 80' lang='grc' dir='ltr'>ἐν</span> <span class='ocrx_word' id='word_1_677' title='bbox 2063 2282 2112 2331; x_wconf 81' lang='grc' dir='ltr'>τῷ</span> <span class='ocrx_word' id='word_1_678' title='bbox 2129 2279 2360 2333; x_wconf 83' lang='grc' dir='ltr'>δικαστηρίῳ.</span> <span class='ocrx_word' id='word_1_679' title='bbox 2377 2299 2413 2324; x_wconf 82' lang='lat'>35</span> 
     </span>
     <span class='ocr_line' id='line_1_103' title="bbox 1323 2336 2359 2390; baseline -0.002 -13"><span class='ocrx_word' id='word_1_680' title='bbox 1323 2339 1361 2377; x_wconf 78' lang='grc' dir='ltr'>τὸ</span> <span class='ocrx_word' id='word_1_681' title='bbox 1380 2339 1408 2377; x_wconf 82' lang='grc' dir='ltr'>δ’</span> <span class='ocrx_word' id='word_1_682' title='bbox 1425 2338 1555 2389; x_wconf 78' lang='grc' dir='ltr'>ἦλιάσῃ</span> <span class='ocrx_word' id='word_1_683' title='bbox 1579 2337 1728 2388; x_wconf 85' lang='grc' dir='ltr'>(μήποτε</span> <span class='ocrx_word' id='word_1_684' title='bbox 1747 2337 1782 2375; x_wconf 81' lang='grc' dir='ltr'>δὲ</span> <span class='ocrx_word' id='word_1_685' title='bbox 1803 2339 1910 2390; x_wconf 84' lang='grc' dir='ltr'>ψιλῶς</span> <span class='ocrx_word' id='word_1_686' title='bbox 1926 2337 2160 2390; x_wconf 89' lang='grc' dir='ltr'>προενεκτέον)</span> <span class='ocrx_word' id='word_1_687' title='bbox 2180 2336 2278 2390; x_wconf 84' lang='grc' dir='ltr'>παρὰ</span> <span class='ocrx_word' id='word_1_688' title='bbox 2295 2337 2359 2385; x_wconf 71' lang='grc' dir='ltr'>τὴν</span> 
     </span>
     <span class='ocr_line' id='line_1_104' title="bbox 1323 2395 2361 2449; baseline -0.003 -13"><span class='ocrx_word' id='word_1_689' title='bbox 1323 2397 1499 2444; x_wconf 86' lang='grc' dir='ltr'>Ἡλιαίαν,</span> <span class='ocrx_word' id='word_1_690' title='bbox 1527 2397 1613 2449; x_wconf 80' lang='grc' dir='ltr'>πρὸς</span> <span class='ocrx_word' id='word_1_691' title='bbox 1636 2396 1733 2442; x_wconf 73' lang='grc' dir='ltr'>ἥλιον</span> <span class='ocrx_word' id='word_1_692' title='bbox 1760 2395 1926 2433; x_wconf 84' lang='grc' dir='ltr'>δικάσειν.</span> <span class='ocrx_word' id='word_1_693' title='bbox 1953 2396 2027 2445; x_wconf 87' lang='grc' dir='ltr'>ἅμα</span> <span class='ocrx_word' id='word_1_694' title='bbox 2057 2395 2093 2434; x_wconf 81' lang='grc' dir='ltr'>δὲ</span> <span class='ocrx_word' id='word_1_695' title='bbox 2123 2396 2239 2440; x_wconf 89' lang='grc' dir='ltr'>παίζει</span> <span class='ocrx_word' id='word_1_696' title='bbox 2262 2396 2361 2448; x_wconf 85' lang='grc' dir='ltr'>παρὰ</span> 
     </span>
     <span class='ocr_line' id='line_1_105' title="bbox 1323 2453 2361 2506; baseline -0.003 -13"><span class='ocrx_word' id='word_1_697' title='bbox 1323 2455 1384 2502; x_wconf 78' lang='grc' dir='ltr'>τὴν</span> <span class='ocrx_word' id='word_1_698' title='bbox 1402 2459 1461 2492; x_wconf 80' lang='grc' dir='ltr'>τοῦ</span> <span class='ocrx_word' id='word_1_699' title='bbox 1480 2454 1579 2500; x_wconf 74' lang='grc' dir='ltr'>ἡλίου</span> <span class='ocrx_word' id='word_1_700' title='bbox 1596 2453 1796 2504; x_wconf 81' lang='grc' dir='ltr'>ὀνομασίαν.</span> <span class='ocrx_word' id='word_1_701' title='bbox 1817 2455 1958 2505; x_wconf 76' lang='grc' dir='ltr'>ψυχρῶς</span> <span class='ocrx_word' id='word_1_702' title='bbox 1975 2453 2010 2491; x_wconf 78' lang='grc' dir='ltr'>δὲ</span> <span class='ocrx_word' id='word_1_703' title='bbox 2027 2453 2180 2505; x_wconf 76' lang='grc' dir='ltr'>πέπαιχε</span> <span class='ocrx_word' id='word_1_704' title='bbox 2192 2483 2202 2500; x_wconf 91' lang='grc'>,</span> <span class='ocrx_word' id='word_1_705' title='bbox 2222 2453 2326 2506; x_wconf 83' lang='grc' dir='ltr'>φησὶν</span> <span class='ocrx_word' id='word_1_706' title='bbox 2341 2455 2361 2491; x_wconf 83' lang='grc' dir='ltr'>ὁ</span> 
     </span>
     <span class='ocr_line' id='line_1_106' title="bbox 1324 2509 2359 2563; baseline -0.004 -13"><span class='ocrx_word' id='word_1_707' title='bbox 1324 2513 1493 2562; x_wconf 78' lang='grc' dir='ltr'>Δίδυμος,</span> <span class='ocrx_word' id='word_1_708' title='bbox 1515 2512 1599 2563; x_wconf 85' lang='grc' dir='ltr'>πρὸς</span> <span class='ocrx_word' id='word_1_709' title='bbox 1622 2511 1786 2560; x_wconf 85' lang='grc' dir='ltr'>τοῦνομα.</span> <span class='ocrx_word' id='word_1_710' title='bbox 1812 2510 1931 2556; x_wconf 80' lang='grc' dir='ltr'>ἐπειδὴ</span> <span class='ocrx_word' id='word_1_711' title='bbox 1962 2509 2029 2562; x_wconf 84' lang='grc' dir='ltr'>γὰρ</span> <span class='ocrx_word' id='word_1_712' title='bbox 2060 2509 2136 2557; x_wconf 76' lang='grc' dir='ltr'>εἷ’λη</span> <span class='ocrx_word' id='word_1_713' title='bbox 2166 2510 2306 2560; x_wconf 86' lang='grc' dir='ltr'>λέγεται</span> <span class='ocrx_word' id='word_1_714' title='bbox 2336 2512 2359 2556; x_wconf 86' lang='grc' dir='ltr'>ἡ</span> 
     </span>
     <span class='ocr_line' id='line_1_107' title="bbox 1324 2566 2413 2619; baseline -0.003 -12"><span class='ocrx_word' id='word_1_715' title='bbox 1324 2574 1382 2608; x_wconf 71' lang='grc' dir='ltr'>τοῦ</span> <span class='ocrx_word' id='word_1_716' title='bbox 1406 2570 1506 2615; x_wconf 73' lang='grc' dir='ltr'>ἡλίου</span> <span class='ocrx_word' id='word_1_717' title='bbox 1533 2568 1641 2618; x_wconf 79' lang='grc' dir='ltr'>αὐγὴ,</span> <span class='ocrx_word' id='word_1_718' title='bbox 1664 2568 1807 2606; x_wconf 50' lang='grc' dir='ltr'>ΓΗλιοιία</span> <span class='ocrx_word' id='word_1_719' title='bbox 1829 2568 1864 2605; x_wconf 79' lang='grc' dir='ltr'>δὲ</span> <span class='ocrx_word' id='word_1_720' title='bbox 1893 2568 1932 2605; x_wconf 83' lang='grc' dir='ltr'>τὸ</span> <span class='ocrx_word' id='word_1_721' title='bbox 1960 2567 2194 2619; x_wconf 84' lang='grc' dir='ltr'>δικαστήριον,</span> <span class='ocrx_word' id='word_1_722' title='bbox 2222 2566 2358 2611; x_wconf 89' lang='grc' dir='ltr'>παίζων</span> <span class='ocrx_word' id='word_1_723' title='bbox 2378 2584 2413 2610; x_wconf 82' lang='lat'>40</span> 
     </span>
     <span class='ocr_line' id='line_1_108' title="bbox 1325 2624 2360 2680; baseline -0.003 -15"><span class='ocrx_word' id='word_1_724' title='bbox 1325 2628 1429 2680; x_wconf 62' lang='grc' dir='ltr'>ἔφησε</span> <span class='ocrx_word' id='word_1_725' title='bbox 1447 2627 1531 2679; x_wconf 80' lang='grc' dir='ltr'>πρὸς</span> <span class='ocrx_word' id='word_1_726' title='bbox 1555 2626 1594 2663; x_wconf 82' lang='grc' dir='ltr'>τὸ</span> <span class='ocrx_word' id='word_1_727' title='bbox 1618 2625 1790 2678; x_wconf 70' lang='grc' dir='ltr'>φιλόδικον</span> <span class='ocrx_word' id='word_1_728' title='bbox 1817 2625 1868 2662; x_wconf 77' lang='grc' dir='ltr'>ὅτι</span> <span class='ocrx_word' id='word_1_729' title='bbox 1889 2624 2027 2662; x_wconf 81' lang='grc' dir='ltr'>ἐπειδὰν</span> <span class='ocrx_word' id='word_1_730' title='bbox 2049 2625 2187 2676; x_wconf 84' lang='grc' dir='ltr'>ἀνάσχῃ</span> <span class='ocrx_word' id='word_1_731' title='bbox 2208 2627 2226 2662; x_wconf 87' lang='grc' dir='ltr'>ὁ</span> <span class='ocrx_word' id='word_1_732' title='bbox 2243 2624 2360 2676; x_wconf 79' lang='grc' dir='ltr'>ἥλιος,</span> 
     </span>
     <span class='ocr_line' id='line_1_109' title="bbox 1323 2681 2361 2734; baseline -0.001 -12"><span class='ocrx_word' id='word_1_733' title='bbox 1323 2685 1477 2731; x_wconf 74' lang='grc' dir='ltr'>ἧλιάζειν</span> <span class='ocrx_word' id='word_1_734' title='bbox 1500 2683 1634 2721; x_wconf 81' lang='grc' dir='ltr'>ἐνέσται</span> <span class='ocrx_word' id='word_1_735' title='bbox 1663 2699 1728 2721; x_wconf 91' lang='grc' dir='ltr'>σοι.</span> <span class='ocrx_word' id='word_1_736' title='bbox 1749 2683 1856 2725; x_wconf 76' lang='grc' dir='ltr'>οὕτως</span> <span class='ocrx_word' id='word_1_737' title='bbox 1886 2682 1921 2720; x_wconf 82' lang='grc' dir='ltr'>δὲ</span> <span class='ocrx_word' id='word_1_738' title='bbox 1950 2685 1981 2720; x_wconf 86' lang='grc' dir='ltr'>οἱ</span> <span class='ocrx_word' id='word_1_739' title='bbox 2011 2682 2158 2721; x_wconf 86' lang='grc' dir='ltr'>Ἀττικοὶ</span> <span class='ocrx_word' id='word_1_740' title='bbox 2178 2681 2235 2734; x_wconf 82' lang='grc' dir='ltr'>διὰ</span> <span class='ocrx_word' id='word_1_741' title='bbox 2267 2687 2326 2721; x_wconf 79' lang='grc' dir='ltr'>τοῦ</span> <span class='ocrx_word' id='word_1_742' title='bbox 2350 2699 2361 2720; x_wconf 90' lang='grc' dir='ltr'>ι</span> 
     </span>
     <span class='ocr_line' id='line_1_110' title="bbox 1325 2739 2361 2793; baseline -0.002 -13"><span class='ocrx_word' id='word_1_743' title='bbox 1325 2742 1420 2788; x_wconf 76' lang='grc' dir='ltr'>εἵλην</span> <span class='ocrx_word' id='word_1_744' title='bbox 1439 2741 1609 2791; x_wconf 85' lang='grc' dir='ltr'>λέγουσιν.</span> <span class='ocrx_word' id='word_1_745' title='bbox 1627 2740 1732 2782; x_wconf 80' lang='grc' dir='ltr'>οὕτως</span> <span class='ocrx_word' id='word_1_746' title='bbox 1749 2740 1910 2789; x_wconf 77' lang='grc' dir='ltr'>Δίδυμος.</span> <span class='ocrx_word' id='word_1_747' title='bbox 1959 2739 2131 2787; x_wconf 87' lang='grc' dir='ltr'>δικάσεις,</span> <span class='ocrx_word' id='word_1_748' title='bbox 2150 2739 2254 2792; x_wconf 82' lang='grc' dir='ltr'>φησὶ,</span> <span class='ocrx_word' id='word_1_749' title='bbox 2275 2739 2361 2793; x_wconf 84' lang='grc' dir='ltr'>πρὸς</span> 
     </span>
     <span class='ocr_line' id='line_1_111' title="bbox 1324 2797 2360 2850; baseline -0.002 -13"><span class='ocrx_word' id='word_1_750' title='bbox 1324 2800 1381 2838; x_wconf 81' lang='grc' dir='ltr'>τὸν</span> <span class='ocrx_word' id='word_1_751' title='bbox 1410 2799 1507 2845; x_wconf 72' lang='grc' dir='ltr'>ἥλιον</span> <span class='ocrx_word' id='word_1_752' title='bbox 1532 2797 1734 2847; x_wconf 86' lang='grc' dir='ltr'>καθήμενος.</span> <span class='ocrx_word' id='word_1_753' title='bbox 1759 2797 1878 2841; x_wconf 84' lang='grc' dir='ltr'>ἔπαιξε</span> <span class='ocrx_word' id='word_1_754' title='bbox 1904 2797 1939 2834; x_wconf 83' lang='grc' dir='ltr'>δὲ</span> <span class='ocrx_word' id='word_1_755' title='bbox 1962 2797 2060 2850; x_wconf 80' lang='grc' dir='ltr'>παρὰ</span> <span class='ocrx_word' id='word_1_756' title='bbox 2088 2797 2151 2844; x_wconf 89' lang='grc' dir='ltr'>τὴν</span> <span class='ocrx_word' id='word_1_757' title='bbox 2180 2797 2360 2845; x_wconf 76' lang='grc' dir='ltr'>&lt;Ηλιαίαν,</span> 
     </span>
    </p>
   </div>
   <div class='ocr_carea' id='block_1_25' title="bbox 1558 1875 2070 1926">
    <p class='ocr_par' dir='ltr' id='par_1_39' title="bbox 1558 1875 2070 1926">
     <span class='ocr_line' id='line_1_112' title="bbox 1558 1875 2070 1926; baseline -0.004 -12"><span class='ocrx_word' id='word_1_758' title='bbox 1558 1875 1828 1918; x_wconf 85' lang='grc' dir='ltr'>Καταδικάσεις.</span> <span class='ocrx_word' id='word_1_759' title='bbox 1856 1875 1938 1925; x_wconf 88' lang='grc' dir='ltr'>μίαν</span> <span class='ocrx_word' id='word_1_760' title='bbox 1963 1875 2070 1926; x_wconf 91' lang='grc' dir='ltr'>μόνην</span> 
     </span>
    </p>
   </div>
   <div class='ocr_carea' id='block_1_26' title="bbox 2375 2012 2413 2038">
    <p class='ocr_par' dir='ltr' id='par_1_40' title="bbox 2375 2012 2413 2038">
     <span class='ocr_line' id='line_1_113' title="bbox 2375 2012 2413 2038; baseline 0.026 -1"><span class='ocrx_word' id='word_1_761' title='bbox 2375 2012 2413 2038; x_wconf 82' lang='grc'>30</span> 
     </span>
    </p>
   </div>
   <div class='ocr_carea' id='block_1_27' title="bbox 1324 2854 2416 3367">
    <p class='ocr_par' dir='ltr' id='par_1_41' title="bbox 1324 2854 2414 3025">
     <span class='ocr_line' id='line_1_114' title="bbox 1324 2854 2414 2907; baseline -0.002 -12"><span class='ocrx_word' id='word_1_762' title='bbox 1324 2858 1363 2895; x_wconf 80' lang='grc' dir='ltr'>τὸ</span> <span class='ocrx_word' id='word_1_763' title='bbox 1403 2856 1564 2907; x_wconf 90' lang='grc' dir='ltr'>μέγιστον</span> <span class='ocrx_word' id='word_1_764' title='bbox 1602 2855 1838 2907; x_wconf 88' lang='grc' dir='ltr'>δικαστήριον,</span> <span class='ocrx_word' id='word_1_765' title='bbox 1870 2854 1888 2892; x_wconf 81' lang='grc' dir='ltr'>ὃ</span> <span class='ocrx_word' id='word_1_766' title='bbox 1920 2855 2048 2901; x_wconf 89' lang='grc' dir='ltr'>ταύτης</span> <span class='ocrx_word' id='word_1_767' title='bbox 2078 2859 2140 2903; x_wconf 69' lang='grc' dir='ltr'>τῆς</span> <span class='ocrx_word' id='word_1_768' title='bbox 2173 2854 2361 2905; x_wconf 86' lang='grc' dir='ltr'>ὀνομασίας</span> <span class='ocrx_word' id='word_1_769' title='bbox 2379 2876 2414 2901; x_wconf 80' lang='lat'>45</span> 
     </span>
     <span class='ocr_line' id='line_1_115' title="bbox 1325 2912 2361 2966; baseline -0.003 -13"><span class='ocrx_word' id='word_1_770' title='bbox 1325 2915 1425 2966; x_wconf 80' lang='grc' dir='ltr'>ἔτυχε</span> <span class='ocrx_word' id='word_1_771' title='bbox 1444 2914 1500 2951; x_wconf 72' lang='grc' dir='ltr'>’διὰ</span> <span class='ocrx_word' id='word_1_772' title='bbox 1523 2913 1561 2950; x_wconf 84' lang='grc' dir='ltr'>τὸ</span> <span class='ocrx_word' id='word_1_773' title='bbox 1582 2915 1615 2951; x_wconf 81' lang='grc' dir='ltr'>ἐν</span> <span class='ocrx_word' id='word_1_774' title='bbox 1635 2913 1791 2965; x_wconf 82' lang='grc' dir='ltr'>ὑπαίθρῳ</span> <span class='ocrx_word' id='word_1_775' title='bbox 1813 2912 1895 2950; x_wconf 79' lang='grc' dir='ltr'>αὐτὸ</span> <span class='ocrx_word' id='word_1_776' title='bbox 1918 2912 2208 2963; x_wconf 78' lang='grc' dir='ltr'>ἀναπεπταμένον</span> <span class='ocrx_word' id='word_1_777' title='bbox 2231 2912 2361 2964; x_wconf 88' lang='grc' dir='ltr'>βάλλε-</span> 
     </span>
     <span class='ocr_line' id='line_1_116' title="bbox 1325 2971 1598 3025; baseline -0.011 -14"><span class='ocrx_word' id='word_1_778' title='bbox 1325 2977 1402 3011; x_wconf 90' lang='grc' dir='ltr'>σθαι</span> <span class='ocrx_word' id='word_1_779' title='bbox 1419 2975 1467 3025; x_wconf 80' lang='grc' dir='ltr'>τῷ</span> <span class='ocrx_word' id='word_1_780' title='bbox 1484 2971 1598 3024; x_wconf 75' lang='grc' dir='ltr'>ἡλίῳ.)</span> 
     </span>
    </p>

    <p class='ocr_par' dir='ltr' id='par_1_42' title="bbox 1325 3027 2359 3139">
     <span class='ocr_line' id='line_1_117' title="bbox 1378 3027 2359 3082; baseline -0.003 -13"><span class='ocrx_word' id='word_1_781' title='bbox 1378 3045 1441 3070; x_wconf 77' lang='grc'>774.</span> <span class='ocrx_word' id='word_1_782' title='bbox 1472 3030 1586 3073; x_wconf 78' lang='grc' dir='ltr'>ὕοντος</span> <span class='ocrx_word' id='word_1_783' title='bbox 1606 3043 1614 3068; x_wconf 88' lang='lat'><strong>:</strong></span> <span class='ocrx_word' id='word_1_784' title='bbox 1634 3029 1780 3071; x_wconf 70' lang='grc' dir='ltr'>εΎοντος</span> <span class='ocrx_word' id='word_1_785' title='bbox 1802 3032 1860 3066; x_wconf 78' lang='grc' dir='ltr'>τοῦ</span> <span class='ocrx_word' id='word_1_786' title='bbox 1884 3032 1959 3066; x_wconf 79' lang='grc' dir='ltr'>θεοῦ</span> <span class='ocrx_word' id='word_1_787' title='bbox 1980 3028 2040 3066; x_wconf 87' lang='grc' dir='ltr'>καὶ</span> <span class='ocrx_word' id='word_1_788' title='bbox 2058 3028 2228 3082; x_wconf 74' lang='grc' dir='ltr'>νίφοντος,</span> <span class='ocrx_word' id='word_1_789' title='bbox 2243 3027 2359 3080; x_wconf 86' lang='grc' dir='ltr'>γνώσῃ</span> 
     </span>
     <span class='ocr_line' id='line_1_118' title="bbox 1325 3085 1962 3139; baseline -0.006 -13"><span class='ocrx_word' id='word_1_790' title='bbox 1325 3088 1517 3138; x_wconf 75' lang='grc' dir='ltr'>καθήμενος</span> <span class='ocrx_word' id='word_1_791' title='bbox 1533 3087 1616 3139; x_wconf 78' lang='grc' dir='ltr'>πρὸς</span> <span class='ocrx_word' id='word_1_792' title='bbox 1633 3087 1670 3124; x_wconf 81' lang='grc' dir='ltr'>τὸ</span> <span class='ocrx_word' id='word_1_793' title='bbox 1688 3091 1755 3138; x_wconf 79' lang='grc' dir='ltr'>πῧρ</span> <span class='ocrx_word' id='word_1_794' title='bbox 1772 3085 1834 3132; x_wconf 63' lang='grc' dir='ltr'>τὴν</span> <span class='ocrx_word' id='word_1_795' title='bbox 1852 3086 1962 3132; x_wconf 86' lang='grc' dir='ltr'>δίκην.</span> 
     </span>
    </p>

    <p class='ocr_par' dir='ltr' id='par_1_43' title="bbox 1325 3141 2416 3310">
     <span class='ocr_line' id='line_1_119' title="bbox 1380 3141 2416 3197; baseline -0.004 -14"><span class='ocrx_word' id='word_1_796' title='bbox 1380 3146 1456 3196; x_wconf 74' lang='grc' dir='ltr'>(κᾶν</span> <span class='ocrx_word' id='word_1_797' title='bbox 1475 3145 1557 3197; x_wconf 83' lang='grc' dir='ltr'>ἔγρῃ</span> <span class='ocrx_word' id='word_1_798' title='bbox 1579 3159 1587 3183; x_wconf 76' lang='lat'>1</span> <span class='ocrx_word' id='word_1_799' title='bbox 1610 3144 1686 3183; x_wconf 80' lang='grc' dir='ltr'>Κᾶν</span> <span class='ocrx_word' id='word_1_800' title='bbox 1710 3143 1861 3196; x_wconf 82' lang='grc' dir='ltr'>βραδέως</span> <span class='ocrx_word' id='word_1_801' title='bbox 1879 3142 1948 3180; x_wconf 83' lang='grc' dir='ltr'>ἀπὸ</span> <span class='ocrx_word' id='word_1_802' title='bbox 1969 3145 2031 3189; x_wconf 74' lang='grc' dir='ltr'>τῆς</span> <span class='ocrx_word' id='word_1_803' title='bbox 2052 3141 2169 3189; x_wconf 86' lang='grc' dir='ltr'>κοίτης</span> <span class='ocrx_word' id='word_1_804' title='bbox 2188 3143 2358 3193; x_wconf 80' lang='grc' dir='ltr'>ἀναστῇς,</span> <span class='ocrx_word' id='word_1_805' title='bbox 2380 3154 2416 3179; x_wconf 75' lang='lat'>50</span> 
     </span>
     <span class='ocr_line' id='line_1_120' title="bbox 1326 3198 2361 3252; baseline -0.006 -10"><span class='ocrx_word' id='word_1_806' title='bbox 1326 3204 1434 3246; x_wconf 75' lang='grc' dir='ltr'>οὐδεὶς</span> <span class='ocrx_word' id='word_1_807' title='bbox 1469 3202 1670 3240; x_wconf 85' lang='grc' dir='ltr'>ἀποκλείσει</span> <span class='ocrx_word' id='word_1_808' title='bbox 1700 3217 1738 3239; x_wconf 91' lang='grc' dir='ltr'>σε</span> <span class='ocrx_word' id='word_1_809' title='bbox 1768 3205 1828 3239; x_wconf 75' lang='grc' dir='ltr'>τοῦ</span> <span class='ocrx_word' id='word_1_810' title='bbox 1864 3199 2106 3252; x_wconf 90' lang='grc' dir='ltr'>δικαστηρίου,</span> <span class='ocrx_word' id='word_1_811' title='bbox 2134 3202 2179 3242; x_wconf 83' lang='grc' dir='ltr'>ὥς</span> <span class='ocrx_word' id='word_1_812' title='bbox 2208 3198 2361 3250; x_wconf 87' lang='grc' dir='ltr'>βραδέως</span> 
     </span>
     <span class='ocr_line' id='line_1_121' title="bbox 1325 3262 1480 3310; baseline 0 -10"><span class='ocrx_word' id='word_1_813' title='bbox 1325 3262 1480 3310; x_wconf 78' lang='grc' dir='ltr'>ἥκοντα.)</span> 
     </span>
    </p>

    <p class='ocr_par' dir='ltr' id='par_1_44' title="bbox 1381 3313 2362 3367">
     <span class='ocr_line' id='line_1_122' title="bbox 1381 3313 2362 3367; baseline -0.009 -9"><span class='ocrx_word' id='word_1_814' title='bbox 1381 3334 1446 3359; x_wconf 84' lang='lat'><strong>775.</strong></span> <span class='ocrx_word' id='word_1_815' title='bbox 1478 3317 1685 3367; x_wconf 85' lang='grc' dir='ltr'>θεσμοθέτης</span> <span class='ocrx_word' id='word_1_816' title='bbox 1715 3331 1723 3356; x_wconf 93' lang='lat'><strong>:</strong></span> <span class='ocrx_word' id='word_1_817' title='bbox 1753 3317 1838 3356; x_wconf 71' lang='lat' dir='ltr'><strong>‘&#39;Otv.</strong></span> <span class='ocrx_word' id='word_1_818' title='bbox 1866 3315 1925 3354; x_wconf 86' lang='grc' dir='ltr'>καὶ</span> <span class='ocrx_word' id='word_1_819' title='bbox 1953 3314 2160 3366; x_wconf 87' lang='grc' dir='ltr'>θεσμοθέτης</span> <span class='ocrx_word' id='word_1_820' title='bbox 2184 3313 2362 3366; x_wconf 84' lang='grc' dir='ltr'>παρετύγ-</span> 
     </span>
    </p>
   </div>
   <div class='ocr_carea' id='block_1_28' title="bbox 1327 3370 2365 3429">
    <p class='ocr_par' dir='ltr' id='par_1_45' title="bbox 1327 3370 2365 3429">
     <span class='ocr_line' id='line_1_123' title="bbox 1327 3370 2365 3429; baseline -0.007 -15"><span class='ocrx_word' id='word_1_821' title='bbox 1327 3393 1413 3429; x_wconf 73' lang='grc' dir='ltr'>χανε</span> <span class='ocrx_word' id='word_1_822' title='bbox 1443 3376 1502 3414; x_wconf 80' lang='grc' dir='ltr'>καὶ</span> <span class='ocrx_word' id='word_1_823' title='bbox 1533 3375 1657 3413; x_wconf 61' lang='grc' dir='ltr'>ἔῧλεπε</span> <span class='ocrx_word' id='word_1_824' title='bbox 1683 3375 1727 3413; x_wconf 75' lang='grc' dir='ltr'>τὰ</span> <span class='ocrx_word' id='word_1_825' title='bbox 1758 3373 1976 3425; x_wconf 84' lang='grc' dir='ltr'>δικαστήρια.</span> <span class='ocrx_word' id='word_1_826' title='bbox 2010 3387 2049 3417; x_wconf 66' lang='lat'>11.</span> <span class='ocrx_word' id='word_1_827' title='bbox 2081 3375 2121 3409; x_wconf 85' lang='lat' dir='ltr'>V.</span> <span class='ocrx_word' id='word_1_828' title='bbox 2206 3370 2365 3422; x_wconf 67' lang='grc' dir='ltr'>(Ἄλλως,</span> 
     </span>
    </p>
   </div>
  </div>
 </body>
</html>
