2517 3792
1062 178 1329 218 RANARUM.

147 261 204 306 οὖν
226 262 300 320 (οὖν
318 282 391 306 om.
409 268 474 317 M.)
493 267 675 317 ὁμόδουλος
695 270 746 304 Μ.
773 267 857 305 ΑΙιΙ.
881 266 972 316 ἰέγει
995 261 1052 304 οὖν
1077 266 1160 316 ὁμό-

148 326 265 368 δουλος
286 321 354 364 οἷον
377 326 412 376 (ἢ
430 328 475 368 ὡς
492 326 552 371 Θ.)
572 325 753 367 σύνδουλος
770 329 813 362 V.
836 326 935 363 Θ.--
952 331 1001 374 49
1021 325 1056 362 δὲ
1083 338 1159 362 om.

147 389 206 431 R„
234 385 272 421 in
299 398 377 434 quo
410 384 582 421 scholion
607 383 654 419 ab
682 383 740 419 his
766 383 892 420 vorbis
919 384 1072 421 στικτέον
1106 383 1162 420 ἐπὶ

146 442 295 491 incipit.
317 442 364 483 εἷς
386 441 425 478 τὸ
449 457 554 491 μαστ.
577 445 629 479 Μ.
653 440 709 478 ἐπὶ
734 440 772 478 το
795 445 840 478 R.
860 442 907 482 Θ,
929 442 984 478 ἐπὶ
1007 443 1055 492 τῷ
1076 441 1161 478 Ald.

148 499 394 545 πυνθάνονται,
417 500 465 536 50
488 501 621 544 σιωπῆς
640 502 684 536 V.
696 521 745 527 —
762 500 781 535 5
793 514 804 535 1
830 499 1006 548 γινόμενον
1022 498 1162 550 θόρυῧον

147 557 310 596 e.—53
324 559 384 602 τῆς
395 571 472 595 om.
488 561 533 595 V.
551 556 607 594 καὶ
621 571 695 593 om.
713 561 768 600 R..
781 558 843 606 qui
871 559 916 600 54
935 554 1161 607 λοιδορισμός.

204 615 298 661 761,
332 629 346 650 1
372 615 455 652 Ἀπό
473 630 561 657 τινος
593 615 763 651 additum
791 629 836 651 ex
874 619 930 661 R.,
965 615 1029 664 qui
1058 613 1163 659 ἐστὶν,

148 674 264 710 ceteri
277 668 386 720 ἧν.-
401 687 421 710 2
438 675 541 711 αὐτοῦ
560 679 598 710 R.
615 678 656 711 V.
674 674 861 723 ξυντεχνῶν
880 677 924 711 R.

202 732 292 778 775,
317 733 404 778 776.
425 733 577 769 Scholia
593 732 640 769 ad
662 733 730 769 lios
751 745 881 768 versus
901 744 977 768 0111.
998 734 1099 768 R.——-
1120 736 1163 774 1l0

146 788 224 832 τοὺς
238 803 316 829 om.
341 791 388 829 Θ.
409 791 534 842 σαθρὸν
555 790 756 827 Dobraeus.
781 789 996 839 Legebatur
1015 785 1160 837 σαπρόν.

147 847 404 899 στρεψίμαλλος
436 850 482 886 Θ.
516 847 749 899 στρεψίμαλος
770 850 820 885 Μ.
851 846 1100 897 στρεψίκαλλος
1122 847 1163 882 V.

148 905 375 957 στρεψίμελος
412 906 492 942 Ald.
510 927 562 934 -
593 920 604 941 1
617 907 636 942 5
668 904 859 955 Εὐριπίδου
894 905 996 941 Θ.-
1023 904 1064 938 16
1107 915 1163 952 sq.

147 964 512 1014 καμπῶν-τουτέστι
543 965 818 1016 παραλογισμῶν
847 963 1045 1000 Dobraeus.
1078 961 1167 1013 γρά-

147 1037 248 1074 φεται
268 1025 419 1072 καμπῶν
434 1020 591 1058 τουτέστι
605 1021 880 1071 παραλογισμῶν
896 1020 977 1058 Ald.
996 1020 1166 1072 γράφεται

147 1082 319 1129 καμπτῶν
346 1079 691 1131 ἀποπαραλογισμῶν
713 1078 760 1115 Θ.
790 1077 960 1129 γράφεται
985 1078 1042 1115 καὶ
1067 1078 1166 1127 κοίμ-

146 1153 242 1174 πτων
271 1135 456 1188 λογισμὸν,
486 1135 532 1172 ἵν’
559 1130 675 1187 ᾗᾶμα
701 1135 818 1185 μὲν-
836 1139 887 1173 Μ.
916 1137 1101 1185 Καμπτῶν
1120 1139 1164 1174 V.

146 1197 280 1234 Glossa
298 1197 338 1233 in
357 1199 466 1245 Reg„
480 1196 549 1232 τῶν
566 1196 716 1244 καμπῶν
737 1197 796 1232 τοῦ
811 1194 1003 1244 μέλους.-
1017 1209 1061 1244 ¹9
1083 1193 1167 1231 δίδει

145 1254 232 1293 Ald.
249 1254 324 1301 δίδη
339 1255 387 1293 Θ.
405 1257 458 1292 Μ.
476 1252 776 1304 διδυμόιηοισιν.
790 1252 826 1290 δὲ
843 1253 902 1290 καὶ
921 1254 968 1292 Θ.
988 1255 1166 1304 λογισμῶν

144 1312 270 1366 γράφει
303 1317 358 1352 Μ.
391 1313 596 1363 Sequentia
616 1321 653 1349 et
680 1312 853 1349 scholion
878 1314 952 1360 776
986 1313 1168 1350 omittunt

146 1370 194 1409 Θ.
211 1373 267 1407 Μ.

202 1429 273 1475 781
296 1441 372 1467 orn.
395 1431 492 1465 V.--
510 1429 557 1465 32
578 1428 663 1481 φησί
680 1430 766 1468 Ald.

201 1501 296 1537 790,
329 1488 375 1533 37
410 1487 725 1539 ὖποκεχωρηκότος
748 1491 805 1526 τοῦ
835 1488 1050 1541 Σοφοκλέους
1083 1492 1167 1526 Ku—

149 1555 284 1584 sterus.

201 1617 292 1654 791,
310 1604 359 1641 38
380 1604 494 1641 Καλλ.
516 1619 621 1657 φησιν
643 1604 696 1642 ὅτι
716 1609 824 1643 Μ.-
839 1611 887 1649 4ο
906 1604 1101 1658 σκέψασθαι
1121 1610 1164 1646 V.

147 1668 256 1706 —41
279 1671 366 1712 post
381 1660 562 1705 κακόξενον
585 1663 669 1700 Ald.
687 1664 795 1701 addit
813 1662 902 1706 τινὲς
925 1663 962 1701 δὲ
984 1663 1023 1701 τὸ
1044 1664 1116 1701 νυνὶ
1138 1665 1167 1701 δ’

147 1721 272 1772 ἔμελλε
287 1723 347 1757 τοῦ
365 1720 602 1771 Κλειδημίδου
620 1721 722 1774 φασὶν
741 1715 847 1770 εἶναι,
869 1722 1006 1774 ἔφεδρος
1026 1721 1061 1759 δὲ
1079 1725 1096 1760 ὃ
1117 1721 1165 1772 μὴ

147 1779 373 1828 πλανώμενος
393 1780 428 1816 ἐν
450 1784 520 1820 τοῖς
541 1780 672 1829 ἀγῶσιν
700 1780 748 1822 εἰς
781 1779 820 1816 τὸ
851 1780 1077 1829 ἀγωνίζεσθαι
1097 1786 1166 1821 τοῖς

147 1840 302 1876 νικῶσιν.
326 1836 385 1874 καὶ
407 1838 589 1885 Σοφοκλῆς
607 1854 622 1870 α
636 1837 696 1874 καί
716 1852 774 1887 μοι
795 1836 1065 1889 ὃυσθεράπευτος
1080 1837 1168 1881 Αἴας

148 1896 278 1941 ξύνεστ’
305 1894 462 1948 ἔφεδρος,
482 1913 498 1930 »
531 1895 638 1945 ἤγουν
672 1895 821 1947 ἔσχατος
859 1896 919 1933 καὶ
956 1898 1002 1939 ὡς
1030 1895 1167 1949 ἔφεδρος

148 1954 286 2007 ἐλείφθη
305 1968 364 2004 μοι
378 1952 467 1996 Αἴας
484 1955 530 1996 εἷς
544 1953 662 1992 κακόν.
681 1955 859 1991 Scholion
877 1968 923 1991 ex
941 1955 1058 1993 Suida
1079 1969 1167 1992 con-

148 2014 281 2050 fictum
303 2026 334 2052 S.
353 2010 536 2065 Ἔφεδρος.
558 2016 678 2050 ΒιΝι).
711 2013 852 2061 Regius
871 2027 878 2048 ε
900 2011 950 2050 Ἦ
975 2012 1015 2050 τὸ
1040 2014 1111 2050 νυνὶ
1140 2014 1167 2051 δ’

149 2069 291 2120 ἔμελλεν
307 2068 444 2122 ἔφεδρος
465 2070 684 2107 καθεδεῖσθαι
703 2070 793 2113 τινὸς
810 2074 955 2116 ποιητοῦ
975 2072 1047 2108 ἐστι
1068 2073 1169 2109 Κλει-

149 2127 312 2177 διμήδους
340 2128 435 2178 (sic)
467 2127 703 2178 καλουμένου,
726 2128 784 2164 καὶ
813 2128 869 2165 διὰ
896 2132 997 2165 τοῦτο
1026 2131 1072 2171 ὡς
1104 2129 1168 2182 ἔφη

151 2185 386 2236 Κλειδιμήδης
406 2185 521 2236 λέγει,
540 2184 658 2238 ὥσπερ
686 2185 857 2237 διασύρων
880 2185 993 2224 αὐτόν.
1012 2186 1033 2232 ἢ
1059 2188 1168 2225 Κλει-

151 2244 299 2294 διμήδης
315 2260 365 2286 τις
382 2237 423 2289 ἦν
436 2244 497 2280 καὶ
515 2242 592 2281 τότε
606 2243 767 2289 ἀπέθανε,
781 2243 839 2279 καὶ
860 2245 893 2280 ἐν
911 2243 1037 2293 γέλωτι
1051 2248 1169 2282 τοῦτον

150 2301 386 2355 προδοίλλεται
405 2306 516 2340 ταῦτα
532 2301 692 2351 λέγοντα.
716 2300 853 2352 ἔφεδρος
876 2300 912 2338 δὲ
932 2302 1170 2353 ὁ-μαχέσα-

151 2365 230 2400 σθαι
246 2360 417 2413 (lm-44).
439 2359 537 2397 ἄλλοι
554 2359 591 2397 δέ
610 2375 695 2412 φασι
715 2359 771 2396 τὸν
794 2359 1032 2410 Κλειδιμήόην
1051 2365 1170 2398 τοῦτον

152 2418 340 2473 ὓποκριτὴν
356 2412 444 2456 εἶναι
463 2417 692 2469 Σοφοκλέους.

206 2481 296 2529 798,
319 2478 366 2515 50
391 2479 461 2514 τῶν
485 2474 571 2528 ὑπὲρ
592 2478 660 2514 τῶν
683 2480 729 2515 R.
755 2475 840 2528 ὑπὲρ
861 2479 928 2514 τῶν
948 2493 1032 2514 πατ.
1057 2479 1102 2516 Θ.
1122 2501 1172 2507 -

155 2538 199 2575 51
223 2535 464 2590 εἷσφερόμεγον
484 2539 530 2572 R.
548 2534 776 2586 εἷο-φερόμενα
793 2539 838 2572 V.
861 2537 964 2574 Θ.-
984 2536 1030 2573 53
1050 2534 1172 2573 ἵστατο

152 2609 191 2637 et
205 2598 372 2652 Δράμασι
384 2600 432 2634 R.
450 2595 592 2633 ἵσταντο
613 2604 649 2632 et
663 2595 815 2648 δράματι
833 2597 1016 2632 σειρῆσι-
1036 2596 1081 2640 54
1105 2595 1174 2634 ἀπὸ

152 2662 212 2697 τοῦ
225 2660 294 2696 τῶν
308 2687 317 2704 ,
336 2670 357 2693 2
378 2655 518 2705 ἄγουσιν
537 2653 722 2691 ἀπεδέδοτο
738 2656 785 2692 Θ.
810 2655 1021 2692 ἀπεδέδοκτο
1043 2656 1171 2695 ceteri.

153 2738 205 2746 -—-
221 2723 242 2760 4
260 2715 350 2753 libri
367 2713 487 2764 ἔγωγε.
503 2711 652 2763 ἀγκύσαι
666 2714 714 2750 Θ.
735 2728 795 2749 σου
813 2713 870 2750 τὸν
888 2717 935 2751 V.
953 2715 998 2752 Θ.
1020 2712 1172 2763 σταθμον

157 2774 377 2812 Brunckius.
398 2771 555 2823 σφυγμὸν
574 2771 675 2808 libri.
691 2793 738 2798 ——
754 2771 774 2806 5
793 2771 1037 2823 προστάττωσι
1056 2774 1099 2810 V.
1116 2771 1171 2808 lb.

155 2831 398 2870 scribendum
413 2829 588 2881 φράτερες.
608 2832 725 2866 Dum.
738 2854 777 2860 -
794 2830 816 2865 6
837 2829 1000 2880 προάγων
1024 2834 1065 2866 R.
1084 2845 1173 2880 προ-

156 2888 296 2942 αγαγὼν
315 2888 442 2926 ceteri.
460 2886 692 2938 προσαγαγὼν
712 2887 873 2924 Meierus
890 2891 946 2924 De
963 2888 1174 2937 gentilitate

156 2949 282 2987 Attica
304 2960 340 2996 p.
371 2947 475 2981 16.-
491 2947 514 2982 8
534 2944 783 2997 εἰσφερομένων
807 2946 970 2996 Meierus
999 2947 1022 2983 l.
1047 2961 1078 2982 e.
1098 2950 1171 2983 Le-

157 3008 318 3060 gebatur
335 3001 584 3055 ἐκφερομένων.
600 3028 641 3034 -
656 3017 679 3052 9
705 3001 754 3051 μὴ
775 3002 918 3041 ἔλαττον
938 3005 1107 3041 Valesius
1128 3006 1173 3041 ad

160 3070 384 3115 Harpocrat.
413 3074 450 3110 p.
484 3067 569 3104 124.
600 3061 769 3098 Fallitur.
808 3063 956 3099 Deinde
980 3063 1176 3112 legebatur

158 3125 314 3173 σταθμοῦ
338 3134 428 3160 τινος
456 3117 526 3155 ἀπὸ
546 3121 618 3154 τοῦ.
638 3118 707 3155 ἀπὸ
728 3120 867 3158 delevit
887 3123 1089 3159 Kusterus.
1108 3120 1176 3158 ἀπὸ

157 3186 218 3221 τοῦ
236 3177 430 3233 ὡρισμένου
447 3176 588 3212 omittit
605 3176 738 3214 Suidas
753 3192 781 3214 5.
801 3179 1035 3226 Μειαγωγεῖν.
1055 3182 1174 3216 Dm).

158 3267 199 3274 .-
217 3255 258 3277 11
289 3237 449 3287 ἀμῶνται
473 3234 569 3271 Θ.--
585 3246 628 3269 12
657 3248 739 3284 sqq.
764 3235 822 3272 ἐάν
850 3250 901 3276 τις
922 3234 1102 3284 εἰσήγαγεν
1132 3237 1177 3278 εἷς

161 3297 239 3339 τοὺς
263 3294 436 3348 φράτορας
466 3289 537 3327 υἱὸν
570 3290 712 3335 ἐνῆλικα
744 3291 928 3341 γενόμενον
942 3321 951 3337 ,
984 3293 1176 3343 παρίστατο

157 3357 253 3408 αὐτῷ
266 3355 299 3391 ἐν
315 3350 496 3404 ὡρισμένῳ
515 3351 672 3400 σταθμῷ,
692 3349 806 3400 πρὸςό
827 3348 972 3386 {Raeto
987 3351 1178 3388 suidas.-

274 3435 443 3462 Amsromi.
468 3431 579 3460 Senot..

2160 185 2233 217 529

1228 271 1269 307 if,
1300 265 1451 316 παρίστη
1487 267 1532 301 Θ.
1561 264 1640 312 (qui
1667 271 1749 312 post
1776 264 1895 313 ἱερεῖον
1924 263 2056 312 pouit).
2080 262 2235 315 παρέστα

1223 322 1306 358 Ald.
1326 346 1365 353 -
1386 323 1428 358 15
1448 322 1568 370 καὶμὴ
1587 327 1680 370 μεῖον
1698 323 1757 367 (·).,
1781 322 1844 370 qui
1868 334 1942 357 oni.
1973 334 2090 370 19—22
2106 321 2236 363 Ἄλλως

1223 380 1430 417 -ἐκάλουν,
1464 380 1569 417 Libri
1593 385 1686 428 μεῖον
1720 385 1926 430 παρασχεῖν.
1956 380 2234 429 Corrigendum

1224 440 1350 486 μεῖζον.
1376 437 1623 486 Κεκωλυμένον
1644 432 1684 483 ἦν
1709 440 1837 486 (μεῖζον
1869 446 1968 474 recte
1991 438 2096 475 addit
2119 440 2235 476 Meie-

1225 498 1302 545 rus)
1323 495 1490 546 εἰσάγειν,
1512 497 1633 545 inquit
1651 496 1786 532 Pollux
1809 499 1844 541 3,
1869 497 1928 534 53.
1946 500 2062 533 Dmu.

1280 567 1353 603 799
1375 568 1448 590 oui.
1470 558 1514 591 R.
1535 559 1578 590 V.

1279 613 1366 658 800,
1387 626 1432 658 27
1452 612 1634 662 ξύμπυκτα
1650 616 1695 650 Υ.
1717 612 1900 660 σύμμικτα
1920 617 1962 649 R.
1983 613 2167 662 σύμπυκτα
2187 615 2234 652 Θ.

1225 669 1413 718 σύμπηκτα
1441 674 1492 706 Μ.
1509 695 1548 700 -
1565 672 1614 706 28
1634 671 1678 711 εἷς
1698 670 1890 720 Εὐριπίδην
1927 674 1970 708 R.
1993 699 2042 704 -—
2057 674 2099 708 31
2122 681 2157 709 et
2179 686 2239 709 sc-

1225 728 1381 777 quentia
1399 729 1580 765 omittunt
1595 729 1709 764 ctiam
1730 730 1776 765 Θ.
1799 731 1850 764 M.

1279 787 1367 834 809,
1385 792 1433 835 49
1455 786 1544 823 Ἀντὶ
1563 789 1622 823 τοῦ
1641 799 1716 824 om.
1736 789 1792 831 R.‚
1815 785 2083 829 Ἀντὶ-ἅλλους
2101 801 2174 824 om.
2197 793 2239 825 V.

1225 846 1271 883 Θ.
1296 849 1349 883 Μ.

1280 904 1369 950 812,
1393 904 1412 939 3
1434 902 1673 949 ἐπιπλήττωσι
1692 907 1733 941 R.
1752 933 1790 937 -
1806 909 1826 946 l}
1859 909 1927 945 τοῖς
1958 903 2088 946 δούλοις
2120 907 2165 941 R.
2196 906 2241 943 Θ.

1225 959 1302 1003 τοὺς
1324 960 1462 1004 δούλους
1480 965 1523 999 V.
1544 963 1630 1001 Ald.

1280 1021 1367 1063 814.
1390 1020 1571 1057 Scholion
1602 1022 1799 1057 metricum
1828 1034 1904 1059 om.
1933 1020 2044 1057 etiam
2071 1022 2116 1059 Θ.
2134 1024 2187 1058 M.
2204 1045 2243 1051 -

1195 1071 1200 1139 Ι
1232 1079 1275 1115 16
1308 1073 1364 1115 οἷα
1393 1079 1459 1130 γάρ
1488 1081 1534 1117 Θ.
1561 1072 1744 1117 οἷονΥ.-
1764 1093 1806 1125 17
1838 1081 1872 1116 ἐν
1902 1083 1947 1116 R.
1978 1088 2015 1115 et
2043 1079 2178 1117 Suidas
2212 1094 2241 1118 s.

1228 1136 1490 1189 Ἐριὲρεμέτας.
1512 1135 1607 1180 εὐθὺς
1628 1139 1662 1175 ἐν
1680 1138 1808 1175 ceteri.
1822 1163 1861 1168 —
1881 1140 1925 1175 18
1944 1139 1990 1179 εἷς
2007 1140 2050 1174 R.
2073 1163 2104 1167 —
2123 1139 2242 1174 18-23

1226 1193 1329 1233 πέδον
1360 1194 1422 1238 ἕως
1456 1195 1698 1246 ἀδαμαντίνων
1734 1197 1779 1234 Θ.
1807 1200 1860 1232 Μ.
1881 1221 1922 1227 -
1948 1209 1994 1243 19
2028 1194 2169 1247 ἅδροτον
2196 1200 2243 1235 V.

1228 1253 1354 1291 ἄὲατον
1379 1258 1425 1293 G.
1449 1258 1496 1292 R.
1526 1255 1612 1292 Ald.
1631 1254 1790 1292 Correxi
1810 1254 1974 1305 οἷ’ὅροτον,
1997 1262 2039 1290 ut
2060 1255 2245 1304 scriptum

1228 1321 1284 1349 est
1301 1312 1403 1363 apud
1423 1313 1666 1349 scholiastam
1690 1313 1847 1350 Homeri
1866 1312 1907 1348 ll.
1929 1313 1974 1357 Ξ,
1992 1313 2052 1358 78.
2070 1315 2188 1348 Dum.
2205 1337 2246 1343 --

1229 1384 1276 1407 20
1298 1370 1414 1421 μόλειν
1433 1374 1477 1409 V.
1500 1369 1637 1420 μέλλειν
1659 1374 1754 1408 G.-
1767 1370 1815 1406 25
1841 1371 2072 1419 ἀδαμαντῑνος
2087 1373 2150 1414 V.,
2168 1384 2245 1407 non

1227 1430 1272 1467 G.
1299 1428 1527 1478 ἀδαμάντῖνος
1547 1429 1691 1479 duplici
1707 1437 1865 1466 accentu
1881 1429 1926 1466 Θ.
1945 1428 2176 1478 ἀδαμάντινος
2190 1434 2245 1470 Μ,

1281 1490 1376 1533 818,
1416 1488 1463 1524 36
1510 1486 1759 1539 χαρακτηρίζει
1797 1486 1958 1539 ἑκάτερον
2001 1491 2047 1525 R.
2090 1489 2245 1538 reliquis

1227 1546 1388 1583 omissis.

1281 1606 1368 1653 819,
1385 1605 1430 1650 37
1449 1603 1657 1653 σκινδαλμὸς
1672 1603 1707 1640 δὲ
1721 1607 1767 1641 R.
1783 1604 2003 1653 σκινδαλμῶν
2019 1603 2094 1649 ἦτοι
2108 1606 2243 1643 λεπτῶν

1227 1661 1547 1712 καλαμοξεσμάτων
1576 1662 1659 1712 (sic)
1687 1666 1778 1713 Reg.
1797 1688 1838 1693 —
1868 1665 1916 1712 39
1954 1662 2164 1714 παράὸουλα
2197 1670 2241 1702 V.

1226 1720 1304 1772 περὶ
1326 1724 1372 1759 R.
1397 1720 1491 1773 παρὰ
1512 1722 1641 1759 ceteri.
1655 1745 1696 1750 —
1714 1728 1761 1765 [40
1783 1720 1864 1773 παρ’
1886 1722 1989 1758 αὐτοῦ
2016 1725 2060 1758 V.
2080 1722 2133 1759 ἐπ’
2152 1724 2246 1775 αὐτῷ

1230 1779 1420 1829 Εὐριπίδης
1436 1781 1486 1817 Μ.
1507 1805 1547 1810 -
1564 1785 1607 1822 41
1632 1782 1786 1816 τοιοῦτον
1813 1778 1844 1815 εἴ
1870 1782 1917 1816 V.
1954 1779 2086 1818 Ald.—
2101 1787 2146 1825 44
2167 1782 2246 1818 δια-

1227 1836 1388 1886 γλύματα
1404 1841 1449 1874 V.

1282 1896 1356 1931 820
1386 1893 1648 1947 φρενοτέκτονος
1676 1893 1797 1946 ἀνδρὸς
1826 1897 1886 1931 τοῦ
1913 1894 2092 1945 Αἰσχύλου
2114 1897 2248 1945 ἀμυνο-

1229 1952 1331 2002 μένου
1354 1953 1397 1990 τὰ
1417 1956 1439 1990 ἱ.
1466 1969 1494 2006 ρ.
1521 1957 1566 1991 R.
1583 1952 1622 1990 τὸ
1639 1951 1714 1998 ἑξῆς
1738 1951 2001 2004 φρενοτέκτονος
2022 1953 2131 2005 φωτὸς
2156 1956 2248 2004 ἀμυ-

1228 2011 1372 2061 νομένου
1392 2011 1435 2049 τὰ
1455 2014 1478 2050 ἱ.
1496 2028 1525 2064 ρ.
1543 2015 1588 2048 V.

1284 2074 1371 2114 822,
1398 2085 1412 2106 1
1433 2070 1498 2112 Ὡς
1518 2074 1561 2107 R.
1577 2099 1616 2102 -
1636 2070 1655 2105 5
1676 2082 1732 2120 sq.
1752 2069 1969 2120 ἐν-χαίταν
1994 2084 2067 2107 om.
2089 2074 2133 2109 Θ.

1284 2134 1378 2174 824,
1412 2130 1531 2165 21-23
1567 2128 1683 2164 habet
1712 2131 1810 2167 V.-
1830 2142 1873 2164 2ι
1911 2128 1955 2165 τὰ
1982 2142 2056 2166 om.
2083 2133 2181 2166 R...
2199 2143 2244 2167 22

1230 2188 1466 2236 κινδαλάμους
1480 2189 1536 2233 V.,
1554 2200 1630 2223 non
1651 2188 1694 2224 G.
1723 2185 1977 2234 σκινδαλάμους
1997 2188 2043 2224 Θ.
2059 2213 2100 2218 -
2119 2190 2164 2224 2¹3
2185 2188 2247 2225 πί-

1230 2261 1328 2287 νακες
1352 2250 1390 2280 R.

1286 2305 1376 2348 825,
1400 2316 1445 2348 27
1469 2300 1630 2350 σεισμοὺς
1652 2305 1698 2338 R.
1719 2302 1765 2339 Θ.
1782 2301 1976 2351 σειομένους
1998 2305 2040 2339 V.
2061 2303 2144 2339 Ald.

1285 2363 1375 2409 826,
1393 2362 1440 2397 35
1460 2373 1542 2409 sqq.
1560 2364 1602 2397 R.
1625 2363 1671 2397 V.
1690 2359 1832 2396 habent
1854 2361 1972 2398 verba
1995 2363 2040 2404 ὡς
2060 2362 2253 2413 φθονουμέ-

1231 2419 1436 2471 νου-σοφία
1458 2419 1494 2468 kl.
1524 2418 1601 2462 403,
1625 2417 1764 2467 quibus
1785 2428 1887 2455 caret
1908 2423 1954 2456 G.
1977 2423 2069 2469 Reg.
2088 2435 2095 2456 z
2113 2419 2252 2465 Λίσττην

1233 2480 1336 2531 φασὶν
1361 2482 1447 2514 εἶναι
1464 2473 1610 2528 ζωύφιόν
1633 2492 1667 2513 τι
1684 2477 1817 2528 σφόδρα
1837 2476 1961 2514 λεπτόν
1976 2493 1983 2501 ·
2006 2478 2064 2530 ἀφ’
2081 2473 2120 2515 οἶ
2141 2479 2198 2515 καὶ
2222 2481 2252 2515 οἷ

1232 2536 1275 2574 τὰ
1303 2536 1398 2588 ἰσχία
1418 2535 1550 2581 λεπτοὶ,
1578 2533 1698 2571 >asama
1722 2533 1894 2585 λέγονται.
1928 2536 2073 2572 ἐνταῦθα
2106 2536 2141 2573 δὲ
2171 2536 2252 2588 παρ’

1234 2595 1395 2632 ὖπᾷνοιαν
1429 2593 1564 2646 εἴρηται
1595 2592 1673 2629 ἀντὶ
1704 2595 1763 2629 τοῦ
1793 2592 1990 2645 perraria-k,
2020 2595 2066 2635 ὡς
2093 2594 2161 2631 ἀπὸ
2193 2599 2253 2631 τοῦ

1232 2654 1308 2690 λίαν
1328 2652 1386 2690 καὶ
1405 2656 1465 2690 τοῧ
1483 2652 1555 2689 ἔπω
1571 2651 1610 2688 τὸ
1631 2651 1735 2701 λέγω.

1289 2714 1363 2749 830
1384 2725 1458 2748 om.
1479 2711 1524 2748 Θ.
1541 2713 1590 2746 M.

1288 2773 1376 2817 833,
1401 2771 1423 2806 6
1444 2770 1632 2806 διανοεῖται
1661 2772 1860 2805 Κιι5ῐειίι5.
1878 2794 1918 2799 -
1936 2782 1958 2816 9
1976 2767 2111 2817 εἰσιὼν,
2139 2770 2196 2806 καὶ
2217 2771 2250 2806 ἐν

1234 2835 1310 2871 ταῖς
1328 2830 1453 2880 ἀρχαῖς
1471 2829 1539 2864 τῶν
1559 2825 1744 2878 δραμάτων
1762 2825 1979 2877 ἐτερατεύετο
1996 2826 2098 2862 addit
2116 2827 2251 2864 Suidas

1235 2902 1262 2925 S.
1288 2885 1547 2934 Ἀποσεμνύνει.

1289 2946 1378 2990 838,
1405 2944 1449 2979 15
1476 2941 1669 2993 Φρύνιχος,
1699 2940 1884 2992 ἀθύρωτον.
1916 2940 2039 2977 Verba
2064 2942 2175 2979 nimis
2204 2957 2250 2980 ex

1236 3003 1399 3052 abrupto
1429 3001 1544 3038 illata.
1577 3000 1811 3037 Exciderunt
1846 2998 2050 3047 nonnulla,
2082 3000 2244 3039 redinte—

1235 3059 1377 3111 granda
1399 3072 1443 3094 ex
1471 3057 1596 3093 Suidae
1617 3057 1766 3107 glossis,
1786 3054 1975 3106 Ἀθύρωτον
1997 3056 2129 3106 στόμαε
2144 3058 2252 3102 οὕτως

1237 3118 1411 3170 ἀθύρωτον
1431 3117 1491 3152 οὐκ
1508 3114 1702 3151 ἀπύλωτον.
1733 3113 1975 3165 Ἀριστοφάνης
1998 3115 2032 3151 ἐν
2055 3116 2251 3168 Βατράχῦις
2280 3129 2282 3131 .

1214 3187 1220 3195 “
1237 3177 1297 3214 καὶ
1310 3173 1498 3227 Φρύνιχος.
1521 3177 1580 3219 Et,
1598 3171 1796 3209 Ἀπύλωτον
1818 3171 1930 3220 στόμα
1947 3172 2152 3224 εοῖθύρωτον,
2174 3177 2250 3213 ἀλλ’

1237 3237 1298 3272 οὖν.
1315 3233 1508 3270 ἀπύλωτον.
1530 3231 1598 3282 Ἀρ.
1621 3232 1654 3267 ἐν
1674 3232 1713 3267 Β.
1730 3230 1788 3266 καὶ
1808 3229 1994 3283 Φρύνιχος.
2015 3236 2185 3283 Apparet
2203 3248 2249 3271 ex

1238 3294 1294 3330 his
1312 3291 1566 3340 Phrynichum
1590 3289 1747 3338 intelligi
1762 3302 1838 3325 non
1863 3291 2159 3339 grammaticum,
2183 3295 2247 3330 sed

1239 3351 1440 3387 comicum.
1470 3352 1590 3384 Disn.
1614 3372 1654 3377 —
1686 3348 1728 3382 16
1742 3342 1929 3395 γράφουσιν
1943 3352 1986 3384 V.
2005 3358 2040 3384 et
2059 3350 2194 3387 Snidas
2213 3366 2239 3390 ς,

2089 3431 2123 3458 31
