<?xml version="1.0" encoding="UTF-8"?>
<!DOCTYPE html PUBLIC "-//W3C//DTD XHTML 1.0 Transitional//EN"
    "http://www.w3.org/TR/xhtml1/DTD/xhtml1-transitional.dtd">
<html xmlns="http://www.w3.org/1999/xhtml" xml:lang="en" lang="en">
 <head>
  <title>
</title>
<meta http-equiv="Content-Type" content="text/html;charset=utf-8" />
  <meta name='ocr-system' content='tesseract 3.04.00' />
  <meta name='ocr-capabilities' content='ocr_page ocr_carea ocr_par ocr_line ocrx_word'/>
</head>
<body>
  <div class='ocr_page' id='page_1' title='image "./scholiagraecaina00dbuoft_0675.png"; bbox 0 0 2517 3792; ppageno 0'>
   <div class='ocr_carea' id='block_1_1' title="bbox 828 235 1578 276">
    <p class='ocr_par' dir='ltr' id='par_1_1' title="bbox 828 235 1578 276">
     <span class='ocr_line' id='line_1_1' title="bbox 828 235 1578 276; baseline 0 -2"><span class='ocrx_word' id='word_1_1' title='bbox 828 236 981 274; x_wconf 69' lang='lat' dir='ltr'>INDEX</span> <span class='ocrx_word' id='word_1_2' title='bbox 1016 235 1251 274; x_wconf 75' lang='lat' dir='ltr'>NOMINUM</span> <span class='ocrx_word' id='word_1_3' title='bbox 1298 236 1358 275; x_wconf 79' lang='lat' dir='ltr'>ET</span> <span class='ocrx_word' id='word_1_4' title='bbox 1387 235 1578 276; x_wconf 83' lang='lat' dir='ltr'><strong>RERUM.</strong></span> 
     </span>
    </p>
   </div>
   <div class='ocr_carea' id='block_1_2' title="bbox 144 323 1190 1760">
    <p class='ocr_par' dir='ltr' id='par_1_2' title="bbox 180 323 1190 502">
     <span class='ocr_line' id='line_1_2' title="bbox 180 323 1190 367; baseline -0.008 -8"><span class='ocrx_word' id='word_1_5' title='bbox 180 326 507 367; x_wconf 65' lang='lat' dir='ltr'>praestantissimum</span> <span class='ocrx_word' id='word_1_6' title='bbox 520 323 608 362; x_wconf 81' lang='lat' dir='ltr'>olus,</span> <span class='ocrx_word' id='word_1_7' title='bbox 623 323 841 361; x_wconf 71' lang='lat' dir='ltr'><strong><em>accipientem</em></strong></span> <span class='ocrx_word' id='word_1_8' title='bbox 858 323 1161 362; x_wconf 76' lang='lat' dir='ltr'>reproesentarent:</span> <span class='ocrx_word' id='word_1_9' title='bbox 1187 325 1190 331; x_wconf 79' lang='grc'>’</span> 
     </span>
     <span class='ocr_line' id='line_1_3' title="bbox 185 368 1161 412; baseline -0.006 -8"><span class='ocrx_word' id='word_1_10' title='bbox 185 373 274 405; x_wconf 82' lang='lat' dir='ltr'>unde</span> <span class='ocrx_word' id='word_1_11' title='bbox 295 373 377 404; x_wconf 86' lang='lat' dir='ltr'>Batti</span> <span class='ocrx_word' id='word_1_12' title='bbox 399 372 550 412; x_wconf 81' lang='lat' dir='ltr'><strong>silphium</strong></span> <span class='ocrx_word' id='word_1_13' title='bbox 570 368 790 410; x_wconf 70' lang='lat' dir='ltr'><strong><em>proverbiale</em></strong></span> <span class='ocrx_word' id='word_1_14' title='bbox 811 368 851 399; x_wconf 89' lang='lat' dir='ltr'>de</span> <span class='ocrx_word' id='word_1_15' title='bbox 873 371 1004 399; x_wconf 68' lang='lat' dir='ltr'>eximiis</span> <span class='ocrx_word' id='word_1_16' title='bbox 1029 368 1161 399; x_wconf 73' lang='lat' dir='ltr'>honori·</span> 
     </span>
     <span class='ocr_line' id='line_1_4' title="bbox 183 415 1162 455; baseline -0.006 -4"><span class='ocrx_word' id='word_1_17' title='bbox 183 420 255 450; x_wconf 81' lang='lat' dir='ltr'>bus.</span> <span class='ocrx_word' id='word_1_18' title='bbox 274 420 411 451; x_wconf 75' lang='lat' dir='ltr'>Narrat</span> <span class='ocrx_word' id='word_1_19' title='bbox 426 417 634 455; x_wconf 80' lang='lat' dir='ltr'>Aristoteles,</span> <span class='ocrx_word' id='word_1_20' title='bbox 650 415 704 447; x_wconf 90' lang='lat' dir='ltr'>Pl.</span> <span class='ocrx_word' id='word_1_21' title='bbox 723 418 794 446; x_wconf 82' lang='grc'>925.</span> <span class='ocrx_word' id='word_1_22' title='bbox 811 417 908 446; x_wconf 78' lang='lat' dir='ltr'>Batti</span> <span class='ocrx_word' id='word_1_23' title='bbox 931 415 1083 446; x_wconf 82' lang='lat' dir='ltr'>alterum</span> <span class='ocrx_word' id='word_1_24' title='bbox 1107 422 1162 445; x_wconf 91' lang='lat' dir='ltr'>no-</span> 
     </span>
     <span class='ocr_line' id='line_1_5' title="bbox 184 463 584 502; baseline -0.008 -6"><span class='ocrx_word' id='word_1_25' title='bbox 184 474 259 496; x_wconf 85' lang='lat' dir='ltr'>men</span> <span class='ocrx_word' id='word_1_26' title='bbox 276 465 484 502; x_wconf 78' lang='lat' dir='ltr'>Aristoteles,</span> <span class='ocrx_word' id='word_1_27' title='bbox 505 463 584 495; x_wconf 76' lang='lat' dir='ltr'>ibid.</span> 
     </span>
    </p>

    <p class='ocr_par' dir='ltr' id='par_1_3' title="bbox 148 508 982 546">
     <span class='ocr_line' id='line_1_6' title="bbox 148 508 982 546; baseline -0.005 -4"><span class='ocrx_word' id='word_1_28' title='bbox 148 514 266 546; x_wconf 70' lang='lat' dir='ltr'>Italus,</span> <span class='ocrx_word' id='word_1_29' title='bbox 285 511 381 542; x_wconf 77' lang='lat' dir='ltr'>homo</span> <span class='ocrx_word' id='word_1_30' title='bbox 395 511 434 541; x_wconf 83' lang='lat' dir='ltr'>ob</span> <span class='ocrx_word' id='word_1_31' title='bbox 452 510 627 541; x_wconf 80' lang='lat' dir='ltr'>mollitiem</span> <span class='ocrx_word' id='word_1_32' title='bbox 648 510 801 545; x_wconf 70' lang='lat' dir='ltr'>notatim,</span> <span class='ocrx_word' id='word_1_33' title='bbox 822 508 875 539; x_wconf 86' lang='lat' dir='ltr'>Pl.</span> <span class='ocrx_word' id='word_1_34' title='bbox 895 512 982 539; x_wconf 89' lang='grc'>1011.</span> 
     </span>
    </p>

    <p class='ocr_par' dir='ltr' id='par_1_4' title="bbox 144 555 1167 1760">
     <span class='ocr_line' id='line_1_7' title="bbox 144 555 1161 597; baseline -0.005 -10"><span class='ocrx_word' id='word_1_35' title='bbox 144 558 307 597; x_wconf 63' lang='lat' dir='ltr'>nili-lycleo</span> <span class='ocrx_word' id='word_1_36' title='bbox 321 558 415 596; x_wconf 84' lang='lat' dir='ltr'>(osor</span> <span class='ocrx_word' id='word_1_37' title='bbox 428 557 567 595; x_wconf 73' lang='lat' dir='ltr'>Cleonis,</span> <span class='ocrx_word' id='word_1_38' title='bbox 582 556 676 587; x_wconf 86' lang='lat' dir='ltr'>fictus</span> <span class='ocrx_word' id='word_1_39' title='bbox 692 555 732 585; x_wconf 82' lang='lat' dir='ltr'>ab</span> <span class='ocrx_word' id='word_1_40' title='bbox 748 555 968 594; x_wconf 69' lang='lat' dir='ltr'>Aristophane)</span> <span class='ocrx_word' id='word_1_41' title='bbox 981 557 1013 585; x_wconf 84' lang='lat' dir='ltr'>in</span> <span class='ocrx_word' id='word_1_42' title='bbox 1039 556 1161 593; x_wconf 67' lang='grc' dir='ltr'>Γθεριῑς,</span> 
     </span>
     <span class='ocr_line' id='line_1_8' title="bbox 185 601 1163 641; baseline -0.002 -9"><span class='ocrx_word' id='word_1_43' title='bbox 185 603 269 634; x_wconf 83' lang='grc'>1111115</span> <span class='ocrx_word' id='word_1_44' title='bbox 282 603 492 634; x_wconf 66' lang='lat' dir='ltr'>Philet-leonis</span> <span class='ocrx_word' id='word_1_45' title='bbox 506 604 618 633; x_wconf 84' lang='lat' dir='ltr'>insano</span> <span class='ocrx_word' id='word_1_46' title='bbox 630 602 825 641; x_wconf 88' lang='lat' dir='ltr'>judiciorum</span> <span class='ocrx_word' id='word_1_47' title='bbox 839 601 944 632; x_wconf 84' lang='lat' dir='ltr'>surore</span> <span class='ocrx_word' id='word_1_48' title='bbox 955 601 1031 638; x_wconf 85' lang='lat' dir='ltr'>acti,</span> <span class='ocrx_word' id='word_1_49' title='bbox 1041 603 1163 640; x_wconf 89' lang='lat' dir='ltr'>patrem</span> 
     </span>
     <span class='ocr_line' id='line_1_9' title="bbox 182 647 1164 688; baseline -0.002 -10"><span class='ocrx_word' id='word_1_50' title='bbox 182 650 347 688; x_wconf 67' lang='lat' dir='ltr'>aegerrime</span> <span class='ocrx_word' id='word_1_51' title='bbox 371 649 513 681; x_wconf 81' lang='lat' dir='ltr'><strong>custodit</strong></span> <span class='ocrx_word' id='word_1_52' title='bbox 532 658 570 680; x_wconf 82' lang='lat' dir='ltr'>ex</span> <span class='ocrx_word' id='word_1_53' title='bbox 594 650 759 688; x_wconf 74' lang='lat' dir='ltr'><strong>superiore</strong></span> <span class='ocrx_word' id='word_1_54' title='bbox 783 647 903 678; x_wconf 75' lang='lat' dir='ltr'>aedium</span> <span class='ocrx_word' id='word_1_55' title='bbox 927 647 1164 678; x_wconf 85' lang='lat' dir='ltr'>obstructarum</span> 
     </span>
     <span class='ocr_line' id='line_1_10' title="bbox 181 693 1164 736; baseline -0.003 -10"><span class='ocrx_word' id='word_1_56' title='bbox 181 698 213 726; x_wconf 85' lang='lat' dir='ltr'>et</span> <span class='ocrx_word' id='word_1_57' title='bbox 228 697 347 728; x_wconf 88' lang='lat' dir='ltr'>retibus</span> <span class='ocrx_word' id='word_1_58' title='bbox 364 697 541 728; x_wconf 85' lang='lat' dir='ltr'>cinctarum</span> <span class='ocrx_word' id='word_1_59' title='bbox 560 700 660 736; x_wconf 79' lang='lat' dir='ltr'>parte,</span> <span class='ocrx_word' id='word_1_60' title='bbox 676 697 844 735; x_wconf 77' lang='lat' dir='ltr'>postquam</span> <span class='ocrx_word' id='word_1_61' title='bbox 862 695 1018 735; x_wconf 88' lang='lat' dir='ltr'>plurimos</span> <span class='ocrx_word' id='word_1_62' title='bbox 1032 693 1164 724; x_wconf 87' lang='lat' dir='ltr'>sanandi</span> 
     </span>
     <span class='ocr_line' id='line_1_11' title="bbox 184 741 1163 781; baseline -0.003 -10"><span class='ocrx_word' id='word_1_63' title='bbox 184 743 283 781; x_wconf 85' lang='lat' dir='ltr'>putris</span> <span class='ocrx_word' id='word_1_64' title='bbox 308 743 420 773; x_wconf 88' lang='lat' dir='ltr'>modos</span> <span class='ocrx_word' id='word_1_65' title='bbox 446 744 564 774; x_wconf 79' lang='lat' dir='ltr'>frustra</span> <span class='ocrx_word' id='word_1_66' title='bbox 589 743 790 778; x_wconf 72' lang='lat' dir='ltr'>tentaverat,</span> <span class='ocrx_word' id='word_1_67' title='bbox 809 743 846 772; x_wconf 86' lang='lat'>67</span> <span class='ocrx_word' id='word_1_68' title='bbox 874 749 961 780; x_wconf 61' lang='lat' dir='ltr'>sqq„</span> <span class='ocrx_word' id='word_1_69' title='bbox 993 741 1047 770; x_wconf 89' lang='grc'>114</span> <span class='ocrx_word' id='word_1_70' title='bbox 1072 747 1163 779; x_wconf 74' lang='lat' dir='ltr'>sqq,</span> 
     </span>
     <span class='ocr_line' id='line_1_12' title="bbox 183 786 1164 831; baseline -0.003 -13"><span class='ocrx_word' id='word_1_71' title='bbox 183 789 328 820; x_wconf 86' lang='lat' dir='ltr'>moribus</span> <span class='ocrx_word' id='word_1_72' title='bbox 353 790 670 831; x_wconf 72' lang='grc' dir='ltr'>φρυαγμοσεμνάκοις,</span> <span class='ocrx_word' id='word_1_73' title='bbox 705 791 772 819; x_wconf 77' lang='grc'>135.</span> <span class='ocrx_word' id='word_1_74' title='bbox 806 786 1019 827; x_wconf 86' lang='lat' dir='ltr'>Deprehendit</span> <span class='ocrx_word' id='word_1_75' title='bbox 1041 788 1164 825; x_wconf 91' lang='lat' dir='ltr'>patrem</span> 
     </span>
     <span class='ocr_line' id='line_1_13' title="bbox 181 832 1164 873; baseline -0.005 -7"><span class='ocrx_word' id='word_1_76' title='bbox 181 835 318 867; x_wconf 75' lang='lat' dir='ltr'>evadere</span> <span class='ocrx_word' id='word_1_77' title='bbox 339 839 509 867; x_wconf 77' lang='lat' dir='ltr'>conantem</span> <span class='ocrx_word' id='word_1_78' title='bbox 532 836 625 866; x_wconf 65' lang='lat' dir='ltr'>novis</span> <span class='ocrx_word' id='word_1_79' title='bbox 642 834 800 866; x_wconf 90' lang='lat' dir='ltr'>machinis</span> <span class='ocrx_word' id='word_1_80' title='bbox 824 832 983 873; x_wconf 88' lang='lat' dir='ltr'>pluribus,</span> <span class='ocrx_word' id='word_1_81' title='bbox 1001 834 1032 862; x_wconf 85' lang='lat' dir='ltr'>et</span> <span class='ocrx_word' id='word_1_82' title='bbox 1054 840 1164 862; x_wconf 72' lang='lat' dir='ltr'>servo·</span> 
     </span>
     <span class='ocr_line' id='line_1_14' title="bbox 186 879 1166 923; baseline -0.004 -11"><span class='ocrx_word' id='word_1_83' title='bbox 186 891 257 913; x_wconf 90' lang='lat' dir='ltr'>rum</span> <span class='ocrx_word' id='word_1_84' title='bbox 273 892 368 923; x_wconf 87' lang='lat' dir='ltr'>opera</span> <span class='ocrx_word' id='word_1_85' title='bbox 385 885 552 922; x_wconf 74' lang='lat' dir='ltr'>aegerrime</span> <span class='ocrx_word' id='word_1_86' title='bbox 568 883 717 920; x_wconf 83' lang='lat' dir='ltr'>cohibet,</span> <span class='ocrx_word' id='word_1_87' title='bbox 746 884 918 916; x_wconf 81' lang='grc'>136-210,</span> <span class='ocrx_word' id='word_1_88' title='bbox 936 887 1017 919; x_wconf 87' lang='lat' dir='ltr'>quos</span> <span class='ocrx_word' id='word_1_89' title='bbox 1031 879 1097 917; x_wconf 87' lang='lat' dir='ltr'>jam</span> <span class='ocrx_word' id='word_1_90' title='bbox 1119 887 1166 908; x_wconf 88' lang='lat' dir='ltr'>ca-</span> 
     </span>
     <span class='ocr_line' id='line_1_15' title="bbox 183 925 1165 969; baseline -0.005 -10"><span class='ocrx_word' id='word_1_91' title='bbox 183 937 257 960; x_wconf 74' lang='lat' dir='ltr'>rere</span> <span class='ocrx_word' id='word_1_92' title='bbox 275 930 367 969; x_wconf 87' lang='lat' dir='ltr'>jubet</span> <span class='ocrx_word' id='word_1_93' title='bbox 390 931 514 969; x_wconf 71' lang='lat' dir='ltr'>iudices</span> <span class='ocrx_word' id='word_1_94' title='bbox 537 930 621 960; x_wconf 85' lang='lat' dir='ltr'>senis</span> <span class='ocrx_word' id='word_1_95' title='bbox 645 928 770 959; x_wconf 86' lang='lat' dir='ltr'>sodales</span> <span class='ocrx_word' id='word_1_96' title='bbox 792 926 978 964; x_wconf 86' lang='lat' dir='ltr'>iracundos,</span> <span class='ocrx_word' id='word_1_97' title='bbox 1001 925 1041 955; x_wconf 89' lang='lat' dir='ltr'>de</span> <span class='ocrx_word' id='word_1_98' title='bbox 1071 926 1165 955; x_wconf 81' lang='lat' dir='ltr'>noete</span> 
     </span>
     <span class='ocr_line' id='line_1_16' title="bbox 183 971 1165 1012; baseline -0.003 -9"><span class='ocrx_word' id='word_1_99' title='bbox 183 974 381 1010; x_wconf 80' lang='lat' dir='ltr'>adventuros</span> <span class='ocrx_word' id='word_1_100' title='bbox 395 985 468 1007; x_wconf 86' lang='lat' dir='ltr'>eum</span> <span class='ocrx_word' id='word_1_101' title='bbox 485 976 686 1012; x_wconf 83' lang='lat' dir='ltr'>arcessitum,</span> <span class='ocrx_word' id='word_1_102' title='bbox 701 976 873 1005; x_wconf 85' lang='grc'>214-227,</span> <span class='ocrx_word' id='word_1_103' title='bbox 888 977 1032 1011; x_wconf 84' lang='lat' dir='ltr'>Quorum</span> <span class='ocrx_word' id='word_1_104' title='bbox 1049 971 1165 1001; x_wconf 77' lang='lat' dir='ltr'>auxilio</span> 
     </span>
     <span class='ocr_line' id='line_1_17' title="bbox 183 1018 1164 1061; baseline -0.002 -12"><span class='ocrx_word' id='word_1_105' title='bbox 183 1029 284 1059; x_wconf 89' lang='lat' dir='ltr'>quum</span> <span class='ocrx_word' id='word_1_106' title='bbox 302 1025 390 1061; x_wconf 89' lang='lat' dir='ltr'>pater</span> <span class='ocrx_word' id='word_1_107' title='bbox 405 1025 472 1053; x_wconf 87' lang='lat' dir='ltr'>rete</span> <span class='ocrx_word' id='word_1_108' title='bbox 487 1021 626 1059; x_wconf 76' lang='lat' dir='ltr'>arrodat,</span> <span class='ocrx_word' id='word_1_109' title='bbox 639 1019 804 1058; x_wconf 77' lang='lat' dir='ltr'>Bdelycleo</span> <span class='ocrx_word' id='word_1_110' title='bbox 818 1018 919 1056; x_wconf 89' lang='lat' dir='ltr'>audit,</span> <span class='ocrx_word' id='word_1_111' title='bbox 932 1026 1042 1049; x_wconf 72' lang='lat' dir='ltr'>servos</span> <span class='ocrx_word' id='word_1_112' title='bbox 1060 1018 1164 1054; x_wconf 68' lang='lat' dir='ltr'>vocat,</span> 
     </span>
     <span class='ocr_line' id='line_1_18' title="bbox 185 1065 1162 1108; baseline -0.005 -10"><span class='ocrx_word' id='word_1_113' title='bbox 185 1070 244 1098; x_wconf 80' lang='lat'>395</span> <span class='ocrx_word' id='word_1_114' title='bbox 260 1077 348 1108; x_wconf 60' lang='lat' dir='ltr'>sqq„</span> <span class='ocrx_word' id='word_1_115' title='bbox 369 1071 399 1099; x_wconf 91' lang='lat' dir='ltr'>et</span> <span class='ocrx_word' id='word_1_116' title='bbox 416 1068 455 1098; x_wconf 91' lang='lat' dir='ltr'>ad</span> <span class='ocrx_word' id='word_1_117' title='bbox 477 1076 616 1107; x_wconf 73' lang='lat' dir='ltr'>pugnam</span> <span class='ocrx_word' id='word_1_118' title='bbox 643 1075 716 1097; x_wconf 91' lang='lat' dir='ltr'>cum</span> <span class='ocrx_word' id='word_1_119' title='bbox 735 1065 849 1105; x_wconf 70' lang='lat' dir='ltr'>vespis</span> <span class='ocrx_word' id='word_1_120' title='bbox 872 1065 998 1102; x_wconf 87' lang='lat' dir='ltr'>incitat,</span> <span class='ocrx_word' id='word_1_121' title='bbox 1014 1066 1073 1095; x_wconf 86' lang='grc'>433</span> <span class='ocrx_word' id='word_1_122' title='bbox 1090 1072 1162 1103; x_wconf 79' lang='lat' dir='ltr'>sqq.</span> 
     </span>
     <span class='ocr_line' id='line_1_19' title="bbox 183 1111 1166 1155; baseline -0.003 -11"><span class='ocrx_word' id='word_1_123' title='bbox 183 1118 264 1145; x_wconf 84' lang='lat' dir='ltr'>Cum</span> <span class='ocrx_word' id='word_1_124' title='bbox 283 1115 434 1155; x_wconf 79' lang='lat' dir='ltr'>repressis</span> <span class='ocrx_word' id='word_1_125' title='bbox 451 1123 633 1146; x_wconf 88' lang='lat' dir='ltr'>sermonem</span> <span class='ocrx_word' id='word_1_126' title='bbox 654 1114 798 1144; x_wconf 79' lang='lat' dir='ltr'>conferre</span> <span class='ocrx_word' id='word_1_127' title='bbox 813 1113 891 1144; x_wconf 85' lang='lat' dir='ltr'>etin</span> <span class='ocrx_word' id='word_1_128' title='bbox 907 1113 1041 1152; x_wconf 79' lang='lat' dir='ltr'>gratiam</span> <span class='ocrx_word' id='word_1_129' title='bbox 1064 1111 1166 1142; x_wconf 87' lang='lat' dir='ltr'>redire</span> 
     </span>
     <span class='ocr_line' id='line_1_20' title="bbox 184 1158 1166 1202; baseline -0.002 -12"><span class='ocrx_word' id='word_1_130' title='bbox 184 1162 331 1201; x_wconf 85' lang='lat' dir='ltr'>cupiens,</span> <span class='ocrx_word' id='word_1_131' title='bbox 353 1170 436 1201; x_wconf 67' lang='lat' dir='ltr'>aegre</span> <span class='ocrx_word' id='word_1_132' title='bbox 451 1161 492 1192; x_wconf 89' lang='lat' dir='ltr'>ab</span> <span class='ocrx_word' id='word_1_133' title='bbox 512 1162 563 1200; x_wconf 91' lang='lat' dir='ltr'>iis,</span> <span class='ocrx_word' id='word_1_134' title='bbox 579 1161 691 1202; x_wconf 86' lang='lat' dir='ltr'>populi</span> <span class='ocrx_word' id='word_1_135' title='bbox 711 1169 849 1199; x_wconf 91' lang='lat' dir='ltr'>osorem,</span> <span class='ocrx_word' id='word_1_136' title='bbox 866 1158 1049 1200; x_wconf 72' lang='lat' dir='ltr'>tyrannidis</span> <span class='ocrx_word' id='word_1_137' title='bbox 1067 1161 1098 1189; x_wconf 88' lang='lat' dir='ltr'>et</span> <span class='ocrx_word' id='word_1_138' title='bbox 1112 1162 1166 1188; x_wconf 88' lang='lat' dir='ltr'>La-</span> 
     </span>
     <span class='ocr_line' id='line_1_21' title="bbox 183 1207 1166 1248; baseline -0.004 -9"><span class='ocrx_word' id='word_1_139' title='bbox 183 1207 454 1239; x_wconf 77' lang='lat' dir='ltr'>cedaemoniorum</span> <span class='ocrx_word' id='word_1_140' title='bbox 472 1211 634 1239; x_wconf 87' lang='lat' dir='ltr'>amantem</span> <span class='ocrx_word' id='word_1_141' title='bbox 657 1207 915 1248; x_wconf 75' lang='lat' dir='ltr'>appellantibus,</span> <span class='ocrx_word' id='word_1_142' title='bbox 939 1207 1091 1245; x_wconf 77' lang='lat' dir='ltr'>impetrat</span> <span class='ocrx_word' id='word_1_143' title='bbox 1114 1214 1166 1235; x_wconf 82' lang='lat' dir='ltr'>au·</span> 
     </span>
     <span class='ocr_line' id='line_1_22' title="bbox 183 1253 1167 1295; baseline -0.003 -11"><span class='ocrx_word' id='word_1_144' title='bbox 183 1253 338 1286; x_wconf 86' lang='lat' dir='ltr'>dientiam</span> <span class='ocrx_word' id='word_1_145' title='bbox 349 1278 358 1294; x_wconf 90' lang='lat'>,</span> <span class='ocrx_word' id='word_1_146' title='bbox 373 1257 429 1286; x_wconf 84' lang='lat'>471</span> <span class='ocrx_word' id='word_1_147' title='bbox 449 1263 521 1295; x_wconf 85' lang='lat' dir='ltr'><em>sqq.</em></span> <span class='ocrx_word' id='word_1_148' title='bbox 537 1257 574 1286; x_wconf 92' lang='lat' dir='ltr'>Et</span> <span class='ocrx_word' id='word_1_149' title='bbox 587 1255 728 1295; x_wconf 86' lang='lat' dir='ltr'>primum</span> <span class='ocrx_word' id='word_1_150' title='bbox 750 1255 883 1294; x_wconf 83' lang='lat' dir='ltr'>exponit</span> <span class='ocrx_word' id='word_1_151' title='bbox 899 1253 1035 1284; x_wconf 87' lang='lat' dir='ltr'>abusum</span> <span class='ocrx_word' id='word_1_152' title='bbox 1061 1255 1167 1291; x_wconf 72' lang='lat' dir='ltr'>tyran-</span> 
     </span>
     <span class='ocr_line' id='line_1_23' title="bbox 182 1299 1165 1340; baseline -0.004 -9"><span class='ocrx_word' id='word_1_153' title='bbox 182 1299 267 1332; x_wconf 88' lang='lat' dir='ltr'>nidis</span> <span class='ocrx_word' id='word_1_154' title='bbox 299 1301 470 1340; x_wconf 84' lang='lat' dir='ltr'>vocabuli,</span> <span class='ocrx_word' id='word_1_155' title='bbox 508 1304 671 1333; x_wconf 87' lang='grc'>488-507</span> <span class='ocrx_word' id='word_1_156' title='bbox 684 1324 692 1339; x_wconf 93' lang='grc'>,</span> <span class='ocrx_word' id='word_1_157' title='bbox 732 1300 847 1332; x_wconf 88' lang='lat' dir='ltr'>deinde</span> <span class='ocrx_word' id='word_1_158' title='bbox 885 1300 1165 1331; x_wconf 77' lang='lat' dir='ltr'>demonstraturus</span> 
     </span>
     <span class='ocr_line' id='line_1_24' title="bbox 179 1345 1164 1388; baseline -0.002 -11"><span class='ocrx_word' id='word_1_159' title='bbox 179 1346 306 1386; x_wconf 83' lang='lat' dir='ltr'>j·:dices</span> <span class='ocrx_word' id='word_1_160' title='bbox 319 1346 456 1380; x_wconf 84' lang='lat' dir='ltr'>derideri</span> <span class='ocrx_word' id='word_1_161' title='bbox 471 1348 511 1379; x_wconf 91' lang='lat' dir='ltr'>ab</span> <span class='ocrx_word' id='word_1_162' title='bbox 523 1348 708 1388; x_wconf 83' lang='lat' dir='ltr'>demagogis</span> <span class='ocrx_word' id='word_1_163' title='bbox 721 1349 752 1379; x_wconf 89' lang='lat' dir='ltr'>et</span> <span class='ocrx_word' id='word_1_164' title='bbox 769 1348 959 1379; x_wconf 75' lang='lat' dir='ltr'>servitutem</span> <span class='ocrx_word' id='word_1_165' title='bbox 973 1346 1018 1377; x_wconf 88' lang='lat' dir='ltr'>eis</span> <span class='ocrx_word' id='word_1_166' title='bbox 1031 1345 1164 1383; x_wconf 76' lang='lat' dir='ltr'>servire,</span> 
     </span>
     <span class='ocr_line' id='line_1_25' title="bbox 184 1391 1167 1434; baseline -0.003 -11"><span class='ocrx_word' id='word_1_167' title='bbox 184 1396 358 1424; x_wconf 83' lang='lat'><strong>512—520.</strong></span> <span class='ocrx_word' id='word_1_168' title='bbox 385 1394 479 1433; x_wconf 88' lang='lat' dir='ltr'>Quod</span> <span class='ocrx_word' id='word_1_169' title='bbox 507 1394 756 1426; x_wconf 84' lang='lat' dir='ltr'>admittentibus</span> <span class='ocrx_word' id='word_1_170' title='bbox 783 1396 874 1434; x_wconf 87' lang='lat' dir='ltr'>patre</span> <span class='ocrx_word' id='word_1_171' title='bbox 890 1395 922 1424; x_wconf 91' lang='lat' dir='ltr'>et</span> <span class='ocrx_word' id='word_1_172' title='bbox 944 1393 1067 1430; x_wconf 84' lang='lat' dir='ltr'>choro,</span> <span class='ocrx_word' id='word_1_173' title='bbox 1094 1391 1167 1422; x_wconf 88' lang='lat' dir='ltr'>scri.</span> 
     </span>
     <span class='ocr_line' id='line_1_26' title="bbox 183 1438 1166 1481; baseline 0 -13"><span class='ocrx_word' id='word_1_174' title='bbox 183 1438 274 1469; x_wconf 90' lang='lat' dir='ltr'>nium</span> <span class='ocrx_word' id='word_1_175' title='bbox 290 1439 398 1470; x_wconf 78' lang='lat' dir='ltr'>afferri</span> <span class='ocrx_word' id='word_1_176' title='bbox 416 1440 520 1479; x_wconf 86' lang='lat' dir='ltr'>jubet,</span> <span class='ocrx_word' id='word_1_177' title='bbox 540 1443 575 1472; x_wconf 94' lang='lat' dir='ltr'>ut</span> <span class='ocrx_word' id='word_1_178' title='bbox 592 1441 699 1481; x_wconf 87' lang='lat' dir='ltr'>aliqua</span> <span class='ocrx_word' id='word_1_179' title='bbox 721 1443 811 1472; x_wconf 89' lang='lat' dir='ltr'>notet</span> <span class='ocrx_word' id='word_1_180' title='bbox 833 1449 873 1471; x_wconf 73' lang='lat' dir='ltr'>ex</span> <span class='ocrx_word' id='word_1_181' title='bbox 899 1439 1000 1479; x_wconf 86' lang='lat' dir='ltr'>patris</span> <span class='ocrx_word' id='word_1_182' title='bbox 1019 1439 1166 1469; x_wconf 90' lang='lat' dir='ltr'>oratione</span> 
     </span>
     <span class='ocr_line' id='line_1_27' title="bbox 179 1484 1165 1527; baseline 0.002 -12"><span class='ocrx_word' id='word_1_183' title='bbox 179 1484 328 1524; x_wconf 83' lang='lat' dir='ltr'>J&#39;udicum</span> <span class='ocrx_word' id='word_1_184' title='bbox 344 1487 520 1526; x_wconf 87' lang='lat' dir='ltr'>potentiam</span> <span class='ocrx_word' id='word_1_185' title='bbox 538 1487 724 1527; x_wconf 81' lang='lat' dir='ltr'>probatura,</span> <span class='ocrx_word' id='word_1_186' title='bbox 745 1491 804 1519; x_wconf 84' lang='lat'>529</span> <span class='ocrx_word' id='word_1_187' title='bbox 825 1495 890 1527; x_wconf 62' lang='lat' dir='ltr'>sq„</span> <span class='ocrx_word' id='word_1_188' title='bbox 910 1489 982 1525; x_wconf 81' lang='lat'>537,</span> <span class='ocrx_word' id='word_1_189' title='bbox 1009 1489 1080 1524; x_wconf 87' lang='lat'>559,</span> <span class='ocrx_word' id='word_1_190' title='bbox 1106 1489 1165 1517; x_wconf 85' lang='lat'>576</span> 
     </span>
     <span class='ocr_line' id='line_1_28' title="bbox 183 1532 1166 1574; baseline -0.001 -11"><span class='ocrx_word' id='word_1_191' title='bbox 183 1539 249 1571; x_wconf 61' lang='lat' dir='ltr'>sq„</span> <span class='ocrx_word' id='word_1_192' title='bbox 275 1535 334 1564; x_wconf 87' lang='lat'>588</span> <span class='ocrx_word' id='word_1_193' title='bbox 347 1541 412 1573; x_wconf 86' lang='lat' dir='ltr'>sq.‚</span> <span class='ocrx_word' id='word_1_194' title='bbox 429 1537 488 1566; x_wconf 89' lang='grc'>603</span> <span class='ocrx_word' id='word_1_195' title='bbox 510 1542 558 1574; x_wconf 84' lang='lat' dir='ltr'>sq.</span> <span class='ocrx_word' id='word_1_196' title='bbox 575 1537 643 1565; x_wconf 85' lang='lat' dir='ltr'>Jam</span> <span class='ocrx_word' id='word_1_197' title='bbox 667 1534 734 1573; x_wconf 89' lang='lat' dir='ltr'>ipse</span> <span class='ocrx_word' id='word_1_198' title='bbox 747 1533 888 1573; x_wconf 91' lang='lat' dir='ltr'>primum</span> <span class='ocrx_word' id='word_1_199' title='bbox 902 1532 1043 1563; x_wconf 81' lang='lat' dir='ltr'>ostendit</span> <span class='ocrx_word' id='word_1_200' title='bbox 1059 1541 1099 1562; x_wconf 88' lang='lat' dir='ltr'>ne</span> <span class='ocrx_word' id='word_1_201' title='bbox 1115 1532 1166 1563; x_wconf 92' lang='lat' dir='ltr'>de-</span> 
     </span>
     <span class='ocr_line' id='line_1_29' title="bbox 183 1577 1167 1620; baseline 0.001 -12"><span class='ocrx_word' id='word_1_202' title='bbox 183 1577 302 1608; x_wconf 89' lang='lat' dir='ltr'>cimam</span> <span class='ocrx_word' id='word_1_203' title='bbox 323 1579 454 1618; x_wconf 86' lang='lat' dir='ltr'>quidem</span> <span class='ocrx_word' id='word_1_204' title='bbox 475 1583 600 1620; x_wconf 89' lang='lat' dir='ltr'>partem</span> <span class='ocrx_word' id='word_1_205' title='bbox 614 1580 778 1612; x_wconf 82' lang='lat' dir='ltr'>redituum</span> <span class='ocrx_word' id='word_1_206' title='bbox 794 1580 932 1611; x_wconf 71' lang='lat' dir='ltr'>civitatis</span> <span class='ocrx_word' id='word_1_207' title='bbox 955 1578 1067 1609; x_wconf 80' lang='lat' dir='ltr'>cedere</span> <span class='ocrx_word' id='word_1_208' title='bbox 1087 1578 1167 1618; x_wconf 86' lang='lat' dir='ltr'>judi-</span> 
     </span>
     <span class='ocr_line' id='line_1_30' title="bbox 184 1624 1165 1668; baseline 0.002 -13"><span class='ocrx_word' id='word_1_209' title='bbox 184 1624 288 1665; x_wconf 90' lang='lat' dir='ltr'>cibus,</span> <span class='ocrx_word' id='word_1_210' title='bbox 307 1626 428 1666; x_wconf 90' lang='lat' dir='ltr'>reliqua</span> <span class='ocrx_word' id='word_1_211' title='bbox 440 1631 472 1659; x_wconf 89' lang='lat' dir='ltr'>et</span> <span class='ocrx_word' id='word_1_212' title='bbox 487 1628 718 1668; x_wconf 88' lang='lat' dir='ltr'>pretiosissima</span> <span class='ocrx_word' id='word_1_213' title='bbox 733 1636 872 1667; x_wconf 82' lang='lat' dir='ltr'>quaeque</span> <span class='ocrx_word' id='word_1_214' title='bbox 889 1627 1084 1666; x_wconf 76' lang='lat' dir='ltr'>demagogis,</span> <span class='ocrx_word' id='word_1_215' title='bbox 1109 1627 1165 1666; x_wconf 91' lang='lat' dir='ltr'>qui</span> 
     </span>
     <span class='ocr_line' id='line_1_31' title="bbox 184 1670 1165 1713; baseline 0.002 -13"><span class='ocrx_word' id='word_1_216' title='bbox 184 1670 363 1710; x_wconf 82' lang='lat' dir='ltr'>rejectanea</span> <span class='ocrx_word' id='word_1_217' title='bbox 377 1673 474 1704; x_wconf 90' lang='lat' dir='ltr'>modo</span> <span class='ocrx_word' id='word_1_218' title='bbox 487 1673 651 1712; x_wconf 87' lang='lat' dir='ltr'>judicibus</span> <span class='ocrx_word' id='word_1_219' title='bbox 668 1673 834 1713; x_wconf 85' lang='lat' dir='ltr'>objiciant,</span> <span class='ocrx_word' id='word_1_220' title='bbox 851 1675 1024 1704; x_wconf 85' lang='lat'><strong>650—679.</strong></span> <span class='ocrx_word' id='word_1_221' title='bbox 1045 1672 1165 1703; x_wconf 88' lang='lat' dir='ltr'>Deinde</span> 
     </span>
     <span class='ocr_line' id='line_1_32' title="bbox 184 1716 1165 1760; baseline 0.002 -13"><span class='ocrx_word' id='word_1_222' title='bbox 184 1716 226 1747; x_wconf 92' lang='lat' dir='ltr'>ab</span> <span class='ocrx_word' id='word_1_223' title='bbox 251 1717 366 1749; x_wconf 88' lang='lat' dir='ltr'>iisdem</span> <span class='ocrx_word' id='word_1_224' title='bbox 391 1728 442 1750; x_wconf 90' lang='lat' dir='ltr'>res</span> <span class='ocrx_word' id='word_1_225' title='bbox 469 1719 508 1751; x_wconf 88' lang='lat' dir='ltr'>de</span> <span class='ocrx_word' id='word_1_226' title='bbox 532 1720 712 1760; x_wconf 90' lang='lat' dir='ltr'>composito</span> <span class='ocrx_word' id='word_1_227' title='bbox 734 1721 778 1750; x_wconf 88' lang='lat' dir='ltr'>ita</span> <span class='ocrx_word' id='word_1_228' title='bbox 805 1721 854 1759; x_wconf 76' lang='lat' dir='ltr'>agi</span> <span class='ocrx_word' id='word_1_229' title='bbox 878 1722 912 1750; x_wconf 90' lang='lat' dir='ltr'>ut</span> <span class='ocrx_word' id='word_1_230' title='bbox 932 1718 1058 1757; x_wconf 84' lang='lat' dir='ltr'>judices</span> <span class='ocrx_word' id='word_1_231' title='bbox 1080 1727 1165 1758; x_wconf 83' lang='lat' dir='ltr'>saepe</span> 
     </span>
    </p>
   </div>
   <div class='ocr_carea' id='block_1_3' title="bbox 186 1763 1195 1806">
    <p class='ocr_par' dir='ltr' id='par_1_5' title="bbox 186 1763 1195 1806">
     <span class='ocr_line' id='line_1_33' title="bbox 186 1763 1195 1806; baseline 0.003 -13"><span class='ocrx_word' id='word_1_232' title='bbox 186 1763 392 1804; x_wconf 83' lang='lat' dir='ltr'>fraudentur,</span> <span class='ocrx_word' id='word_1_233' title='bbox 409 1774 511 1805; x_wconf 87' lang='lat' dir='ltr'>quum</span> <span class='ocrx_word' id='word_1_234' title='bbox 527 1767 639 1806; x_wconf 65' lang='lat' dir='ltr'>viginti</span> <span class='ocrx_word' id='word_1_235' title='bbox 657 1767 755 1798; x_wconf 86' lang='lat' dir='ltr'>millia</span> <span class='ocrx_word' id='word_1_236' title='bbox 773 1767 910 1803; x_wconf 77' lang='lat' dir='ltr'>civium,</span> <span class='ocrx_word' id='word_1_237' title='bbox 928 1765 974 1796; x_wconf 89' lang='lat' dir='ltr'>iili</span> <span class='ocrx_word' id='word_1_238' title='bbox 991 1765 1018 1796; x_wconf 90' lang='lat' dir='ltr'>si</span> <span class='ocrx_word' id='word_1_239' title='bbox 1035 1766 1164 1803; x_wconf 69' lang='lat' dir='ltr'>vellent,</span> <span class='ocrx_word' id='word_1_240' title='bbox 1190 1770 1195 1788; x_wconf 86' lang='lat'>¹</span> 
     </span>
    </p>
   </div>
   <div class='ocr_carea' id='block_1_4' title="bbox 183 1809 1166 1993">
    <p class='ocr_par' dir='ltr' id='par_1_6' title="bbox 183 1809 1166 1993">
     <span class='ocr_line' id='line_1_34' title="bbox 185 1809 1164 1853; baseline 0.005 -14"><span class='ocrx_word' id='word_1_241' title='bbox 185 1809 218 1840; x_wconf 92' lang='lat' dir='ltr'>in</span> <span class='ocrx_word' id='word_1_242' title='bbox 235 1809 357 1842; x_wconf 87' lang='lat' dir='ltr'>deliciis</span> <span class='ocrx_word' id='word_1_243' title='bbox 378 1814 411 1843; x_wconf 91' lang='lat' dir='ltr'>et</span> <span class='ocrx_word' id='word_1_244' title='bbox 430 1815 465 1843; x_wconf 94' lang='lat' dir='ltr'>ut</span> <span class='ocrx_word' id='word_1_245' title='bbox 479 1814 797 1845; x_wconf 82' lang='lat' dir='ltr'>Marathonomachas</span> <span class='ocrx_word' id='word_1_246' title='bbox 818 1813 942 1851; x_wconf 86' lang='lat' dir='ltr'>deceat,</span> <span class='ocrx_word' id='word_1_247' title='bbox 960 1812 1071 1843; x_wconf 71' lang='lat' dir='ltr'>vivere</span> <span class='ocrx_word' id='word_1_248' title='bbox 1092 1821 1164 1853; x_wconf 82' lang='lat' dir='ltr'>pos-</span> 
     </span>
     <span class='ocr_line' id='line_1_35' title="bbox 184 1855 1166 1900; baseline 0.003 -14"><span class='ocrx_word' id='word_1_249' title='bbox 184 1855 262 1895; x_wconf 76' lang='lat' dir='ltr'>sint,</span> <span class='ocrx_word' id='word_1_250' title='bbox 290 1861 455 1890; x_wconf 82' lang='grc'>682-712</span> <span class='ocrx_word' id='word_1_251' title='bbox 471 1869 478 1890; x_wconf 90' lang='lat'>:</span> <span class='ocrx_word' id='word_1_252' title='bbox 496 1862 528 1890; x_wconf 92' lang='lat' dir='ltr'>at</span> <span class='ocrx_word' id='word_1_253' title='bbox 546 1868 644 1899; x_wconf 84' lang='lat' dir='ltr'>quam</span> <span class='ocrx_word' id='word_1_254' title='bbox 666 1869 768 1900; x_wconf 88' lang='lat' dir='ltr'>pauca</span> <span class='ocrx_word' id='word_1_255' title='bbox 792 1869 834 1890; x_wconf 78' lang='lat' dir='ltr'>ex</span> <span class='ocrx_word' id='word_1_256' title='bbox 858 1859 981 1898; x_wconf 85' lang='lat' dir='ltr'>magnis</span> <span class='ocrx_word' id='word_1_257' title='bbox 1000 1859 1166 1898; x_wconf 77' lang='lat' dir='ltr'>promissis</span> 
     </span>
     <span class='ocr_line' id='line_1_36' title="bbox 183 1904 1165 1946; baseline 0.003 -13"><span class='ocrx_word' id='word_1_258' title='bbox 183 1911 269 1942; x_wconf 79' lang='lat' dir='ltr'>aegre</span> <span class='ocrx_word' id='word_1_259' title='bbox 293 1904 423 1936; x_wconf 86' lang='lat' dir='ltr'>redeant</span> <span class='ocrx_word' id='word_1_260' title='bbox 447 1906 551 1946; x_wconf 85' lang='lat' dir='ltr'>patri!</span> <span class='ocrx_word' id='word_1_261' title='bbox 583 1911 688 1945; x_wconf 85' lang='lat' dir='ltr'>Quare</span> <span class='ocrx_word' id='word_1_262' title='bbox 707 1915 740 1937; x_wconf 89' lang='lat' dir='ltr'>se</span> <span class='ocrx_word' id='word_1_263' title='bbox 756 1906 932 1937; x_wconf 85' lang='lat' dir='ltr'>domicum</span> <span class='ocrx_word' id='word_1_264' title='bbox 951 1906 1114 1936; x_wconf 86' lang='lat' dir='ltr'>continere</span> <span class='ocrx_word' id='word_1_265' title='bbox 1134 1907 1165 1936; x_wconf 91' lang='lat' dir='ltr'>et</span> 
     </span>
     <span class='ocr_line' id='line_1_37' title="bbox 184 1948 1165 1993; baseline 0.003 -14"><span class='ocrx_word' id='word_1_266' title='bbox 184 1948 271 1981; x_wconf 84' lang='lat' dir='ltr'>laute</span> <span class='ocrx_word' id='word_1_267' title='bbox 287 1953 437 1991; x_wconf 86' lang='lat' dir='ltr'>tractare,</span> <span class='ocrx_word' id='word_1_268' title='bbox 452 1955 628 1984; x_wconf 81' lang='lat'><strong>715-742,</strong></span> <span class='ocrx_word' id='word_1_269' title='bbox 648 1957 762 1992; x_wconf 71' lang='lat' dir='ltr'>vespae</span> <span class='ocrx_word' id='word_1_270' title='bbox 787 1954 879 1993; x_wconf 86' lang='lat' dir='ltr'>plane</span> <span class='ocrx_word' id='word_1_271' title='bbox 903 1953 936 1983; x_wconf 92' lang='lat' dir='ltr'>in</span> <span class='ocrx_word' id='word_1_272' title='bbox 952 1951 1020 1991; x_wconf 88' lang='lat' dir='ltr'>ejus</span> <span class='ocrx_word' id='word_1_273' title='bbox 1036 1954 1165 1983; x_wconf 88' lang='lat' dir='ltr'>senten-</span> 
     </span>
    </p>
   </div>
   <div class='ocr_carea' id='block_1_5' title="bbox 182 2042 1165 2458">
    <p class='ocr_par' dir='ltr' id='par_1_7' title="bbox 182 2042 1165 2458">
     <span class='ocr_line' id='line_1_38' title="bbox 187 2042 1164 2085; baseline 0.003 -12"><span class='ocrx_word' id='word_1_274' title='bbox 187 2042 350 2083; x_wconf 87' lang='lat' dir='ltr'>mittente,</span> <span class='ocrx_word' id='word_1_275' title='bbox 367 2045 451 2076; x_wconf 83' lang='lat' dir='ltr'>filius</span> <span class='ocrx_word' id='word_1_276' title='bbox 467 2046 495 2077; x_wconf 90' lang='lat' dir='ltr'>ei</span> <span class='ocrx_word' id='word_1_277' title='bbox 513 2055 648 2085; x_wconf 76' lang='lat' dir='ltr'>parvum</span> <span class='ocrx_word' id='word_1_278' title='bbox 667 2047 808 2078; x_wconf 89' lang='lat' dir='ltr'>tribunal</span> <span class='ocrx_word' id='word_1_279' title='bbox 827 2046 915 2077; x_wconf 91' lang='lat' dir='ltr'>domi</span> <span class='ocrx_word' id='word_1_280' title='bbox 928 2046 1079 2085; x_wconf 87' lang='lat' dir='ltr'>instituit,</span> <span class='ocrx_word' id='word_1_281' title='bbox 1096 2055 1164 2076; x_wconf 88' lang='lat' dir='ltr'>ma-</span> 
     </span>
     <span class='ocr_line' id='line_1_39' title="bbox 183 2090 1163 2133; baseline 0.002 -12"><span class='ocrx_word' id='word_1_282' title='bbox 183 2090 239 2129; x_wconf 84' lang='lat' dir='ltr'>gni</span> <span class='ocrx_word' id='word_1_283' title='bbox 256 2091 463 2124; x_wconf 86' lang='lat' dir='ltr'>simulacrum</span> <span class='ocrx_word' id='word_1_284' title='bbox 491 2094 736 2133; x_wconf 85' lang='lat' dir='ltr'>planissimum,</span> <span class='ocrx_word' id='word_1_285' title='bbox 762 2097 797 2124; x_wconf 93' lang='lat' dir='ltr'>ut</span> <span class='ocrx_word' id='word_1_286' title='bbox 823 2093 910 2124; x_wconf 89' lang='lat' dir='ltr'>omni</span> <span class='ocrx_word' id='word_1_287' title='bbox 934 2095 1091 2133; x_wconf 88' lang='lat' dir='ltr'>tempore,</span> <span class='ocrx_word' id='word_1_288' title='bbox 1113 2093 1163 2123; x_wconf 67' lang='lat' dir='ltr'>vel</span> 
     </span>
     <span class='ocr_line' id='line_1_40' title="bbox 186 2137 1165 2178; baseline 0.002 -10"><span class='ocrx_word' id='word_1_289' title='bbox 186 2137 380 2178; x_wconf 80' lang='lat' dir='ltr'>febricitans,</span> <span class='ocrx_word' id='word_1_290' title='bbox 400 2143 489 2170; x_wconf 78' lang='lat' dir='ltr'>satur</span> <span class='ocrx_word' id='word_1_291' title='bbox 505 2143 537 2171; x_wconf 89' lang='lat' dir='ltr'>et</span> <span class='ocrx_word' id='word_1_292' title='bbox 552 2141 702 2171; x_wconf 87' lang='lat' dir='ltr'>omnibus</span> <span class='ocrx_word' id='word_1_293' title='bbox 728 2141 803 2171; x_wconf 72' lang='lat' dir='ltr'>vitae</span> <span class='ocrx_word' id='word_1_294' title='bbox 831 2141 1008 2171; x_wconf 89' lang='lat' dir='ltr'>commodis</span> <span class='ocrx_word' id='word_1_295' title='bbox 1032 2140 1165 2170; x_wconf 82' lang='lat' dir='ltr'>affluens</span> 
     </span>
     <span class='ocr_line' id='line_1_41' title="bbox 182 2183 1163 2225; baseline 0.002 -11"><span class='ocrx_word' id='word_1_296' title='bbox 182 2183 306 2223; x_wconf 88' lang='lat' dir='ltr'>judicet</span> <span class='ocrx_word' id='word_1_297' title='bbox 331 2184 371 2216; x_wconf 88' lang='lat' dir='ltr'>de</span> <span class='ocrx_word' id='word_1_298' title='bbox 401 2185 497 2216; x_wconf 85' lang='lat' dir='ltr'>rebus</span> <span class='ocrx_word' id='word_1_299' title='bbox 521 2186 728 2225; x_wconf 83' lang='lat' dir='ltr'>domesticis,</span> <span class='ocrx_word' id='word_1_300' title='bbox 754 2189 789 2217; x_wconf 88' lang='lat' dir='ltr'>ut</span> <span class='ocrx_word' id='word_1_301' title='bbox 820 2186 946 2217; x_wconf 87' lang='lat' dir='ltr'>delictis</span> <span class='ocrx_word' id='word_1_302' title='bbox 973 2194 1163 2224; x_wconf 73' lang='lat' dir='ltr'>servorum,</span> 
     </span>
     <span class='ocr_line' id='line_1_42' title="bbox 186 2233 1164 2264; baseline 0.002 -3"><span class='ocrx_word' id='word_1_303' title='bbox 186 2233 361 2262; x_wconf 82' lang='grc'>760-834.</span> <span class='ocrx_word' id='word_1_304' title='bbox 386 2236 465 2263; x_wconf 87' lang='lat' dir='ltr'>Ecce</span> <span class='ocrx_word' id='word_1_305' title='bbox 495 2233 593 2264; x_wconf 86' lang='lat' dir='ltr'>Labes</span> <span class='ocrx_word' id='word_1_306' title='bbox 611 2234 700 2264; x_wconf 86' lang='lat' dir='ltr'>canis</span> <span class='ocrx_word' id='word_1_307' title='bbox 723 2234 864 2264; x_wconf 82' lang='lat' dir='ltr'>Siculum</span> <span class='ocrx_word' id='word_1_308' title='bbox 887 2242 1018 2264; x_wconf 76' lang='lat' dir='ltr'>caseum</span> <span class='ocrx_word' id='word_1_309' title='bbox 1043 2233 1164 2263; x_wconf 82' lang='lat' dir='ltr'>furatus</span> 
     </span>
     <span class='ocr_line' id='line_1_43' title="bbox 185 2277 1162 2321; baseline 0.003 -14"><span class='ocrx_word' id='word_1_310' title='bbox 185 2277 279 2321; x_wconf 79' lang='lat' dir='ltr'>(vide</span> <span class='ocrx_word' id='word_1_311' title='bbox 300 2277 394 2309; x_wconf 76' lang='lat' dir='ltr'>dicta</span> <span class='ocrx_word' id='word_1_312' title='bbox 407 2280 442 2309; x_wconf 82' lang='lat' dir='ltr'>in</span> <span class='ocrx_word' id='word_1_313' title='bbox 458 2279 587 2317; x_wconf 83' lang='lat' dir='ltr'>Laches)</span> <span class='ocrx_word' id='word_1_314' title='bbox 598 2279 769 2310; x_wconf 82' lang='lat' dir='ltr'>adducitur</span> <span class='ocrx_word' id='word_1_315' title='bbox 785 2289 792 2309; x_wconf 79' lang='lat' dir='ltr'>z</span> <span class='ocrx_word' id='word_1_316' title='bbox 811 2280 893 2310; x_wconf 88' lang='lat' dir='ltr'>hanc</span> <span class='ocrx_word' id='word_1_317' title='bbox 911 2288 1059 2310; x_wconf 79' lang='lat' dir='ltr'>caussam</span> <span class='ocrx_word' id='word_1_318' title='bbox 1082 2280 1162 2319; x_wconf 84' lang='lat' dir='ltr'>patri</span> 
     </span>
     <span class='ocr_line' id='line_1_44' title="bbox 183 2324 1163 2365; baseline 0.003 -11"><span class='ocrx_word' id='word_1_319' title='bbox 183 2324 293 2355; x_wconf 85' lang='lat' dir='ltr'>statim</span> <span class='ocrx_word' id='word_1_320' title='bbox 317 2324 488 2355; x_wconf 86' lang='lat' dir='ltr'>demandat</span> <span class='ocrx_word' id='word_1_321' title='bbox 516 2327 547 2356; x_wconf 89' lang='lat' dir='ltr'>et</span> <span class='ocrx_word' id='word_1_322' title='bbox 571 2326 725 2364; x_wconf 87' lang='lat' dir='ltr'>tribunal,</span> <span class='ocrx_word' id='word_1_323' title='bbox 749 2326 836 2365; x_wconf 84' lang='lat' dir='ltr'>quod</span> <span class='ocrx_word' id='word_1_324' title='bbox 864 2326 1084 2365; x_wconf 71' lang='lat' dir='ltr'>inchoaverat,</span> <span class='ocrx_word' id='word_1_325' title='bbox 1107 2326 1163 2357; x_wconf 86' lang='lat' dir='ltr'>ab·</span> 
     </span>
     <span class='ocr_line' id='line_1_45' title="bbox 184 2370 1163 2412; baseline 0.002 -11"><span class='ocrx_word' id='word_1_326' title='bbox 184 2370 294 2409; x_wconf 82' lang='lat' dir='ltr'>solvit,</span> <span class='ocrx_word' id='word_1_327' title='bbox 316 2374 406 2410; x_wconf 89' lang='lat' dir='ltr'>patre</span> <span class='ocrx_word' id='word_1_328' title='bbox 428 2371 640 2404; x_wconf 89' lang='lat' dir='ltr'>condemnare</span> <span class='ocrx_word' id='word_1_329' title='bbox 663 2375 865 2412; x_wconf 87' lang='lat' dir='ltr'>properante,</span> <span class='ocrx_word' id='word_1_330' title='bbox 884 2376 1057 2404; x_wconf 80' lang='lat'><strong>835—859.</strong></span> <span class='ocrx_word' id='word_1_331' title='bbox 1082 2374 1163 2403; x_wconf 71' lang='lat' dir='ltr'>Vota</span> 
     </span>
     <span class='ocr_line' id='line_1_46' title="bbox 185 2417 1161 2458; baseline 0.002 -11"><span class='ocrx_word' id='word_1_332' title='bbox 185 2417 328 2456; x_wconf 88' lang='lat' dir='ltr'>concipit</span> <span class='ocrx_word' id='word_1_333' title='bbox 354 2419 391 2448; x_wconf 87' lang='lat' dir='ltr'>ut</span> <span class='ocrx_word' id='word_1_334' title='bbox 420 2421 511 2457; x_wconf 86' lang='lat' dir='ltr'>pater</span> <span class='ocrx_word' id='word_1_335' title='bbox 542 2419 683 2450; x_wconf 89' lang='lat' dir='ltr'>clemens</span> <span class='ocrx_word' id='word_1_336' title='bbox 712 2419 765 2449; x_wconf 82' lang='lat' dir='ltr'>fiat</span> <span class='ocrx_word' id='word_1_337' title='bbox 786 2422 818 2450; x_wconf 88' lang='lat' dir='ltr'>et</span> <span class='ocrx_word' id='word_1_338' title='bbox 846 2420 982 2458; x_wconf 83' lang='lat' dir='ltr'>deponat</span> <span class='ocrx_word' id='word_1_339' title='bbox 1010 2419 1161 2458; x_wconf 77' lang='lat' dir='ltr'>injustam</span> 
     </span>
    </p>
   </div>
   <div class='ocr_carea' id='block_1_6' title="bbox 185 2401 1193 2505">
    <p class='ocr_par' dir='ltr' id='par_1_8' title="bbox 185 2401 1193 2505">
     <span class='ocr_line' id='line_1_47' title="bbox 1190 2401 1192 2422; baseline 0 0"><span class='ocrx_word' id='word_1_340' title='bbox 1190 2401 1192 2422; x_wconf 88' lang='grc' dir='ltr'>ι</span> 
     </span>
     <span class='ocr_line' id='line_1_48' title="bbox 185 2454 1193 2505; baseline 0.002 -12"><span class='ocrx_word' id='word_1_341' title='bbox 185 2463 400 2502; x_wconf 78' lang='lat' dir='ltr'>asperitatem,</span> <span class='ocrx_word' id='word_1_342' title='bbox 420 2467 479 2495; x_wconf 83' lang='lat'>860</span> <span class='ocrx_word' id='word_1_343' title='bbox 492 2473 579 2505; x_wconf 77' lang='lat' dir='ltr'>sqq,</span> <span class='ocrx_word' id='word_1_344' title='bbox 599 2468 775 2503; x_wconf 79' lang='grc'>875-884;</span> <span class='ocrx_word' id='word_1_345' title='bbox 792 2465 908 2496; x_wconf 88' lang='lat' dir='ltr'>deinde</span> <span class='ocrx_word' id='word_1_346' title='bbox 925 2475 1104 2505; x_wconf 64' lang='lat' dir='ltr'>prawonem</span> <span class='ocrx_word' id='word_1_347' title='bbox 1119 2466 1163 2505; x_wconf 88' lang='lat' dir='ltr'>ju-</span> <span class='ocrx_word' id='word_1_348' title='bbox 1189 2454 1193 2470; x_wconf 86' lang='lat'><em>&#39;</em></span> 
     </span>
    </p>
   </div>
   <div class='ocr_carea' id='block_1_7' title="bbox 184 1995 1163 2039">
    <p class='ocr_par' dir='ltr' id='par_1_9' title="bbox 184 1929 1196 2383">
     <span class='ocr_line' id='line_1_49' title="bbox 184 1995 1163 2039; baseline 0.004 -14"><span class='ocrx_word' id='word_1_349' title='bbox 184 1995 264 2027; x_wconf 85' lang='lat' dir='ltr'>tiam</span> <span class='ocrx_word' id='word_1_350' title='bbox 277 2001 372 2037; x_wconf 86' lang='lat' dir='ltr'>eunt;</span> <span class='ocrx_word' id='word_1_351' title='bbox 390 1999 446 2030; x_wconf 87' lang='lat' dir='ltr'>sed</span> <span class='ocrx_word' id='word_1_352' title='bbox 468 2000 668 2031; x_wconf 85' lang='lat' dir='ltr'>Philocleone</span> <span class='ocrx_word' id='word_1_353' title='bbox 681 2000 848 2039; x_wconf 88' lang='lat' dir='ltr'>judicandi</span> <span class='ocrx_word' id='word_1_354' title='bbox 869 2000 1007 2030; x_wconf 80' lang='lat' dir='ltr'>furorem</span> <span class='ocrx_word' id='word_1_355' title='bbox 1030 2008 1094 2030; x_wconf 87' lang='lat' dir='ltr'>non</span> <span class='ocrx_word' id='word_1_356' title='bbox 1116 1999 1163 2029; x_wconf 87' lang='lat' dir='ltr'>di·</span> 
     </span>
    </p>
   </div>
   <div class='ocr_carea' id='block_1_8' title="bbox 183 2508 1192 3468">
    <p class='ocr_par' dir='ltr' id='par_1_10' title="bbox 183 2508 1192 3468">
     <span class='ocr_line' id='line_1_50' title="bbox 186 2508 1192 2560; baseline 0.004 -21"><span class='ocrx_word' id='word_1_357' title='bbox 186 2508 262 2540; x_wconf 85' lang='lat' dir='ltr'>dicii</span> <span class='ocrx_word' id='word_1_358' title='bbox 282 2509 352 2549; x_wconf 88' lang='lat' dir='ltr'>ipse</span> <span class='ocrx_word' id='word_1_359' title='bbox 368 2510 444 2549; x_wconf 82' lang='lat' dir='ltr'>agit,</span> <span class='ocrx_word' id='word_1_360' title='bbox 467 2514 642 2550; x_wconf 75' lang='lat'><strong>891-9053</strong></span> <span class='ocrx_word' id='word_1_361' title='bbox 666 2514 697 2543; x_wconf 91' lang='lat' dir='ltr'>et</span> <span class='ocrx_word' id='word_1_362' title='bbox 716 2511 818 2542; x_wconf 75' lang='lat' dir='ltr'>inrito</span> <span class='ocrx_word' id='word_1_363' title='bbox 838 2514 927 2551; x_wconf 89' lang='lat' dir='ltr'>patre</span> <span class='ocrx_word' id='word_1_364' title='bbox 948 2514 1048 2543; x_wconf 87' lang='lat' dir='ltr'>testes</span> <span class='ocrx_word' id='word_1_365' title='bbox 1067 2513 1160 2551; x_wconf 89' lang='lat' dir='ltr'>citat;</span> <span class='ocrx_word' id='word_1_366' title='bbox 1189 2508 1192 2560; x_wconf 62' lang='grc' dir='ltr'><em>ξ</em></span> 
     </span>
     <span class='ocr_line' id='line_1_51' title="bbox 186 2555 1162 2596; baseline 0.004 -11"><span class='ocrx_word' id='word_1_367' title='bbox 186 2555 301 2586; x_wconf 88' lang='lat' dir='ltr'>deinde</span> <span class='ocrx_word' id='word_1_368' title='bbox 328 2565 417 2587; x_wconf 89' lang='lat' dir='ltr'>reum</span> <span class='ocrx_word' id='word_1_369' title='bbox 443 2560 510 2587; x_wconf 89' lang='lat' dir='ltr'>tam</span> <span class='ocrx_word' id='word_1_370' title='bbox 535 2561 683 2588; x_wconf 87' lang='lat' dir='ltr'>accurate</span> <span class='ocrx_word' id='word_1_371' title='bbox 702 2557 857 2596; x_wconf 77' lang='lat' dir='ltr'>defendit,</span> <span class='ocrx_word' id='word_1_372' title='bbox 884 2560 920 2588; x_wconf 89' lang='lat' dir='ltr'>ut</span> <span class='ocrx_word' id='word_1_373' title='bbox 945 2558 1162 2589; x_wconf 86' lang='lat' dir='ltr'>misericordia</span> 
     </span>
     <span class='ocr_line' id='line_1_52' title="bbox 184 2604 1161 2641; baseline 0.004 -10"><span class='ocrx_word' id='word_1_374' title='bbox 184 2604 293 2640; x_wconf 83' lang='lat' dir='ltr'>tangat</span> <span class='ocrx_word' id='word_1_375' title='bbox 306 2605 440 2641; x_wconf 89' lang='lat' dir='ltr'>patrem,</span> <span class='ocrx_word' id='word_1_376' title='bbox 455 2606 630 2635; x_wconf 80' lang='grc'>936-984.</span> <span class='ocrx_word' id='word_1_377' title='bbox 647 2604 860 2635; x_wconf 71' lang='lat' dir='ltr'>Nihilominus</span> <span class='ocrx_word' id='word_1_378' title='bbox 874 2605 1161 2636; x_wconf 84' lang='lat' dir='ltr'>condemnaturum</span> 
     </span>
     <span class='ocr_line' id='line_1_53' title="bbox 185 2647 1159 2689; baseline 0.003 -11"><span class='ocrx_word' id='word_1_379' title='bbox 185 2648 274 2678; x_wconf 90' lang='lat' dir='ltr'>illum</span> <span class='ocrx_word' id='word_1_380' title='bbox 291 2647 366 2679; x_wconf 91' lang='lat' dir='ltr'>dolo</span> <span class='ocrx_word' id='word_1_381' title='bbox 382 2650 606 2689; x_wconf 77' lang='lat' dir='ltr'>circumvenit,</span> <span class='ocrx_word' id='word_1_382' title='bbox 624 2652 659 2680; x_wconf 89' lang='lat' dir='ltr'>ut</span> <span class='ocrx_word' id='word_1_383' title='bbox 680 2651 819 2681; x_wconf 80' lang='lat' dir='ltr'>insciens</span> <span class='ocrx_word' id='word_1_384' title='bbox 839 2651 982 2682; x_wconf 75' lang='lat' dir='ltr'>absolvat</span> <span class='ocrx_word' id='word_1_385' title='bbox 999 2652 1159 2683; x_wconf 87' lang='lat' dir='ltr'>Labetem.</span> 
     </span>
     <span class='ocr_line' id='line_1_54' title="bbox 185 2694 1162 2736; baseline 0.005 -12"><span class='ocrx_word' id='word_1_386' title='bbox 185 2700 289 2733; x_wconf 78' lang='lat' dir='ltr'>Quare</span> <span class='ocrx_word' id='word_1_387' title='bbox 303 2694 524 2734; x_wconf 85' lang='lat' dir='ltr'>desperantem</span> <span class='ocrx_word' id='word_1_388' title='bbox 539 2696 580 2727; x_wconf 87' lang='lat' dir='ltr'>de.</span> <span class='ocrx_word' id='word_1_389' title='bbox 602 2696 705 2728; x_wconf 85' lang='lat' dir='ltr'>salute</span> <span class='ocrx_word' id='word_1_390' title='bbox 723 2705 781 2727; x_wconf 90' lang='lat' dir='ltr'>sua</span> <span class='ocrx_word' id='word_1_391' title='bbox 799 2700 919 2736; x_wconf 86' lang='lat' dir='ltr'>patrem</span> <span class='ocrx_word' id='word_1_392' title='bbox 933 2698 1116 2728; x_wconf 69' lang='lat' dir='ltr'>consolator</span> <span class='ocrx_word' id='word_1_393' title='bbox 1132 2702 1162 2729; x_wconf 87' lang='lat' dir='ltr'>et</span> 
     </span>
     <span class='ocr_line' id='line_1_55' title="bbox 184 2740 1160 2782; baseline 0.005 -12"><span class='ocrx_word' id='word_1_394' title='bbox 184 2740 226 2770; x_wconf 81' lang='lat' dir='ltr'>ad</span> <span class='ocrx_word' id='word_1_395' title='bbox 246 2741 432 2772; x_wconf 76' lang='lat' dir='ltr'>convivium</span> <span class='ocrx_word' id='word_1_396' title='bbox 451 2742 657 2782; x_wconf 89' lang='lat' dir='ltr'>jucundeque</span> <span class='ocrx_word' id='word_1_397' title='bbox 681 2743 835 2782; x_wconf 79' lang='lat' dir='ltr'>agendam</span> <span class='ocrx_word' id='word_1_398' title='bbox 853 2744 950 2774; x_wconf 62' lang='lat' dir='ltr'>vitam</span> <span class='ocrx_word' id='word_1_399' title='bbox 969 2743 1002 2774; x_wconf 92' lang='lat' dir='ltr'>in</span> <span class='ocrx_word' id='word_1_400' title='bbox 1028 2744 1160 2775; x_wconf 71' lang='lat' dir='ltr'>domum</span> 
     </span>
     <span class='ocr_line' id='line_1_56' title="bbox 185 2786 1162 2830; baseline 0.005 -14"><span class='ocrx_word' id='word_1_401' title='bbox 185 2786 287 2825; x_wconf 89' lang='lat' dir='ltr'>ducit,</span> <span class='ocrx_word' id='word_1_402' title='bbox 299 2790 494 2820; x_wconf 83' lang='lat'><strong>985—1008.</strong></span> <span class='ocrx_word' id='word_1_403' title='bbox 511 2789 606 2820; x_wconf 90' lang='lat' dir='ltr'>Omni</span> <span class='ocrx_word' id='word_1_404' title='bbox 625 2789 722 2820; x_wconf 92' lang='lat' dir='ltr'>modo</span> <span class='ocrx_word' id='word_1_405' title='bbox 739 2790 853 2820; x_wconf 68' lang='lat' dir='ltr'>invitat</span> <span class='ocrx_word' id='word_1_406' title='bbox 873 2792 904 2820; x_wconf 90' lang='lat' dir='ltr'>et</span> <span class='ocrx_word' id='word_1_407' title='bbox 925 2790 990 2821; x_wconf 87' lang='lat' dir='ltr'>sere</span> <span class='ocrx_word' id='word_1_408' title='bbox 1003 2790 1088 2830; x_wconf 86' lang='lat' dir='ltr'>cogit</span> <span class='ocrx_word' id='word_1_409' title='bbox 1109 2800 1162 2830; x_wconf 91' lang='lat' dir='ltr'>pa-</span> 
     </span>
     <span class='ocr_line' id='line_1_57' title="bbox 185 2834 1160 2876; baseline 0.006 -14"><span class='ocrx_word' id='word_1_410' title='bbox 185 2836 265 2863; x_wconf 85' lang='lat' dir='ltr'>trem</span> <span class='ocrx_word' id='word_1_411' title='bbox 291 2835 327 2863; x_wconf 86' lang='lat' dir='ltr'>ut</span> <span class='ocrx_word' id='word_1_412' title='bbox 352 2834 505 2873; x_wconf 91' lang='lat' dir='ltr'>pallium,</span> <span class='ocrx_word' id='word_1_413' title='bbox 527 2836 678 2875; x_wconf 69' lang='grc' dir='ltr'>τρίὸωνα,</span> <span class='ocrx_word' id='word_1_414' title='bbox 702 2838 734 2867; x_wconf 89' lang='grc'>81</span> <span class='ocrx_word' id='word_1_415' title='bbox 756 2836 879 2867; x_wconf 82' lang='lat' dir='ltr'>calceos</span> <span class='ocrx_word' id='word_1_416' title='bbox 905 2838 1065 2876; x_wconf 78' lang='lat' dir='ltr'>permutet</span> <span class='ocrx_word' id='word_1_417' title='bbox 1088 2846 1160 2868; x_wconf 90' lang='lat' dir='ltr'>cum</span> 
     </span>
     <span class='ocr_line' id='line_1_58' title="bbox 185 2877 1161 2921; baseline 0.008 -14"><span class='ocrx_word' id='word_1_418' title='bbox 185 2877 274 2908; x_wconf 86' lang='lat' dir='ltr'>molli</span> <span class='ocrx_word' id='word_1_419' title='bbox 301 2887 444 2917; x_wconf 81' lang='lat' dir='ltr'>gannaco</span> <span class='ocrx_word' id='word_1_420' title='bbox 465 2889 505 2911; x_wconf 83' lang='lat' dir='ltr'>ex</span> <span class='ocrx_word' id='word_1_421' title='bbox 527 2881 630 2912; x_wconf 87' lang='lat' dir='ltr'>Persis</span> <span class='ocrx_word' id='word_1_422' title='bbox 645 2885 677 2913; x_wconf 90' lang='lat' dir='ltr'>et</span> <span class='ocrx_word' id='word_1_423' title='bbox 696 2882 807 2913; x_wconf 76' lang='lat' dir='ltr'>baxeis</span> <span class='ocrx_word' id='word_1_424' title='bbox 833 2883 1008 2921; x_wconf 81' lang='lat' dir='ltr'>Laconicis,</span> <span class='ocrx_word' id='word_1_425' title='bbox 1040 2887 1161 2914; x_wconf 82' lang='lat'>1120—</span> 
     </span>
     <span class='ocr_line' id='line_1_59' title="bbox 190 2923 1159 2968; baseline 0.007 -15"><span class='ocrx_word' id='word_1_426' title='bbox 190 2926 279 2959; x_wconf 87' lang='grc'>1173;</span> <span class='ocrx_word' id='word_1_427' title='bbox 295 2923 410 2955; x_wconf 87' lang='lat' dir='ltr'>deinde</span> <span class='ocrx_word' id='word_1_428' title='bbox 426 2925 522 2957; x_wconf 85' lang='lat' dir='ltr'>docet</span> <span class='ocrx_word' id='word_1_429' title='bbox 540 2935 616 2957; x_wconf 90' lang='lat' dir='ltr'>eum</span> <span class='ocrx_word' id='word_1_430' title='bbox 635 2936 799 2959; x_wconf 81' lang='lat' dir='ltr'>sermones</span> <span class='ocrx_word' id='word_1_431' title='bbox 826 2929 937 2968; x_wconf 89' lang='lat' dir='ltr'>quales</span> <span class='ocrx_word' id='word_1_432' title='bbox 958 2931 1029 2959; x_wconf 88' lang='lat' dir='ltr'>tum</span> <span class='ocrx_word' id='word_1_433' title='bbox 1046 2929 1077 2959; x_wconf 92' lang='lat' dir='ltr'>in</span> <span class='ocrx_word' id='word_1_434' title='bbox 1100 2939 1159 2961; x_wconf 89' lang='lat' dir='ltr'>usu</span> 
     </span>
     <span class='ocr_line' id='line_1_60' title="bbox 185 2969 1161 3013; baseline 0.007 -13"><span class='ocrx_word' id='word_1_435' title='bbox 185 2972 276 3001; x_wconf 85' lang='lat' dir='ltr'>erant</span> <span class='ocrx_word' id='word_1_436' title='bbox 289 2969 374 3000; x_wconf 82' lang='lat' dir='ltr'>inter</span> <span class='ocrx_word' id='word_1_437' title='bbox 389 2971 549 3010; x_wconf 84' lang='lat' dir='ltr'>elegantes</span> <span class='ocrx_word' id='word_1_438' title='bbox 567 2975 599 3004; x_wconf 91' lang='lat' dir='ltr'>et</span> <span class='ocrx_word' id='word_1_439' title='bbox 612 2973 713 3004; x_wconf 87' lang='lat' dir='ltr'>scitos</span> <span class='ocrx_word' id='word_1_440' title='bbox 730 2975 889 3013; x_wconf 89' lang='lat' dir='ltr'>homines,</span> <span class='ocrx_word' id='word_1_441' title='bbox 900 2977 938 3006; x_wconf 64' lang='lat' dir='ltr'>‘et</span> <span class='ocrx_word' id='word_1_442' title='bbox 956 2975 989 3005; x_wconf 91' lang='lat' dir='ltr'>in</span> <span class='ocrx_word' id='word_1_443' title='bbox 1006 2977 1161 3007; x_wconf 71' lang='lat' dir='ltr'>conviviis</span> 
     </span>
     <span class='ocr_line' id='line_1_61' title="bbox 185 3016 1160 3058; baseline 0.007 -12"><span class='ocrx_word' id='word_1_444' title='bbox 185 3016 300 3047; x_wconf 84' lang='lat' dir='ltr'>decore</span> <span class='ocrx_word' id='word_1_445' title='bbox 316 3017 464 3047; x_wconf 73' lang='lat' dir='ltr'>versandi</span> <span class='ocrx_word' id='word_1_446' title='bbox 486 3018 631 3058; x_wconf 89' lang='lat' dir='ltr'>modum,</span> <span class='ocrx_word' id='word_1_447' title='bbox 653 3023 865 3052; x_wconf 72' lang='grc'>1174-1249.</span> <span class='ocrx_word' id='word_1_448' title='bbox 888 3020 1107 3053; x_wconf 81' lang='lat' dir='ltr'>Abducturum</span> <span class='ocrx_word' id='word_1_449' title='bbox 1122 3023 1160 3054; x_wconf 89' lang='lat' dir='ltr'>ad</span> 
     </span>
     <span class='ocr_line' id='line_1_62' title="bbox 183 3063 1161 3107; baseline 0.008 -15"><span class='ocrx_word' id='word_1_450' title='bbox 183 3071 307 3093; x_wconf 71' lang='lat' dir='ltr'>coenam</span> <span class='ocrx_word' id='word_1_451' title='bbox 323 3071 426 3102; x_wconf 88' lang='lat' dir='ltr'>quum</span> <span class='ocrx_word' id='word_1_452' title='bbox 437 3063 596 3095; x_wconf 85' lang='lat' dir='ltr'>Philocleo</span> <span class='ocrx_word' id='word_1_453' title='bbox 611 3069 739 3097; x_wconf 87' lang='lat' dir='ltr'>moneat</span> <span class='ocrx_word' id='word_1_454' title='bbox 751 3070 871 3106; x_wconf 89' lang='lat' dir='ltr'>quanta</span> <span class='ocrx_word' id='word_1_455' title='bbox 887 3067 970 3097; x_wconf 87' lang='lat' dir='ltr'>mala</span> <span class='ocrx_word' id='word_1_456' title='bbox 988 3072 1161 3107; x_wconf 88' lang='lat' dir='ltr'>sequantur</span> 
     </span>
     <span class='ocr_line' id='line_1_63' title="bbox 183 3108 1159 3153; baseline 0.007 -15"><span class='ocrx_word' id='word_1_457' title='bbox 183 3108 384 3147; x_wconf 82' lang='lat' dir='ltr'>ebrietatem,</span> <span class='ocrx_word' id='word_1_458' title='bbox 401 3118 475 3148; x_wconf 86' lang='lat' dir='ltr'>quae</span> <span class='ocrx_word' id='word_1_459' title='bbox 493 3118 587 3149; x_wconf 89' lang='lat' dir='ltr'>poena</span> <span class='ocrx_word' id='word_1_460' title='bbox 603 3120 708 3142; x_wconf 85' lang='lat' dir='ltr'>rerum</span> <span class='ocrx_word' id='word_1_461' title='bbox 723 3112 974 3153; x_wconf 86' lang='lat' dir='ltr'>designatarum,</span> <span class='ocrx_word' id='word_1_462' title='bbox 995 3114 1079 3145; x_wconf 87' lang='lat' dir='ltr'>filius</span> <span class='ocrx_word' id='word_1_463' title='bbox 1097 3124 1159 3145; x_wconf 91' lang='lat' dir='ltr'>non</span> 
     </span>
     <span class='ocr_line' id='line_1_64' title="bbox 184 3155 1161 3194; baseline 0.006 -8"><span class='ocrx_word' id='word_1_464' title='bbox 184 3155 342 3194; x_wconf 78' lang='lat' dir='ltr'>eJ&#39;usmodi</span> <span class='ocrx_word' id='word_1_465' title='bbox 370 3163 493 3186; x_wconf 90' lang='lat' dir='ltr'>morem</span> <span class='ocrx_word' id='word_1_466' title='bbox 517 3164 587 3187; x_wconf 88' lang='lat' dir='ltr'>esse</span> <span class='ocrx_word' id='word_1_467' title='bbox 613 3157 692 3189; x_wconf 91' lang='lat' dir='ltr'>dicit</span> <span class='ocrx_word' id='word_1_468' title='bbox 715 3158 800 3190; x_wconf 89' lang='lat' dir='ltr'>inter</span> <span class='ocrx_word' id='word_1_469' title='bbox 822 3159 926 3190; x_wconf 91' lang='lat' dir='ltr'>bonos</span> <span class='ocrx_word' id='word_1_470' title='bbox 952 3163 984 3191; x_wconf 88' lang='lat' dir='ltr'>et</span> <span class='ocrx_word' id='word_1_471' title='bbox 1010 3161 1161 3192; x_wconf 86' lang='lat' dir='ltr'>honestos</span> 
     </span>
     <span class='ocr_line' id='line_1_65' title="bbox 187 3201 1160 3246; baseline 0.007 -15"><span class='ocrx_word' id='word_1_472' title='bbox 187 3201 273 3232; x_wconf 72' lang='lat' dir='ltr'>viros</span> <span class='ocrx_word' id='word_1_473' title='bbox 288 3210 296 3231; x_wconf 80' lang='lat' dir='ltr'><em>z</em></span> <span class='ocrx_word' id='word_1_474' title='bbox 314 3201 358 3231; x_wconf 92' lang='lat' dir='ltr'>ibi</span> <span class='ocrx_word' id='word_1_475' title='bbox 384 3203 510 3232; x_wconf 82' lang='lat' dir='ltr'>veniam</span> <span class='ocrx_word' id='word_1_476' title='bbox 536 3204 672 3242; x_wconf 84' lang='lat' dir='ltr'>petendo</span> <span class='ocrx_word' id='word_1_477' title='bbox 689 3206 721 3235; x_wconf 86' lang='lat' dir='ltr'>et</span> <span class='ocrx_word' id='word_1_478' title='bbox 741 3205 862 3236; x_wconf 80' lang='lat' dir='ltr'>facetiis</span> <span class='ocrx_word' id='word_1_479' title='bbox 882 3205 1060 3246; x_wconf 80' lang='lat' dir='ltr'>tabulisque</span> <span class='ocrx_word' id='word_1_480' title='bbox 1082 3208 1160 3238; x_wconf 90' lang='lat' dir='ltr'>ridi-</span> 
     </span>
     <span class='ocr_line' id='line_1_66' title="bbox 183 3247 1159 3291; baseline 0.008 -15"><span class='ocrx_word' id='word_1_481' title='bbox 183 3247 266 3278; x_wconf 89' lang='lat' dir='ltr'>culis</span> <span class='ocrx_word' id='word_1_482' title='bbox 281 3247 481 3286; x_wconf 77' lang='lat' dir='ltr'>proferendis</span> <span class='ocrx_word' id='word_1_483' title='bbox 496 3250 605 3279; x_wconf 86' lang='lat' dir='ltr'>omnia</span> <span class='ocrx_word' id='word_1_484' title='bbox 621 3250 667 3280; x_wconf 88' lang='lat' dir='ltr'>sic</span> <span class='ocrx_word' id='word_1_485' title='bbox 699 3251 822 3290; x_wconf 86' lang='lat' dir='ltr'>placide</span> <span class='ocrx_word' id='word_1_486' title='bbox 853 3252 1013 3291; x_wconf 86' lang='lat' dir='ltr'>componi.</span> <span class='ocrx_word' id='word_1_487' title='bbox 1031 3253 1159 3285; x_wconf 89' lang='lat' dir='ltr'>Talibus</span> 
     </span>
     <span class='ocr_line' id='line_1_67' title="bbox 185 3293 1158 3335; baseline 0.006 -12"><span class='ocrx_word' id='word_1_488' title='bbox 185 3293 283 3331; x_wconf 79' lang='lat' dir='ltr'>igitur</span> <span class='ocrx_word' id='word_1_489' title='bbox 295 3293 498 3324; x_wconf 88' lang='lat' dir='ltr'>sermonibus</span> <span class='ocrx_word' id='word_1_490' title='bbox 519 3294 560 3324; x_wconf 90' lang='lat' dir='ltr'>ad</span> <span class='ocrx_word' id='word_1_491' title='bbox 576 3295 793 3333; x_wconf 78' lang='lat' dir='ltr'>effugiendam</span> <span class='ocrx_word' id='word_1_492' title='bbox 816 3305 942 3335; x_wconf 85' lang='lat' dir='ltr'>poenam</span> <span class='ocrx_word' id='word_1_493' title='bbox 965 3298 1158 3329; x_wconf 81' lang='lat' dir='ltr'>studendum</span> 
     </span>
     <span class='ocr_line' id='line_1_68' title="bbox 183 3340 1161 3380; baseline 0.006 -10"><span class='ocrx_word' id='word_1_494' title='bbox 183 3349 252 3371; x_wconf 62' lang='lat' dir='ltr'>esse</span> <span class='ocrx_word' id='word_1_495' title='bbox 268 3340 428 3371; x_wconf 75' lang='lat' dir='ltr'>Philoclen</span> <span class='ocrx_word' id='word_1_496' title='bbox 441 3340 600 3380; x_wconf 81' lang='lat' dir='ltr'>intelligit,</span> <span class='ocrx_word' id='word_1_497' title='bbox 620 3345 834 3373; x_wconf 82' lang='grc'>1250-1264.</span> <span class='ocrx_word' id='word_1_498' title='bbox 856 3343 913 3373; x_wconf 87' lang='lat' dir='ltr'>His</span> <span class='ocrx_word' id='word_1_499' title='bbox 934 3345 1161 3376; x_wconf 73' lang='lat' dir='ltr'>convenienter</span> 
     </span>
     <span class='ocr_line' id='line_1_69' title="bbox 184 3386 1160 3430; baseline 0.007 -15"><span class='ocrx_word' id='word_1_500' title='bbox 184 3395 285 3425; x_wconf 88' lang='lat' dir='ltr'>quum</span> <span class='ocrx_word' id='word_1_501' title='bbox 310 3386 567 3426; x_wconf 85' lang='lat' dir='ltr'>petulantissime</span> <span class='ocrx_word' id='word_1_502' title='bbox 597 3387 630 3418; x_wconf 90' lang='grc'>111</span> <span class='ocrx_word' id='word_1_503' title='bbox 655 3389 804 3418; x_wconf 75' lang='lat' dir='ltr'>convivio</span> <span class='ocrx_word' id='word_1_504' title='bbox 829 3397 940 3420; x_wconf 89' lang='lat' dir='ltr'>omnes</span> <span class='ocrx_word' id='word_1_505' title='bbox 962 3389 1160 3430; x_wconf 81' lang='lat' dir='ltr'>insultasset,</span> 
     </span>
     <span class='ocr_line' id='line_1_70' title="bbox 185 3431 1188 3468; baseline 0.005 -5"><span class='ocrx_word' id='word_1_506' title='bbox 185 3431 310 3464; x_wconf 86' lang='lat' dir='ltr'>ebrium</span> <span class='ocrx_word' id='word_1_507' title='bbox 325 3441 399 3463; x_wconf 85' lang='lat' dir='ltr'>cum</span> <span class='ocrx_word' id='word_1_508' title='bbox 417 3432 484 3464; x_wconf 81' lang='lat' dir='ltr'>sace</span> <span class='ocrx_word' id='word_1_509' title='bbox 499 3435 531 3465; x_wconf 88' lang='lat' dir='ltr'>et</span> <span class='ocrx_word' id='word_1_510' title='bbox 548 3433 677 3465; x_wconf 87' lang='lat' dir='ltr'>tibicine</span> <span class='ocrx_word' id='word_1_511' title='bbox 698 3434 883 3466; x_wconf 86' lang='lat' dir='ltr'>redeuntem</span> <span class='ocrx_word' id='word_1_512' title='bbox 907 3438 938 3467; x_wconf 87' lang='lat' dir='ltr'>et</span> <span class='ocrx_word' id='word_1_513' title='bbox 959 3435 1014 3467; x_wconf 70' lang='lat' dir='ltr'>obx</span> <span class='ocrx_word' id='word_1_514' title='bbox 1024 3436 1071 3468; x_wconf 91' lang='lat' dir='ltr'>ios</span> <span class='ocrx_word' id='word_1_515' title='bbox 1095 3446 1162 3468; x_wconf 67' lang='lat' dir='ltr'>rer·</span> <span class='ocrx_word' id='word_1_516' title='bbox 1183 3432 1188 3455; x_wconf 72' lang='lat'><em>³</em></span> 
     </span>
    </p>
   </div>
   <div class='ocr_carea' id='block_1_9' title="bbox 2129 248 2230 279">
    <p class='ocr_par' dir='ltr' id='par_1_11' title="bbox 2129 248 2230 279">
     <span class='ocr_line' id='line_1_71' title="bbox 2129 248 2230 279; baseline 0.02 -2"><span class='ocrx_word' id='word_1_517' title='bbox 2129 248 2230 279; x_wconf 56' lang='lat'>‚633</span> 
     </span>
    </p>
   </div>
   <div class='ocr_carea' id='block_1_10' title="bbox 1216 321 2243 3476">
    <p class='ocr_par' dir='ltr' id='par_1_12' title="bbox 1256 321 2236 725">
     <span class='ocr_line' id='line_1_72' title="bbox 1256 321 2232 363; baseline 0.005 -11"><span class='ocrx_word' id='word_1_518' title='bbox 1256 324 1421 352; x_wconf 86' lang='lat' dir='ltr'>berautem</span> <span class='ocrx_word' id='word_1_519' title='bbox 1438 322 1582 361; x_wconf 84' lang='lat' dir='ltr'>sequitur</span> <span class='ocrx_word' id='word_1_520' title='bbox 1601 321 1783 362; x_wconf 73' lang='lat' dir='ltr'>Bdelyclco,</span> <span class='ocrx_word' id='word_1_521' title='bbox 1802 331 1859 363; x_wconf 91' lang='lat' dir='ltr'>pro</span> <span class='ocrx_word' id='word_1_522' title='bbox 1875 323 2033 363; x_wconf 80' lang='lat' dir='ltr'>ejusmodi</span> <span class='ocrx_word' id='word_1_523' title='bbox 2051 325 2232 357; x_wconf 88' lang='lat' dir='ltr'>commissis</span> 
     </span>
     <span class='ocr_line' id='line_1_73' title="bbox 1256 367 2231 411; baseline 0.006 -14"><span class='ocrx_word' id='word_1_524' title='bbox 1256 367 1289 398; x_wconf 90' lang='lat' dir='ltr'>in</span> <span class='ocrx_word' id='word_1_525' title='bbox 1303 368 1355 406; x_wconf 78' lang='lat' dir='ltr'>Jus</span> <span class='ocrx_word' id='word_1_526' title='bbox 1370 368 1549 398; x_wconf 58' lang='lat' dir='ltr'>iocandum</span> <span class='ocrx_word' id='word_1_527' title='bbox 1569 377 1639 399; x_wconf 88' lang='lat' dir='ltr'>esse</span> <span class='ocrx_word' id='word_1_528' title='bbox 1655 369 1812 408; x_wconf 83' lang='lat' dir='ltr'>clamans,</span> <span class='ocrx_word' id='word_1_529' title='bbox 1830 373 1907 401; x_wconf 87' lang='grc'>1332</span> <span class='ocrx_word' id='word_1_530' title='bbox 1919 379 2006 411; x_wconf 84' lang='lat' dir='ltr'>sqq.,</span> <span class='ocrx_word' id='word_1_531' title='bbox 2020 371 2076 402; x_wconf 80' lang='lat' dir='ltr'>sed</span> <span class='ocrx_word' id='word_1_532' title='bbox 2094 372 2231 404; x_wconf 89' lang='lat' dir='ltr'>irridens</span> 
     </span>
     <span class='ocr_line' id='line_1_74' title="bbox 1256 415 2234 458; baseline 0.006 -13"><span class='ocrx_word' id='word_1_533' title='bbox 1256 417 1346 453; x_wconf 84' lang='lat' dir='ltr'>pater</span> <span class='ocrx_word' id='word_1_534' title='bbox 1365 416 1480 454; x_wconf 81' lang='lat' dir='ltr'>regerit</span> <span class='ocrx_word' id='word_1_535' title='bbox 1497 415 1524 446; x_wconf 90' lang='lat' dir='ltr'>ei</span> <span class='ocrx_word' id='word_1_536' title='bbox 1547 416 1720 456; x_wconf 79' lang='lat' dir='ltr'>elegantias</span> <span class='ocrx_word' id='word_1_537' title='bbox 1736 417 1821 450; x_wconf 81' lang='lat' dir='ltr'>illas,</span> <span class='ocrx_word' id='word_1_538' title='bbox 1843 426 1924 457; x_wconf 87' lang='lat' dir='ltr'>quas</span> <span class='ocrx_word' id='word_1_539' title='bbox 1950 418 1990 449; x_wconf 86' lang='lat' dir='ltr'>ab</span> <span class='ocrx_word' id='word_1_540' title='bbox 2015 419 2086 458; x_wconf 89' lang='lat' dir='ltr'>ipso</span> <span class='ocrx_word' id='word_1_541' title='bbox 2111 419 2234 451; x_wconf 86' lang='lat' dir='ltr'>scilicet</span> 
     </span>
     <span class='ocr_line' id='line_1_75' title="bbox 1258 461 2234 506; baseline 0.007 -15"><span class='ocrx_word' id='word_1_542' title='bbox 1258 461 1430 498; x_wconf 76' lang='lat' dir='ltr'>didicerat,</span> <span class='ocrx_word' id='word_1_543' title='bbox 1454 462 1498 492; x_wconf 88' lang='lat' dir='ltr'>ita</span> <span class='ocrx_word' id='word_1_544' title='bbox 1520 465 1555 492; x_wconf 89' lang='lat' dir='ltr'>ut</span> <span class='ocrx_word' id='word_1_545' title='bbox 1579 465 1764 501; x_wconf 72' lang='lat' dir='ltr'>protervum</span> <span class='ocrx_word' id='word_1_546' title='bbox 1794 472 1901 494; x_wconf 91' lang='lat' dir='ltr'>senem</span> <span class='ocrx_word' id='word_1_547' title='bbox 1922 473 1939 494; x_wconf 84' lang='lat' dir='ltr'>a</span> <span class='ocrx_word' id='word_1_548' title='bbox 1961 465 2107 504; x_wconf 89' lang='lat' dir='ltr'>pluribus</span> <span class='ocrx_word' id='word_1_549' title='bbox 2128 467 2161 497; x_wconf 91' lang='lat' dir='ltr'>in</span> <span class='ocrx_word' id='word_1_550' title='bbox 2180 467 2234 506; x_wconf 87' lang='lat' dir='ltr'>jus</span> 
     </span>
     <span class='ocr_line' id='line_1_76' title="bbox 1258 510 2232 551; baseline 0.009 -14"><span class='ocrx_word' id='word_1_551' title='bbox 1258 512 1408 539; x_wconf 74' lang='lat' dir='ltr'>vocatum</span> <span class='ocrx_word' id='word_1_552' title='bbox 1439 510 1572 541; x_wconf 87' lang='lat' dir='ltr'>tandem</span> <span class='ocrx_word' id='word_1_553' title='bbox 1604 511 1633 540; x_wconf 72' lang='lat' dir='ltr'>vi</span> <span class='ocrx_word' id='word_1_554' title='bbox 1662 511 1693 540; x_wconf 91' lang='lat' dir='ltr'>in</span> <span class='ocrx_word' id='word_1_555' title='bbox 1726 511 1810 542; x_wconf 78' lang='lat' dir='ltr'>a=des</span> <span class='ocrx_word' id='word_1_556' title='bbox 1841 512 1982 551; x_wconf 80' lang='lat' dir='ltr'>auferat,</span> <span class='ocrx_word' id='word_1_557' title='bbox 2017 516 2232 546; x_wconf 72' lang='grc'>1334-14-19.</span> 
     </span>
     <span class='ocr_line' id='line_1_77' title="bbox 1256 555 2231 597; baseline 0.008 -13"><span class='ocrx_word' id='word_1_558' title='bbox 1256 555 1425 594; x_wconf 73' lang='lat' dir='ltr'>splendide</span> <span class='ocrx_word' id='word_1_559' title='bbox 1442 556 1590 587; x_wconf 83' lang='lat' dir='ltr'>landatur</span> <span class='ocrx_word' id='word_1_560' title='bbox 1615 565 1633 586; x_wconf 85' lang='lat' dir='ltr'>a</span> <span class='ocrx_word' id='word_1_561' title='bbox 1660 557 1766 587; x_wconf 76' lang='lat' dir='ltr'>choro</span> <span class='ocrx_word' id='word_1_562' title='bbox 1783 557 1824 587; x_wconf 83' lang='lat' dir='ltr'>ob</span> <span class='ocrx_word' id='word_1_563' title='bbox 1842 558 2003 597; x_wconf 75' lang='lat' dir='ltr'>pietatem,</span> <span class='ocrx_word' id='word_1_564' title='bbox 2024 562 2231 592; x_wconf 73' lang='lat'><strong>1462—1473.</strong></span> 
     </span>
     <span class='ocr_line' id='line_1_78' title="bbox 1257 602 2236 647; baseline 0.009 -17"><span class='ocrx_word' id='word_1_565' title='bbox 1257 602 1398 632; x_wconf 84' lang='lat' dir='ltr'>Tandem</span> <span class='ocrx_word' id='word_1_566' title='bbox 1423 602 1566 633; x_wconf 77' lang='lat' dir='ltr'>furorem</span> <span class='ocrx_word' id='word_1_567' title='bbox 1592 602 1691 642; x_wconf 88' lang='lat' dir='ltr'>patris</span> <span class='ocrx_word' id='word_1_568' title='bbox 1711 604 1857 634; x_wconf 80' lang='lat' dir='ltr'>cohihere</span> <span class='ocrx_word' id='word_1_569' title='bbox 1883 613 1945 635; x_wconf 89' lang='lat' dir='ltr'>non</span> <span class='ocrx_word' id='word_1_570' title='bbox 1969 609 2096 645; x_wconf 85' lang='lat' dir='ltr'>potest,</span> <span class='ocrx_word' id='word_1_571' title='bbox 2111 609 2143 637; x_wconf 89' lang='lat' dir='ltr'>et</span> <span class='ocrx_word' id='word_1_572' title='bbox 2166 616 2236 647; x_wconf 85' lang='lat' dir='ltr'>spe·</span> 
     </span>
     <span class='ocr_line' id='line_1_79' title="bbox 1258 648 2235 694; baseline 0.009 -17"><span class='ocrx_word' id='word_1_573' title='bbox 1258 649 1323 678; x_wconf 84' lang='lat' dir='ltr'>ctat</span> <span class='ocrx_word' id='word_1_574' title='bbox 1340 648 1508 679; x_wconf 87' lang='lat' dir='ltr'>saltantem</span> <span class='ocrx_word' id='word_1_575' title='bbox 1527 651 1557 680; x_wconf 91' lang='lat' dir='ltr'>et</span> <span class='ocrx_word' id='word_1_576' title='bbox 1580 658 1653 680; x_wconf 90' lang='lat' dir='ltr'>cum</span> <span class='ocrx_word' id='word_1_577' title='bbox 1676 650 1799 680; x_wconf 82' lang='lat' dir='ltr'>Carcini</span> <span class='ocrx_word' id='word_1_578' title='bbox 1817 650 1888 682; x_wconf 82' lang='lat' dir='ltr'>liliis</span> <span class='ocrx_word' id='word_1_579' title='bbox 1909 652 2025 684; x_wconf 84' lang='lat' dir='ltr'>chorea</span> <span class='ocrx_word' id='word_1_580' title='bbox 2046 656 2235 694; x_wconf 85' lang='lat' dir='ltr'>certantem,</span> 
     </span>
     <span class='ocr_line' id='line_1_80' title="bbox 1262 694 1472 725; baseline 0.014 -3"><span class='ocrx_word' id='word_1_581' title='bbox 1262 694 1472 725; x_wconf 72' lang='lat'><strong>1496—1511.</strong></span> 
     </span>
    </p>

    <p class='ocr_par' dir='ltr' id='par_1_13' title="bbox 1221 739 2112 784">
     <span class='ocr_line' id='line_1_81' title="bbox 1221 739 2112 784; baseline 0.009 -15"><span class='ocrx_word' id='word_1_582' title='bbox 1221 739 1296 769; x_wconf 59' lang='lat' dir='ltr'>llos-3</span> <span class='ocrx_word' id='word_1_583' title='bbox 1316 748 1373 779; x_wconf 87' lang='lat' dir='ltr'>pro</span> <span class='ocrx_word' id='word_1_584' title='bbox 1390 742 1460 777; x_wconf 73' lang='grc' dir='ltr'>Ζεῦ,</span> <span class='ocrx_word' id='word_1_585' title='bbox 1477 741 1574 771; x_wconf 84' lang='lat' dir='ltr'>Prol.</span> <span class='ocrx_word' id='word_1_586' title='bbox 1601 742 1656 778; x_wconf 71' lang='grc' dir='ltr'>ΓΙ,</span> <span class='ocrx_word' id='word_1_587' title='bbox 1677 745 1725 779; x_wconf 90' lang='grc'>11,·</span> <span class='ocrx_word' id='word_1_588' title='bbox 1743 743 1806 781; x_wconf 83' lang='lat' dir='ltr'>IX,</span> <span class='ocrx_word' id='word_1_589' title='bbox 1826 751 1860 781; x_wconf 90' lang='lat' dir='ltr'>a,</span> <span class='ocrx_word' id='word_1_590' title='bbox 1876 747 1907 782; x_wconf 92' lang='lat'>6,</span> <span class='ocrx_word' id='word_1_591' title='bbox 1920 752 1958 784; x_wconf 84' lang='lat' dir='ltr'>p.</span> <span class='ocrx_word' id='word_1_592' title='bbox 1980 746 2112 777; x_wconf 83' lang='lat' dir='ltr'><em>XVIII.</em></span> 
     </span>
    </p>

    <p class='ocr_par' dir='ltr' id='par_1_14' title="bbox 1219 787 1742 826">
     <span class='ocr_line' id='line_1_82' title="bbox 1219 787 1742 826; baseline 0.004 -10"><span class='ocrx_word' id='word_1_593' title='bbox 1219 790 1385 817; x_wconf 77' lang='lat' dir='ltr'>Beatorum</span> <span class='ocrx_word' id='word_1_594' title='bbox 1404 787 1530 825; x_wconf 71' lang='lat' dir='ltr'>insulae,</span> <span class='ocrx_word' id='word_1_595' title='bbox 1560 788 1651 826; x_wconf 84' lang='lat' dir='ltr'>l&#39;csp.</span> <span class='ocrx_word' id='word_1_596' title='bbox 1671 791 1742 819; x_wconf 90' lang='lat'><strong>639.</strong></span> 
     </span>
    </p>

    <p class='ocr_par' dir='ltr' id='par_1_15' title="bbox 1220 833 2011 876">
     <span class='ocr_line' id='line_1_83' title="bbox 1220 833 2011 876; baseline 0.006 -14"><span class='ocrx_word' id='word_1_597' title='bbox 1220 833 1387 871; x_wconf 80' lang='lat' dir='ltr'>Bellaria,</span> <span class='ocrx_word' id='word_1_598' title='bbox 1404 834 1641 873; x_wconf 70' lang='grc' dir='ltr'><strong>καταχύσματα.</strong></span> <span class='ocrx_word' id='word_1_599' title='bbox 1664 833 1741 864; x_wconf 74' lang='lat' dir='ltr'>l&#39;ide</span> <span class='ocrx_word' id='word_1_600' title='bbox 1757 838 1886 873; x_wconf 79' lang='lat' dir='ltr'>Servus,</span> <span class='ocrx_word' id='word_1_601' title='bbox 1903 837 2011 876; x_wconf 79' lang='lat' dir='ltr'>Nupti.</span> 
     </span>
    </p>

    <p class='ocr_par' dir='ltr' id='par_1_16' title="bbox 1219 878 2242 1384">
     <span class='ocr_line' id='line_1_84' title="bbox 1219 878 2238 920; baseline 0.008 -11"><span class='ocrx_word' id='word_1_602' title='bbox 1219 878 1476 919; x_wconf 86' lang='lat' dir='ltr'>Bellerophontes</span> <span class='ocrx_word' id='word_1_603' title='bbox 1492 879 1632 919; x_wconf 83' lang='lat' dir='ltr'>(plurali)</span> <span class='ocrx_word' id='word_1_604' title='bbox 1657 881 1834 920; x_wconf 84' lang='lat' dir='ltr'>Euripidis,</span> <span class='ocrx_word' id='word_1_605' title='bbox 1864 885 1949 913; x_wconf 84' lang='lat' dir='ltr'>Ran.</span> <span class='ocrx_word' id='word_1_606' title='bbox 1979 887 2066 915; x_wconf 76' lang='lat'><strong>105¹.</strong></span> <span class='ocrx_word' id='word_1_607' title='bbox 2091 886 2238 917; x_wconf 79' lang='lat' dir='ltr'>Bellero-</span> 
     </span>
     <span class='ocr_line' id='line_1_85' title="bbox 1257 925 2237 965; baseline 0.008 -10"><span class='ocrx_word' id='word_1_608' title='bbox 1257 925 1347 964; x_wconf 76' lang='lat' dir='ltr'>phoa</span> <span class='ocrx_word' id='word_1_609' title='bbox 1356 934 1420 965; x_wconf 83' lang='lat' dir='ltr'>per</span> <span class='ocrx_word' id='word_1_610' title='bbox 1433 927 1645 956; x_wconf 78' lang='lat' dir='ltr'>calumniam</span> <span class='ocrx_word' id='word_1_611' title='bbox 1659 926 1892 959; x_wconf 79' lang='lat' dir='ltr'>Stlzeneboeoea</span> <span class='ocrx_word' id='word_1_612' title='bbox 1905 931 2018 959; x_wconf 70' lang='lat' dir='ltr'>Proeto</span> <span class='ocrx_word' id='word_1_613' title='bbox 2029 931 2075 962; x_wconf 84' lang='lat' dir='ltr'>ad</span> <span class='ocrx_word' id='word_1_614' title='bbox 2084 940 2237 963; x_wconf 79' lang='lat' dir='ltr'>socerum</span> 
     </span>
     <span class='ocr_line' id='line_1_86' title="bbox 1262 973 2238 1017; baseline 0.008 -16"><span class='ocrx_word' id='word_1_615' title='bbox 1262 973 1384 1002; x_wconf 75' lang='lat' dir='ltr'>missus</span> <span class='ocrx_word' id='word_1_616' title='bbox 1400 975 1439 1004; x_wconf 79' lang='lat' dir='ltr'>ut</span> <span class='ocrx_word' id='word_1_617' title='bbox 1448 974 1593 1012; x_wconf 74' lang='lat' dir='ltr'>periret,</span> <span class='ocrx_word' id='word_1_618' title='bbox 1610 975 1804 1004; x_wconf 76' lang='lat' dir='ltr'>castitatem</span> <span class='ocrx_word' id='word_1_619' title='bbox 1822 983 1920 1006; x_wconf 88' lang='lat' dir='ltr'>suam</span> <span class='ocrx_word' id='word_1_620' title='bbox 1939 979 2059 1008; x_wconf 68' lang='lat' dir='ltr'>eventu</span> <span class='ocrx_word' id='word_1_621' title='bbox 2078 978 2238 1017; x_wconf 76' lang='lat' dir='ltr'>probavit</span> 
     </span>
     <span class='ocr_line' id='line_1_87' title="bbox 1260 1018 2240 1058; baseline 0.007 -10"><span class='ocrx_word' id='word_1_622' title='bbox 1260 1020 1292 1048; x_wconf 87' lang='lat' dir='ltr'>et</span> <span class='ocrx_word' id='word_1_623' title='bbox 1318 1018 1434 1056; x_wconf 79' lang='lat' dir='ltr'>rediit,</span> <span class='ocrx_word' id='word_1_624' title='bbox 1457 1022 1547 1049; x_wconf 73' lang='grc'>1043.</span> <span class='ocrx_word' id='word_1_625' title='bbox 1565 1021 1693 1058; x_wconf 73' lang='lat' dir='ltr'>Peqaso</span> <span class='ocrx_word' id='word_1_626' title='bbox 1708 1020 1802 1051; x_wconf 85' lang='lat' dir='ltr'>alato</span> <span class='ocrx_word' id='word_1_627' title='bbox 1818 1023 1932 1052; x_wconf 77' lang='lat' dir='ltr'>vectus</span> <span class='ocrx_word' id='word_1_628' title='bbox 1945 1025 1977 1053; x_wconf 80' lang='lat' dir='ltr'>in</span> <span class='ocrx_word' id='word_1_629' title='bbox 1993 1024 2114 1055; x_wconf 75' lang='lat' dir='ltr'>ca‘lum</span> <span class='ocrx_word' id='word_1_630' title='bbox 2129 1033 2240 1055; x_wconf 76' lang='lat' dir='ltr'>ascen-</span> 
     </span>
     <span class='ocr_line' id='line_1_88' title="bbox 1260 1064 2240 1110; baseline 0.006 -15"><span class='ocrx_word' id='word_1_631' title='bbox 1260 1064 1340 1095; x_wconf 85' lang='lat' dir='ltr'>dere</span> <span class='ocrx_word' id='word_1_632' title='bbox 1368 1067 1462 1105; x_wconf 76' lang='lat' dir='ltr'>cupi!</span> <span class='ocrx_word' id='word_1_633' title='bbox 1487 1064 1583 1105; x_wconf 83' lang='lat' dir='ltr'>apud</span> <span class='ocrx_word' id='word_1_634' title='bbox 1610 1066 1824 1105; x_wconf 77' lang='lat' dir='ltr'>Euripidem,</span> <span class='ocrx_word' id='word_1_635' title='bbox 1846 1070 1927 1099; x_wconf 88' lang='lat' dir='ltr'>Pac.</span> <span class='ocrx_word' id='word_1_636' title='bbox 1959 1071 2008 1100; x_wconf 85' lang='lat'>76.</span> <span class='ocrx_word' id='word_1_637' title='bbox 2036 1071 2240 1110; x_wconf 73' lang='lat' dir='ltr'>Bellerophon</span> 
     </span>
     <span class='ocr_line' id='line_1_89' title="bbox 1260 1111 2240 1156; baseline 0.008 -15"><span class='ocrx_word' id='word_1_638' title='bbox 1260 1111 1411 1142; x_wconf 86' lang='lat' dir='ltr'>sordidus</span> <span class='ocrx_word' id='word_1_639' title='bbox 1433 1114 1464 1142; x_wconf 89' lang='lat' dir='ltr'>et</span> <span class='ocrx_word' id='word_1_640' title='bbox 1488 1111 1654 1143; x_wconf 84' lang='lat' dir='ltr'>claudusa</span> <span class='ocrx_word' id='word_1_641' title='bbox 1668 1121 1750 1144; x_wconf 82' lang='lat' dir='ltr'>casu</span> <span class='ocrx_word' id='word_1_642' title='bbox 1771 1113 1812 1144; x_wconf 88' lang='lat' dir='ltr'>de</span> <span class='ocrx_word' id='word_1_643' title='bbox 1836 1117 1966 1154; x_wconf 80' lang='lat' dir='ltr'>Peqaso</span> <span class='ocrx_word' id='word_1_644' title='bbox 1992 1125 2075 1156; x_wconf 84' lang='lat' dir='ltr'>equo</span> <span class='ocrx_word' id='word_1_645' title='bbox 2107 1118 2240 1150; x_wconf 87' lang='lat' dir='ltr'>induce·</span> 
     </span>
     <span class='ocr_line' id='line_1_90' title="bbox 1261 1157 2240 1204; baseline 0.007 -16"><span class='ocrx_word' id='word_1_646' title='bbox 1261 1157 1355 1188; x_wconf 87' lang='lat' dir='ltr'>batur</span> <span class='ocrx_word' id='word_1_647' title='bbox 1379 1157 1420 1188; x_wconf 90' lang='lat' dir='ltr'>ab</span> <span class='ocrx_word' id='word_1_648' title='bbox 1442 1158 1608 1199; x_wconf 83' lang='lat' dir='ltr'>Euripide,</span> <span class='ocrx_word' id='word_1_649' title='bbox 1635 1159 1716 1190; x_wconf 79' lang='lat' dir='ltr'>Ach.</span> <span class='ocrx_word' id='word_1_650' title='bbox 1748 1162 1818 1191; x_wconf 76' lang='grc'>427.</span> <span class='ocrx_word' id='word_1_651' title='bbox 1846 1161 1938 1192; x_wconf 80' lang='lat' dir='ltr'>Adde</span> <span class='ocrx_word' id='word_1_652' title='bbox 1961 1162 2029 1193; x_wconf 77' lang='lat' dir='ltr'>sch.</span> <span class='ocrx_word' id='word_1_653' title='bbox 2054 1165 2132 1194; x_wconf 84' lang='lat' dir='ltr'>I’ac.</span> <span class='ocrx_word' id='word_1_654' title='bbox 2162 1167 2240 1204; x_wconf 79' lang='grc'>147,</span> 
     </span>
     <span class='ocr_line' id='line_1_91' title="bbox 1264 1204 2242 1248; baseline 0.007 -12"><span class='ocrx_word' id='word_1_655' title='bbox 1264 1207 1352 1236; x_wconf 84' lang='lat' dir='ltr'>Ran.</span> <span class='ocrx_word' id='word_1_656' title='bbox 1385 1207 1456 1236; x_wconf 74' lang='grc'>846.</span> <span class='ocrx_word' id='word_1_657' title='bbox 1485 1205 1531 1236; x_wconf 69' lang='lat' dir='ltr'>Ab</span> <span class='ocrx_word' id='word_1_658' title='bbox 1560 1204 1671 1235; x_wconf 87' lang='lat' dir='ltr'>eodem</span> <span class='ocrx_word' id='word_1_659' title='bbox 1706 1206 1856 1246; x_wconf 82' lang='lat' dir='ltr'>Euripide</span> <span class='ocrx_word' id='word_1_660' title='bbox 1884 1208 2069 1246; x_wconf 87' lang='lat' dir='ltr'>mendicus,</span> <span class='ocrx_word' id='word_1_661' title='bbox 2096 1211 2242 1248; x_wconf 77' lang='lat' dir='ltr'>garrulus</span> 
     </span>
     <span class='ocr_line' id='line_1_92' title="bbox 1261 1250 2242 1297; baseline 0.006 -15"><span class='ocrx_word' id='word_1_662' title='bbox 1261 1253 1293 1282; x_wconf 89' lang='lat' dir='ltr'>et</span> <span class='ocrx_word' id='word_1_663' title='bbox 1309 1250 1448 1282; x_wconf 86' lang='lat' dir='ltr'>disertus</span> <span class='ocrx_word' id='word_1_664' title='bbox 1465 1250 1686 1289; x_wconf 74' lang='lat' dir='ltr'>exhibebatur,</span> <span class='ocrx_word' id='word_1_665' title='bbox 1703 1252 1782 1282; x_wconf 80' lang='lat' dir='ltr'>Aclz.</span> <span class='ocrx_word' id='word_1_666' title='bbox 1800 1255 1872 1284; x_wconf 85' lang='grc'>429.</span> <span class='ocrx_word' id='word_1_667' title='bbox 1890 1255 2033 1293; x_wconf 82' lang='lat' dir='ltr'>Fertur,</span> <span class='ocrx_word' id='word_1_668' title='bbox 2057 1256 2242 1297; x_wconf 79' lang='lat' dir='ltr'>absumpta</span> 
     </span>
     <span class='ocr_line' id='line_1_93' title="bbox 1264 1297 2242 1337; baseline 0.008 -10"><span class='ocrx_word' id='word_1_669' title='bbox 1264 1297 1437 1328; x_wconf 62' lang='lat' dir='ltr'>Chimaera</span> <span class='ocrx_word' id='word_1_670' title='bbox 1461 1297 1662 1328; x_wconf 80' lang='lat' dir='ltr'>Corinthum</span> <span class='ocrx_word' id='word_1_671' title='bbox 1684 1298 1814 1337; x_wconf 68' lang='lat' dir='ltr'>redux,</span> <span class='ocrx_word' id='word_1_672' title='bbox 1837 1301 1945 1330; x_wconf 69' lang='lat' dir='ltr'>Pra’ti</span> <span class='ocrx_word' id='word_1_673' title='bbox 1963 1309 2106 1332; x_wconf 65' lang='lat' dir='ltr'>uxorem</span> <span class='ocrx_word' id='word_1_674' title='bbox 2129 1303 2242 1335; x_wconf 86' lang='lat' dir='ltr'>dolose</span> 
     </span>
     <span class='ocr_line' id='line_1_94' title="bbox 1261 1344 2136 1384; baseline 0.006 -10"><span class='ocrx_word' id='word_1_675' title='bbox 1261 1344 1390 1382; x_wconf 79' lang='lat' dir='ltr'>Peqaso</span> <span class='ocrx_word' id='word_1_676' title='bbox 1406 1345 1602 1383; x_wconf 78' lang='lat' dir='ltr'>impositam</span> <span class='ocrx_word' id='word_1_677' title='bbox 1618 1347 1652 1376; x_wconf 81' lang='lat' dir='ltr'>in</span> <span class='ocrx_word' id='word_1_678' title='bbox 1670 1352 1768 1375; x_wconf 80' lang='lat' dir='ltr'>mare</span> <span class='ocrx_word' id='word_1_679' title='bbox 1781 1344 1948 1384; x_wconf 76' lang='lat' dir='ltr'>dejecisse,</span> <span class='ocrx_word' id='word_1_680' title='bbox 1968 1349 2048 1378; x_wconf 84' lang='lat' dir='ltr'>Pac.</span> <span class='ocrx_word' id='word_1_681' title='bbox 2069 1351 2136 1379; x_wconf 78' lang='grc'>141.</span> 
     </span>
    </p>

    <p class='ocr_par' dir='ltr' id='par_1_17' title="bbox 1220 1389 2242 1712">
     <span class='ocr_line' id='line_1_95' title="bbox 1220 1389 2242 1436; baseline 0.008 -16"><span class='ocrx_word' id='word_1_682' title='bbox 1220 1389 1339 1421; x_wconf 80' lang='lat' dir='ltr'>Bellum</span> <span class='ocrx_word' id='word_1_683' title='bbox 1356 1398 1493 1421; x_wconf 87' lang='lat' dir='ltr'>sacrum.</span> <span class='ocrx_word' id='word_1_684' title='bbox 1514 1393 1562 1422; x_wconf 84' lang='lat' dir='ltr'>De</span> <span class='ocrx_word' id='word_1_685' title='bbox 1575 1393 1686 1423; x_wconf 81' lang='lat' dir='ltr'>sacris</span> <span class='ocrx_word' id='word_1_686' title='bbox 1699 1391 1796 1422; x_wconf 79' lang='lat' dir='ltr'>bellis</span> <span class='ocrx_word' id='word_1_687' title='bbox 1812 1391 1943 1423; x_wconf 79' lang='lat' dir='ltr'>duobus</span> <span class='ocrx_word' id='word_1_688' title='bbox 1960 1395 2064 1432; x_wconf 74' lang='lat' dir='ltr'>jussu</span> <span class='ocrx_word' id='word_1_689' title='bbox 2085 1397 2242 1436; x_wconf 72' lang='lat' dir='ltr'>Delphici</span> 
     </span>
     <span class='ocr_line' id='line_1_96' title="bbox 1261 1438 2240 1478; baseline 0.008 -10"><span class='ocrx_word' id='word_1_690' title='bbox 1261 1438 1395 1469; x_wconf 76' lang='lat' dir='ltr'>oraculi</span> <span class='ocrx_word' id='word_1_691' title='bbox 1411 1440 1514 1478; x_wconf 69' lang='lat' dir='ltr'>yestis</span> <span class='ocrx_word' id='word_1_692' title='bbox 1540 1447 1573 1470; x_wconf 83' lang='lat' dir='ltr'>v.</span> <span class='ocrx_word' id='word_1_693' title='bbox 1598 1441 1835 1470; x_wconf 79' lang='lat' dir='ltr'>narrationem</span> <span class='ocrx_word' id='word_1_694' title='bbox 1859 1440 2099 1473; x_wconf 75' lang='lat' dir='ltr'>historicorum</span> <span class='ocrx_word' id='word_1_695' title='bbox 2125 1446 2158 1474; x_wconf 82' lang='lat' dir='ltr'>in</span> <span class='ocrx_word' id='word_1_696' title='bbox 2184 1449 2240 1476; x_wconf 74' lang='lat' dir='ltr'>Ac.</span> 
     </span>
     <span class='ocr_line' id='line_1_97' title="bbox 1262 1484 2242 1528; baseline 0.006 -12"><span class='ocrx_word' id='word_1_697' title='bbox 1262 1489 1332 1516; x_wconf 82' lang='lat'><strong>556.</strong></span> <span class='ocrx_word' id='word_1_698' title='bbox 1348 1484 1483 1515; x_wconf 84' lang='lat' dir='ltr'>Bellum</span> <span class='ocrx_word' id='word_1_699' title='bbox 1505 1486 1778 1524; x_wconf 75' lang='lat' dir='ltr'>Corinthiacum,</span> <span class='ocrx_word' id='word_1_700' title='bbox 1804 1485 1859 1517; x_wconf 88' lang='lat' dir='ltr'>Pl.</span> <span class='ocrx_word' id='word_1_701' title='bbox 1888 1489 1956 1518; x_wconf 87' lang='lat'><strong>173.</strong></span> <span class='ocrx_word' id='word_1_702' title='bbox 1982 1487 2130 1528; x_wconf 80' lang='lat' dir='ltr'>[Bellum</span> <span class='ocrx_word' id='word_1_703' title='bbox 2146 1492 2242 1522; x_wconf 89' lang='lat' dir='ltr'>Pelo-</span> 
     </span>
     <span class='ocr_line' id='line_1_98' title="bbox 1256 1534 2240 1578; baseline 0.007 -16"><span class='ocrx_word' id='word_1_704' title='bbox 1256 1534 1505 1572; x_wconf 80' lang='lat' dir='ltr'>ponnesiacum</span> <span class='ocrx_word' id='word_1_705' title='bbox 1531 1535 1690 1573; x_wconf 78' lang='lat' dir='ltr'>tanqitur</span> <span class='ocrx_word' id='word_1_706' title='bbox 1717 1535 1782 1573; x_wconf 89' lang='lat' dir='ltr'>Eq.</span> <span class='ocrx_word' id='word_1_707' title='bbox 1813 1535 1885 1572; x_wconf 89' lang='grc'>794,</span> <span class='ocrx_word' id='word_1_708' title='bbox 1914 1538 2010 1574; x_wconf 88' lang='grc'>1392,</span> <span class='ocrx_word' id='word_1_709' title='bbox 2048 1537 2129 1568; x_wconf 80' lang='lat' dir='ltr'>Ach.</span> <span class='ocrx_word' id='word_1_710' title='bbox 2168 1543 2240 1578; x_wconf 88' lang='lat'>266,</span> 
     </span>
     <span class='ocr_line' id='line_1_99' title="bbox 1265 1581 2228 1625; baseline 0.006 -15"><span class='ocrx_word' id='word_1_711' title='bbox 1265 1581 1359 1618; x_wconf 77' lang='lat' dir='ltr'>l’esp.</span> <span class='ocrx_word' id='word_1_712' title='bbox 1386 1581 1438 1617; x_wconf 83' lang='grc'>41,</span> <span class='ocrx_word' id='word_1_713' title='bbox 1458 1583 1529 1617; x_wconf 90' lang='grc'>210,</span> <span class='ocrx_word' id='word_1_714' title='bbox 1550 1582 1630 1610; x_wconf 87' lang='lat' dir='ltr'>Pac.</span> <span class='ocrx_word' id='word_1_715' title='bbox 1647 1582 1720 1618; x_wconf 81' lang='grc'>435,</span> <span class='ocrx_word' id='word_1_716' title='bbox 1733 1582 1805 1618; x_wconf 89' lang='grc'>466,</span> <span class='ocrx_word' id='word_1_717' title='bbox 1821 1583 1892 1619; x_wconf 90' lang='grc'>479,</span> <span class='ocrx_word' id='word_1_718' title='bbox 1909 1586 1981 1620; x_wconf 83' lang='lat'>665,</span> <span class='ocrx_word' id='word_1_719' title='bbox 1998 1586 2071 1622; x_wconf 87' lang='grc'>990,</span> <span class='ocrx_word' id='word_1_720' title='bbox 2086 1587 2146 1615; x_wconf 69' lang='lat' dir='ltr'>Ae.</span> <span class='ocrx_word' id='word_1_721' title='bbox 2161 1587 2228 1625; x_wconf 80' lang='lat' dir='ltr'>Arq</span> 
     </span>
     <span class='ocr_line' id='line_1_100' title="bbox 1262 1626 2240 1671; baseline 0.009 -16"><span class='ocrx_word' id='word_1_722' title='bbox 1262 1627 1316 1665; x_wconf 89' lang='lat' dir='ltr'>II,</span> <span class='ocrx_word' id='word_1_723' title='bbox 1347 1627 1416 1655; x_wconf 88' lang='lat'>186.</span> <span class='ocrx_word' id='word_1_724' title='bbox 1442 1626 1530 1665; x_wconf 76' lang='lat' dir='ltr'>EJ&#39;us</span> <span class='ocrx_word' id='word_1_725' title='bbox 1555 1626 1644 1666; x_wconf 84' lang='lat' dir='ltr'>origo</span> <span class='ocrx_word' id='word_1_726' title='bbox 1666 1629 1698 1657; x_wconf 89' lang='lat' dir='ltr'>et</span> <span class='ocrx_word' id='word_1_727' title='bbox 1716 1635 1840 1665; x_wconf 89' lang='lat' dir='ltr'>caussa,</span> <span class='ocrx_word' id='word_1_728' title='bbox 1856 1628 1936 1659; x_wconf 69' lang='lat' dir='ltr'>Aen.</span> <span class='ocrx_word' id='word_1_729' title='bbox 1966 1632 2025 1660; x_wconf 88' lang='lat'>526</span> <span class='ocrx_word' id='word_1_730' title='bbox 2048 1639 2134 1671; x_wconf 57' lang='lat' dir='ltr'>sqq„</span> <span class='ocrx_word' id='word_1_731' title='bbox 2159 1634 2240 1664; x_wconf 85' lang='lat' dir='ltr'>Pac.</span> 
     </span>
     <span class='ocr_line' id='line_1_101' title="bbox 1262 1672 1406 1712; baseline 0.007 -10"><span class='ocrx_word' id='word_1_732' title='bbox 1262 1676 1332 1702; x_wconf 85' lang='lat'><strong>606.</strong></span> <span class='ocrx_word' id='word_1_733' title='bbox 1352 1672 1406 1712; x_wconf 59' lang='lat' dir='ltr'>lc]</span> 
     </span>
    </p>

    <p class='ocr_par' dir='ltr' id='par_1_18' title="bbox 1220 1719 2243 2226">
     <span class='ocr_line' id='line_1_102' title="bbox 1220 1719 2243 1765; baseline 0.006 -16"><span class='ocrx_word' id='word_1_734' title='bbox 1220 1719 1352 1757; x_wconf 72' lang='lat' dir='ltr'>Bellum,</span> <span class='ocrx_word' id='word_1_735' title='bbox 1371 1720 1523 1757; x_wconf 76' lang='grc' dir='ltr'>Πόλεμος,</span> <span class='ocrx_word' id='word_1_736' title='bbox 1536 1721 1576 1750; x_wconf 88' lang='lat' dir='ltr'>ut</span> <span class='ocrx_word' id='word_1_737' title='bbox 1587 1727 1750 1759; x_wconf 84' lang='lat' dir='ltr'>persona,</span> <span class='ocrx_word' id='word_1_738' title='bbox 1768 1720 1848 1752; x_wconf 84' lang='lat' dir='ltr'>Aclz.</span> <span class='ocrx_word' id='word_1_739' title='bbox 1865 1723 1937 1752; x_wconf 90' lang='lat'><strong>979.</strong></span> <span class='ocrx_word' id='word_1_740' title='bbox 1953 1724 1995 1753; x_wconf 84' lang='lat' dir='ltr'>In</span> <span class='ocrx_word' id='word_1_741' title='bbox 2008 1724 2097 1754; x_wconf 88' lang='lat' dir='ltr'>Pace</span> <span class='ocrx_word' id='word_1_742' title='bbox 2109 1725 2243 1765; x_wconf 77' lang='grc' dir='ltr'>Πολέμῳ</span> 
     </span>
     <span class='ocr_line' id='line_1_103' title="bbox 1261 1765 2242 1806; baseline 0.006 -10"><span class='ocrx_word' id='word_1_743' title='bbox 1261 1765 1318 1804; x_wconf 85' lang='grc'>(111,</span> <span class='ocrx_word' id='word_1_744' title='bbox 1338 1766 1458 1797; x_wconf 84' lang='lat' dir='ltr'>Graecis</span> <span class='ocrx_word' id='word_1_745' title='bbox 1478 1774 1580 1805; x_wconf 88' lang='lat' dir='ltr'>usque</span> <span class='ocrx_word' id='word_1_746' title='bbox 1597 1766 1860 1806; x_wconf 84' lang='lat' dir='ltr'>belligerantibus</span> <span class='ocrx_word' id='word_1_747' title='bbox 1885 1768 1975 1806; x_wconf 83' lang='lat' dir='ltr'>irati,</span> <span class='ocrx_word' id='word_1_748' title='bbox 1994 1769 2111 1800; x_wconf 74' lang='lat' dir='ltr'>coelum</span> <span class='ocrx_word' id='word_1_749' title='bbox 2136 1779 2242 1802; x_wconf 87' lang='lat' dir='ltr'>cesse-</span> 
     </span>
     <span class='ocr_line' id='line_1_104' title="bbox 1261 1812 2243 1856; baseline 0.006 -14"><span class='ocrx_word' id='word_1_750' title='bbox 1261 1815 1357 1842; x_wconf 83' lang='lat' dir='ltr'>runt:</span> <span class='ocrx_word' id='word_1_751' title='bbox 1375 1814 1445 1842; x_wconf 91' lang='lat' dir='ltr'>tum</span> <span class='ocrx_word' id='word_1_752' title='bbox 1479 1812 1506 1842; x_wconf 87' lang='lat' dir='ltr'>is</span> <span class='ocrx_word' id='word_1_753' title='bbox 1529 1815 1642 1843; x_wconf 86' lang='lat' dir='ltr'>Pacem</span> <span class='ocrx_word' id='word_1_754' title='bbox 1666 1813 1699 1843; x_wconf 90' lang='lat' dir='ltr'>in</span> <span class='ocrx_word' id='word_1_755' title='bbox 1726 1815 1855 1844; x_wconf 91' lang='lat' dir='ltr'>antrum</span> <span class='ocrx_word' id='word_1_756' title='bbox 1876 1814 2073 1853; x_wconf 78' lang='lat' dir='ltr'>profundum</span> <span class='ocrx_word' id='word_1_757' title='bbox 2102 1817 2243 1856; x_wconf 82' lang='lat' dir='ltr'>superin-</span> 
     </span>
     <span class='ocr_line' id='line_1_105' title="bbox 1261 1857 2242 1900; baseline 0.003 -11"><span class='ocrx_word' id='word_1_758' title='bbox 1261 1858 1359 1896; x_wconf 83' lang='lat' dir='ltr'>gestis</span> <span class='ocrx_word' id='word_1_759' title='bbox 1383 1857 1545 1897; x_wconf 80' lang='lat' dir='ltr'>lapidibus</span> <span class='ocrx_word' id='word_1_760' title='bbox 1571 1859 1742 1898; x_wconf 87' lang='lat' dir='ltr'>conclusit,</span> <span class='ocrx_word' id='word_1_761' title='bbox 1767 1864 1826 1891; x_wconf 82' lang='lat'>205</span> <span class='ocrx_word' id='word_1_762' title='bbox 1855 1869 1927 1900; x_wconf 80' lang='lat' dir='ltr'>sqq.</span> <span class='ocrx_word' id='word_1_763' title='bbox 1955 1860 2026 1891; x_wconf 71' lang='lat' dir='ltr'>Exit</span> <span class='ocrx_word' id='word_1_764' title='bbox 2054 1862 2087 1892; x_wconf 87' lang='lat' dir='ltr'>in</span> <span class='ocrx_word' id='word_1_765' title='bbox 2113 1871 2242 1894; x_wconf 88' lang='lat' dir='ltr'>scenam</span> 
     </span>
     <span class='ocr_line' id='line_1_106' title="bbox 1263 1904 2243 1945; baseline 0.006 -11"><span class='ocrx_word' id='word_1_766' title='bbox 1263 1912 1336 1935; x_wconf 91' lang='lat' dir='ltr'>cum</span> <span class='ocrx_word' id='word_1_767' title='bbox 1361 1904 1527 1943; x_wconf 78' lang='lat' dir='ltr'>mortario,</span> <span class='ocrx_word' id='word_1_768' title='bbox 1543 1905 1594 1935; x_wconf 90' lang='lat' dir='ltr'>cui</span> <span class='ocrx_word' id='word_1_769' title='bbox 1613 1905 1708 1937; x_wconf 89' lang='lat' dir='ltr'>urbes</span> <span class='ocrx_word' id='word_1_770' title='bbox 1726 1906 2043 1945; x_wconf 65' lang='lat' dir='ltr'>Graecasfruccibus</span> <span class='ocrx_word' id='word_1_771' title='bbox 2056 1917 2176 1940; x_wconf 81' lang='lat' dir='ltr'>earum</span> <span class='ocrx_word' id='word_1_772' title='bbox 2194 1912 2243 1940; x_wconf 85' lang='lat' dir='ltr'>si-</span> 
     </span>
     <span class='ocr_line' id='line_1_107' title="bbox 1261 1952 2241 1993; baseline 0.006 -11"><span class='ocrx_word' id='word_1_773' title='bbox 1261 1952 1446 1991; x_wconf 77' lang='lat' dir='ltr'>qnificatas</span> <span class='ocrx_word' id='word_1_774' title='bbox 1470 1952 1586 1991; x_wconf 90' lang='lat' dir='ltr'>injicit,</span> <span class='ocrx_word' id='word_1_775' title='bbox 1604 1955 1800 1984; x_wconf 84' lang='lat' dir='ltr'>contusums</span> <span class='ocrx_word' id='word_1_776' title='bbox 1814 1954 1847 1985; x_wconf 92' lang='lat' dir='ltr'>in</span> <span class='ocrx_word' id='word_1_777' title='bbox 1861 1963 2045 1993; x_wconf 64' lang='lat' dir='ltr'>cyceonem,</span> <span class='ocrx_word' id='word_1_778' title='bbox 2067 1959 2241 1988; x_wconf 85' lang='lat'><strong>236—252.</strong></span> 
     </span>
     <span class='ocr_line' id='line_1_108' title="bbox 1261 1999 2239 2042; baseline 0.006 -13"><span class='ocrx_word' id='word_1_779' title='bbox 1261 1999 1342 2029; x_wconf 86' lang='lat' dir='ltr'>Hinc</span> <span class='ocrx_word' id='word_1_780' title='bbox 1361 1999 1516 2029; x_wconf 79' lang='lat' dir='ltr'>famulum</span> <span class='ocrx_word' id='word_1_781' title='bbox 1544 2000 1735 2031; x_wconf 88' lang='lat' dir='ltr'>Tumultum</span> <span class='ocrx_word' id='word_1_782' title='bbox 1760 2000 1822 2031; x_wconf 89' lang='lat' dir='ltr'>sibi</span> <span class='ocrx_word' id='word_1_783' title='bbox 1848 2001 1961 2032; x_wconf 74' lang='lat' dir='ltr'>afferre</span> <span class='ocrx_word' id='word_1_784' title='bbox 1973 2001 2066 2041; x_wconf 83' lang='lat' dir='ltr'>jubet</span> <span class='ocrx_word' id='word_1_785' title='bbox 2086 2003 2239 2042; x_wconf 82' lang='lat' dir='ltr'>pistillum</span> 
     </span>
     <span class='ocr_line' id='line_1_109' title="bbox 1263 2045 2241 2086; baseline 0.007 -11"><span class='ocrx_word' id='word_1_786' title='bbox 1263 2045 1303 2076; x_wconf 85' lang='lat' dir='ltr'>ab</span> <span class='ocrx_word' id='word_1_787' title='bbox 1321 2045 1584 2085; x_wconf 70' lang='lat' dir='ltr'>Atheniensibus;</span> <span class='ocrx_word' id='word_1_788' title='bbox 1603 2047 1657 2078; x_wconf 90' lang='lat' dir='ltr'>sed</span> <span class='ocrx_word' id='word_1_789' title='bbox 1675 2047 1714 2078; x_wconf 91' lang='lat' dir='ltr'>ab</span> <span class='ocrx_word' id='word_1_790' title='bbox 1740 2047 1808 2086; x_wconf 89' lang='lat' dir='ltr'>his,</span> <span class='ocrx_word' id='word_1_791' title='bbox 1829 2056 1904 2078; x_wconf 78' lang='lat' dir='ltr'>mox</span> <span class='ocrx_word' id='word_1_792' title='bbox 1922 2046 1962 2078; x_wconf 77' lang='lat' dir='ltr'>ah&#39;</span> <span class='ocrx_word' id='word_1_793' title='bbox 1989 2049 2241 2082; x_wconf 83' lang='lat' dir='ltr'>Lacedaemoniis</span> 
     </span>
     <span class='ocr_line' id='line_1_110' title="bbox 1261 2092 2242 2134; baseline 0.007 -13"><span class='ocrx_word' id='word_1_794' title='bbox 1261 2101 1383 2123; x_wconf 66' lang='lat' dir='ltr'>vacuus</span> <span class='ocrx_word' id='word_1_795' title='bbox 1400 2092 1496 2131; x_wconf 91' lang='lat' dir='ltr'>redit,</span> <span class='ocrx_word' id='word_1_796' title='bbox 1513 2102 1613 2133; x_wconf 91' lang='lat' dir='ltr'>quum</span> <span class='ocrx_word' id='word_1_797' title='bbox 1626 2094 1659 2124; x_wconf 88' lang='lat' dir='ltr'>hi</span> <span class='ocrx_word' id='word_1_798' title='bbox 1682 2094 1744 2134; x_wconf 90' lang='lat' dir='ltr'>ipsi</span> <span class='ocrx_word' id='word_1_799' title='bbox 1762 2103 1838 2125; x_wconf 86' lang='lat' dir='ltr'>suos</span> <span class='ocrx_word' id='word_1_800' title='bbox 1855 2094 2003 2134; x_wconf 84' lang='lat' dir='ltr'>pistillos,</span> <span class='ocrx_word' id='word_1_801' title='bbox 2030 2096 2185 2127; x_wconf 79' lang='lat' dir='ltr'>Cleonem</span> <span class='ocrx_word' id='word_1_802' title='bbox 2209 2100 2242 2128; x_wconf 82' lang='lat' dir='ltr'>et</span> 
     </span>
     <span class='ocr_line' id='line_1_111' title="bbox 1260 2139 2240 2184; baseline 0.005 -14"><span class='ocrx_word' id='word_1_803' title='bbox 1260 2139 1464 2177; x_wconf 76' lang='lat' dir='ltr'>Brasidam,</span> <span class='ocrx_word' id='word_1_804' title='bbox 1482 2149 1584 2179; x_wconf 87' lang='lat' dir='ltr'>nuper</span> <span class='ocrx_word' id='word_1_805' title='bbox 1602 2140 1635 2170; x_wconf 91' lang='lat' dir='ltr'>in</span> <span class='ocrx_word' id='word_1_806' title='bbox 1653 2141 1788 2171; x_wconf 82' lang='lat' dir='ltr'>Thracia</span> <span class='ocrx_word' id='word_1_807' title='bbox 1817 2141 2034 2180; x_wconf 82' lang='lat' dir='ltr'>perdiderint3</span> <span class='ocrx_word' id='word_1_808' title='bbox 2061 2143 2159 2175; x_wconf 82' lang='lat' dir='ltr'>intrat</span> <span class='ocrx_word' id='word_1_809' title='bbox 2184 2145 2240 2184; x_wconf 84' lang='lat' dir='ltr'>igi-</span> 
     </span>
     <span class='ocr_line' id='line_1_112' title="bbox 1260 2186 2122 2226; baseline 0.005 -10"><span class='ocrx_word' id='word_1_810' title='bbox 1260 2187 1313 2216; x_wconf 92' lang='lat' dir='ltr'>tur</span> <span class='ocrx_word' id='word_1_811' title='bbox 1327 2186 1476 2216; x_wconf 86' lang='lat' dir='ltr'>Polemus</span> <span class='ocrx_word' id='word_1_812' title='bbox 1494 2187 1702 2217; x_wconf 83' lang='lat' dir='ltr'>confecturus</span> <span class='ocrx_word' id='word_1_813' title='bbox 1716 2187 1776 2218; x_wconf 89' lang='lat' dir='ltr'>sibi</span> <span class='ocrx_word' id='word_1_814' title='bbox 1794 2196 1928 2226; x_wconf 72' lang='lat' dir='ltr'>novum,</span> <span class='ocrx_word' id='word_1_815' title='bbox 1949 2192 2122 2220; x_wconf 82' lang='grc'>255-288.</span> 
     </span>
    </p>

    <p class='ocr_par' dir='ltr' id='par_1_19' title="bbox 1221 2232 2242 2402">
     <span class='ocr_line' id='line_1_113' title="bbox 1221 2232 2238 2275; baseline 0.004 -13"><span class='ocrx_word' id='word_1_816' title='bbox 1221 2232 1425 2272; x_wconf 74' lang='lat' dir='ltr'>Belonopoles</span> <span class='ocrx_word' id='word_1_817' title='bbox 1451 2234 1586 2269; x_wconf 71' lang='lat' dir='ltr'>[Aenum</span> <span class='ocrx_word' id='word_1_818' title='bbox 1612 2233 1773 2271; x_wconf 73' lang='lat' dir='ltr'>venditor)</span> <span class='ocrx_word' id='word_1_819' title='bbox 1801 2233 1939 2272; x_wconf 86' lang='lat' dir='ltr'>plorabit</span> <span class='ocrx_word' id='word_1_820' title='bbox 1960 2242 2033 2264; x_wconf 91' lang='lat' dir='ltr'>cum</span> <span class='ocrx_word' id='word_1_821' title='bbox 2057 2235 2238 2275; x_wconf 89' lang='lat' dir='ltr'>Pamphilo,</span> 
     </span>
     <span class='ocr_line' id='line_1_114' title="bbox 1255 2280 2242 2318; baseline 0.005 -10"><span class='ocrx_word' id='word_1_822' title='bbox 1255 2288 1322 2318; x_wconf 79' lang='lat' dir='ltr'>pro</span> <span class='ocrx_word' id='word_1_823' title='bbox 1350 2281 1490 2318; x_wconf 79' lang='lat' dir='ltr'>proprio</span> <span class='ocrx_word' id='word_1_824' title='bbox 1518 2281 1651 2309; x_wconf 79' lang='lat' dir='ltr'>nomine</span> <span class='ocrx_word' id='word_1_825' title='bbox 1673 2281 1848 2318; x_wconf 75' lang='lat' dir='ltr'>accipiunt</span> <span class='ocrx_word' id='word_1_826' title='bbox 1876 2280 2029 2318; x_wconf 74' lang='lat' dir='ltr'>scholia5</span> <span class='ocrx_word' id='word_1_827' title='bbox 2057 2283 2089 2312; x_wconf 80' lang='lat' dir='ltr'>et</span> <span class='ocrx_word' id='word_1_828' title='bbox 2113 2281 2242 2313; x_wconf 74' lang='lat' dir='ltr'>dicitur</span> 
     </span>
     <span class='ocr_line' id='line_1_115' title="bbox 1252 2325 2242 2366; baseline 0.005 -11"><span class='ocrx_word' id='word_1_829' title='bbox 1252 2325 1462 2364; x_wconf 83' lang='lat' dir='ltr'>foenerator‚</span> <span class='ocrx_word' id='word_1_830' title='bbox 1480 2326 1559 2356; x_wconf 78' lang='lat' dir='ltr'>aliis</span> <span class='ocrx_word' id='word_1_831' title='bbox 1581 2328 1775 2356; x_wconf 78' lang='lat' dir='ltr'>assentator</span> <span class='ocrx_word' id='word_1_832' title='bbox 1797 2326 1986 2366; x_wconf 74' lang='lat' dir='ltr'>Pamphili,</span> <span class='ocrx_word' id='word_1_833' title='bbox 2012 2328 2068 2359; x_wconf 91' lang='lat' dir='ltr'>Pl.</span> <span class='ocrx_word' id='word_1_834' title='bbox 2090 2329 2159 2360; x_wconf 82' lang='lat'><strong>175.</strong></span> <span class='ocrx_word' id='word_1_835' title='bbox 2177 2329 2242 2360; x_wconf 84' lang='lat' dir='ltr'>Sed</span> 
     </span>
     <span class='ocr_line' id='line_1_116' title="bbox 1260 2371 1572 2402; baseline -0.003 0"><span class='ocrx_word' id='word_1_836' title='bbox 1260 2371 1334 2402; x_wconf 78' lang='lat' dir='ltr'>vide</span> <span class='ocrx_word' id='word_1_837' title='bbox 1349 2371 1572 2401; x_wconf 84' lang='lat' dir='ltr'>Aristoxenus.</span> 
     </span>
    </p>

    <p class='ocr_par' dir='ltr' id='par_1_20' title="bbox 1219 2417 1974 2457">
     <span class='ocr_line' id='line_1_117' title="bbox 1219 2417 1974 2457; baseline 0.003 -9"><span class='ocrx_word' id='word_1_838' title='bbox 1219 2417 1334 2455; x_wconf 78' lang='lat' dir='ltr'>Belus,</span> <span class='ocrx_word' id='word_1_839' title='bbox 1351 2419 1455 2457; x_wconf 77' lang='lat' dir='ltr'>paler</span> <span class='ocrx_word' id='word_1_840' title='bbox 1471 2419 1602 2448; x_wconf 78' lang='lat' dir='ltr'>Lamiae</span> <span class='ocrx_word' id='word_1_841' title='bbox 1618 2425 1661 2448; x_wconf 69' lang='lat' dir='ltr'>ex</span> <span class='ocrx_word' id='word_1_842' title='bbox 1672 2417 1786 2457; x_wconf 72' lang='lat' dir='ltr'>Libye,</span> <span class='ocrx_word' id='word_1_843' title='bbox 1801 2419 1883 2449; x_wconf 87' lang='lat' dir='ltr'>Pac.</span> <span class='ocrx_word' id='word_1_844' title='bbox 1899 2421 1974 2450; x_wconf 89' lang='grc'>758.</span> 
     </span>
    </p>

    <p class='ocr_par' dir='ltr' id='par_1_21' title="bbox 1218 2463 2241 2552">
     <span class='ocr_line' id='line_1_118' title="bbox 1218 2463 2241 2507; baseline 0.006 -13"><span class='ocrx_word' id='word_1_845' title='bbox 1218 2463 1344 2502; x_wconf 83' lang='lat' dir='ltr'>Bendis,</span> <span class='ocrx_word' id='word_1_846' title='bbox 1361 2472 1490 2503; x_wconf 84' lang='lat' dir='ltr'>magna,</span> <span class='ocrx_word' id='word_1_847' title='bbox 1511 2464 1737 2503; x_wconf 84' lang='lat' dir='ltr'>potentissima</span> <span class='ocrx_word' id='word_1_848' title='bbox 1754 2464 1814 2495; x_wconf 88' lang='lat' dir='ltr'>dea</span> <span class='ocrx_word' id='word_1_849' title='bbox 1833 2465 2009 2505; x_wconf 88' lang='lat' dir='ltr'>(Thracia),</span> <span class='ocrx_word' id='word_1_850' title='bbox 2035 2467 2127 2507; x_wconf 82' lang='lat' dir='ltr'>qu&#39;us</span> <span class='ocrx_word' id='word_1_851' title='bbox 2153 2476 2241 2500; x_wconf 85' lang='lat' dir='ltr'>nune</span> 
     </span>
     <span class='ocr_line' id='line_1_119' title="bbox 1260 2510 2155 2552; baseline 0.002 -11"><span class='ocrx_word' id='word_1_852' title='bbox 1260 2511 1363 2541; x_wconf 86' lang='lat' dir='ltr'>calida</span> <span class='ocrx_word' id='word_1_853' title='bbox 1379 2513 1427 2541; x_wconf 90' lang='lat' dir='ltr'>est</span> <span class='ocrx_word' id='word_1_854' title='bbox 1443 2519 1498 2541; x_wconf 90' lang='lat' dir='ltr'>ara</span> <span class='ocrx_word' id='word_1_855' title='bbox 1513 2510 1609 2550; x_wconf 85' lang='lat' dir='ltr'>(apud</span> <span class='ocrx_word' id='word_1_856' title='bbox 1624 2510 1858 2549; x_wconf 60' lang='lat' dir='ltr'>Athenienses),</span> <span class='ocrx_word' id='word_1_857' title='bbox 1874 2514 2003 2551; x_wconf 61' lang='lat' dir='ltr'>Lemn„</span> <span class='ocrx_word' id='word_1_858' title='bbox 2011 2512 2066 2552; x_wconf 86' lang='lat' dir='ltr'>fr.</span> <span class='ocrx_word' id='word_1_859' title='bbox 2083 2516 2155 2545; x_wconf 91' lang='grc'>332.</span> 
     </span>
    </p>

    <p class='ocr_par' dir='ltr' id='par_1_22' title="bbox 1219 2557 2238 2600">
     <span class='ocr_line' id='line_1_120' title="bbox 1219 2557 2238 2600; baseline 0.003 -12"><span class='ocrx_word' id='word_1_860' title='bbox 1219 2557 1430 2595; x_wconf 69' lang='lat' dir='ltr'>nereschethi,</span> <span class='ocrx_word' id='word_1_861' title='bbox 1448 2559 1593 2588; x_wconf 70' lang='lat' dir='ltr'>insanire</span> <span class='ocrx_word' id='word_1_862' title='bbox 1605 2557 1773 2597; x_wconf 65' lang='lat' dir='ltr'>praesides</span> <span class='ocrx_word' id='word_1_863' title='bbox 1787 2557 1851 2596; x_wconf 75' lang='lat' dir='ltr'>dii,</span> <span class='ocrx_word' id='word_1_864' title='bbox 1869 2566 1937 2589; x_wconf 74' lang='lat' dir='ltr'>vox</span> <span class='ocrx_word' id='word_1_865' title='bbox 1961 2558 2057 2595; x_wconf 76' lang='lat' dir='ltr'>licta,</span> <span class='ocrx_word' id='word_1_866' title='bbox 2076 2562 2139 2600; x_wconf 87' lang='lat' dir='ltr'>Eq.</span> <span class='ocrx_word' id='word_1_867' title='bbox 2165 2564 2238 2591; x_wconf 82' lang='lat'><strong>635.</strong></span> 
     </span>
    </p>

    <p class='ocr_par' dir='ltr' id='par_1_23' title="bbox 1217 2603 2047 2646">
     <span class='ocr_line' id='line_1_121' title="bbox 1217 2603 2047 2646; baseline 0.002 -12"><span class='ocrx_word' id='word_1_868' title='bbox 1217 2604 1344 2635; x_wconf 65' lang='lat' dir='ltr'>Blandae</span> <span class='ocrx_word' id='word_1_869' title='bbox 1360 2603 1586 2643; x_wconf 82' lang='lat' dir='ltr'>appellationes</span> <span class='ocrx_word' id='word_1_870' title='bbox 1599 2603 1788 2642; x_wconf 90' lang='lat' dir='ltr'>amicarum,</span> <span class='ocrx_word' id='word_1_871' title='bbox 1806 2605 1900 2636; x_wconf 86' lang='lat' dir='ltr'>Eccl.</span> <span class='ocrx_word' id='word_1_872' title='bbox 1920 2607 1981 2636; x_wconf 92' lang='grc'>973</span> <span class='ocrx_word' id='word_1_873' title='bbox 1995 2614 2047 2646; x_wconf 83' lang='lat' dir='ltr'>sq.</span> 
     </span>
    </p>

    <p class='ocr_par' dir='ltr' id='par_1_24' title="bbox 1218 2650 2239 2921">
     <span class='ocr_line' id='line_1_122' title="bbox 1218 2650 2239 2690; baseline 0.002 -9"><span class='ocrx_word' id='word_1_874' title='bbox 1218 2651 1453 2690; x_wconf 76' lang='lat' dir='ltr'>sslepsidemus,</span> <span class='ocrx_word' id='word_1_875' title='bbox 1478 2651 1513 2680; x_wconf 76' lang='lat' dir='ltr'>in</span> <span class='ocrx_word' id='word_1_876' title='bbox 1540 2650 1645 2680; x_wconf 89' lang='lat' dir='ltr'>Pluto</span> <span class='ocrx_word' id='word_1_877' title='bbox 1671 2651 1818 2689; x_wconf 89' lang='lat' dir='ltr'>petulans</span> <span class='ocrx_word' id='word_1_878' title='bbox 1841 2651 1950 2690; x_wconf 90' lang='lat' dir='ltr'>homo,</span> <span class='ocrx_word' id='word_1_879' title='bbox 1975 2652 2051 2683; x_wconf 82' lang='lat' dir='ltr'>furti</span> <span class='ocrx_word' id='word_1_880' title='bbox 2074 2652 2239 2683; x_wconf 81' lang='lat' dir='ltr'>insimulat</span> 
     </span>
     <span class='ocr_line' id='line_1_123' title="bbox 1259 2695 2237 2737; baseline 0.001 -9"><span class='ocrx_word' id='word_1_881' title='bbox 1259 2697 1466 2736; x_wconf 78' lang='lat' dir='ltr'>Chremylum</span> <span class='ocrx_word' id='word_1_882' title='bbox 1489 2695 1530 2727; x_wconf 91' lang='lat' dir='ltr'>ob</span> <span class='ocrx_word' id='word_1_883' title='bbox 1554 2696 1738 2735; x_wconf 88' lang='lat' dir='ltr'>repentinas</span> <span class='ocrx_word' id='word_1_884' title='bbox 1763 2697 1904 2736; x_wconf 70' lang='lat' dir='ltr'>divitias,</span> <span class='ocrx_word' id='word_1_885' title='bbox 1930 2700 1962 2729; x_wconf 89' lang='lat' dir='ltr'>et</span> <span class='ocrx_word' id='word_1_886' title='bbox 1986 2698 2119 2737; x_wconf 88' lang='lat' dir='ltr'>impellit</span> <span class='ocrx_word' id='word_1_887' title='bbox 2141 2700 2177 2729; x_wconf 92' lang='lat' dir='ltr'>ut</span> <span class='ocrx_word' id='word_1_888' title='bbox 2199 2700 2237 2729; x_wconf 89' lang='lat' dir='ltr'>ad</span> 
     </span>
     <span class='ocr_line' id='line_1_124' title="bbox 1258 2743 2239 2782; baseline 0.002 -9"><span class='ocrx_word' id='word_1_889' title='bbox 1258 2744 1379 2774; x_wconf 84' lang='lat' dir='ltr'>amicos</span> <span class='ocrx_word' id='word_1_890' title='bbox 1397 2743 1503 2773; x_wconf 88' lang='lat' dir='ltr'>mittat</span> <span class='ocrx_word' id='word_1_891' title='bbox 1521 2743 1650 2774; x_wconf 87' lang='lat' dir='ltr'>Plutum</span> <span class='ocrx_word' id='word_1_892' title='bbox 1669 2745 1725 2773; x_wconf 91' lang='lat' dir='ltr'>aut</span> <span class='ocrx_word' id='word_1_893' title='bbox 1742 2743 1806 2774; x_wconf 89' lang='lat' dir='ltr'>cito</span> <span class='ocrx_word' id='word_1_894' title='bbox 1823 2744 2000 2775; x_wconf 90' lang='lat' dir='ltr'>sanandum</span> <span class='ocrx_word' id='word_1_895' title='bbox 2017 2747 2118 2782; x_wconf 86' lang='lat' dir='ltr'>curet,</span> <span class='ocrx_word' id='word_1_896' title='bbox 2136 2748 2239 2776; x_wconf 84' lang='lat'><strong>332-</strong></span> 
     </span>
     <span class='ocr_line' id='line_1_125' title="bbox 1257 2789 2238 2828; baseline 0.002 -8"><span class='ocrx_word' id='word_1_897' title='bbox 1257 2791 1329 2820; x_wconf 84' lang='grc'>414.</span> <span class='ocrx_word' id='word_1_898' title='bbox 1351 2791 1589 2828; x_wconf 87' lang='lat' dir='ltr'>Paupertatem,</span> <span class='ocrx_word' id='word_1_899' title='bbox 1606 2797 1625 2819; x_wconf 89' lang='lat' dir='ltr'>a</span> <span class='ocrx_word' id='word_1_900' title='bbox 1637 2797 1700 2828; x_wconf 90' lang='lat' dir='ltr'>qua</span> <span class='ocrx_word' id='word_1_901' title='bbox 1718 2789 1914 2827; x_wconf 88' lang='lat' dir='ltr'>inhibentur,</span> <span class='ocrx_word' id='word_1_902' title='bbox 1933 2790 2088 2821; x_wconf 65' lang='lat' dir='ltr'>conviciis</span> <span class='ocrx_word' id='word_1_903' title='bbox 2101 2790 2238 2822; x_wconf 88' lang='lat' dir='ltr'>insecta-</span> 
     </span>
     <span class='ocr_line' id='line_1_126' title="bbox 1257 2835 2236 2875; baseline 0.002 -10"><span class='ocrx_word' id='word_1_904' title='bbox 1257 2839 1322 2874; x_wconf 84' lang='lat' dir='ltr'>tur3</span> <span class='ocrx_word' id='word_1_905' title='bbox 1339 2844 1375 2866; x_wconf 88' lang='lat' dir='ltr'>ea</span> <span class='ocrx_word' id='word_1_906' title='bbox 1390 2836 1547 2866; x_wconf 63' lang='lat' dir='ltr'>violenter</span> <span class='ocrx_word' id='word_1_907' title='bbox 1565 2835 1704 2874; x_wconf 87' lang='lat' dir='ltr'>repulsa,</span> <span class='ocrx_word' id='word_1_908' title='bbox 1723 2837 1845 2866; x_wconf 90' lang='lat' dir='ltr'>ceteros</span> <span class='ocrx_word' id='word_1_909' title='bbox 1863 2838 1952 2874; x_wconf 83' lang='lat' dir='ltr'>urget</span> <span class='ocrx_word' id='word_1_910' title='bbox 1966 2839 2000 2866; x_wconf 94' lang='lat' dir='ltr'>ut</span> <span class='ocrx_word' id='word_1_911' title='bbox 2016 2836 2050 2866; x_wconf 91' lang='lat' dir='ltr'>in</span> <span class='ocrx_word' id='word_1_912' title='bbox 2072 2836 2236 2875; x_wconf 76' lang='lat' dir='ltr'>AEsculapii</span> 
     </span>
     <span class='ocr_line' id='line_1_127' title="bbox 1258 2882 1762 2921; baseline -0.004 -9"><span class='ocrx_word' id='word_1_913' title='bbox 1258 2882 1366 2912; x_wconf 85' lang='lat' dir='ltr'>sanum</span> <span class='ocrx_word' id='word_1_914' title='bbox 1384 2884 1566 2921; x_wconf 86' lang='lat' dir='ltr'>properent,</span> <span class='ocrx_word' id='word_1_915' title='bbox 1588 2884 1762 2911; x_wconf 84' lang='grc'>415-623,</span> 
     </span>
    </p>

    <p class='ocr_par' dir='ltr' id='par_1_25' title="bbox 1216 2927 2236 3476">
     <span class='ocr_line' id='line_1_128' title="bbox 1216 2927 2234 2968; baseline 0 -9"><span class='ocrx_word' id='word_1_916' title='bbox 1216 2929 1379 2968; x_wconf 69' lang='lat' dir='ltr'>Blepyrus,</span> <span class='ocrx_word' id='word_1_917' title='bbox 1402 2930 1436 2958; x_wconf 75' lang='lat' dir='ltr'>in</span> <span class='ocrx_word' id='word_1_918' title='bbox 1462 2927 1708 2958; x_wconf 75' lang='lat' dir='ltr'>Ecclesiaz-usis</span> <span class='ocrx_word' id='word_1_919' title='bbox 1724 2928 1860 2957; x_wconf 80' lang='lat' dir='ltr'>maritus</span> <span class='ocrx_word' id='word_1_920' title='bbox 1881 2931 2067 2966; x_wconf 62' lang='lat' dir='ltr'>Praxagorae</span> <span class='ocrx_word' id='word_1_921' title='bbox 2091 2928 2135 2965; x_wconf 77' lang='lat' dir='ltr'>(v.</span> <span class='ocrx_word' id='word_1_922' title='bbox 2162 2928 2234 2959; x_wconf 76' lang='lat' dir='ltr'>sch.</span> 
     </span>
     <span class='ocr_line' id='line_1_129' title="bbox 1260 2973 2234 3013; baseline 0.001 -8"><span class='ocrx_word' id='word_1_923' title='bbox 1260 2976 1347 3013; x_wconf 84' lang='lat'>516),</span> <span class='ocrx_word' id='word_1_924' title='bbox 1366 2974 1564 3005; x_wconf 85' lang='lat' dir='ltr'>cacaturiens</span> <span class='ocrx_word' id='word_1_925' title='bbox 1590 2973 1677 3011; x_wconf 80' lang='lat' dir='ltr'>exit,</span> <span class='ocrx_word' id='word_1_926' title='bbox 1694 2973 1827 3003; x_wconf 87' lang='lat' dir='ltr'>miratus</span> <span class='ocrx_word' id='word_1_927' title='bbox 1852 2982 1917 3012; x_wconf 92' lang='lat' dir='ltr'>quo</span> <span class='ocrx_word' id='word_1_928' title='bbox 1934 2982 2016 3003; x_wconf 72' lang='lat' dir='ltr'>uxor</span> <span class='ocrx_word' id='word_1_929' title='bbox 2034 2982 2107 3004; x_wconf 92' lang='lat' dir='ltr'>cum</span> <span class='ocrx_word' id='word_1_930' title='bbox 2131 2975 2234 3006; x_wconf 68' lang='lat' dir='ltr'>resti-</span> 
     </span>
     <span class='ocr_line' id='line_1_130' title="bbox 1256 3018 2234 3058; baseline 0 -7"><span class='ocrx_word' id='word_1_931' title='bbox 1256 3021 1370 3052; x_wconf 88' lang='lat' dir='ltr'>mentis</span> <span class='ocrx_word' id='word_1_932' title='bbox 1383 3020 1448 3051; x_wconf 86' lang='lat' dir='ltr'>suis</span> <span class='ocrx_word' id='word_1_933' title='bbox 1462 3022 1560 3051; x_wconf 90' lang='lat' dir='ltr'>noctu</span> <span class='ocrx_word' id='word_1_934' title='bbox 1574 3019 1719 3057; x_wconf 80' lang='lat' dir='ltr'>evaserit;</span> <span class='ocrx_word' id='word_1_935' title='bbox 1728 3018 1835 3049; x_wconf 70' lang='lat' dir='ltr'>vicino</span> <span class='ocrx_word' id='word_1_936' title='bbox 1850 3027 1916 3049; x_wconf 90' lang='lat' dir='ltr'>rem</span> <span class='ocrx_word' id='word_1_937' title='bbox 1927 3020 2048 3058; x_wconf 89' lang='lat' dir='ltr'>narrat,</span> <span class='ocrx_word' id='word_1_938' title='bbox 2059 3019 2111 3050; x_wconf 92' lang='lat' dir='ltr'>cui</span> <span class='ocrx_word' id='word_1_939' title='bbox 2124 3020 2234 3051; x_wconf 89' lang='lat' dir='ltr'>eadem</span> 
     </span>
     <span class='ocr_line' id='line_1_131' title="bbox 1256 3066 2236 3110; baseline -0.001 -11"><span class='ocrx_word' id='word_1_940' title='bbox 1256 3069 1350 3110; x_wconf 89' lang='lat' dir='ltr'>plane</span> <span class='ocrx_word' id='word_1_941' title='bbox 1369 3068 1564 3104; x_wconf 70' lang='lat' dir='ltr'>evenerunt;</span> <span class='ocrx_word' id='word_1_942' title='bbox 1592 3066 1648 3096; x_wconf 89' lang='lat' dir='ltr'>diu</span> <span class='ocrx_word' id='word_1_943' title='bbox 1671 3066 1824 3105; x_wconf 88' lang='lat' dir='ltr'>parturit,</span> <span class='ocrx_word' id='word_1_944' title='bbox 1841 3067 2014 3096; x_wconf 86' lang='grc'>311-371.</span> <span class='ocrx_word' id='word_1_945' title='bbox 2038 3068 2161 3097; x_wconf 87' lang='lat' dir='ltr'>Interea</span> <span class='ocrx_word' id='word_1_946' title='bbox 2184 3075 2236 3098; x_wconf 91' lang='lat' dir='ltr'>su-</span> 
     </span>
     <span class='ocr_line' id='line_1_132' title="bbox 1256 3110 2232 3154; baseline -0.002 -8"><span class='ocrx_word' id='word_1_947' title='bbox 1256 3113 1445 3154; x_wconf 66' lang='lat' dir='ltr'>perveniens</span> <span class='ocrx_word' id='word_1_948' title='bbox 1461 3113 1614 3143; x_wconf 88' lang='lat' dir='ltr'>Chremes</span> <span class='ocrx_word' id='word_1_949' title='bbox 1631 3111 1658 3142; x_wconf 89' lang='lat' dir='ltr'>ei</span> <span class='ocrx_word' id='word_1_950' title='bbox 1678 3113 1785 3141; x_wconf 86' lang='lat' dir='ltr'>narrat</span> <span class='ocrx_word' id='word_1_951' title='bbox 1801 3119 1873 3150; x_wconf 83' lang='lat' dir='ltr'>quae</span> <span class='ocrx_word' id='word_1_952' title='bbox 1896 3110 1929 3141; x_wconf 92' lang='lat' dir='ltr'>in</span> <span class='ocrx_word' id='word_1_953' title='bbox 1955 3112 2107 3143; x_wconf 87' lang='lat' dir='ltr'>concione</span> <span class='ocrx_word' id='word_1_954' title='bbox 2124 3114 2232 3153; x_wconf 90' lang='lat' dir='ltr'>populi</span> 
     </span>
     <span class='ocr_line' id='line_1_133' title="bbox 1255 3157 2233 3197; baseline -0.001 -6"><span class='ocrx_word' id='word_1_955' title='bbox 1255 3161 1337 3192; x_wconf 90' lang='lat' dir='ltr'>mira</span> <span class='ocrx_word' id='word_1_956' title='bbox 1355 3161 1438 3190; x_wconf 82' lang='lat' dir='ltr'>facta</span> <span class='ocrx_word' id='word_1_957' title='bbox 1464 3159 1540 3196; x_wconf 90' lang='lat' dir='ltr'>sint,</span> <span class='ocrx_word' id='word_1_958' title='bbox 1566 3160 1601 3188; x_wconf 89' lang='lat' dir='ltr'>ut</span> <span class='ocrx_word' id='word_1_959' title='bbox 1627 3157 1809 3188; x_wconf 87' lang='lat' dir='ltr'>moderatio</span> <span class='ocrx_word' id='word_1_960' title='bbox 1835 3157 2018 3197; x_wconf 85' lang='lat' dir='ltr'>reipublicae</span> <span class='ocrx_word' id='word_1_961' title='bbox 2048 3159 2233 3191; x_wconf 87' lang='lat' dir='ltr'>mulieribus</span> 
     </span>
     <span class='ocr_line' id='line_1_134' title="bbox 1255 3203 2232 3245; baseline -0.001 -8"><span class='ocrx_word' id='word_1_962' title='bbox 1255 3206 1418 3244; x_wconf 86' lang='lat' dir='ltr'>mandata,</span> <span class='ocrx_word' id='word_1_963' title='bbox 1436 3206 1611 3236; x_wconf 80' lang='grc'>372-477.</span> <span class='ocrx_word' id='word_1_964' title='bbox 1635 3207 1849 3242; x_wconf 81' lang='lat' dir='ltr'>Praxagoram</span> <span class='ocrx_word' id='word_1_965' title='bbox 1876 3203 2064 3235; x_wconf 87' lang='lat' dir='ltr'>redeuntem</span> <span class='ocrx_word' id='word_1_966' title='bbox 2079 3205 2232 3245; x_wconf 67' lang='lat' dir='ltr'>Blepyrus</span> 
     </span>
     <span class='ocr_line' id='line_1_135' title="bbox 1255 3250 2231 3292; baseline -0.001 -9"><span class='ocrx_word' id='word_1_967' title='bbox 1255 3252 1411 3292; x_wconf 88' lang='lat' dir='ltr'>conspicit</span> <span class='ocrx_word' id='word_1_968' title='bbox 1427 3253 1458 3282; x_wconf 89' lang='lat' dir='ltr'>et</span> <span class='ocrx_word' id='word_1_969' title='bbox 1478 3250 1519 3281; x_wconf 91' lang='lat' dir='ltr'>ob</span> <span class='ocrx_word' id='word_1_970' title='bbox 1535 3250 1655 3280; x_wconf 76' lang='lat' dir='ltr'>exitum</span> <span class='ocrx_word' id='word_1_971' title='bbox 1682 3250 1910 3289; x_wconf 85' lang='lat' dir='ltr'>intempestum</span> <span class='ocrx_word' id='word_1_972' title='bbox 1928 3250 1968 3281; x_wconf 91' lang='lat' dir='ltr'>de</span> <span class='ocrx_word' id='word_1_973' title='bbox 1992 3251 2117 3281; x_wconf 80' lang='lat' dir='ltr'>moecho</span> <span class='ocrx_word' id='word_1_974' title='bbox 2138 3259 2231 3282; x_wconf 83' lang='lat' dir='ltr'>accu-</span> 
     </span>
     <span class='ocr_line' id='line_1_136' title="bbox 1255 3296 2230 3337; baseline -0.001 -8"><span class='ocrx_word' id='word_1_975' title='bbox 1255 3302 1322 3337; x_wconf 90' lang='lat' dir='ltr'>sat;</span> <span class='ocrx_word' id='word_1_976' title='bbox 1348 3297 1536 3329; x_wconf 86' lang='lat' dir='ltr'>commentis</span> <span class='ocrx_word' id='word_1_977' title='bbox 1554 3296 1712 3336; x_wconf 85' lang='lat' dir='ltr'>placatus,</span> <span class='ocrx_word' id='word_1_978' title='bbox 1730 3297 1760 3327; x_wconf 88' lang='lat' dir='ltr'>ei</span> <span class='ocrx_word' id='word_1_979' title='bbox 1775 3299 1809 3327; x_wconf 93' lang='lat' dir='ltr'>ut</span> <span class='ocrx_word' id='word_1_980' title='bbox 1829 3297 1948 3334; x_wconf 81' lang='lat' dir='ltr'>ignarae</span> <span class='ocrx_word' id='word_1_981' title='bbox 1971 3299 2079 3328; x_wconf 85' lang='lat' dir='ltr'>narrat</span> <span class='ocrx_word' id='word_1_982' title='bbox 2106 3305 2178 3336; x_wconf 85' lang='lat' dir='ltr'>quae</span> <span class='ocrx_word' id='word_1_983' title='bbox 2197 3298 2230 3328; x_wconf 91' lang='lat' dir='ltr'>in</span> 
     </span>
     <span class='ocr_line' id='line_1_137' title="bbox 1255 3343 2229 3383; baseline -0.001 -8"><span class='ocrx_word' id='word_1_984' title='bbox 1255 3345 1408 3375; x_wconf 88' lang='lat' dir='ltr'>concione</span> <span class='ocrx_word' id='word_1_985' title='bbox 1423 3343 1542 3383; x_wconf 83' lang='lat' dir='ltr'>perlata</span> <span class='ocrx_word' id='word_1_986' title='bbox 1555 3343 1632 3381; x_wconf 89' lang='lat' dir='ltr'>sint,</span> <span class='ocrx_word' id='word_1_987' title='bbox 1645 3346 1819 3374; x_wconf 79' lang='lat'><strong>520—563.</strong></span> <span class='ocrx_word' id='word_1_988' title='bbox 1832 3343 1908 3374; x_wconf 82' lang='lat' dir='ltr'>Inde</span> <span class='ocrx_word' id='word_1_989' title='bbox 1918 3343 2006 3374; x_wconf 88' lang='lat' dir='ltr'>audit</span> <span class='ocrx_word' id='word_1_990' title='bbox 2020 3347 2229 3382; x_wconf 77' lang='lat' dir='ltr'>Praxagoram</span> 
     </span>
     <span class='ocr_line' id='line_1_138' title="bbox 1255 3388 2229 3429; baseline -0.001 -9"><span class='ocrx_word' id='word_1_991' title='bbox 1255 3399 1315 3422; x_wconf 88' lang='lat' dir='ltr'>sua</span> <span class='ocrx_word' id='word_1_992' title='bbox 1331 3390 1464 3420; x_wconf 86' lang='lat' dir='ltr'>consilia</span> <span class='ocrx_word' id='word_1_993' title='bbox 1479 3389 1518 3420; x_wconf 87' lang='lat' dir='ltr'>de</span> <span class='ocrx_word' id='word_1_994' title='bbox 1540 3389 1725 3428; x_wconf 82' lang='lat' dir='ltr'>reipublicae</span> <span class='ocrx_word' id='word_1_995' title='bbox 1747 3389 1850 3419; x_wconf 85' lang='lat' dir='ltr'>salute</span> <span class='ocrx_word' id='word_1_996' title='bbox 1865 3391 2076 3429; x_wconf 79' lang='lat' dir='ltr'>exponentem</span> <span class='ocrx_word' id='word_1_997' title='bbox 2093 3392 2125 3420; x_wconf 90' lang='lat' dir='ltr'>et</span> <span class='ocrx_word' id='word_1_998' title='bbox 2139 3388 2229 3419; x_wconf 81' lang='lat' dir='ltr'>dubi-</span> 
     </span>
     <span class='ocr_line' id='line_1_139' title="bbox 1257 3435 2227 3476; baseline -0.003 -8"><span class='ocrx_word' id='word_1_999' title='bbox 1257 3436 1434 3468; x_wconf 87' lang='lat' dir='ltr'>tationibus</span> <span class='ocrx_word' id='word_1_1000' title='bbox 1450 3435 1518 3466; x_wconf 90' lang='lat' dir='ltr'>suis</span> <span class='ocrx_word' id='word_1_1001' title='bbox 1535 3435 1574 3465; x_wconf 88' lang='lat' dir='ltr'>ad</span> <span class='ocrx_word' id='word_1_1002' title='bbox 1596 3435 1720 3475; x_wconf 81' lang='lat' dir='ltr'>singula</span> <span class='ocrx_word' id='word_1_1003' title='bbox 1742 3435 1915 3466; x_wconf 81' lang='lat' dir='ltr'>dilucidius</span> <span class='ocrx_word' id='word_1_1004' title='bbox 1934 3435 2152 3476; x_wconf 80' lang='lat' dir='ltr'>persequenda</span> <span class='ocrx_word' id='word_1_1005' title='bbox 2175 3444 2227 3467; x_wconf 58' lang='lat' dir='ltr'>ex&lt;</span> 
     </span>
    </p>
   </div>
  </div>
 </body>
</html>
