2533 3808
198 225 273 258 204

196 303 245 354 μὴ
263 304 510 355 ἐπιγινώσκειν,
527 305 615 355 μόνα
633 303 668 342 δὲ
685 304 811 342 εἰδέναι
830 304 874 343 τὰ
888 303 1093 346 Σιὸύλλεια.
1111 308 1149 345 οὗ
1166 306 1234 360 γὰρ

194 363 304 399 κεῖται
322 366 431 399 ταῦτα
446 362 544 414 παρὰ
561 361 729 414 Σιὸύλλῃ.

250 432 331 457 1098.
363 420 547 469 ἐπιδημίου
573 434 582 459 :
607 420 660 459 Τὸ
685 419 869 470 ἐπιδημίου
897 421 958 458 οὐκ
978 420 1051 458 ἔστι
1076 421 1161 474 πρὸς
1188 421 1233 460 τὰ

193 475 421 526 προκείμενα,
440 477 524 529 πρὸς
540 477 760 530 ἀλλοχώρους
772 476 838 529 γὰρ
857 472 899 524 ῆν
917 481 936 516 ὁ
955 478 1124 528 πόλεμος,
1143 479 1232 517 ἀλλὰ

157 548 173 572 5
194 533 326 582 μᾶλλον
354 533 438 586 πρὸς
462 535 500 571 τὸ
529 535 684 586 πολέμου
711 535 843 588 ἔραται.
866 538 895 574 εἰ
923 536 971 587 μὴ
997 537 1064 590 ἄρα
1092 541 1135 590 τῇ
1164 540 1232 575 τῶν

193 589 371 636 Ἑλλήνων
388 592 558 646 ὀνομασίᾳ
574 593 755 644 ἐπιδήμιος
772 593 859 638 δόξει
874 594 1161 646 Λακεδαιμονίοις
1174 595 1233 633 καὶ

192 646 380 694 Ἀθηναίοις
401 652 418 687 ὁ
434 649 597 702 πόλεμος.

246 720 330 745 1101.
361 710 406 750 ὡς
426 703 521 752 οὗτος
541 709 683 762 φοὸερὸς
705 723 714 748 :
738 709 827 748 Ἀντὶ
843 714 902 748 τοῦ
923 712 1029 748 εἰπεῖν
1053 713 1071 749 ὁ
1089 710 1233 755 ἴκτινος·

188 764 342 816 χαλεπὸς
355 764 421 818 γὰρ
437 761 534 810 οἶτος
546 768 615 811 τοῖς
629 766 851 819 σπλάγχνοις.
934 767 1078 812 Ἄλλως.
1093 768 1234 807 εἰώθασι

141 836 172 861 10
194 822 260 875 γὰρ
282 824 312 860 οἱ
331 823 471 872 μάντεις
493 824 582 875 μετὰ
600 824 663 872 τὴν
684 825 827 863 ἔκὸασιν
844 828 912 864 τῶν
937 826 1156 879 πραγμάτων
1174 827 1232 866 λέ-

192 895 265 931 γειν
282 879 333 918 ὅτι
349 881 513 933 προῄδειν
542 887 643 921 τοῦτο
662 883 701 921 τὸ
725 883 898 934 ἐσόμενον.
917 885 998 938 πρὶν
1017 884 1053 922 δὲ
1075 885 1234 936 γενέσθαι

191 936 269 975 οὔτε
285 935 469 990 προίσασιν
490 939 585 978 οὐδὲν
605 940 683 978 οὔτε
700 940 868 992 λέγουσιν.

259 1009 338 1034 1103.
370 997 575 1048 βαλανεύσω
606 1012 615 1038 :
655 999 878 1047 Διακονήσω,
909 1000 1138 1053 ὑπουργήσω,
1172 1000 1232 1038 καὶ

190 1053 301 1105 ἐγχέω
322 1055 474 1105 ἐμαυτοῦ
498 1059 566 1093 τῶν
599 1058 768 1095 σπονδῶν.
804 1057 873 1095 ἀπὸ
893 1060 959 1095 τῶν
981 1061 1116 1101 ἑαυτοῖς
1149 1060 1231 1096 ἐπι-

139 1127 170 1151 15
189 1111 338 1163 χεόντων
361 1113 467 1166 ὕδωρ,
487 1113 509 1160 ἢ
533 1113 595 1157 τὰς
619 1115 787 1166 βαλάνους
813 1115 1035 1167 κρυπτόντων
1059 1119 1109 1170 τῷ
1125 1116 1230 1169 πυρί.

187 1167 333 1213 Ἄλλως.
360 1172 485 1223 κυρίως
505 1172 563 1210 ἐπὶ
590 1177 650 1210 τοῦ
669 1172 730 1216 τὰς
763 1174 932 1225 βαλάνους
964 1176 1091 1212 ὀπτᾶν·
1113 1179 1169 1213 νῦν
1196 1175 1231 1212 δὲ

189 1228 309 1271 ἇπλῶς
326 1230 496 1268 ὀπτεύσω.
514 1231 553 1268 τὸ
571 1230 607 1268 δὲ
624 1230 755 1278 σπονδὴ
777 1233 906 1279 σπονδή
925 1232 1173 1286 παρεπιγραφὴ
1195 1235 1229 1271 ἐν

188 1284 332 1324 εἰσθέσει
349 1286 462 1325 κώλου
479 1288 702 1326 δισπονδείου.

244 1357 324 1381 1109.
354 1346 526 1398 πρόσφερε
554 1344 617 1392 τὴν
644 1348 802 1397 γλῶτταν
832 1360 841 1385 :
874 1348 955 1385 Κᾶκ
984 1347 1105 1386 τούτου
1132 1349 1231 1395 δηλοῖ

134 1420 169 1446 20
188 1400 240 1438 ὅτι
260 1401 330 1454 ἰδίᾳ
356 1402 556 1454 τετμημένη
580 1404 814 1457 προσεφέρετο
836 1407 858 1451 ἡ
884 1407 1024 1455 γλῶττα
1045 1406 1143 1459 παρὰ
1160 1409 1228 1444 τῶν

118 1456 121 1461 1
186 1460 362 1498 παλαιῶν.

239 1517 406 1568 ἀπένεγκε
439 1532 448 1557 :
474 1518 692 1570 Ἀπόπεμπε.
727 1520 804 1566 ἤτοι
831 1520 878 1570 μὴ
908 1522 1127 1573 γευσαμένην
1159 1526 1227 1561 τῶν

187 1574 398 1627 σπλάγχνων
421 1575 509 1626 μηδὲ
530 1582 776 1629 μετασχοῦσαν
798 1582 860 1625 τῆς
879 1581 1052 1632 σπονδῆς,
1074 1584 1120 1625 ὡς
1141 1582 1226 1634 βλά-

186 1648 308 1686 σφημα
329 1633 389 1672 καὶ
411 1635 547 1688 πονηρὰ
569 1636 842 1686 μαντευομένην.

132 1719 167 1743 25
241 1705 319 1730 1112.
349 1692 433 1745 πρίν
451 1708 508 1731 κεν
525 1692 627 1737 λύκος
643 1689 691 1732 οἷν
710 1698 867 1745 ὑμεναιοῖ
892 1710 901 1735 t
921 1696 1226 1748 Ἀντεμπαίζουσιν

187 1750 302 1802 αὐτῷ,
321 1750 440 1794 αὐτοὺς
467 1751 544 1795 τοὺς
568 1751 705 1804 στίχους
729 1753 993 1806 ἀποκρινόμενοι
1016 1756 1100 1808 πρὸς
1124 1757 1226 1794 αὐτὸν

185 1807 277 1845 κατὰ
306 1807 367 1852 τὰς
388 1808 543 1853 ἀξιώσεις
563 1811 686 1857 αὐτοῦ,
715 1810 771 1854 οὒς
796 1811 901 1864 ὀλίγῳ
925 1812 1091 1866 πρότερον
1111 1816 1226 1859 αὐτοῖς

186 1859 296 1916 εἶπεν,
318 1868 379 1904 οὐκ
397 1866 637 1920 ἐπιτρέποντος
652 1868 720 1914 ἤδη
736 1868 800 1914 τὴν
821 1869 958 1921 εἰρήνην
976 1872 1145 1921 γενέσθαι.

242 1937 322 1963 1113,
354 1924 467 1968 ἄλλως
485 1939 493 1964 2
516 1925 608 1964 Ἀντὶ
624 1929 682 1963 τοῦ
704 1926 829 1977 μάτην·
848 1929 886 1964 οὐ
906 1927 973 1982 γὰρ
993 1929 1132 1974 πείσεις.

133 1999 168 2025 80
240 1995 318 2019 1115.
349 1983 648 2035 συσπλαγχνεύετε
683 1998 692 2023 t
730 1985 944 2037 Συγγεύεσθε
982 1989 1050 2025 τῶν
1085 1988 1225 2041 σπλάγ-

183 2055 288 2092 χνων.
745 2039 750 2044 ’

238 2112 320 2137 1118.
354 2099 431 2136 ἀλλ’
452 2098 656 2150 ἁρπάσομαι
684 2114 692 2139 :
722 2103 995 2155 Παρεπιγραφή·
1024 2108 1133 2142 ταῦτα
1159 2105 1226 2158 γὰρ

183 2155 289 2193 εἰπὼν
308 2155 470 2207 χλευάζει
484 2157 543 2194 καὶ
563 2159 710 2202 ἀναιδῶς
727 2159 886 2213 ἁρπάζει.
901 2161 960 2199 καὶ
976 2163 1225 2215 ἐπιδραμόντες

182 2213 376 2252 κατέλαὸον
393 2215 452 2252 καὶ
470 2215 679 2263 ἐτύπτησαν.

130 2298 164 2322 35
238 2286 317 2311 1119.
355 2272 412 2310 τὸν
444 2273 553 2311 Βάκιν
573 2288 581 2312 :
604 2274 675 2313 Τὸν
694 2275 840 2320 Βάκιδος
860 2277 1041 2330 χρησμοὺς
1065 2279 1221 2332 λέγοντα.

182 2330 391 2380 τυπτόμενος
411 2331 446 2368 δὲ
467 2330 560 2383 λέγει
580 2334 597 2369 ὁ
614 2332 787 2385 Ἱεροκλῆς
808 2334 1043 2388 μαρτύρομαι.

239 2402 317 2427 1120.
347 2389 490 2436 τένθης;
512 2389 648 2441 Λίχνος·
666 2390 793 2429 τένθειν
810 2392 877 2445 γὰρ
899 2393 937 2431 τὸ
953 2394 1088 2434 ἐσθίειν.

237 2459 316 2484 1123.
348 2446 524 2496 ἁλάμὸαν’
557 2447 657 2491 αὐτὸς
684 2462 693 2486 :
723 2449 784 2492 Ὡς
809 2453 877 2487 τῶν
906 2451 1062 2501 μάντεων
1092 2452 1221 2496 ἐξαπα-

183 2501 321 2540 τώντων
338 2503 397 2541 καὶ
414 2505 452 2541 οὐ
470 2504 612 2549 δεόντως
625 2506 872 2558 κερδαινόντων
890 2508 950 2546 καὶ
969 2509 1220 2561 λαμὸανόντων

131 2579 166 2605 40
183 2559 228 2598 τὰ
245 2560 368 2600 κώδια.

236 2618 407 2656 ἐκὸολὸιῶ
430 2631 440 2657 z
466 2618 652 2672 Ἐξορύξω.
680 2621 750 2658 ἀπὸ
773 2624 842 2659 τῶν
870 2621 948 2665 τοὺς
979 2623 1126 2675 βολὸοὺς
1154 2640 1221 2677 χα-

184 2675 284 2725 μόθεν
312 2675 550 2715 ἐκὸαλλόντων
577 2680 599 2724 ἡ
632 2679 824 2732 μεταφοραί·
851 2679 918 2718 ὑπὸ
942 2683 1006 2731 γῆς
1030 2681 1098 2734 γὰρ
1127 2683 1221 2727 ὄντες

183 2734 333 2772 κάκεῖνοι
351 2732 567 2786 ὀρύσσονται.

238 2806 317 2832 1125.
350 2795 368 2830 ὁ
387 2792 492 2845 κόραξ
510 2807 520 2832 z
541 2793 687 2847 Κόρακα
708 2789 814 2842 εἶπεν,
832 2795 950 2843 ἐπειδὴ
971 2795 1137 2849 ἥρπαζεν.

130 2871 165 2896 45
239 2864 318 2890 1126.
351 2850 537 2901 Ἐλύμνιον
565 2864 574 2890 z
608 2852 869 2906 Καλλίστρατός
896 2869 980 2907 φησι
1009 2853 1113 2892 τόπον
1144 2857 1219 2894 Εὗ-

184 2907 279 2951 ὅοίας
296 2908 336 2946 τὸ
364 2908 564 2959 Ἐλύμνιον.
584 2909 810 2954 Ἀπολλώνιος
838 2911 873 2949 83.
897 2912 977 2950 ναόν
1004 2928 1106 2965 φησιν
1131 2909 1218 2952 εἶναι

182 2966 328 3011 πλησίον
357 2966 518 3011 Εὐὸοίας.
545 2969 714 3021 νυμφικὸν
741 2969 777 3006 δέ
802 2985 889 3013 τινες
916 2970 1000 3010 αὐτό
1019 2987 1138 3024 φασιν,
1165 2972 1217 3011 ὅτι

183 3025 201 3060 ὁ
221 3023 305 3067 Ζεὺς
328 3027 370 3075 τῇ
392 3024 490 3077 “Hpq
518 3027 589 3063 ἐκεῖ
613 3026 823 3078 συνεγένετο.
853 3027 1027 3078 μέμνηται
1054 3029 1114 3067 καὶ
1143 3032 1216 3069 Σο-

183 3082 311 3133 φοκλῆς
330 3099 344 3114 <1
365 3081 448 3134 πρὸς
466 3082 607 3135 πέτραις
627 3085 851 3136 Ἐλυμνίαις,
875 3104 889 3120 n
910 3086 970 3124 καὶ
990 3088 1024 3125 ἐν
1045 3088 1216 3142 Ναυπλίῳ

132 3151 166 3179 50
185 3156 200 3172 «
220 3138 387 3191 νυμφικὸν
408 3139 605 3190 Ἐλύμνιον.
629 3161 644 3175 »

239 3210 318 3235 1127.-
348 3196 490 3247 [ἥδομαι
520 3212 528 3237 z
560 3201 746 3238 Κάνταῦθα
777 3201 976 3252 παράὸασίς
1005 3204 1110 3250 ἐστιν,
1139 3205 1214 3242 ἀλλ’

184 3255 245 3292 οὐκ
265 3253 336 3305 ἔχει
353 3254 467 3292 πάντα
487 3255 530 3292 τὰ
548 3256 654 3309 μέρη,
673 3258 780 3308 μόνην
801 3259 836 3297 δὲ
852 3260 914 3306 τὴν
932 3260 1022 3313 ᾠδὴν
1042 3261 1101 3299 καὶ
1119 3278 1214 3315 στρο-

183 3310 262 3363 φὴν,
295 3311 334 3348 τὸ
364 3311 558 3364 ἐπίρρημα,
591 3313 654 3360 τὴν
690 3316 845 3368 ἀντῳδὴν
882 3319 941 3355 καὶ
970 3319 1212 3372 ἀντιστροφὴν,

184 3368 242 3407 καὶ
261 3369 298 3407 τὸ
315 3369 566 3422 ἀντεπίρρημα.
586 3371 658 3409 ἔστι
673 3377 753 3422 γοῦν
774 3376 833 3420 τῆς
850 3373 1025 3427 παρούσης
1043 3378 1134 3426 ᾠδῆς
1153 3378 1212 3415 καὶ

962 221 1213 261 SCHOLIA
1248 223 1311 262 IN
1347 225 1558 268 PACEM.

1299 315 1449 364 στροφῆς
1467 314 1511 351 τὰ
1531 316 1627 353 κῶλα
1652 317 1709 368 ιγ’.
1737 317 1781 356 τὰ
1805 320 1854 371 α’,
1882 320 1911 358 θ’
1930 324 2148 376 χοριαμὸικὰ
2175 328 2334 378 ἡμιόλια.

1297 366 1341 405 τὰ
1363 370 1412 420 β’,
1429 370 1477 421 γ’,
1501 371 1544 419 δ’,
1570 373 1596 410 ε’
1625 373 1728 424 ὅμοια
1757 379 1976 433 ἑφθημιμερῆ
2007 381 2040 426 ἐξ
2067 385 2263 437 ἐπιτρίτων.
2296 388 2336 426 τὸ

1295 425 1326 468 ς’
1351 427 1622 468 ἀντισπαστικὸν
1642 433 1866 474 Γλυκώνειον.
1887 436 1925 474 τὸ
1949 439 1976 483 ζ’
1999 438 2116 490 ὅμοιον
2138 445 2336 496 ὑπερκατά-

1294 484 1434 530 ληκτον.
1455 485 1495 523 τὸ
1511 487 1545 533 η’
1566 490 1754 528 παιωνικὸν
1772 492 1930 546 δίμετρον
1946 497 2204 546 ἀκατάληκτον.
2223 502 2266 540 τὰ
2291 504 2333 555 ι’,

1296 543 1339 578 ια’
1376 543 1550 595 τροχαϊκὰ
1584 546 1729 597 δίμετρα
1771 551 2012 598 ἂκατάληκτα·
2049 555 2093 594 τὰ
2121 557 2189 611 γὰρ
2225 561 2333 598 λοιπὰ
2354 572 2370 597 5

1293 601 1528 654 ἑφθημιμερῆ.
1551 604 1590 641 τὸ
1606 607 1803 644 τελευταῖον
1814 612 2097 664 παραγραφέσθω
2107 645 2118 665 ,
2133 617 2192 655 καὶ
2206 621 2249 669 τῇ
2264 618 2335 656 ἔσω

1293 659 1397 711 διπλῆ
1426 662 1658 710 σημειούσθω,
1685 667 1728 715 τῇ
1754 667 1842 718 αὐτῇ
1868 668 1928 706 καὶ
1953 669 1992 707 τὸ
2021 672 2210 726 ἐπίρρημα.
2235 681 2336 716 τοῦτο

1292 715 1327 754 δὲ
1347 718 1448 764 δῆλον
1469 722 1515 763 ὡς
1533 725 1729 773 τροχαϊκῶν
1749 724 1822 762 ἐστὶ
1837 727 2079 781 τετραμέτρων
2102 735 2161 777 ις’,
2178 733 2257 785 ἔχον
2274 736 2335 776 καὶ

1293 775 1326 811 ἐν
1345 776 1477 814 ἐκθέσει
1497 780 1594 816 κῶλα
1610 778 1714 830 ὅμοια
1731 781 1830 834 τρία,
1848 783 1938 830 πλὴν
1955 790 2014 823 τοῦ
2031 788 2148 840 τρίτου
2159 821 2170 842 ,
2189 793 2334 847 δίμετρα

1292 834 1535 881 ἀκατάληκτα.
1568 838 1733 882 ὡσαύτως
1762 839 1797 878 δὲ
1828 841 1888 880 καὶ
1913 842 1953 880 τὸ
1988 846 2245 901 ἀντεπίρρημα,
2276 851 2332 905 ὕφ’
2356 865 2388 890 10

1290 889 1308 928 ὃ
1330 894 1351 938 ἡ
1375 891 1440 936 ἔξω
1457 894 1592 946 διπλῆι]

1345 957 1499 1008 κορωνίς.
1526 960 1747 1000 εἰσελθόντων
1766 965 1833 1001 τῶν
1855 966 2049 1018 ὑποκριτῶν
2075 971 2093 1007 ὃ
2111 971 2213 1024 χορὸς
2233 972 2335 1024 μόνος

1291 1016 1495 1060 καταλιπεὶς
1526 1019 1786 1072 διαπεραίνεται
1818 1025 1982 1075 συζυγίαν
2012 1030 2205 1083 ὁμοιομερῆ
2234 1049 2335 1085 τρια-

1291 1072 1388 1119 δικὴν
1403 1076 1440 1112 οὐ
1460 1079 1598 1120 πυκνῶς
1614 1079 1814 1130 γενομένην.
1839 1084 1874 1120 αἱ
1893 1085 2042 1123 πλεκταὶ
2059 1088 2335 1141 ἐπιρρηματικαὶ

1291 1131 1451 1170 δυαδικαί
1472 1136 1569 1183 εἰσιν,
1589 1136 1677 1184 αὕτη
1699 1138 1735 1176 δὲ
1759 1139 1833 1191 ἔχει
1858 1142 2004 1191 μελικὴν
2034 1144 2096 1195 μὲν
2121 1147 2264 1200 πρώτην
2290 1160 2332 1202 ιγ’
2356 1161 2387 1185 15

1290 1188 1426 1237 κώλων,
1457 1192 1618 1244 στιχικὴν
1649 1194 1684 1233 δὲ
1719 1202 1760 1241 ις’
1787 1198 1929 1250 στίχων,
1950 1196 1978 1239 ὧ
2008 1202 2163 1252 μάλιστα
2191 1209 2331 1259 φιληδεῖ

1290 1246 1554 1301 Ἀριστοφάνης,
1583 1252 1643 1289 καὶ
1671 1253 1811 1307 ὕστερος
1835 1257 2012 1309 τρίκωλος.
2032 1261 2072 1299 τὸ
2092 1263 2123 1299 α’
2142 1267 2331 1305 παιωνικὸν

1289 1304 1485 1358 δίρρυθμον.
1517 1308 1556 1346 τὸ
1588 1312 1617 1360 β’
1643 1311 1702 1348 καὶ
1724 1313 1754 1363 γ’
1782 1314 1811 1351 δ’
1843 1314 1877 1359 ἐξ
1907 1317 2074 1367 ἰαμέικῆς
2107 1320 2242 1372 βάσεως
2273 1325 2334 1363 καὶ

1288 1367 1479 1415 τροχαϊκῆς
1507 1368 1651 1412 κλειδός.
1682 1369 1721 1408 τὸ
1751 1375 1776 1408 ε’
1808 1373 1868 1410 καὶ
1889 1384 1933 1418 ς’.
1964 1375 2169 1430 τρίρρυθμος
2201 1381 2237 1419 83.
2269 1383 2331 1421 καὶ

1288 1420 1472 1473 δίρρυθμον
1493 1425 1519 1468 ζ’
1539 1428 1572 1471 η’
1593 1426 1634 1466 θ’.
1657 1429 1692 1465 ἐν
1710 1426 1774 1479 μὲν
1800 1433 1843 1482 τῆ
1867 1432 1898 1482 β’
1926 1439 2100 1488 περικοπῇ
2121 1439 2193 1476 ἐστι
2218 1456 2330 1480 παιω-
2350 1458 2385 1482 20

1288 1478 1380 1516 νικὸν
1422 1480 1629 1534 τρίρρυθμόν
1668 1501 1706 1522 τε
1741 1486 1802 1525 καὶ
1839 1488 2021 1542 δίρρυθμα.
2059 1493 2119 1533 δύο
2151 1495 2186 1534 δὲ
2220 1500 2255 1536 ἐν
2289 1503 2332 1547 τῆ

1288 1540 1432 1590 στροφῇ.
1465 1540 1504 1577 τὸ
1532 1543 1551 1578 ι’
1579 1541 1622 1579 ια’
1653 1543 1696 1581 16¹
1726 1543 1766 1595 ιγ’
1792 1548 1965 1599 τροχαϊκὰ
1991 1550 2155 1606 δίμετρα,
2182 1555 2242 1595 δύο
2267 1543 2331 1608 μὲν

1287 1595 1515 1644 ἀκατάληκτα
1527 1628 1537 1646 ,
1557 1598 1616 1637 δύο
1637 1599 1673 1638 83.
1692 1604 1947 1650 καταληκτικά.
1964 1616 2004 1647 V.

1341 1672 1422 1699 1129.
1453 1665 1564 1700 ταῦτα
1581 1663 1647 1715 γὰρ
1667 1667 1714 1709 εἰς
1729 1666 1881 1718 πόλεμον
1900 1670 2047 1724 αἴρουσι.
2065 1681 2104 1712 V.

1341 1730 1421 1754 1131.
1452 1718 1536 1770 πρὸς
1556 1721 1595 1758 τὸ
1612 1726 1680 1776 πῦρ
1701 1737 1710 1762 :
1733 1724 1837 1763 Ἀλλὰ
1859 1729 2020 1779 συμπίνω
2044 1732 2105 1770 καὶ
2130 1735 2328 1787 εὐωχοῦμαι
2346 1756 2383 1781 25

1285 1773 1384 1826 [πρὸς
1410 1775 1449 1814 τὸ
1471 1780 1577 1830 πῦρ],
1603 1781 1761 1821 τουτέστι
1789 1784 1893 1835 μέσον
1921 1790 1982 1834 τῆς
2008 1789 2118 1835 οἰκίας
2141 1795 2326 1846 καθεζόμε-

1285 1847 1350 1875 νος.

1346 1889 1490 1929 διέλκων
1513 1905 1522 1932 :
1543 1894 1680 1946 Διάγων
1700 1897 1798 1952 παρὰ
1816 1903 1859 1951 τῆ
1880 1902 1997 1955 ἑστίᾳ,
2018 1903 2093 1955 ἅμα
2116 1923 2152 1945 τε
2179 1911 2326 1962 θερμαι-

1285 1947 1423 1998 νόμενος
1438 1951 1497 1989 καὶ
1516 1955 1579 1999 τῆς
1594 1958 1655 1992 τοῦ
1673 1959 1799 2008 θερμοῦ
1821 1959 1996 2005 διακονίας
2015 1965 2164 2011 πλησίον
2182 1966 2243 2008 ὤν.

1347 2027 1425 2052 1134.
1457 2016 1629 2056 δανότατα
1658 2032 1667 2056 t
1698 2022 1887 2074 Ξηρότατα
1913 2028 1963 2078 τῷ
1991 2026 2081 2080 θέρει
2107 2030 2166 2068 καὶ
2197 2033 2324 2071 εὖκαυ-
2345 2056 2381 2083 30

1285 2071 1454 2120 στότατα,
1479 2074 1501 2112 ἃ
1528 2076 1617 2126 μήτε
1640 2079 1772 2118 καπνὸν
1800 2083 1894 2120 ποιεῖ
1917 2084 1976 2122 καὶ
1998 2086 2147 2132 εὐκόλως
2165 2088 2325 2144 ὑφάπτε-

1284 2145 1352 2167 ται.
1369 2137 1410 2167 V.

1339 2202 1417 2227 1136.
1450 2192 1685 2245 κᾶνθρακίζων
1725 2209 1735 2235 :
1771 2196 1922 2250 Φρύγων
1955 2200 2013 2239 τὸν
2048 2203 2229 2256 ἐρέὸινθον,
2263 2208 2325 2246 καὶ

1283 2243 1384 2298 ξηρὸν
1413 2251 1533 2288 ποιῶν.
1564 2255 1675 2290 ταῦτα
1708 2253 1776 2308 γὰρ
1803 2256 1985 2308 ἐσθιόμενα
2009 2262 2243 2315 προτρέπεται
2276 2268 2325 2311 εἰς

1282 2304 1397 2343 ποτόν.
2340 2353 2375 2379 35

1337 2382 1416 2408 1137.
1446 2369 1508 2417 τὴν
1529 2373 1637 2425 φηγὸν
1654 2389 1663 2415 :
1688 2376 1811 2428 Φηγὸς
1830 2372 1917 2423 εἶδος
1939 2385 2063 2433 φυτοῦ,
2083 2383 2102 2422 ὃ
2117 2383 2179 2429 τὰς
2198 2388 2322 2439 ἀγρίας

1283 2427 1452 2477 βαλάνους
1474 2430 1558 2482 φασὶ
1587 2432 1711 2485 φέρειν.
1737 2438 2038 2489 περιεσταλμένως
2062 2442 2098 2479 δὲ
2122 2443 2161 2481 τὸ
2189 2446 2317 2485 αἰδοῖον

1283 2483 1444 2534 βούλεται
1466 2486 1591 2538 λέγειν,
1615 2491 1690 2529 ἐπεὶ
1715 2493 1775 2530 καὶ
1799 2494 1883 2533 αὐτό
1906 2512 1995 2540 τινες
2021 2498 2171 2549 βάλανον
2191 2504 2322 2541 καλοῦ-

1281 2556 1346 2580 σιν.

1335 2617 1412 2643 1143.
1443 2607 1579 2656 ἐμπιεῖν
1600 2609 1677 2659 ἐμοί
1696 2624 1706 2650 :
1727 2613 1799 2650 Τοῦ
1819 2617 1895 2652 θεοῦ
1915 2613 2030 2661 ὕοντος
2048 2618 2188 2671 ἀρέσκει
2204 2638 2264 2674 μοι
2278 2624 2319 2664 τὸ
2336 2640 2372 2667 40

1280 2662 1460 2713 σχολάζειν
1478 2666 1526 2715 τῷ
1543 2669 1651 2719 ποτῷ.

1341 2739 1419 2765 1144.
1449 2726 1562 2779 ἅφαυε
1594 2743 1603 2769 :
1640 2731 1791 2785 Φρύξον.
1826 2735 1914 2780 τινὲς
1945 2738 2115 2793 γράφουσι
2147 2742 2316 2796 ἅφαυσον,

1279 2783 1354 2821 ἀντὶ
1370 2788 1428 2822 τοῦ
1449 2784 1559 2829 ζέσον.

1332 2860 1412 2885 1145.
1437 2850 1504 2886 τῶν
1526 2865 1564 2887 τε
1582 2854 1699 2904 πυρῶν
1719 2867 1728 2892 :
1751 2853 1840 2893 Ἀντὶ
1858 2860 1917 2895 τοῦ
1941 2859 2147 2909 ἒμὸαλοῦσα
2170 2864 2232 2904 καὶ
2257 2867 2317 2917 μί-

1278 2903 1365 2948 ξασα
1386 2905 1445 2943 καὶ
1465 2909 1533 2944 τῶν
1553 2912 1670 2962 πυρῶν
1691 2910 1751 2948 σὺν
1773 2915 1897 2958 αὐτοῖς·
1919 2917 2056 2957 δοκοῦσι
2075 2920 2142 2974 γὰρ
2170 2923 2313 2976 ἐφέλκε-
2331 2945 2368 2971 45

1277 2965 1355 3000 σθαι
1373 2963 1412 3000 τὸ
1432 2965 1550 3006 ποτόν.
1570 2967 1609 3005 τὸ
1628 2967 1663 3006 δὲ
1685 2969 1777 3013 ἔξελε
1803 2973 1880 3010 ἀντὶ
1901 2978 1959 3013 τοῦ
1985 2978 2128 3030 πρόελε,
2151 2981 2314 3028 ἀνάλεξον

1275 3020 1318 3058 τὰ
1334 3025 1435 3061 σῦκα.

1330 3099 1407 3124 1147.
1438 3086 1618 3139 οἰναρίζειν
1643 3102 1651 3128 :
1676 3090 1728 3129 Τὸ
1751 3093 2006 3147 ἀποφυλλίζειν·
2034 3100 2155 3154 οἴναρα
2177 3101 2243 3156 γὰρ
2267 3104 2311 3143 τὰ

1274 3142 1387 3195 φύλλα
1407 3146 1467 3190 τῆς
1485 3146 1654 3194 ἀμπέλου.
1676 3149 1765 3193 τινὲς
1782 3152 1816 3189 δὲ
1833 3153 2021 3207 γράφουσιν
2044 3159 2309 3213 ἀμπελουργεῒν,

1273 3201 1334 3238 οὐκ
1363 3203 1479 3254 ὀρθῶς.
1511 3205 1691 3256 οἰναρίζειν
1719 3207 1755 3246 δὲ
1784 3209 1845 3254 τὰς
1874 3212 1967 3257 οἴνας
1998 3216 2221 3268 ἐργάζεσθαι,
2249 3221 2308 3258 καὶ
2327 3239 2362 3265 50

1271 3258 1390 3310 οἴναρα
1408 3258 1450 3296 τὰ
1467 3260 1590 3313 φύλλα.

1327 3335 1401 3360 1148.
1433 3324 1629 3369 τυντλάζειν
1646 3340 1654 3365 :
1668 3329 1902 3374 Πηλοπατεῖν·
1918 3334 2058 3380 τύντλος
2069 3337 2136 3391 γὰρ
2152 3341 2170 3376 ὁ
2182 3340 2303 3386 πηλός.

1270 3378 1292 3424 ἢ
1322 3380 1395 3417 ἀντὶ
1422 3384 1481 3419 τοῦ
1510 3384 1734 3433 βωλοκοπεῖν.
1763 3391 1942 3442 παρδακὸν
1973 3393 2007 3431 δὲ
2038 3394 2183 3449 δίυγρον·
2213 3396 2306 3436 οὕτω
