2517 3792
872 205 1006 244 NDEX
1038 203 1269 241 Nummum
1303 203 1366 241 ET
1395 205 1581 244 RERUM.

205 301 330 331 attium
366 298 492 330 scilicet
522 296 695 336 injiciens,
730 295 828 334 cujus
855 294 1079 334 feracissinm
1107 294 1182 323 erat

208 349 355 387 Mequris

163 398 370 434 Megarenses.
395 395 511 423 Eorum
540 389 733 421 commercia
760 398 834 420 cum
860 388 1104 420 Atheniensibus
1130 396 1184 427 per

203 440 417 480 sycophantas
432 438 632 478 premuntur,
642 436 772 474 deinde,
787 436 828 466 ob
842 436 963 467 surium
975 438 1021 474 (ut
1039 435 1182 473 lingitur)

203 486 392 518 ancillarum
415 484 552 515 duarum
575 484 726 523 Aspasim,
758 487 955 521 Megarenses
978 491 1032 522 per
1056 481 1183 513 Periclis

203 532 366 563 decretum
381 530 552 569 abiguntur
569 528 810 568 terminarique
831 528 950 559 ditione
965 528 1066 558 Attica
1083 537 1089 557 :
1110 527 1184 557 lunc

204 579 248 610 illi
263 576 522 609 Lacedaemonios
534 576 757 616 implorarunt,
774 577 807 606 ut
822 575 860 605 ad
878 574 1107 614 antiquandum
1126 575 1184 603 liuc

165 618 169 620 Ἴ
203 625 368 656 decretum
387 625 537 662 cogerent
556 622 877 660 Allienienses,'Ach.
899 623 1061 651 517—538
1074 644 1081 657 ,
1100 619 1182 651 add.

203 671 361 702 sch.Pac.
389 673 466 706 609,
488 670 545 700 ¹ubi
573 669 700 700 Periclis
722 668 885 699 decretum
912 668 943 698 in
972 672 1183 705 Megarenses,

204 716 274 749 sch.
301 716 389 748 Nub.
409 719 487 754 302,
515 718 597 747 I‘ac.
627 717 696 746 246.
718 714 982 746 Incztsabantar
1007 722 1027 743 a
1054 712 1186 744 Pericle

203 772 343 795 sacrum
367 762 498 794 deabus
517 771 639 802 aarum
667 763 871 799 exercuisse,
895 761 975 792 Aeli.
999 763 1071 798 532,
1101 762 1182 791 Pac.

205 814 277 848 605,
295 811 415 849 etpost
436 809 609 840 decretum
630 809 772 840 Periclis
791 809 957 839 accusant
971 807 1186 837 Athenienses

203 856 299 896 apud
312 855 596 893 Lacedoemonios,
613 854 859 894 ibid.‚quorum
877 855 978 884 erant
993 854 1085 889 socii,
1104 854 1183 883 Pac.

207 905 278 934 246.
309 905 347 934 In
381 901 655 933 Acharnensibus
688 901 880 939 Megarensis
907 899 995 931 venit
1020 899 1052 929 in
1081 899 1185 929 lorum

207 948 442 988 Dicaeopolidis,
456 948 533 979 lilias
546 956 621 978 suas
636 956 693 987 pro
708 947 821 978 suibus
832 944 1082 983 venduurnsml)
1100 953 1185 974 sum-

207 1004 292 1026 mam
312 995 428 1025 samem
451 996 483 1025 et
507 996 695 1033 egestatem,
709 993 741 1023 iu
758 1001 854 1032 quam
868 992 1001 1031 conjecti
1016 994 1105 1022 erant
1124 995 1186 1021 Me-
1213 1011 1216 1053 1

205 1050 355 1081 garenses
387 1040 517 1072 decreto
550 1040 679 1071 Periclis
704 1049 711 1069 :
738 1038 971 1077 Megarensium
1007 1038 1187 1068 miserrima

206 1087 348 1118 conditio
373 1096 409 1118 ea
436 1087 527 1128 ῥήσει
548 1086 696 1125 graphice
719 1084 924 1123 describitur,
949 1087 1124 1115 729—835.
1145 1086 1187 1115 In

207 1136 298 1166 Pace
312 1137 510 1173 Megarenses
529 1140 641 1172 pacem
655 1132 803 1171 cupiunt,
820 1131 903 1162 fame
919 1131 1038 1171 quippe
1056 1140 1187 1171 pereun-

207 1183 264 1214 tes,
282 1182 459 1217 481-483,
476 1179 586 1210 edicto
604 1178 776 1218 impeditis
796 1180 1004 1210 commerciis
1028 1187 1106 1210 cum
1134 1181 1189 1210 Al·

208 1228 298 1266 tica;
323 1228 426 1258 etiam
453 1225 493 1256 ob
520 1225 752 1266 expeditiones
771 1225 1029 1257 Atheniensium
1053 1227 1188 1256 castan-

207 1275 296 1304 tium
327 1275 499 1313 reqionem
536 1274 711 1312 ipsorum,
751 1275 784 1304 el
818 1274 850 1304 N
853 1274 967 1303 isoeam
1000 1275 1190 1312 emporium

206 1328 324 1351 comm
347 1320 614 1351 obstruentium.
643 1319 860 1351 Athenienses
891 1328 944 1350 eos
976 1320 1191 1351 vehementer

206 1365 353 1398 oderunt
369 1368 403 1398 et
414 1375 537 1406 pacem
550 1368 784 1407 pertinaciter
802 1368 989 1406 neqarunt,
1006 1369 1087 1397 Pae.
1111 1369 1191 1398 482:

206 1420 290 1444 nam
305 1412 386 1444 belli
410 1422 517 1444 causa
537 1422 607 1444 esse
621 1413 865 1450 credebantur,
881 1413 920 1444 ob
936 1415 1025 1444 iram
1047 1414 1192 1445 Periclis

207 1461 410 1498 excitatam,
428 1464 500 1498 502,
526 1460 583 1491 ubi
602 1462 799 1491 Mercurius
815 1470 822 1491 :
837 1461 913 1492 Odit
935 1470 993 1492 vos
1010 1460 1068 1492 dea
1087 1462 1191 1499 (Pax),

209 1514 305 1546 quam
320 1506 415 1546 primi
430 1507 569 1538 unxistis
583 1507 656 1538 allio
672 1510 788 1538 vestro.
806 1509 979 1539 Nimirum
996 1512 1193 1547 Megarenses

209 1552 395 1583 vendebant
420 1553 660 1592 melopepones,
679 1553 812 1593 lepores,
843 1562 971 1593 porcos,
998 1553 1190 1593 allia(cons.

209 1599 370 1638 Megaris),
395 1600 454 1635 sal,
468 1600 555 1641 ,Aeli-
576 1604 635 1631 520
649 1609 715 1640 sq.,
737 1600 807 1632 sch.
830 1602 1192 1640 525.—.='lleqarenses‚

212 1646 400 1679 Corinthiis
413 1646 498 1677 olim
519 1647 710 1684 tributarii,
728 1647 843 1677 multa
857 1648 955 1686 passi
973 1647 1017 1677 ab
1033 1649 1075 1677 iis
1091 1647 1193 1677 desci-

210 1695 357 1731 verant;
384 1702 494 1734 quare
517 1693 755 1725 advenientem
779 1694 930 1733 teqatum
963 1694 1193 1733 Corinthium,

211 1748 279 1771 non
284 1740 443 1779 serentes
457 1740 504 1771 ad
519 1748 688 1771 nauseam
702 1740 933 1771 inculcantem
948 1741 1020 1773 Διὸς
1036 1741 1194 1782 Κόρινθον,

210 1786 442 1818 verberabant
458 1787 692 1818 acclamantes
707 1786 770 1817 sibi
787 1790 858 1817 παῖε
882 1790 954 1818 παῖε
968 1788 1018 1817 τὸν
1036 1788 1106 1823 Διὸς
1133 1787 1196 1817 Κό-

211 1834 323 1874 ρινθον,
339 1836 425 1865 Ran.
442 1835 514 1864 439.
531 1835 748 1873 Meqarenses
763 1833 901 1872 leprosi,
920 1834 1000 1865 Ach.
1017 1836 1090 1873 724;
1106 1834 1196 1865 male

211 1880 399 1911 audiebant
423 1881 466 1911 ut
486 1879 627 1920 perfidi,
647 1879 737 1919 ficti,
761 1881 884 1918 astuti,
908 1880 951 1911 ib.
976 1883 1047 1912 738.
1082 1883 1196 1911 Ostra-

212 1928 334 1958 cismus
357 1925 455 1966 apud
471 1934 537 1964 eos,
557 1928 618 1966 Eq.
643 1930 713 1957 855.
740 1927 994 1965 Meyarensium
1015 1926 1197 1963 clialectzm,

211 1973 289 2006 Acii.
317 1976 390 2011 732,
415 1975 488 2011 757,
509 1974 855 2012 763.—Me9arensis
877 1974 1055 2011 Susarion,
1080 1975 1196 2013 Tripo-

212 2019 352 2059 discius,
372 2020 468 2051 Prol.
487 2021 554 2059 IX,
570 2028 605 2058 a,
620 2023 680 2058 30,·
698 2020 728 2058 b,
745 2022 796 2051 46.

173 2068 351 2107 Meqareus
363 2077 373 2098 .·
384 2067 458 2106 eJ'us
474 2069 508 2098 et
521 2069 678 2102 Danaes,
697 2066 885 2098 secundum
900 2066 1097 2106 nonnullos,
1124 2075 1196 2106 yer-

214 2121 399 2144 manorum
415 2113 613 2144 concubitus
634 2115 669 2144 in
682 2114 780 2144 AEolo
794 2113 990 2153 Euripidis,
1010 2116 1102 2145 Ran.
1123 2117 1195 2145 849.

174 2159 332 2198 Megarica
355 2163 477 2198 Crura,
507 2159 600 2190 locus
631 2160 843 2199 Meqaridis,
870 2160 1197 2199 Lacedaemoniorum,

216 2208 296 2246 Lys.
320 2199 408 2237 117'0.
428 2206 583 2245 Megarica
601 2206 728 2245 fabrica,
747 2206 850 2245 fraus
865 2218 875 2238 .·
891 2215 974 2238 nam
986 2209 1198 2246 Meqarenses

214 2253 541 2292 perstrinqebantur
557 2254 598 2283 ut
621 2253 694 2284 alia
719 2255 875 2292 amentes,
895 2253 971 2284 alia
984 2253 1198 2294 profitentes,

216 2299 298 2330 Acti.
317 2302 388 2331 738.
406 2301 582 2338 Meqarica
600 2307 696 2338 vasa,
714 2299 805 2330 Ναὶ).
828 2302 918 2330 1203.

177 2348 327 2386 Meyaris
350 2355 372 2377 a
388 2347 570 2378 Pandione
590 2355 666 2386 reqe
690 2349 812 2378 Atticoe
836 2346 1025 2386 adJ'uncta,·
1051 2349 1087 2379 in
1113 2347 1199 2380 divi-

235 2394 311 2423 ione
327 2394 423 2432 reqni
441 2393 612 2432 Nisofilio
629 2392 730 2433 data,
751 2395 826 2432 Lys.
848 2396 899 2431 58,
934 2395 1028 2433 Vesp.
1042 2397 1131 2426 1223.
1151 2395 1200 2426 Ad

218 2439 431 2478 Meqariaem
454 2440 651 2479 pertinebat
679 2440 842 2477 Salamis,
870 2441 945 2478 Lys.
973 2444 1023 2471 59.
1050 2443 1201 2481 Meqaris

219 2485 541 2524 alliiseracissima‚
565 2488 646 2516 Pac.
674 2488 745 2524 246,
784 2485 865 2517 Ach.
886 2490 956 2517 525.
982 2486 1068 2517 Inde
1094 2489 1203 2526 iqitur

221 2532 323 2571 allia,
341 2534 424 2563 Pac.
440 2536 531 2572 1000,
544 2532 674 2573 elficus
689 2535 726 2564 in
739 2534 889 2564 Atticam
905 2533 1201 2574 apportabantur,

221 2579 265 2610 ib.
288 2581 377 2610 ¹001.

181 2625 337 2657 Melanion
354 2624 550 2663 adolescens,
570 2625 692 2665 fugiens
709 2626 908 2665 nuptiarum,
926 2627 1013 2658 solus
1035 2626 1065 2657 in
1087 2627 1202 2658 monti-

222 2672 282 2703 bus
294 2671 440 2711 degebat,
466 2674 544 2711 Lys.
560 2674 738 2711 785—796,
758 2675 828 2704 807.
855 2674 1056 2705 Scholiasta.²
1076 2673 1137 2705 hoc
1158 2673 1205 2705 ad

222 2720 445 2752 Milanionem
462 2720 635 2759 referunt,
653 2729 753 2761 quem
769 2722 935 2753 Atalanta
954 2724 1073 2762 potius
1088 2721 1205 2762 supie-

224 2766 294 2804 bat,
312 2769 384 2798 785.

184 2813 382 2852 Melanippo
397 2813 440 2844 ab
455 2815 612 2852 Neptuno
632 2815 667 2844 in
684 2813 815 2853 scapha
841 2815 999 2854 subacta,
1027 2816 1106 2855 Lys.
1134 2819 1204 2847 139.

224 2859 410 2899 Melanippa}
427 2860 605 2898 Euripidis,
627 2860 757 2891 Thesm.
778 2863 849 2891 547.

184 2905 397 2938 Melanthius
422 2907 631 2944 Messenius,
667 2915 710 2936 ex
737 2908 975 2947 Periclymene
1009 2909 1105 2940 Nelei
1128 2908 1206 2948 filio

225 2950 405 2989 oriundus,
424 2951 504 2982 Ach.
526 2954 594 2989 146,
614 2954 720 2983 Arcas
739 2955 775 2984 in
791 2956 906 2985 Attica
926 2954 1088 2985 habitans
1108 2957 1201 2987 Xan-

228 2997 501 3036 thumBoeotum,
513 3000 571 3038 qui
585 2999 959 3038 reyemAthenicnsium
973 3000 1021 3031 ad
1032 3002 1207 3040 sinqulare

225 3045 400 3074 certamen
415 3046 676 3083 provocaverat,
698 3044 758 3075 hoc
780 3048 918 3084 accepto
940 3047 1204 3085 vincitfraude‚

227 3089 342 3129 ἀπάτῃ,
362 3097 385 3120 α
410 3090 544 3121 Baccho
568 3091 766 3129 Μελαναίγιδι
781 3091 926 3131 adjutus
941 3101 949 3122 :
965 3093 1057 3124 unde
1077 3096 1206 3133 Apatu-

230 3138 361 3167 riorum
369 3135 519 3176 festum,
540 3139 623 3168 Pac.
648 3140 720 3176 890,
738 3137 818 3169 Acti.
837 3140 905 3168 146.

189 3183 400 3215 Melanthius
415 3183 459 3214 ab
478 3185 594 3224 Ulysse
607 3194 806 3225 suspensus,
821 3187 875 3217 Pl.
893 3189 963 3218 312.

190 3230 393 3268 Melanthius,
416 3233 519 3270 poeta
544 3234 709 3271 traqicus,
725 3233 839 3264 acerba
854 3242 943 3271 voce,
959 3236 990 3264 et
1013 3233 1108 3265 frater
1125 3235 1206 3274 eJus,

231 3279 301 3316 ipse
325 3285 458 3316 quoque
481 3279 633 3316 lraqicus
653 3281 755 3317 poeta
780 3279 863 3310 alibi
890 3287 957 3310 non
985 3283 1205 3319 memoratus,

230 3324 307 3354 sunt
320 3322 408 3360 foedi,
422 3323 552 3363 impuri,
569 3324 727 3363 lurcones,
745 3325 831 3364 digni
850 3334 931 3364 quos
948 3334 1063 3364 magno
1080 3328 1207 3357 screatu

231 3373 320 3400 Musa
337 3369 484 3408 despuat,
511 3372 592 3401 Pac.
622 3373 796 3402 804-816.
816 3371 1031 3402 Melanthius
1056 3374 1208 3412 trayicus

232 3417 476 3456 versili-inquia-
498 3418 537 3448 ut
562 3417 686 3456 mollis,
703 3418 868 3457 cincedus,
890 3418 1062 3457 leprosus,
1092 3419 1208 3457 turco,-

2183 216 2256 248 665

1288 291 1349 323 Ioci
1379 294 1601 328 comicorum,
1622 295 1694 331 804,
1726 295 1796 325 807.
1827 296 1868 326 In
1894 295 2150 335 eademsabula
2176 296 2259 328 idem

1286 339 1486 377 Melanthius,
1501 340 1668 380 ὀψοφάγος,
1688 342 1818 380 optatur
1833 345 1867 372 ul
1884 351 1955 373 sero
1972 343 2079 374 veniat
2096 343 2127 374 in
2143 343 2261 382 rorum,

1284 384 1458 416 divenditis
1471 386 1535 425 jam
1552 386 1705 426 piscibus,
1720 388 1749 417 et
1764 386 1886 426 ejulans
1900 388 2004 427 abeat,
2019 398 2136 420 canens
2151 398 2261 420 mono-

1283 431 1367 462 diam
1383 441 1419 462 ex
1440 433 1547 463 Medea
1567 442 1638 470 sua,
1669 436 1879 465 1008-1014.
1901 435 1985 466 Idem
2006 436 2195 467 Melanthius
2220 438 2260 467 ut

1284 479 1426 518 leprosus
1452 482 1702 519 perstrinyitur
1720 483 1778 511 Δι’.
1814 485 1880 519 1513
1905 483 1988 512 alibi
2010 486 2049 514 ut
2072 483 2261 523 improbus,

1283 533 1427 555 summa²
1445 526 1611 564 mollitia’,
1628 526 1756 565 helluo,
1776 528 1918 567 loquar,
1934 529 2012 559 ibid.

1245 571 1343 610 [Μέλη
1361 572 1506 612 ἄρρυθμα
1523 575 1555 603 cl
1572 573 1747 614 τρίρρυθμα,
1766 574 1845 604 Aeli.
1877 578 1954 611 203;
1981 575 2145 616 τρίρρυθμα
2163 577 2194 606 el
2212 586 2262 606 τε·

1285 618 1472 658 τράρρυϋμα,
1490 617 1532 649 ib.
1553 622 1623 649 065.
1644 621 1729 655 Μέλη
1747 620 1895 659 chorico,
1910 622 1983 651 alia
2013 622 2176 662 παροδικά,
2189 622 2262 652 (Ilia

1285 665 1440 703 στάσιμα,
1455 665 1527 695 alia
1544 665 1713 705 μσῳδικά,
1731 667 1804 697 alia
1827 667 1997 708 προῳδικά,
2021 668 2094 699 alia
2121 668 2262 708 ἐξῳδικά,

1289 713 1382 750 resp.
1403 715 1471 742 270.
1493 712 1602 752 Κῶν]

1245 758 1416 797 Meleaqer
1431 766 1441 786 .·
1453 758 1525 796 ejus
1543 767 1595 789 res
1610 768 1630 789 a
1648 761 1826 790 venatione
1846 759 2038 798 Calydonia
2057 763 2264 801 narrantur,

1286 808 1372 836 Iu'an.
1397 808 1483 835 1238.
1503 806 1669 845 Meleager,
1689 806 1842 845 lragwdia
1862 807 2029 846 Euripidis,
2051 810 2132 838 Rau.
2150 810 2220 838 864.

1245 853 1360 889 Meles,
1380 853 1482 883 Pisioe
1496 852 1602 891 fitius,
1625 853 1836 884 cithara’dus
1851 856 2028 893 pessimus,
2045 854 2266 886 Pherecrates

1288 901 1346 929 Ar.
1367 902 1438 929 858.

1247 945 1406 982 MelcsiaS,
1422 954 1538 975 nomen
1555 945 1657 983 virile,
1673 946 1761 977 Nub.
1782 949 1853 977 686.
1873 947 2042 982 Melcsias,
2059 948 2161 987 paler
2179 947 2266 978 Thu-

1287 991 1432 1030 cydidis,
1449 993 1674 1031 Alopecemis,
1692 992 1770 1024 Ach.
1787 996 1859 1031 702,
1878 994 1971 1032 i'esp.
1988 997 2059 1025 947.

1247 1038 1455 1077 Melesippus
1470 1039 1605 1078 leqatus
1622 1039 1665 1069 ab
1684 1039 1946 1070 Lacedoemonns
1968 1040 2118 1071 Athenas
2144 1041 2267 1070 missus

1288 1086 1387 1115 initio
1407 1085 1486 1116 betti
1502 1086 1803 1125 Peloponnesiaci:
1823 1086 1877 1117 ubi
1897 1086 1987 1117 nihil
2003 1086 2046 1116 ab
2063 1085 2270 1116 Atheniensi-

1290 1131 1351 1163 bus
1372 1134 1642 1172 impetraverat,
1660 1132 1834 1164 discedens
1854 1135 1886 1163 in
1899 1132 2029 1172 finibus
2046 1132 2177 1163 dicebat
2193 1141 2269 1163 eum

1289 1179 1379 1211 diem
1408 1187 1616 1218 niaqnorum
1644 1181 1784 1210 initium
1812 1180 1987 1211 matorum
2005 1179 2086 1219 sore
2122 1181 2146 1210 G
2153 1181 2269 1217 meeis,

1291 1228 1376 1258 Pac.
1395 1227 1467 1257 435.

1249 1272 1417 1310 Meletidae,
1445 1271 1574 1310 stolidi,
1601 1280 1623 1303 a
1655 1271 1815 1303 Meletide
1840 1271 1986 1312 quodam
2002 1271 2145 1309 stolido;
2164 1272 2226 1302 atii
2248 1280 2270 1302 a

1290 1319 1392 1350 melle
1408 1318 1584 1357 derivant,
1604 1322 1689 1350 Ran.
1709 1321 1780 1349 991.

1251 1367 1397 1403 Meletos,
1415 1366 1558 1405 tragicus
1575 1368 1687 1405 pocla,
1707 1364 1902 1405 Ge1·yt.‚sr.
1925 1367 1993 1403 198,
2019 1364 2108 1395 idem
2131 1366 2188 1404 qui
2216 1366 2273 1395 So-

1291 1414 1423 1444 cratem
1439 1414 1626 1450 accusavil,
1642 1413 1893 1451 perstrinyitur
1909 1410 2115 1449 atfriqidus
2132 1413 2164 1441 in
2182 1413 2273 1450 poesi

1293 1461 1325 1490 el
1343 1458 1503 1498 improbis
1522 1459 1688 1497 moribus,
1710 1461 1798 1489 Ran.
1830 1460 1919 1495 1302,
1945 1457 2002 1488 ubi
2032 1457 2136 1488 Melcli
2163 1458 2271 1487 scolia.

1293 1505 1438 1543 MeletuS,
1454 1505 1680 1544 tragoediarum
1696 1507 1801 1544 pocla,
1817 1504 1881 1535 Laii
1905 1504 1988 1534 filius
2001 1503 2054 1537 (ab
2068 1503 2276 1543 Arisfnplmne

1294 1551 1399 1583 dictus
1415 1554 1450 1583 in
1468 1552 1638 1591 Petelinis,
1656 1551 1739 1590 quod
1755 1551 1866 1581 eodem
1887 1559 1971 1580 anno
1984 1549 2194 1589 OEdipodiam
2213 1554 2274 1581 Me-

1295 1599 1378 1630 letus
1404 1598 1549 1637 doceret3
1567 1598 1723 1629 veriorem
1742 1598 1896 1629 rationem
1914 1606 1945 1627 v.
1965 1597 1996 1627 in
2015 1597 2181 1636 not.)‚sr.
2199 1600 2270 1628 376.

1295 1645 1430 1676 Meletus
1446 1645 1577 1676 Calliam
1592 1644 1724 1683 subigit,
1747 1642 1947 1683 Georq.,sr.
1967 1646 2035 1674 176.

1256 1691 1418 1731 (Melissae,
1435 1690 1613 1721 sacerdotes
1630 1691 1740 1721 Dianae
1755 1699 1762 1720 ε
1781 1690 1899 1730 quibus
1914 1690 2068 1729 praesunt)
2084 1689 2274 1720 Μελισσονό-

1297 1749 1362 1777 μοι,
1380 1740 1468 1769 Ran.
1488 1740 1577 1769 1274.

1255 1785 1442 1822 Melistiche,
1461 1794 1543 1816 uxor
1560 1783 1798 1823 Smicylliionis‚
1817 1783 1908 1814 Eccl.
1926 1784 1974 1814 46.

1255 1832 1374 1871 Melite,
1385 1840 1497 1872 payns
1512 1833 1643 1869 Atticae,
1659 1830 1770 1862 dictus
1783 1839 1803 1861 a
1817 1830 1935 1861 Melite
1948 1828 2114 1869 nympha,
2129 1837 2278 1869 quacum

1296 1879 1479 1911 concubuit
1493 1879 1681 1916 Hercules;
1698 1878 1742 1908 ibi
1763 1878 1998 1908 clarissimum
2015 1876 2178 1915 templum
2198 1879 2279 1907 ller-

1298 1926 1386 1957 culis
1403 1925 1598 1963 ἀ),εξικάκου,
1609 1927 1667 1965 qui
1681 1925 1726 1956 ibi
1739 1925 1862 1964 parvis
1879 1924 2046 1962 mysteriis
2061 1923 2279 1961 initiabatur,

1298 1975 1385 2004 Ran.
1408 1977 1478 2004 501.
1498 1975 1543 2004 In
1567 1980 1704 2011 eopaqo
1721 1970 1903 2002 habitabat
1922 1969 2054 2001 Callias
2078 1971 2278 2009 Hipponici,

1297 2019 1378 2050 ibid.
1398 2021 1542 2050 Partem
1560 2019 1726 2058 ejuspaqi
1744 2016 1952 2057 vutqofalso
1973 2016 2133 2047 Colonum
2149 2016 2281 2054 dicunt,

1298 2068 1358 2097 Av.
1373 2068 1446 2097 997.

1225 2081 1228 2148 i
1257 2112 1430 2143 Melitensis
1442 2120 1547 2152 caper,
1575 2110 1766 2150 (Eucrates,)
1793 2111 1936 2148 Senect.,
1956 2108 2011 2148 fr.
2040 2111 2109 2140 193.
2138 2108 2280 2139 Meliten-

1298 2159 1382 2190 sium
1396 2159 1494 2197 aedes,
1505 2158 1558 2197 fr.
1579 2161 1636 2189 170
1654 2157 1722 2197 (ubi
1738 2166 1768 2187 v.
1785 2161 1865 2188 Nam
1880 2158 1964 2187 recte
1979 2156 2134 2186 Μελιτέων
2152 2155 2281 2186 reslitu-

1299 2207 1401 2244 turn).
1416 2206 1605 2237 Melitensis
1620 2204 1831 2244 Philonides,
1847 2203 1902 2234 Pl.
1925 2206 1994 2240 179,
2011 2205 2080 2233 303.

1226 2267 1229 2272 ·
1258 2252 1382 2284 Melius.
1398 2252 1491 2283 Melia
1519 2252 1629 2289 sames,
1647 2260 1668 2282 a
1693 2251 1797 2289 Melo,
1815 2249 1900 2281 urbe
1930 2249 2114 2281 Thessalioe
2129 2247 2208 2287 (imo
2234 2249 2280 2278 in-

1298 2299 1379 2330 sula
1401 2300 1510 2338 AEqoei
1529 2298 1664 2337 maris),
1688 2298 1732 2329 ab
1749 2296 2010 2329 Atheniensibus
2035 2295 2143 2326 ductu
2174 2296 2281 2325 Nic-iaz

1306 2346 1350 2385 (υ.
1373 2347 1458 2384 not.)
1477 2345 1611 2376 obsessa
1635 2343 1775 2382 etfame
1792 2343 1839 2374 ad
1852 2342 2055 2373 deditionem
2070 2343 2202 2378 coacta,
2222 2343 2280 2371 Ac.

1304 2395 1372 2424 186.
1392 2391 1602 2429 Meliifame
1613 2390 1741 2430 perditi
1759 2399 1779 2421 a
1798 2391 1912 2427 Nicia,
1932 2391 1989 2419 Αυ.
2015 2390 2086 2418 363.
2102 2387 2214 2418 Melius
2226 2395 2282 2426 po-

1300 2441 1406 2470 situm
1422 2447 1484 2478 pro
1501 2438 1601 2469 atheo
1619 2437 1704 2468 Nub.
1733 2439 1814 2468 830:
1833 2443 1915 2467 nam
1931 2434 2026 2465 Melit
2043 2434 2082 2465 ob
2110 2436 2282 2472 Aristaqo-

1303 2494 1381 2516 ram
1391 2487 1424 2516 et
1437 2487 1627 2525 Diagoram
1641 2485 1681 2514 ut
1705 2485 1799 2523 impii
1816 2481 2022 2514 exhibentur
2048 2483 2084 2511 in
2101 2480 2280 2512 comoediIS.

1303 2533 1416 2564 Melius
1433 2533 1592 2571 DiagoraS,
1617 2533 1678 2562 Ao.
1699 2533 1788 2568 1073,
1807 2529 1876 2560 sch.
1894 2530 1979 2559 Ran.
1996 2530 2066 2558 320.

1229 2545 1234 2641 Ι
1262 2580 1378 2612 Mellita
1395 2579 1541 2619 placenta
1557 2579 1702 2609 mortuis
1716 2576 1803 2608 data
1822 2575 1965 2607 Cerbero
1981 2571 2189 2612 objicienda,
2205 2574 2280 2612 Lys.

1304 2631 1375 2659 601.

1263 2676 1375 2707 Metus
1398 2674 1516 2705 insula
1541 2683 1551 2704 :
1574 2681 1651 2704 eam
1673 2671 1715 2703 de
1742 2672 1896 2710 Diaqora
1921 2667 2093 2707 indiqnati
2119 2666 2285 2697 ἐκάκωσαν

1305 2722 1535 2759 Athenienses,
1554 2719 1643 2751 Nub.
1663 2722 1734 2750 830.
1754 2717 1867 2749 Melus
1883 2716 2097 2755 capitenata,
2116 2716 2175 2745 Αυ.
2194 2716 2283 2745 1073.

1264 2768 1509 2808 Memno,filius
1521 2767 1696 2806 Jovis‚qza·
1710 2764 1757 2796 ad
1775 2763 1911 2802 Trojam
1929 2760 2068 2798 cecidit;
2082 2769 2154 2791 eum
2169 2761 2286 2799 patris

1299 2817 1403 2856 jussu
1420 2816 1514 2845 certis
1536 2813 1649 2844 diebus
1671 2812 1779 2851 lugent
1805 2810 1862 2848 dii,
1881 2808 1970 2840 Nub.
1999 2811 2070 2838 622.
2103 2810 2286 2836 Memnones

1306 2860 1652 2900 κωδωνοφαλαρόπωὶῃι.
1680 2859 1750 2898 (pro
1785 2855 1954 2895 singulari)
1985 2853 2068 2892 apud
2094 2851 2285 2890 AEsclnylum,

1312 2912 1395 2940 Ran.
1412 2910 1485 2939 963.

1267 2954 1447 2993 Memphis.
1461 2955 1546 2984 Eam
1561 2950 1680 2982 urbem
1697 2950 1836 2988 AEyypti
1847 2947 1996 2986 diripuit
2009 2946 2042 2976 et
2060 2946 2193 2976 Groecos
2207 2943 2286 2974 inde

1308 3001 1418 3040 abeisit
1436 2998 1640 3038 Messabazus
1656 2998 1804 3034 satrapa
1826 2994 1936 3032 Darii,
1954 2994 2012 3023 Av.
2028 2993 2098 3022 484.

1267 3046 1470 3083 Menander,
1487 3043 1651 3083 Diopithis
1659 3042 1772 3082 filius,
1790 3040 2012 3075 Atheniensis,
2025 3044 2145 3074 qenere
2163 3037 2196 3067 et
2211 3037 2286 3067 vita

1307 3092 1526 3134 splendidus,
1551 3092 1679 3121 anricus
1696 3087 1859 3124 Alexidis,
1877 3094 1899 3116 a
1916 3093 1981 3125 quo
2000 3085 2181 3114 institutus
2204 3081 2282 3113 dici-

1310 3143 1381 3178 tur,
1399 3139 1506 3178 ἕφ·τ,ὅο;
1518 3139 1671 3176 primum
1689 3134 1839 3165 Philocte
1855 3131 2021 3164 archonte
2039 3130 2176 3169 (Orqen)
2192 3127 2285 3158 doce-

1309 3187 1379 3217 bat.
1409 3185 1500 3216 Obiit
1529 3188 1566 3214 52
1599 3190 1706 3212 annos
1732 3182 1847 3218 natus,
1878 3179 2016 3218 seriptis
2049 3179 2105 3207 108
2131 3174 2284 3214 sabulis,

1308 3233 1405 3265 Prot.
1423 3233 1496 3263 ΙΙΙ,
1514 3231 1647 3261 78-83,
1663 3225 1968 3266 Personce(larvae)
1981 3226 2013 3255 in
2032 3223 2105 3262 ejus
2118 3220 2287 3253 comoediis

1309 3279 1440 3320 quates,
1460 3276 1554 3308 Prot.
1572 3277 1600 3306 J.
1617 3278 1654 3305 89
1668 3282 1740 3314 sqq.

1269 3326 1428 3358 Menelaus
1446 3332 1513 3361 rex,
1525 3325 1583 3354 Aa.
1602 3325 1675 3359 509,
1692 3319 1826 3351 maritus
1849 3319 1988 3356 Helenae,
2014 3315 2141 3347 Thesm.
2159 3313 2218 3343 866
2234 3320 2272 3363 sq

1312 3371 1474 3403 Menelaus
1487 3369 1569 3409 (post
1583 3368 1709 3406 Trojam
1725 3368 1849 3406 capiam
1864 3365 1990 3396 ulturus
2002 3361 2149 3401 iniuriam
2164 3367 2273 3389 uxoris

1315 3421 1485 3451 consnecla
1515 3416 1631 3448 Helena
1656 3414 1743 3445 nuda
1770 3412 1885 3452 abjecit
1910 3419 2030 3447 ensem,
2060 3415 2103 3439 esc
2130 3405 2228 3443 Ibyco
2253 3406 2286 3436 et
