2485 3808
967 161 1221 204 SCHOLIA
1259 168 1318 207 IN
1354 171 1514 212 AVES.

172 242 271 286 πόλις
289 241 501 284 Θεσσαλίας.
529 241 587 279 καὶ
610 243 639 280 οἱ
670 242 802 289 Μήλιοι
828 247 1110 298 πολιορκούμενοι
1142 250 1209 288 ὑπὸ

171 300 366 348 Ἀθηναίων
387 301 480 352 λιμῷ
498 298 706 346 ἐπιέσθησαν
728 302 786 339 καὶ
808 304 1097 357 παραδεδώκασιν
1122 310 1207 346 ἑαυ-

167 359 264 407 τοὺς,
281 359 346 412 [Q
361 357 576 404 Θουκυδίδης
595 360 629 396 ἐν
650 363 692 411 τῆ
712 359 889 414 πέμπτῃ(

222 433 283 458 189.
315 417 485 460 Βοιωτοὺς
503 417 611 455 δίοδον
632 418 818 468 αἰτούμεθα
840 434 848 459 :
867 421 1053 472 (Πολέμιοι
1069 418 1158 470 ῆσαν
1174 427 1204 463 οἱ

132 492 149 517 5
168 476 312 517 Βοιωτοὶ
338 478 406 514 τῶν
438 475 637 523 Ἀθηναίων,
662 477 898 527 συμὸἀλόντες
920 483 1205 532 Λακεδαιμονίοις

165 536 223 575 διὰ
241 535 425 575 Δεκέλειαν
447 534 671 586 μαχομένοις.
694 534 748 573 ὅτε
769 530 825 574 οῦν
853 538 1008 576 θέλουσιν
1032 540 1203 586 Ἀθηναῖοι

165 595 211 638 εἷς
232 593 338 634 Πυθὼ
367 595 540 639 ἀπελθεῖν,
562 595 702 639 δηλοῦσι
731 597 892 639 Βοιωτοῖς
919 600 1203 650 παρακαλοῦντες

164 655 392 705 ὑποχωρῆσαι
410 655 470 699 τῆς
494 653 585 690 ὁδοῦ.
667 651 827 705 Ἄλλως.)
848 655 935 699 τινές
967 672 1049 709 φασι
1073 658 1200 707 μεταξὺ

163 713 301 755 Πυθοῦς
319 712 378 750 καὶ
397 712 550 757 Ἀττικῆς
570 706 656 749 εἶναι
681 711 742 758 τὴν
761 715 941 761 Βοιωτίαν,
962 716 1020 753 καὶ
1041 718 1105 768 οὐχ
1130 711 1199 754 οἶόν

113 781 144 806 10
162 786 199 808 τε
213 764 300 808 εἶναι
314 771 472 808 ἀπελθεῖν
487 770 681 817 Ἀθηναίους
696 773 741 814 εἷς
757 772 862 810 Πυθὼ
872 803 880 819 ,
896 775 924 810 εἰ
937 774 985 823 μὴ
1001 775 1198 827 παρέλθωσι

161 829 345 868 Βοιωτίαν.
369 829 484 873 παίζει
510 828 556 866 δέ·
574 828 650 866 τότε
678 828 745 881 γὰρ
764 830 863 879 μόνον
884 832 993 868 δίοδον
1022 835 1196 883 ζητοῦσιν,

161 888 243 927 ὅταν
277 887 475 941 στράτευμα
495 886 610 938 διάγῃ·
635 887 716 925 ὅταν
740 887 775 925 δὲ
807 889 915 939 ὀλίγοι
932 890 991 928 καὶ
1020 892 1197 942 εἰρηνικῶς

160 947 182 994 ἢ
202 947 279 986 καθ’
300 946 377 993 ἕνα,
397 945 522 984 οὐκέτι.

215 1019 276 1045 192.
307 1005 365 1043 καὶ
383 1007 442 1042 τοῦ
458 1002 564 1054 χάους
593 1016 602 1041 :
623 1002 741 1045 Χάους
758 1003 833 1040 ἀντὶ
853 1007 911 1041 τοῦ
934 1004 1029 1057 ἀέρος
1057 1009 1129 1053 νῦν,
1149 1010 1194 1051 ὡς

107 1076 140 1101 15
157 1062 295 1106 Ἴὸυκος
318 1082 333 1096 «
354 1068 505 1100 ποτᾶται
529 1061 558 1097 δ’
576 1062 609 1097 ἐν
624 1061 794 1113 ἀλλοτρίῳ
813 1062 905 1112 χάει.
928 1080 944 1095 ι»
962 1064 1170 1116 διαφρήσετε
1182 1097 1191 1113 ,

157 1121 404 1175 διαφορήσετε,
430 1117 657 1170 διαπέμψετε.
686 1142 739 1147 -
759 1121 904 1158 Πυθῶδε
923 1135 931 1160 :
955 1122 1062 1160 Πυθὼ
1090 1126 1112 1169 ἡ
1133 1128 1191 1162 τοῦ

154 1180 366 1223 Ἀπόλλωνος
379 1177 488 1221 πόλις·
512 1182 619 1224 [Hom.
637 1183 698 1216 od.
720 1186 765 1226 Θ,
786 1192 821 1217 80
843 1184 869 1226 t]
886 1198 900 1213 ιι
917 1182 1030 1219 Πυθοῖ
1048 1183 1081 1219 ἐν
1099 1185 1190 1233 ἠγα-

153 1238 228 1286 θέη,
249 1257 265 1272 ..
293 1244 373 1276 νισι.

198 1283 266 1335 ⁵194.
296 1294 347 1346 μὰ
362 1293 505 1347 νεφέλας
520 1306 528 1331 2
550 1292 688 1345 Νεφέλη
704 1294 761 1354 ἰού
778 1295 880 1345 μόνον
894 1299 914 1342 ἡ
931 1297 1114 1345 καπνώδης
1130 1303 1190 1346 τῆς

99 1368 134 1394 20
151 1358 214 1406 γῆς
230 1352 476 1404 ἀναθυμίασις,
503 1351 592 1390 ἀλλὰ
609 1351 688 1404 md}
709 1354 794 1397 εῑδος
819 1354 954 1392 δικτύου
975 1359 1188 1408 θηρευτικοῦ.

150 1412 239 1451 οὕτω
258 1411 295 1450 δὲ
312 1411 358 1449 τὰ
372 1410 614 1464 προστυχόντα
635 1410 784 1461 ὤμνυον,
801 1411 851 1462 μὰ
871 1413 1017 1465 κρήνας,
1041 1414 1091 1465 μὰ
1111 1419 1187 1467 γῆν,

150 1469 200 1521 μὰ
219 1469 409 1519 ποταμούς.

204 1542 266 1568 199.
298 1527 492 1581 βαρὸάρους
516 1527 616 1570 ὄντας
642 1540 651 1565 ;
678 1527 769 1565 Ἀντὶ
788 1532 847 1566 τοῦ
874 1530 1028 1582 ἀφώνους
1056 1531 1077 1577 ἢ
1099 1535 1186 1580 ἀνη-

147 1586 245 1630 κόους
264 1585 451 1639 ἀνθρώπων
465 1586 525 1624 καὶ
539 1585 587 1635 μὴ
605 1585 735 1630 εἰδότας
755 1589 868 1625 αὐτῶν
887 1588 948 1634 τὴν
972 1590 1098 1642 φωνήν.
1118 1591 1185 1641 (ἵνα

93 1654 128 1680 25
147 1644 183 1683 δὲ
208 1644 257 1696 μὴ
281 1643 444 1695 θαυμάσῃ
479 1643 649 1689 ἀκούσας,
675 1644 716 1681 σὺ
744 1647 859 1688 αὐτοῖς
879 1647 1028 1698 διηγήσῃ
1058 1649 1186 1701 ὀρνέοις

145 1698 241 1750 οῦσι,
259 1703 374 1756 φησὶν,
391 1702 443 1740 ὅτι
462 1706 594 1740 νοοῦσιν
612 1702 645 1746 ἐξ
666 1704 750 1753 ε’μοῦ
775 1704 1021 1756 διδαχθέντες.)

195 1775 260 1801 202.
290 1763 323 1805 ἐς
338 1760 400 1808 τὴν
421 1760 558 1812 λόχμην
588 1774 596 1799 :
619 1760 748 1812 Λόχμη
779 1762 882 1806 δασὺς
902 1763 1015 1807 τόπος.

141 1820 200 1873 γία
219 1819 394 1873 σύμφυτος
409 1819 468 1857 καὶ
486 1818 685 1870 λοχμώδης.

194 1892 258 1919 2α3.
289 1877 418 1925 ἀηδόνα
441 1877 538 1924 τΤὴν
555 1877 715 1930 Πρόκνην
736 1878 893 1929 γαμετὴν
909 1883 1026 1929 οὖσαν,
1047 1882 1122 1928 ἥτις
1135 1886 1182 1927 εἷς

89 1953 125 1978 30
143 1937 271 1986 ἀηδόνα
292 1936 501 1988 μετεὸλήθη.

193 2010 256 2035 204.
286 1997 472 2046 (καλοῦμεν
492 1993 613 2038 αὐτούς
640 2008 648 2033 :
676 1994 739 2033 Ἐν
768 1995 927 2046 σχήματι
954 1998 1091 2051 εἴρηκεν
1112 2001 1180 2039 ἀπὸ

139 2058 247 2094 ἑνικοῦ
262 2057 308 2098 εἷς
325 2054 365 2093 τὸ
379 2052 619 2101 πληθυντικόν.
640 2054 699 2091 καὶ
715 2053 799 2106 πρὸς
818 2055 857 2092 τὸ
874 2058 996 2106 σχῆμα
1016 2055 1054 2092 τὸ
1074 2058 1123 2106 χ.)

191 2127 254 2153 209.
284 2113 346 2161 ἄγε
365 2111 511 2162 σύννομέ
528 2127 586 2162 μοι
601 2125 609 2150 ;
624 2111 685 2154 Ὡς
696 2112 892 2163 μετέχουσα
907 2117 965 2151 τοῦ
982 2115 1087 2151 αὐτοῦ
1104 2114 1178 2165 βίου

139 2172 199 2210 καὶ
215 2175 276 2217 τῆς
291 2173 397 2217 αὐτῆς
412 2173 531 2220 νομῆς.
550 2173 650 2207 τοῦτο
668 2168 703 2206 δὲ
723 2171 769 2212 ὡς
789 2170 845 2207 ἐπὶ
865 2170 1006 2222 ὀρνέων.
1029 2172 1178 2221 μελικῶς

86 2243 120 2269 35
139 2230 176 2268 δὲ
201 2229 359 2283 ἄρχεται.
383 2230 392 2265 ί
399 2228 438 2266 τὸ
464 2227 499 2265 δὲ
523 2226 646 2279 μέτρον
663 2227 735 2286 ἐστὶ
758 2228 1012 2274 καταληκτικὸν
1029 2232 1179 2267 ἀναπαι-

139 2287 254 2325 στικὸν
266 2286 453 2337 δίμετρον,>
471 2284 611 2338 [κώλων
628 2286 681 2324 ιδ’.
700 2288 747 2322 ὧν
762 2285 806 2323 τὰ
823 2285 870 2323 26¹
887 2285 1031 2338 δίμετρα
1048 2288 1178 2326 ἀκατά-

136 2346 263 2391 ληκτα.
277 2345 316 2382 τὸ
333 2345 374 2395 ιγ’
390 2342 625 2389 ἀναπαιστικὴ
643 2343 740 2394 βάσις
751 2374 761 2393 ,
773 2345 849 2391 ἤτοι
864 2344 1072 2397 μονόμετρον
1087 2348 1175 2384 ἀκα-

135 2402 307 2448 τάληκτον
323 2401 590 2454 παρατέλευτον.
604 2401 643 2438 τὸ
660 2400 694 2438 δὲ
712 2403 906 2439 τελευταῖον
930 2404 1172 2457 ἑφθημιμερές,

135 2462 189 2513 ὑφ’
209 2459 228 2497 ὃ
243 2462 279 2498 αἱ
295 2459 449 2506 συνήθεις
465 2460 598 2496 διπλαῖ.
616 2459 692 2505 ἑξῆς
705 2457 740 2497 δὲ
757 2462 867 2498 κῶλον
885 2460 1049 2510 ἷαμὸικὸν
1071 2463 1173 2512 μονό-

74 2526 117 2554 -40
135 2533 258 2570 μετρον
283 2515 549 2564 καταληκτικόν.
574 2517 647 2566 μεθ’
673 2516 695 2554 ἃ
717 2517 887 2570 τρίμετρα
920 2519 1170 2571 ἀκατάληκτα,

133 2568 180 2612 ὧν
196 2575 253 2612 ἐπὶ
270 2577 320 2626 τῷ
338 2574 428 2612 τέλει
444 2572 702 2627 παράγραφος]

185 2641 246 2671 210.
275 2632 351 2670 ἀντὶ
369 2636 428 2671 τοῦ
447 2626 542 2686 ᾆσον.
565 2640 602 2670 R.

187 2703 250 2728 212.
267 2689 485 2742 πολύδακρυν
506 2688 603 2729 Ἴτυν
630 2703 639 2728 :
662 2691 733 2730 Τὸν
759 2690 910 2743 Ἴτυλον,
937 2695 983 2737 ὡς
1008 2693 1170 2749 <Όμηρος

133 2746 237 2798 λέγει.
253 2755 292 2786 R.
309 2747 378 2798 (τὸν
395 2747 490 2786 Ἴτυν
509 2748 706 2801 διακόψασα
719 2751 894 2803 παρέθηκε
909 2754 959 2803 τῷ
978 2753 1084 2805 πατρὶ
1101 2755 1168 2806 πρὸ

81 2818 116 2842 45
135 2808 196 2850 τῆς
211 2803 484 2856 ἀπορνεώσεως.)
580 2804 742 2858 [[Ἄλλως.
761 2808 879 2855 ἐπειδὴ
898 2812 915 2846 ὁ
928 2807 1022 2854 Ἴτυς
1039 2812 1108 2855 υἱὸς
1125 2808 1166 2859 ῆν

132 2862 275 2914 Τηρέως
291 2862 350 2899 καὶ
367 2862 526 2914 Πρόκνης
540 2866 600 2910 τῆς
616 2866 720 2903 αὐτοῦ
739 2871 903 2916 γαμετῆς.
923 2869 1084 2907 Πανδίων
1099 2870 1166 2921 γὰρ

133 2922 152 2957 ὃ
170 2922 237 2957 τῶν
256 2919 443 2965 Ἀθηναίων
469 2920 628 2971 βασιλεὺς
648 2923 810 2974 Πρόκνην
830 2925 892 2971 τὴν
912 2923 1036 2964 ἑαυτοῦ
1057 2931 1164 2978 θυγα-

133 2976 216 3028 τέρα
224 2977 270 3019 εἷς
279 2977 390 3027 γάμον
401 2976 559 3014 ἐκδίδωσι
569 2981 618 3030 τῷ
628 2982 736 3032 Τηρεῖ
747 2983 898 3034 Θρακῶν
910 2984 1163 3026 δυναστεύοντι.

133 3037 152 3072 ὁ
171 3034 206 3072 δὲ
224 3034 312 3085 μετὰ
338 3035 415 3078 τοὺς
433 3034 564 3085 γάμους
586 3037 778 3088 ἀφικνεῖται
798 3041 881 3092 πρὸς
905 3041 1052 3094 Θράκην
1073 3045 1162 3094 μετὰ

81 3107 116 3133 50
135 3091 313 3144 Πρόκνης,
337 3091 373 3136 ἐξ
393 3086 434 3138 ἧς
461 3091 561 3143 ἔσχεν
585 3092 693 3134 Ἴτυν.
721 3096 809 3145 μετὰ
832 3098 867 3135 δὲ
889 3099 1012 3150 χρόνον
1037 3102 1161 3152 συχνὸν

130 3149 300 3196 ποθούσης
318 3148 381 3195 τὴν
395 3148 546 3201 ἀδελφὴν
561 3151 770 3201 Φιλομήλαν
789 3158 849 3201 τῆς
869 3156 1029 3208 Πρόκνης
1057 3160 1161 3211 ἰδεῖν,

130 3208 148 3243 ὁ
163 3205 295 3259 Τηρεὺς
307 3206 470 3253 Ἀθήναζε
489 3207 645 3245 ἀπελθὼν
665 3210 724 3246 καὶ
738 3210 855 3249 λαὸὼν
867 3213 943 3250 καθ’
961 3214 1036 3251 ὁδὸν
1053 3217 1160 3263 αὐτὴν

130 3263 320 3317 διεκόρευσε
331 3294 342 3314 ,
364 3264 423 3302 καὶ
438 3263 501 3311 τὴν
517 3266 674 3315 γλῶτταν
684 3269 788 3314 αὐτῆς
798 3269 988 3319 ἀπέτεμεν,
1007 3271 1055 3321 μὴ
1072 3274 1160 3320 δῆλα

129 3320 202 3368 θείη
217 3321 261 3359 τὰ
279 3322 477 3375 πραχθέντα
492 3326 536 3374 τῇ
555 3323 707 3376 Πρόκνῃ.
723 3327 761 3363 οὐ
783 3325 850 3375 μὴν
871 3329 947 3364 ἀλλ’
966 3329 1156 3380 ὑφαίνουσα

1090 1767 1184 1804 πλα-

2235 199 2309 232 215

1268 252 1325 290 διὰ
1344 257 1563 307 γραμμάτων
1581 260 1734 307 ἐδήλωσε
1755 263 1795 302 τὸ
1820 268 1970 317 συμὸάν.
1999 271 2140 324 Πρόκνη
2162 275 2224 325 μὲν
2251 273 2309 316 οὖν

1267 316 1426 361 μαθοῦσα
1438 314 1500 362 τὴν
1516 317 1710 371 συμφορὰν,
1721 322 1881 374 σφάξασα
1892 326 1951 364 τὸν
1965 327 2038 366 υἱὸν
2051 329 2146 369 Ἴτυν
2159 335 2204 376 εἷς
2221 338 2307 387 (ἀρῶ-

1266 385 1318 407 σιν
1331 372 1506 423 παρέθηκε
1521 377 1570 427 τῷ
1585 378 1707 429 Τηρεῖ.
1721 381 1739 416 ὁ
1754 380 1788 417 δὲ
1803 381 1921 431 γνοὺς,
1937 385 2080 425 ἐδίωκεν
2094 390 2199 435 αὐτὰς
2219 377 2306 436 1ξίφει

1263 432 1331 466 ποῦ
1357 434 1424 467 ποῦ
1454 432 1692 483 φθεγγόμενος.
1722 438 1914 489 Φιλομήλα
1952 444 2014 493 μὲν
2042 446 2082 492 δὴ
2104 449 2239 499 Τηρεὺς
2259 435 2305 499 Ιῆν

1265 489 1381 536 βοῶσα
1401 492 1450 540 τῷ
1470 490 1565 543 φόέῳ
1579 522 1589 540 ,
1619 494 1760 543 Πρόκνη
1786 496 1821 534 ’δὲ
1841 499 1901 537 τὸν
1921 499 2013 540 Ἴτυν
2033 507 2204 556 θρηνοῦσα
2229 509 2302 549 Ἴτυ
2324 530 2336 542 2⁷

1262 541 1334 581 Ἴτυ
1365 547 1520 591 ἐλεεινῶς
1539 550 1733 602 ἐφθέγγετο.
1755 558 1814 592 τοῦ
1833 556 1867 593 δὲ
1895 559 1972 602 Διὸς
1992 562 2167 608 ἐλεοῦντος
2191 569 2211 612 ἡ
2240 569 2301 606 μὲν

1262 601 1403 654 Πρόκνη
1419 606 1464 648 εἷς
1482 606 1629 655 ἀηδόνα,
1649 612 1670 654 ἡ
1694 610 1729 647 δὲ
1745 614 1937 663 Φιλομήλα
1954 619 1998 661 εἷς
2013 621 2173 670 ιχελιδόνα
2195 607 2301 674 μετα-

1261 658 1461 709 ὃληθεῖσαι,
1479 664 1529 701 ἔτι
1545 681 1583 715 γε
1605 666 1673 716 μὴν
1691 669 1750 706 καὶ
1771 672 1788 707 ὁ
1809 673 1944 724 Τηρεὺς
1965 678 2010 719 εἷς
2030 665 2169 731 ἔποπα,
2189 685 2300 723 ταύτὰ

1259 718 1460 770 φθέγγονται
1479 723 1582 775 μέχρι
1602 725 1661 762 καὶ
1681 730 1739 764 νῦν
1756 728 1918 777 ἕκαστος,
1934 733 1956 769 ἅ
1969 750 2007 784 γε
2023 737 2112 784 μετὰ
2126 738 2190 785 τὴν
2211 757 2299 779 000,-

1258 776 1364 828 φορὰν
1388 778 1450 827 μὲν
1475 781 1542 833 πρὸ
1565 785 1625 828 τῆς
1646 785 1893 837 ἀπορνεώσεως
1920 790 1966 829 δέ.
1995 794 2214 846 ἐλελιζομένη
2245 782 2297 848 δὲ,
2324 817 2353 841 ιο

1257 836 1459 889 θρηνοῦσα]
1479 841 1613 878 -ἀντὶ
1628 846 1687 879 τοῦ
1706 846 1934 897 στρεφομένη.
1955 857 1992 887 R.
2014 852 2148 904 (διεροῖς
2162 856 2229 906 δὲ),
2251 859 2297 895 δι-

1255 892 1369 944 ύγροις
1387 895 1424 932 ἐκ
1439 898 1507 933 τῶν
1525 898 1697 951 δακρύων.
1720 901 1844 953 [μῖλαξ
1859 905 1894 942 δὲ
1909 900 1995 951 εἶδος
2014 910 2195 965 βοτάνης]

1307 965 1370 990 2ῐ6.
1400 953 1477 1005 ἠχὼ
1496 969 1504 994 ;
1523 955 1568 995 ‘H
1583 959 1657 1009 ἱερὰ
1672 960 1750 1010 ἠχὼ
1767 961 1963 1014 ἀνέρχεται.
1984 967 2022 1005 τὸ
2046 968 2081 1006 δὲ
2097 973 2207 1020 γωοεῒ
2222 975 2298 1012 ἀντὶ

1253 1013 1312 1046 τοῦ
1325 1011 1497 1062 χωρήσει.
1514 1034 1558 1039 —
1574 1016 1679 1064 μῖλαξ
1699 1012 1784 1062 εἶδος
1803 1026 1918 1072 φυτοῦ.
1940 1030 1977 1060 R.
1994 1032 2032 1061 V.
2112 1014 2121 1020 Ὦ
2155 1009 2161 1023 ⁸

1305 1081 1367 1106 217.
1397 1072 1467 1114 τοῖς
1486 1072 1557 1115 σοῖς
1576 1073 1704 1125 ἐλέγοις
1725 1090 1734 1115 z
1757 1077 1847 1115 Ἀντὶ
1865 1084 1925 1118 τοῦ
1945 1086 2014 1126 τοῖς
2034 1085 2178 1137 θρήνοις.
2199 1089 2294 1142 εἴρη-
2317 1110 2347 1134 15

1251 1141 1309 1163 ται
1337 1125 1373 1164 δὲ
1403 1128 1472 1166 ἀπὸ
1494 1134 1552 1167 τοῦ
1574 1130 1589 1168 ἒ
1615 1131 1631 1169 ἒ
1651 1133 1775 1184 λέγειν.
1812 1137 1981 1189 (Δίδυμος
2004 1141 2041 1178 δέ
2061 1158 2163 1195 φησιν
2189 1145 2241 1184 δ’τι
2261 1151 2294 1186 οἱ

1251 1183 1333 1236 πρὸς
1359 1186 1462 1224 αὐλὸν
1485 1188 1646 1240 ᾀδόμενοι
1673 1196 1802 1244 θρῆνοι.
1826 1195 1883 1233 τὸν
1909 1196 1976 1250 γὰρ
2001 1201 2104 1238 αὐλὸν
2131 1203 2293 1255 πένθιμον

1250 1244 1485 1297 ὑπειλῆφθαι.)

1302 1315 1365 1341 2ι8.
1397 1303 1632 1356 [ἀντιψάλλων
1668 1321 1676 1346 ;
1704 1308 1793 1348 Ἀντὶ
1823 1315 1883 1350 τοῦ
1913 1315 2128 1368 ἀνακρούων.
2156 1322 2293 1372 ψαλμὸς

1249 1358 1284 1396 δὲ
1304 1361 1429 1413 κυρίως
1448 1365 1465 1399 ὁ
1484 1366 1546 1409 τῆς
1563 1365 1706 1419 κιθάρας
1723 1362 1840 1421 ῆχος.]
2310 1403 2344 1428 20

1300 1431 1362 1456 222.
1394 1421 1492 1458 αὐλεῖ
1524 1436 1533 1460 :
1568 1425 1680 1463 Τοῦτο
1712 1428 2061 1483 παρεπιγέγραπται,
2082 1436 2206 1482 δηλοῦν
2239 1439 2290 1477 ὅτι

1247 1478 1406 1526 μιμεῖταί
1421 1495 1472 1522 τις
1493 1479 1555 1527 τὴν
1577 1483 1707 1529 ἀηδόνα
1730 1488 1776 1528 ὡς
1795 1486 1846 1524 ἔτι
1866 1487 1959 1527 ἔνδον
1974 1485 2089 1530 ὀὖσαν
2112 1496 2147 1532 ἐν
2168 1499 2211 1544 τῆ
2227 1497 2290 1535 λό-

1245 1548 1333 1586 χμη.
1354 1535 1656 1590 [κατεμελίτωσεν.
1684 1542 1760 1580 ἀντὶ
1780 1542 2026 1598 τοῦ]ἧδύτητος
2046 1540 2260 1605 ἐπλήρωσεν.

1297 1606 1360 1633 225.
1391 1596 1429 1632 οὗ
1452 1597 1639 1643 σιωπήσεις
1659 1613 1667 1637 :
1690 1601 1784 1653 Πρὸς
1804 1604 1975 1650 ἀλλήλους
1991 1607 2218 1659 διαλέγονται.

1297 1664 1358 1689 228.
1389 1653 1513 1691 ἐποποὶ
1540 1656 1680 1694 ποποπό
1701 1671 1709 1696 :
1733 1658 1912 1710 [Εἴσθεσις
1938 1663 2062 1713 μέλους
2081 1667 2198 1720 ἑτέρου
2218 1686 2281 1708 πε-
2304 1689 2338 1714 25

1244 1710 1395 1760 ριοδικὴ,
1422 1713 1468 1754 εἷς
1497 1712 1669 1766 τέσσαρας
1693 1717 1842 1770 στροφὰς
1868 1721 2047 1773 διαιροῦσα
2079 1725 2139 1769 τὰς
2169 1729 2286 1781 περιό-

1243 1768 1337 1814 δους,
1358 1762 1405 1806 ὧν
1425 1772 1446 1815 ἠ
1466 1769 1586 1822 πρώτη
1610 1773 1739 1824 στροφὴ
1760 1774 1882 1814 κώλων
1903 1778 1999 1819 δέκα.
2024 1776 2071 1819 ὧν
2090 1783 2130 1820 τὸ
2149 1788 2286 1836 πρῶτον

1242 1825 1405 1875 ἷαμὸικὸν
1421 1826 1580 1880 δίμετρον
1600 1831 1855 1880 ἀκατάληκτον,
1874 1834 1954 1887 ἔχον
1971 1838 2029 1876 τὸν
2045 1843 2182 1893 πρῶτον
2196 1844 2286 1881 πόδα

1241 1883 1469 1932 ἀνάπαιστον,
1490 1885 1547 1924 τὸν
1568 1887 1603 1925 δὲ
1628 1888 1785 1942 δεύτερον
1811 1892 2015 1946 τρίὸραχυν.
2038 1897 2115 1945 ἑξῆς
2140 1899 2199 1937 δύο
2225 1902 2284 1939 καὶ

1240 1941 1278 1979 τὸ
1295 1942 1455 1993 πέμπτον
1476 1944 1645 1996 τρίμετρα
1670 1948 1911 1996 ἀκατάληκτα.
1932 1953 1970 1991 τὸ
1990 1954 2155 2008 τέταρτον
2181 1959 2282 2009 δίμε-
2302 1979 2336 2004 30

1239 2015 1334 2053 τρον.
1356 2000 1395 2039 τὸ
1413 2001 1510 2040 ἕκτον
1525 2004 1776 2044 ἀναπαιστικὸν
1792 2008 1918 2058 ὁμοίως
1933 2013 2024 2049 κατὰ
2037 2013 2098 2060 τήν
2114 2016 2281 2069 τετάρτην

1238 2057 1356 2110 χώραν
1382 2061 1724 2111 προκελευσματικὸν
1753 2064 1845 2116 ἔχον.
1868 2066 1910 2105 τὰ
1937 2069 2014 2117 ἑξῆς
2031 2073 2202 2124 τροχαϊκὰ
2224 2076 2279 2113 δί-

1239 2131 1349 2167 μετρα
1375 2116 1466 2163 πλὴν
1491 2122 1550 2156 τοῦ
1573 2121 1771 2160 τελευταίου
1793 2127 2069 2181 καταλ·ηκτικοί.]]
2092 2135 2203 2170 ταῦτα
2226 2135 2278 2172 δεῖ

1237 2172 1402 2217 ὀξυτόνως
1434 2175 1664 2228 προφέρεσθαι
1694 2183 1735 2231 τῇ
1767 2186 1882 2234 φωνῇ,
1911 2182 2001 2222 ὥστε
2035 2187 2152 2238 ὀρνέου
2189 2185 2274 2242 ῆγον

1237 2231 1488 2283 προφαίνεσθαι
1504 2233 1595 2271 κατὰ
1614 2235 1774 2285 μίμησιν.
2227 2236 2237 2242 “
2297 2271 2330 2296 35

1289 2303 1352 2328 229.
1385 2289 1426 2327 ἷὼ
1453 2290 1514 2327 ἰτὼ
1535 2290 1596 2329 ἶτώ
1625 2306 1633 2331 :
1663 2296 1926 2346 Προσκαλεῖται
1945 2298 2022 2343 τοὺς
2047 2300 2199 2353 ὄρνιθας,
2220 2304 2277 2342 ἵνα

1236 2347 1479 2399 συμῧουλεύσῃ
1500 2348 1564 2395 τὴν
1588 2351 1688 2388 πόλιν
1713 2352 1841 2392 κτίσαι.
1864 2355 1902 2393 τὸ
1922 2355 1958 2393 δὲ
1974 2357 2052 2396 ὅλον
2073 2361 2239 2415 εὐκαίρως
2259 2367 2276 2401 ὁ

1233 2405 1379 2452 ποιητὴς
1401 2406 1562 2458 βούλεται
1579 2407 1636 2446 τὸν
1657 2410 1760 2462 χορὸν
1782 2412 1915 2457 εἶσάξαι
1936 2417 2004 2452 τῶν
2025 2417 2164 2469 ὀρνέων.

1285 2477 1348 2502 230.
1379 2465 1476 2516 γυίας
1494 2479 1503 2504 :
1523 2465 1663 2513 Ὁδοὺς,
1688 2468 1833 2520 πλέθρα.
1910 2473 2002 2524 φῦλα
2023 2487 2032 2512 2
2054 2475 2157 2522 Γένη,
2188 2486 2272 2516 Vict.

1285 2535 1346 2560 231.
1376 2524 1609 2576 κριθοτράγων
1644 2539 1652 2563 :
1683 2526 1770 2564 Ἀντὶ
1795 2532 1853 2566 τοῦ
1879 2532 2109 2583 κριθοφάγων.
2149 2540 2273 2580 καινῶς
2293 2557 2326 2580 40

1231 2580 1266 2618 δὲ
1286 2575 1392 2618 εἶπεν·
1412 2582 1449 2619 οὗ
1470 2580 1536 2635 γὰρ
1558 2588 1628 2620 πᾶν
1649 2583 1763 2636 ὄρνεον
1784 2586 1903 2638 κριθὰς
1918 2589 2033 2627 ἐσθίει.

1283 2651 1347 2676 232.
1378 2640 1409 2676 οἱ
1429 2638 1578 2692 γέρανοι.
1597 2649 1636 2678 V.

1281 2709 1346 2735 233.
1376 2700 1483 2750 γῆρυν
1502 2712 1510 2736 :
1531 2699 1674 2745 Φωνήν.
1704 2708 1786 2738 l'ict.

1281 2767 1345 2792 234.
1379 2753 1444 2792 ὅσα
1470 2756 1499 2792 τ’
1527 2757 1562 2793 εἶν
1596 2756 1696 2794 ἄλοκι
1724 2772 1733 2796 :
1756 2758 1818 2797 Ἐν
1840 2764 1883 2811 τῇ
1911 2765 2002 2814 τομῇ
2022 2767 2081 2800 τοῦ
2108 2764 2266 2817 ἀρότρου.

1227 2812 1302 2849 ἀντὶ
1320 2817 1379 2850 τοῦ
1400 2814 1481 2864 περὶ
1498 2814 1559 2860 τὴν
1582 2816 1692 2865 βῶλον
1712 2819 1773 2861 τῆς
1790 2817 1949 2861 αὕλακος.
2289 2845 2320 2871 45

1279 2884 1342 2908 235.
1373 2872 1677 2923 ἀμφιτιττυὸίζετε
1703 2886 1711 2911 :
1734 2874 1843 2912 Ποιὸν
1864 2870 1950 2927 ῆχον
1971 2879 2185 2918 ἀποτελεῖτε.

1278 2942 1340 2967 237.
1371 2928 1442 2980 [τιὸ
1468 2928 1520 2966 τιό
1548 2942 1556 2967 :
1582 2929 1628 2968 ‘H
1655 2930 1795 2982 δευτέρα
1823 2934 1952 2985 στροφὴ
1980 2934 2101 2973 κώλων
2131 2938 2187 2988 ιγ’.
2217 2933 2264 2977 ὧν

1224 2986 1262 3024 τὸ
1282 2989 1419 3038 πρῶτον
1443 2986 1692 3024 ἀναπαιστικὸν
1710 2988 1868 3042 δίμετρον
1886 2993 2129 3039 ἀκατάληκτον
2147 2997 2187 3033 ἐκ
2203 3013 2263 3035 τε-

1223 3043 1464 3097 τραὸραχέων.
1489 3044 1527 3082 τὸ
1552 3045 1583 3096 β’
1607 3045 1725 3095 ὅμοιον
1750 3047 1914 3100 καθαρόν.
1934 3049 1974 3086 τὸ
1997 3050 2109 3102 τρίτον
2130 3051 2260 3103 ὅμοιον,

1223 3103 1302 3154 ἔχον
1324 3102 1382 3140 τὸν
1402 3102 1514 3155 τρίτον
1538 3102 1597 3140 καὶ
1621 3104 1784 3155 τέταρτον
1811 3105 1900 3143 πόδα
1924 3107 2177 3160 τετράδραχυν,
2202 3111 2259 3148 τὸν
2280 3136 2314 3160 50

1223 3161 1258 3199 δὲ
1275 3160 1437 3213 τέταρτον
1452 3160 1655 3212 τρίὸραχυν.
1673 3161 1711 3198 τὸ
1732 3163 1758 3199 ε’
1776 3161 1905 3212 ὅμοιον,
1923 3164 1980 3202 τὸν
1999 3166 2030 3202 α’
2052 3166 2112 3204 καὶ
2131 3167 2163 3218 β’
2180 3167 2259 3220 ἔχον

1192 3241 1194 3248 ·
1221 3217 1310 3255 πόδα
1339 3218 1592 3271 τετράδραχυν.
1619 3219 1658 3256 τὸ
1682 3219 1779 3257 ἕκτον
1803 3222 1935 3271 ὅμοιον,
1956 3223 2013 3261 τὸν
2035 3225 2148 3276 τρίτον
2177 3226 2257 3278 ἔχον

1191 3288 1193 3321 ,1
1220 3274 1310 3312 πόδα
1331 3275 1582 3328 τετράδραχυν.
1604 3276 1648 3314 τὰ
1666 3277 1741 3323 ἑξῆς
1760 3278 1794 3322 ἓξ
1814 3280 1986 3330 τροχαῖκὰ
2003 3281 2146 3334 δίμετρα
2165 3285 2256 3321 ἀκα-

1191 3329 1193 3333 ’
1220 3333 1379 3379 τάληκτα
1397 3334 1655 3385 ἐπιμεμιγμένα
1673 3336 1908 3388 τριὸράχεσιν.
1933 3338 1972 3375 τὸ
1998 3338 2033 3376 δὲ
2051 3341 2109 3390 ιγ’,
2129 3341 2167 3378 τὸ
2190 3344 2253 3378 ἆτ-
