2533 3808
196 180 244 212 46
935 171 1187 210 SCHOLIA
1221 173 1279 212 IN
1316 173 1579 222 EQUITES.

194 269 232 305 οὐ
262 266 402 310 δεόντως
431 265 668 319 ἀμειψαμένου
678 269 738 302 τοῦ
765 265 1032 304 ἀλλαντοπώλου
1058 266 1115 304 τὸν
1142 267 1233 305 Κλέ-

193 342 284 372 ωνα,
312 324 420 376 λέγων
441 327 485 367 ὡς
510 327 615 376 ἐχρῆν
636 323 738 360 αὐτὸν
768 323 1032 361 ἀντιτεθεικέναι
1051 327 1101 377 τῷ
1123 323 1232 378 θύννῳ

192 383 366 435 λάὸρακα.
389 381 546 433 ἰδιωτέρα
563 381 629 432 γὰρ
648 380 735 427 αὕτη
756 381 840 432 πρὸς
854 381 912 418 τὸν
933 380 1048 419 θύννον
1069 386 1129 420 τοῦ
1149 382 1232 428 ἠνύ-

193 457 294 493 στρου
317 440 375 478 καὶ
396 435 443 477 ὧν
462 439 562 482 αὐτὸς
579 434 672 476 εἶπεν
693 439 885 485 ἀπάντησις
908 439 949 477 ἂν
975 435 1029 486 ῆν.
1084 439 1229 484 Ἄλλως.

155 519 171 542 5
194 499 325 551 βέλτιόν
347 514 449 551 φησιν
475 493 561 535 εἶναι
581 498 743 551 λάὸρακα
767 497 1034 551 καταφαγόντα,
1060 499 1138 543 τοὺς
1158 502 1232 538 Μι-

191 558 329 604 λησίους
360 558 505 602 κλονεῖν,
543 555 634 594 ἀλλὰ
670 556 718 607 μὴ
755 556 880 596 Νικίαν
914 557 1112 609 ταράσσειν,
1148 557 1231 611 ὅπερ

190 616 377 662 ἠπείλησεν
400 618 417 652 ὁ
439 614 717 662 ἀλλαντοπώλης.
744 617 778 658 ἐν
803 615 950 668 Μιλήτῳ
977 615 1012 653 δὲ
1029 619 1090 662 τῆς
1114 616 1227 660 Ἀσίας

191 674 346 725 μέγιστοι
362 673 534 725 λάὸρακες
547 673 698 724 γίνονται
712 673 771 711 καὶ
784 676 940 711 πλεῖστοι
961 674 1016 711 διὰ
1029 674 1090 721 τὴν
1112 678 1231 713 ἐπεισ-

166 771 170 783 ι
191 732 331 786 ρέουσαν
353 731 478 782 λίμνην
506 734 553 775 εἰς
574 731 635 778 τὴν
661 732 850 770 θάλασσαν.
906 733 1085 785 χαίροντες
1110 732 1176 786 γὰρ
1200 736 1230 771 οἱ

140 806 170 830 10
190 790 302 842 ἰχθύες
321 794 370 841 τῷ
389 793 512 842 γλυκεῖ
531 789 630 828 ὕδατι
657 793 704 834 εἰς
722 790 785 837 τὴν
810 790 936 841 λίμνην
961 793 999 828 ἐκ
1019 794 1080 838 τῆς
1099 791 1229 830 θαλάσ-

189 866 249 896 σης
284 849 533 902 ἀνατρέχουσι,
562 849 621 887 καὶ
660 849 750 887 οὕτω
790 850 1002 897 πληθύνουσι
1034 850 1131 903 παρὰ
1161 857 1231 894 τοῖς

189 909 383 956 Μιλησίοις.
413 908 603 955 Μιλησίους
625 907 660 946 δὲ
683 902 790 955 εἶπεν,
811 912 857 951 ὡς
881 912 939 946 τοῦ
965 908 1126 953 Κλέωνος
1153 909 1231 953 τοὺς

184 967 383 1014 Μιλησίους
401 967 634 1020 ταράσσοντος
653 967 712 1004 καὶ
730 967 989 1019 ἐπηρεάζοντος.

237 1039 300 1064 362.
331 1025 495 1077 σχελίδας
514 1039 522 1064 :
542 1025 628 1068 Βοὸς
651 1025 797 1078 πλευρά.
823 1025 978 1072 ἢὰπλῶς
998 1026 1042 1064 τὰ
1059 1025 1230 1079 πλευρικὰ

138 1101 170 1125 15
187 1087 254 1122 τῶν
274 1086 374 1135 βοῶν.
397 1086 443 1126 ὡς
461 1083 649 1136 Αἰσχύλος.

241 1142 421 1192 ὠνήσομαι
449 1141 606 1193 μέταλλα
628 1156 636 1181 :
665 1141 861 1193 Ὠνήσομαι
885 1142 1043 1193 μέταλλα
1067 1142 1229 1195 ἀργυρίου

188 1201 247 1239 καὶ
271 1201 435 1253 χρυσίου,
455 1200 545 1239 ὥστε
572 1200 760 1254 προσόδους
786 1201 878 1253 ἔχειν
904 1201 966 1248 τὴν
994 1200 1105 1239 πόλιν.
1130 1195 1171 1247 ῆν
1194 1201 1230 1239 δὲ

192 1258 347 1310 μέταλλα
369 1259 547 1305 Ἀθήνησιν
567 1261 601 1297 ἐν
619 1260 774 1312 Λαυρίῳ.

242 1331 303 1356 363.
333 1317 474 1364 κυκήσω
494 1332 502 1357 :
528 1318 739 1369 Συνταράξω
760 1317 988 1356 ἐπεισπεσὼν.
1005 1317 1044 1355 τὸ
1064 1317 1174 1370 βίαιον
1195 1315 1230 1355 δὲ

137 1389 174 1415 20
192 1377 294 1413 αὐτοῦ
314 1375 370 1413 διὰ
385 1379 445 1423 τῆς
466 1376 587 1419 λέξεως
607 1376 794 1421 ἐδήλωσεν.

241 1447 302 1472 364.
324 1433 456 1485 φύσκης
471 1449 479 1473 :
495 1433 625 1480 Φύσκη
638 1434 770 1486 ἔντερόν
787 1436 859 1472 ἐστι
874 1434 971 1486 παχὺ
982 1465 991 1480 ,
1003 1436 1048 1477 εἰς
1066 1433 1084 1472 ὃ
1099 1433 1229 1484 ἐμὸάλ-

188 1493 285 1529 λεται
303 1492 432 1544 ἄλευρα
455 1492 514 1529 καὶ
530 1492 615 1544 κρέα
642 1493 701 1530 καὶ
722 1493 926 1543 μάσσουσιν.
951 1492 985 1537 ἐξ
1003 1487 1041 1530 οὗ
1062 1492 1193 1543 γίνεται
1213 1495 1231 1530 ὃ

189 1552 307 1594 ἀλλᾶς.
327 1554 372 1593 ὡς
391 1550 663 1598 ἀλλαντοπώλης
686 1550 721 1589 δὲ
746 1555 806 1597 τῆς
829 1551 961 1603 φύσκης
981 1551 1229 1602 ἐμνημόνευσε.

240 1623 304 1648 365.
335 1609 462 1660 [κύὸδα
487 1622 495 1648 :
522 1609 721 1647 Κύπτοντα.
749 1609 806 1647 διὰ
831 1609 866 1647 δὲ
890 1614 949 1648 τοῦ
969 1609 1149 1662 σχήματος
1167 1609 1230 1657 τὴν

135 1684 169 1709 25
188 1667 356 1720 αἰσχύνην
377 1668 546 1706 δείκνυσιν
564 1669 716 1720 ἑαυτοῦ]

239 1740 301 1765 366.
330 1727 371 1773 νὴ
388 1727 445 1765 τὸν
465 1728 647 1766 Ποσειδῶ;
672 1727 743 1766 Καὶ
760 1727 820 1778 ἐμὲ
839 1727 896 1765 τὸν
918 1727 1113 1779 θεράποντα
1132 1727 1230 1774 ἕλκε,

187 1784 245 1823 ἐὰν
263 1785 319 1823 τὸν
337 1785 609 1832 ἀλλαντοπώλην
627 1785 742 1837 ἕλκῃς.
798 1783 941 1829 Ἄλλως.
958 1789 975 1823 ὃ
987 1785 1090 1838 χορός
1104 1787 1197 1824 ἐστιν
1214 1789 1231 1823 ὅ

186 1843 309 1895 λέγων.
325 1844 507 1896 χρησίμως
527 1843 562 1882 δὲ
583 1843 751 1895 κέχρηται
766 1846 811 1896 τῆ
827 1845 1017 1896 συνδρομῆ.
1041 1845 1089 1894 μὴ
1109 1848 1231 1882 τοῦτον

188 1902 302 1952 μόνον,
325 1902 415 1940 ἀλλὰ
436 1902 496 1940 καὶ
522 1905 615 1952 ἡμᾶς
634 1910 691 1940 τὸν
711 1902 813 1940 αὐτὸν
831 1902 962 1953 ἐξάγοις
976 1903 1114 1954 τρόπον.

135 1985 170 2011 30
241 1979 304 2005 367.
335 1960 404 2004 οἷόν
431 1982 470 2004 σε
497 1966 618 2012 δήσωε
644 1966 773 2014 Μόνον,
795 1960 893 2017 ἵναῆ
921 1965 1044 2016 λέγων,
1074 1968 1141 2003 τῶν
1169 1966 1231 2015 μὲν

188 2023 302 2062 ἄλλων
329 2040 390 2063 σου
415 2027 622 2075 συνωμοτῶν
643 2024 768 2076 καίπερ
792 2023 1014 2074 ἀδικούμενος
1038 2024 1095 2062 ὑπ’
1118 2026 1230 2061 αὐτῶν

187 2082 367 2135 φείσομαι,
388 2083 426 2120 σὲ
447 2082 482 2121 δὲ
499 2083 600 2133 μόνον
622 2083 719 2128 δήσω
737 2086 787 2135 τῷ
808 2082 910 2135 ξύλῳ.
929 2077 1016 2126 εἶδος
1034 2082 1069 2120 δὲ
1087 2083 1227 2132 δεσμω-

185 2141 304 2194 τηρίου
325 2142 362 2180 τὸ
381 2141 492 2189 ξύλον,
513 2143 555 2189 ἣν
580 2142 778 2188 ποδοκάκην
799 2141 937 2193 λέγουσι
959 2141 1019 2179 καὶ
1041 2141 1232 2193 ποδοστρά-

187 2199 264 2247 em.
294 2200 474 2251 [διώξομαι
500 2200 555 2247 δὲ,
586 2200 817 2253 κατηγορήσω
843 2215 904 2238 σου
935 2200 1080 2247 δειλίας,
1111 2202 1230 2252 ἀγῶνα

134 2276 168 2301 35
187 2258 398 2309 ἐνστήσομαι
415 2258 506 2296 κατὰ
523 2259 615 2310 σοῧ.]

239 2331 303 2356 369.
335 2316 579 2369 θρανεύσεται;
595 2316 863 2362 Ἔκταθήσεται.
881 2315 1002 2369 θράνος
1018 2314 1084 2367 γὰρ
1097 2316 1136 2354 τὸ
1153 2319 1233 2354 ὓπο-

188 2374 321 2425 πόδιον,
339 2374 424 2413 ὅπου
439 2374 484 2412 τὰ
503 2375 660 2427 δέρματα
682 2374 883 2413 ἐκτείνεται.
903 2375 1010 2411 πάλιν
1033 2373 1068 2411 δὲ
1086 2376 1130 2417 ὡς
1150 2377 1232 2426 βυρ-

189 2432 349 2480 σοπώλης
367 2436 468 2470 τοῦτο
488 2432 595 2484 λέγει.
657 2432 803 2476 Ἄλλως.
826 2432 950 2476 ξαίνειν
973 2431 1090 2482 ἔλεγον
1110 2432 1149 2469 τὸ
1168 2431 1232 2469 τύ-

188 2507 298 2537 πτειν,
316 2491 374 2528 καὶ
390 2490 563 2535 ξαίνεσθαι
579 2490 618 2528 τὸ
632 2490 794 2542 πάσχειν.
809 2491 912 2541 φησὶν
926 2486 997 2537 οὖν,
1008 2493 1029 2536 ἡ
1048 2489 1160 2542 βύρσα
1172 2506 1232 2528 σου

134 2572 169 2598 40
188 2548 385 2598 τυπτομένη
418 2547 705 2601 διαφθαρήσεται.
748 2547 841 2590 ἰδίως
875 2546 910 2584 δὲ
938 2550 983 2590 ὡς
1017 2547 1158 2599 βυρσεὺς
1188 2552 1231 2600 τῆ

188 2608 314 2658 ἀπειλῇ
343 2605 451 2658 ταύτῃ
478 2606 661 2658 κέχρηται.
690 2606 750 2644 καὶ
781 2605 847 2658 γὰρ
876 2605 937 2649 τὰς
966 2605 1094 2657 βύρσας
1121 2605 1230 2650 ξύλοις

186 2664 329 2703 τύπτειν
351 2664 524 2715 εἰώθασιν,
542 2665 598 2702 ἵνα
619 2664 754 2702 ἁπαλαὶ
779 2658 876 2703 ῶσιν.
897 2664 979 2703 ἔνιοι
996 2664 1051 2712 δὲ,
1075 2663 1131 2702 ἵνα
1153 2666 1231 2702 δια-

186 2723 324 2762 λάὸοιεν
340 2725 488 2776 εὐχερῶς
503 2726 562 2761 τοῦ
583 2722 780 2775 φαρμάκου.

240 2796 303 2820 370.
334 2784 421 2834 δερῶ
435 2797 473 2819 σε
491 2781 638 2820 θύλακον
663 2795 671 2819 :
692 2781 850 2832 Ἐκδερῶ
870 2797 920 2820 σε.
939 2780 979 2818 τὸ
998 2780 1064 2834 γὰρ
1082 2781 1230 2834 ἐκδέρειν

136 2868 169 2893 45
189 2842 318 2890 μᾶλλον
344 2844 412 2879 τῶν
436 2840 609 2892 μαγείρων
634 2839 752 2890 τέχνη.
774 2841 903 2892 ἐκδερῶ
925 2855 982 2887 σε,
1001 2840 1119 2892 φησὶν,
1142 2839 1230 2878 ὥστε

188 2898 256 2936 ἀπὸ
274 2903 333 2936 τοῦ
359 2898 519 2950 σώματός
548 2914 608 2937 σου
637 2897 785 2936 θύλακον
814 2900 959 2944 ποιῆσαι
982 2899 1029 2941 εἰς
1053 2898 1231 2951 ὑποδοχὴν

187 2955 399 3006 κλέμματος.

240 3028 303 3053 37ῐ.
330 3013 663 3061 διαπατταλευθήσει
683 3029 692 3053 :
713 3015 915 3066 Ἔκταθήσῃ
932 3014 1059 3067 χαμαί.
1080 3015 1142 3058 τὰς
1163 3014 1231 3068 γὰρ

191 3072 318 3125 βύρσας
335 3073 540 3117 ἐκτείνοντες
555 3073 613 3110 ἐπὶ
632 3076 692 3119 τῆς
711 3077 790 3123 γῆς,
807 3073 864 3111 ἵνα
881 3074 929 3124 μὴ
946 3073 1148 3124 συνάγοιντο
1168 3074 1228 3111 καὶ

141 3148 177 3174 50
190 3131 430 3169 συστέλλοιντο
447 3133 486 3169 ἐκ
504 3135 564 3177 τῆς
582 3135 640 3169 τοῦ
661 3132 760 3178 ἡλίου
778 3132 951 3180 καύσεως,
971 3132 1062 3170 κατὰ
1078 3132 1122 3170 τὰ
1139 3132 1230 3185 ἄκρα

187 3188 377 3233 παττάλοις
392 3189 660 3241 κατακρούοντες
678 3190 895 3228 ἐκτείνουσιν.
952 3190 1095 3234 Ἄλλως.
1113 3190 1230 3243 χαμαὶ

187 3247 244 3286 ἐπὶ
264 3249 331 3284 τῶν
350 3247 536 3285 παττάλων
566 3247 714 3299 ἐξέδερον
739 3247 783 3285 τὰ
803 3249 972 3301 δέρματα.

240 3319 303 3344 372.
332 3304 567 3358 περικόμματ’
588 3307 625 3342 ἐκ
645 3309 705 3343 σοῧ
725 3320 733 3344 ;
756 3307 1015 3359 Περικόμματα
1034 3305 1078 3343 τὰ
1099 3307 1137 3343 ἐκ
1160 3309 1228 3344 τῶν

1288 269 1412 321 λέγειν,
1431 272 1584 310 τοιοῦτόν
1602 274 1685 311 ἐστι·
1702 273 1860 311 τουτέστι
1873 272 1964 311 κατὰ
1983 273 2086 327 μέρος
2101 290 2162 313 σου
2175 274 2271 328 κόψω
2289 276 2328 315 τὸ

1290 330 1407 378 σῶμα.
1432 332 1478 372 ὡς
1497 330 1660 383 μάγειρος
1677 330 1712 368 δὲ
1729 333 1833 382 λέγει.

1341 400 1404 425 373.
1433 386 1495 430 τὰς
1520 389 1728 441 βλεφαρίδας
1751 404 1759 428 :
1778 390 2035 443 Παρεπιγραφὴ
2056 391 2095 429 τὸ
2115 394 2251 443 σχῆμα.
2272 391 2330 430 ἐπὶ

1287 443 1354 497 γὰρ
1370 443 1430 488 τὰς
1447 445 1539 498 ὄψεις
1560 451 1618 484 τοῦ
1642 448 1910 486 ἀλλαντοπώλου
1934 449 2110 487 ἐπιὲαλὼν
2129 450 2190 493 τὰς
2210 453 2331 503 χεῖρας

1289 502 1332 540 τὰ
1355 502 1512 556 βλέφαρα
1529 505 1689 543 ἐκτίλλει.
1710 508 1777 543 τῶν
1794 506 1861 558 γὰρ
1884 510 2017 559 βυρσῶν
2039 510 2129 546 ἐστιν
2145 508 2242 561 ἔργον
2262 511 2331 546 τῶν
2350 525 2368 550 5

1290 560 1471 613 δερμάτων
1484 562 1709 612 ἀπομαδίζειν
1721 563 1782 607 τὰς
1794 564 1928 616 τρίχας.
1941 565 1962 611 ἢ
1975 565 2026 603 ὅτι
2038 566 2123 618 πρὸς
2133 566 2171 604 τὸ
2188 566 2329 619 ῥάπτειν

1288 622 1417 672 τριχῶν
1440 619 1584 658 δέονται.

1342 690 1407 716 374.
1437 677 1495 715 τὸν
1516 680 1744 730 πρηγορεῶνα
1763 692 1772 717 :
1791 678 1862 716 Τὸν
1881 678 2066 729 λεγόμενον
2089 683 2330 733 γαργαρεῶνα.

1287 735 1554 788 παρατηρητέον
1572 735 1607 773 δὲ
1626 738 1659 773 ἑν
1677 743 1764 774 πᾶσι
1780 737 1850 780 τοῖς
1868 738 2106 785 ἀντιθετικοῗς,
2121 738 2174 776 ὅτι
2190 739 2259 776 ἀπὸ
2272 742 2333 785 τῆς

1288 796 1393 831 αὐτοῦ
1412 792 1537 845 τέχνης
1552 792 1711 847 ἑκάτερος
1730 796 1843 832 αὐτῶν
1866 795 1935 837 τοῖς
1954 794 2100 845 ὀνόμασι
2121 799 2251 848 χρῆται
2270 797 2330 835 καΛι
2351 815 2384 840 10

1288 858 1363 895 ταῖς
1379 851 1522 896 λέξεσιν.
1541 851 1659 905 ὥσπερ
1676 852 1743 905 γὰρ
1761 856 1828 891 τῶν
1851 853 2003 906 βυρσέων
2024 853 2063 891 τὸ
2079 854 2256 907 καθαίρειν
2272 855 2332 893 καὶ

1289 911 1444 961 μαδίζειν
1464 913 1532 948 τῶν
1553 911 1733 964 δερμάτων
1757 911 1818 955 τὰς
1838 912 1977 964 τρίχας,
1992 912 2081 951 οὕτω
2095 912 2155 950 καὶ
2172 916 2240 951 τῶν
2262 929 2332 964 μα·

1287 970 1412 1021 γείρων
1429 969 1467 1007 τὸ
1486 969 1621 1020 τέμνειν
1645 970 1705 1008 καὶ
1729 970 1868 1024 σφάζειν
1885 973 1932 1014 εἰς
1948 970 2006 1009 τὸν
2021 971 2148 1022 λαιμὸν
2164 970 2209 1009 τὰ
2225 972 2332 1025 θρέμ-

1290 1043 1396 1077 ματα.
1417 1028 1541 1080 κυρίως
1565 1027 1600 1066 δὲ
1623 1031 1644 1074 ἡ
1663 1031 1730 1065 τῶν
1751 1028 1876 1081 ὀρνέων
1893 1028 2045 1082 φάρυγξ,
2062 1024 2138 1081 ἕνῇ
2159 1029 2334 1084 ἀγείρεται

1288 1089 1309 1132 ἡ
1331 1087 1456 1139 τροφή.
2353 1106 2385 1131 15

1341 1159 1405 1183 376.
1439 1147 1649 1197 μαγειρικῶς
1670 1159 1678 1184 :
1701 1144 1858 1184 Εἰώθασι
1877 1144 1944 1198 γὰρ
1960 1147 1990 1182 οἳ
2015 1145 2173 1199 μάγειροι
2192 1146 2333 1184 πασσά-

1285 1204 1356 1246 λοις
1381 1202 1425 1240 τὰ
1452 1206 1519 1240 τῶν
1542 1202 1671 1256 χοίρων
1697 1203 1886 1254 ἀνοίγοντες
1912 1204 2073 1255 στόματα
2097 1207 2278 1243 κατανοεῖν
2305 1207 2334 1243 εἰ

1286 1263 1479 1312 χαλαζῶσι.
1498 1261 1637 1312 χάλαζα
1661 1260 1696 1298 δὲ
1723 1261 1832 1304 πάθος
1848 1264 1915 1299 τῶν
1934 1261 2075 1315 χοίρων.
2137 1261 2281 1306 Ἄλλως.
2303 1266 2334 1301 οἱ

1288 1319 1447 1372 μάγειροι
1464 1319 1553 1369 μετὰ
1566 1320 1605 1357 τὸ
1625 1319 1823 1372 ἀποσφάξαι
1838 1319 1882 1357 τὰ
1898 1319 2082 1373 θρέμματα
2100 1320 2241 1359 εἰώθασι
2258 1337 2333 1374 κρε-

1289 1384 1357 1428 μᾶν
1372 1377 1461 1415 αὐτὰ
1475 1379 1514 1415 ἐκ
1527 1381 1588 1415 τοῦ
1602 1377 1783 1416 παττάλου
1800 1377 1859 1415 καὶ
1872 1377 1979 1421 οὕτως
1995 1377 2155 1430 ἐκδέρειν.
2173 1379 2333 1431 συνάγειν
2352 1396 2388 1422 20

1289 1436 1324 1474 δὲ
1343 1436 1441 1474 εἴωθε
1457 1435 1501 1474 τὰ
1515 1435 1699 1488 θρέμματα
1716 1436 1754 1473 τὸ
1775 1435 1902 1486 στόμα.
1919 1436 2010 1474 κατὰ
2027 1441 2135 1474 ταῦτα
2152 1431 2210 1475 οὖν
2227 1453 2332 1490 φησιν

1288 1495 1340 1532 ὅτι
1361 1495 1430 1548 χρὴ
1451 1494 1627 1533 πάτταλον
1649 1494 1816 1543 ἐμὸαλεῖν
1834 1497 1880 1538 εἰς
1894 1495 1934 1532 τὸ
1951 1494 2064 1546 στόμα
2084 1494 2144 1533 καὶ
2166 1496 2332 1540 διανοῗξαι

1288 1553 1374 1606 πρὸς
1399 1554 1438 1591 τὸ
1464 1553 1590 1606 ἐξεῖραι
1618 1552 1681 1599 τὴν
1713 1554 1885 1604 γλῶτταν.
1922 1552 2111 1606 ἐξείραντες
2141 1552 2177 1591 δὲ
2211 1553 2333 1601 αὐτὴν,

1288 1611 1496 1655 ἑλκύσαντες
1507 1642 1516 1659 ,
1534 1611 1814 1654 ἀνασπάσαντες.

1342 1683 1404 1709 379.
1436 1669 1658 1722 σκεψόμεσθα
1679 1684 1687 1708 :
1706 1668 1997 1720 Ἐπιγνωσόμεθα
2009 1699 2019 1717 ,
2038 1669 2334 1722 πολυπραγμονή·
2352 1688 2387 1714 25

1289 1744 1406 1779 σομεν.
1433 1729 1600 1778 ἀνδρικῶς
1621 1727 1675 1775 δὲ,
1697 1727 1774 1765 ἀντὶ
1792 1731 1852 1766 τοῦ
1879 1728 2163 1776 ἀνεπικωλύτως,
2191 1729 2251 1768 ἅτε
2270 1732 2333 1776 τῆς

1289 1788 1445 1840 γλώττης
1458 1786 1739 1840 προεξηρημένης
1756 1786 1815 1824 καὶ
1831 1786 1879 1837 μὴ
1895 1787 2146 1837 ἐμποδιζούσης
2161 1788 2223 1834 τὴν
2237 1787 2331 1827 θέαν.

1343 1861 1407 1886 351.
1438 1848 1578 1898 χαλαζᾷ
1596 1860 1603 1884 :
1621 1845 1726 1884 ''H-tot
1746 1847 1774 1883 εἰ
1794 1845 1948 1898 χαλαρός
1965 1847 2057 1892 ἐστι,
2072 1846 2132 1883 καὶ
2146 1848 2174 1884 εἰ
2194 1848 2335 1898 χαλαζᾷ

1289 1906 1372 1943 ἐκεῖ.
1393 1904 1531 1953 νόσημα
1558 1902 1593 1941 δὲ
1612 1907 1713 1941 τοῦτο
1729 1905 1797 1941 τῶν
1822 1903 2045 1956 θρεμμάτων,
2067 1903 2176 1956 ὅσπερ
2197 1903 2334 1948 ζώντων

1289 1963 1350 2013 μὲν
1374 1963 1552 2010 λανθάνει,
1571 1961 1813 2000 ἀποθανόντων
1831 1961 1865 2000 δὲ
1880 1962 1939 2000 καὶ
1955 1964 2174 2013 τεμνομένων
2188 1963 2333 2016 φανερὸν
2352 1979 2387 2004 30

1287 2022 1428 2072 γίνεται.
1445 2022 1521 2064 ταῖς
1541 2020 1640 2074 σαρξὶ
1661 2020 1696 2059 δὲ
1714 2022 1827 2059 αὐτῶν
1846 2021 2082 2072 ἀναμέμικται
2098 2022 2158 2059 καὶ
2177 2022 2335 2075 ἐμπέφυ-

1288 2096 1345 2118 κεν
1366 2084 1387 2126 ἡ
1408 2080 1561 2132 χάλαζα.
2294 2117 2297 2121 ,

1340 2153 1405 2179 382.
1436 2134 1476 2186 ῆν
1499 2138 1566 2192 ἄρα
1586 2137 1694 2191 πυρός
1713 2152 1722 2177 :
1745 2139 1862 2185 Διπλῆ
1878 2137 1938 2176 καὶ
1953 2141 1986 2177 ἓν
2004 2137 2198 2177 ἐπεισθέσει
2216 2138 2335 2192 περίο-

1289 2199 1344 2241 δος
1363 2202 1422 2235 τοῦ
1439 2201 1545 2251 χοροῦ
1562 2196 1737 2243 παιωνικὴ
1755 2197 1975 2244 ἑπτάκωλος,
1990 2196 2120 2249 ἔχουσα
2140 2196 2333 2250 τρίρρυθμα

1287 2259 1424 2309 πρῶτον
1438 2256 1498 2294 καὶ
1511 2255 1637 2308 τρίτον,
1652 2255 1696 2293 τὰ
1711 2255 1746 2293 δὲ
1760 2255 1865 2293 λοιπὰ
1880 2255 2060 2308 δίρρυθμα.
2096 2251 2262 2301 [Ἄλλως.
2275 2272 2334 2294 κο-
2352 2275 2387 2302 35

1290 2316 1388 2368 ρωνὶς
1401 2315 1461 2353 καὶ
1474 2314 1619 2357 εἴσθεσις
1627 2318 1732 2366 χοροῦ
1749 2313 1925 2366 προῳδικὴ
1939 2315 1978 2351 ἐκ
1992 2313 2115 2352 κώλων
2133 2316 2334 2352 παιωνικῶν

1289 2373 1573 2425 ἐπιμεμιγμένων
1599 2378 1773 2425 κρητικοῖς
1793 2372 1894 2410 ἑπτά.
1921 2367 1968 2410 ῶν
1989 2372 2028 2410 τὸ
2055 2375 2192 2425 πρῶτον
2212 2373 2334 2425 τρίμε-

1288 2448 1366 2485 τρον
1388 2432 1633 2478 ἀκατάληκτον
1654 2430 1817 2483 καθαρόν.
1837 2430 1876 2468 τὸ
1894 2429 2050 2483 δεύτερον
2071 2430 2232 2483 δίμετρον
2250 2433 2335 2468 ἀκα-

1288 2491 1460 2537 τάληκτον
1487 2492 1526 2528 ἐκ
1555 2492 1729 2543 κρητικῶν
1766 2490 1842 2536 ἤτοι
1875 2488 2125 2543 ἀμφιμάκρων.
2154 2489 2193 2526 τὸ
2219 2488 2333 2542 τρίτον

1289 2549 1406 2599 ὅμοιον
1423 2551 1472 2601 τῷ
1491 2547 1619 2600 πρώτῳ
1639 2550 1678 2585 ἐκ
1698 2550 1884 2599 κρητικῶν.
1902 2547 1941 2585 τὸ
1959 2547 2123 2600 τέταρτον
2143 2546 2274 2597 ὅμοιον.
2294 2547 2333 2586 τὸ
2349 2565 2386 2592 40

1289 2607 1452 2658 πέμπτον
1473 2606 1590 2657 ὅμοιον
1611 2609 1660 2658 τῷ
1681 2606 1829 2659 δευτέρῳ
1847 2607 1886 2644 ἐκ
1902 2609 2054 2649 παιῶνος
2070 2605 2129 2643 καὶ
2147 2609 2332 2658 κρητικοῦ,

1289 2669 1335 2710 ὡς
1354 2666 1414 2704 καὶ
1433 2665 1477 2703 τὰ
1496 2665 1572 2710 ἑξῆς
1592 2664 1662 2703 δύο.
1684 2667 1718 2702 ἐν
1739 2664 1871 2703 ἐκθέσει
1892 2664 1926 2702 δὲ
1945 2664 2057 2716 στίχοι
2078 2663 2138 2701 δύο
2153 2665 2333 2716 τροχαῖκοὶ

1288 2724 1514 2777 τετράμετροι
1534 2723 1798 2771 καταληκτικοί.
1819 2722 1876 2761 ἐπὶ
1896 2726 1945 2776 τῷ
1966 2722 2057 2760 τέλει
2082 2720 2234 2774 κορωνίς.
2256 2723 2333 2770 ἑξῆς

1289 2783 1325 2820 δὲ
1343 2783 1507 2834 σύστημα
1524 2782 1614 2820 κατὰ
1632 2781 1826 2835 περικοπὴν
1840 2781 1968 2833 στίχων
1986 2780 2113 2831 ὁμοίων
2129 2780 2175 2823 ἔξ.
2192 2780 2236 2818 τὰ
2257 2781 2333 2829 ἑξῆς

1287 2842 1366 2895 τρία
1381 2843 1479 2879 κῶλα
1495 2845 1555 2879 τοῦ
1573 2846 1677 2894 χοροῦ
1695 2840 1880 2893 τροχαϊκά.
1899 2835 1946 2877 ῶν
1963 2839 2007 2876 τὰ
2031 2839 2093 2889 μὲν
2111 2838 2170 2877 δύο
2187 2839 2331 2892 δίμετρα
2349 2863 2383 2888 45

1289 2900 1537 2946 ἀκατάληκτα,
1562 2899 1602 2937 τὸ
1628 2899 1688 2949 μὲν
1710 2897 1801 2936 κατὰ
1819 2897 1881 2944 τὴν
1905 2897 2087 2949 τετάρτην,
2113 2896 2153 2935 τὸ
2179 2897 2215 2935 δὲ
2241 2897 2333 2936 κατὰ

1288 2957 1349 3005 τὴν
1370 2958 1489 3012 τρίτην
1510 2957 1637 3007 ἴαμὸον
1658 2956 1796 3008 ἔχοντα.
1818 2956 1857 2993 τὸ
1877 2955 1912 2993 δὲ
1940 2954 2054 3008 τρίτον
2074 2956 2330 3003 καταληκτικὸν

1289 3015 1530 3069 ἑφθημιμερές.
1553 3018 1583 3053 οἱ
1603 3015 1679 3061 ἑξῆς
1698 3013 1827 3052 τούτων
1851 3013 1910 3051 δύο
1931 3014 2045 3066 στίχοι
2065 3014 2247 3067 τροχαϊκοὶ
2273 3030 2330 3052 τε-

1287 3074 1474 3127 τράμετροι
1492 3072 1753 3119 καταληκτικοί.
1772 3075 1839 3109 τῶν
1861 3071 1896 3110 δὲ
1916 3072 1993 3119 ἑξῆς
2006 3075 2070 3110 -τοῧ
2087 3076 2193 3124 χοροῦ
2211 3072 2237 3109 ε’
2257 3071 2330 3110 κώ-

1286 3134 1356 3170 λων
1377 3132 1421 3170 τὰ
1439 3132 1500 3182 μὲν
1518 3132 1549 3168 α’
1561 3161 1570 3178 ,
1589 3132 1620 3182 β’
1641 3130 1835 3169 δακτυλικὰ
1855 3131 2074 3184 τετράμετρα
2087 3160 2097 3178 ,
2113 3129 2158 3168 τὰ
2174 3131 2210 3168 δὲ
2226 3131 2278 3181 γ’,
2299 3132 2327 3168 ε’
2347 3160 2382 3186 50

1286 3189 1458 3243 τροχαϊκὰ
1491 3188 1709 3240 τετράμετρα
1740 3187 1996 3235 καταληκτικά.
2026 3187 2066 3226 τὸ
2097 3187 2133 3226 δὲ
2161 3187 2326 3240 τέταρτον

1287 3246 1450 3297 ἷαμὸικὸν
1477 3245 1635 3298 δίμετρον
1662 3245 1919 3293 ἀκατάληκτον.
1946 3248 1985 3284 τὸ
2011 3246 2038 3284 ε’
2065 3245 2182 3296 δ’μοιον
2207 3248 2246 3284 ἐκ
2274 3247 2328 3284 δι-

1286 3304 1450 3357 τροχαίου
1472 3303 1649 3354 διιάμὸου.
1673 3304 1748 3350 ἑξῆς
1778 3304 1813 3342 δὲ
1839 3304 1969 3343 τούτων
1995 3307 2030 3343 ἐν
2059 3304 2188 3343 ἐκθέσει
2214 3303 2328 3356 στίχοι

186 3364 362 3417 μαγείρων
394 3363 664 3417 περιαιρούμενα
697 3366 763 3401 τῶν
793 3367 915 3417 κρεῶν.
951 3364 968 3402 ὃ
997 3364 1033 3402 δὲ
1068 3363 1229 3416 βούλεται
1253 3351 1261 3410 1
1288 3363 1347 3401 δύο
1364 3362 1523 3413 ἰαμὸικοὶ
1545 3362 1771 3415 τετράμετροι
1788 3362 2050 3410 καταληκτικοί.
2073 3362 2131 3401 ἐπὶ
2147 3367 2222 3406 ταῖς
2241 3363 2327 3400 ἀπο-
