<?xml version="1.0" encoding="UTF-8"?>
<!DOCTYPE html PUBLIC "-//W3C//DTD XHTML 1.0 Transitional//EN"
    "http://www.w3.org/TR/xhtml1/DTD/xhtml1-transitional.dtd">
<html xmlns="http://www.w3.org/1999/xhtml" xml:lang="en" lang="en">
 <head>
  <title>
</title>
<meta http-equiv="Content-Type" content="text/html;charset=utf-8" />
  <meta name='ocr-system' content='tesseract 3.04.00' />
  <meta name='ocr-capabilities' content='ocr_page ocr_carea ocr_par ocr_line ocrx_word'/>
</head>
<body>
  <div class='ocr_page' id='page_1' title='image "./scholiagraecaina00dbuoft_0225.png"; bbox 0 0 2485 3808; ppageno 0'>
   <div class='ocr_carea' id='block_1_1' title="bbox 14 3174 29 3698">
    <p class='ocr_par' dir='ltr' id='par_1_1' title="bbox 14 3174 29 3698">
     <span class='ocr_line' id='line_1_1' title="bbox 14 3174 29 3698; baseline 0 0"><span class='ocrx_word' id='word_1_1' title='bbox 14 3174 29 3698; x_wconf 95' lang='lat' dir='ltr'> </span> 
     </span>
    </p>
   </div>
   <div class='ocr_carea' id='block_1_2' title="bbox 993 205 1581 249">
    <p class='ocr_par' dir='ltr' id='par_1_2' title="bbox 993 205 1581 249">
     <span class='ocr_line' id='line_1_2' title="bbox 993 205 1581 249; baseline 0.01 -6"><span class='ocrx_word' id='word_1_2' title='bbox 993 205 1244 244; x_wconf 86' lang='lat' dir='ltr'>SCHOLIA</span> <span class='ocrx_word' id='word_1_3' title='bbox 1280 207 1338 245; x_wconf 91' lang='lat' dir='ltr'>IN</span> <span class='ocrx_word' id='word_1_4' title='bbox 1373 208 1581 249; x_wconf 78' lang='lat' dir='ltr'><em>PACEM.</em></span> 
     </span>
    </p>
   </div>
   <div class='ocr_carea' id='block_1_3' title="bbox 185 287 1258 694">
    <p class='ocr_par' dir='ltr' id='par_1_3' title="bbox 185 287 1258 694">
     <span class='ocr_line' id='line_1_3' title="bbox 267 287 1256 342; baseline 0 -15"><span class='ocrx_word' id='word_1_5' title='bbox 267 302 330 328; x_wconf 70' lang='lat'>37⁸.</span> <span class='ocrx_word' id='word_1_6' title='bbox 361 290 411 326; x_wconf 84' lang='grc' dir='ltr'>ναὶ</span> <span class='ocrx_word' id='word_1_7' title='bbox 437 287 521 340; x_wconf 76' lang='grc' dir='ltr'>πρὸς</span> <span class='ocrx_word' id='word_1_8' title='bbox 535 289 602 325; x_wconf 87' lang='grc' dir='ltr'>τῶν</span> <span class='ocrx_word' id='word_1_9' title='bbox 622 289 730 340; x_wconf 81' lang='grc' dir='ltr'>κρεῶν</span> <span class='ocrx_word' id='word_1_10' title='bbox 747 302 755 326; x_wconf 90' lang='lat'>:</span> <span class='ocrx_word' id='word_1_11' title='bbox 779 287 932 332; x_wconf 78' lang='grc' dir='ltr'>Γέλωτος</span> <span class='ocrx_word' id='word_1_12' title='bbox 945 288 1048 342; x_wconf 90' lang='grc' dir='ltr'>χάριν</span> <span class='ocrx_word' id='word_1_13' title='bbox 1067 294 1185 336; x_wconf 50' lang='grc' dir='ltr'>τοῦτο,</span> <span class='ocrx_word' id='word_1_14' title='bbox 1202 290 1256 328; x_wconf 78' lang='grc' dir='ltr'>ἵνα</span> 
     </span>
     <span class='ocr_line' id='line_1_4' title="bbox 215 345 1121 398; baseline 0.003 -14"><span class='ocrx_word' id='word_1_15' title='bbox 215 346 306 398; x_wconf 81' lang='grc' dir='ltr'>δείξῃ</span> <span class='ocrx_word' id='word_1_16' title='bbox 325 345 384 384; x_wconf 82' lang='grc' dir='ltr'>καὶ</span> <span class='ocrx_word' id='word_1_17' title='bbox 400 345 476 389; x_wconf 75' lang='grc' dir='ltr'>τοὺς</span> <span class='ocrx_word' id='word_1_18' title='bbox 492 345 585 389; x_wconf 75' lang='grc' dir='ltr'>θεοὺς</span> <span class='ocrx_word' id='word_1_19' title='bbox 601 347 818 397; x_wconf 76' lang='grc' dir='ltr'>ἡττωμένους</span> <span class='ocrx_word' id='word_1_20' title='bbox 838 347 905 384; x_wconf 80' lang='grc' dir='ltr'>ὑπὸ</span> <span class='ocrx_word' id='word_1_21' title='bbox 925 348 1121 397; x_wconf 73' lang='grc' dir='ltr'>λήμματος.</span> 
     </span>
     <span class='ocr_line' id='line_1_5' title="bbox 271 405 714 455; baseline 0 -11"><span class='ocrx_word' id='word_1_22' title='bbox 271 418 335 444; x_wconf 71' lang='grc'>380.</span> <span class='ocrx_word' id='word_1_23' title='bbox 365 405 675 455; x_wconf 73' lang='grc' dir='ltr'>ἀμαλδυνθήσομαι</span> <span class='ocrx_word' id='word_1_24' title='bbox 707 419 714 444; x_wconf 73' lang='grc' dir='ltr'>ἰ</span> 
     </span>
     <span class='ocr_line' id='line_1_6' title="bbox 219 463 1258 519; baseline 0 -15"><span class='ocrx_word' id='word_1_25' title='bbox 219 465 442 518; x_wconf 89' lang='grc' dir='ltr'>πραττόμενα</span> <span class='ocrx_word' id='word_1_26' title='bbox 454 463 559 507; x_wconf 75' lang='grc' dir='ltr'>οὕτως</span> <span class='ocrx_word' id='word_1_27' title='bbox 576 467 656 514; x_wconf 79' lang='grc' dir='ltr'>ὑμῖν</span> <span class='ocrx_word' id='word_1_28' title='bbox 666 464 725 502; x_wconf 84' lang='grc' dir='ltr'>καὶ</span> <span class='ocrx_word' id='word_1_29' title='bbox 742 465 910 503; x_wconf 63' lang='grc' dir='ltr'>διαὸάλω.</span> <span class='ocrx_word' id='word_1_30' title='bbox 926 469 1032 518; x_wconf 83' lang='grc' dir='ltr'>τορῶς</span> <span class='ocrx_word' id='word_1_31' title='bbox 1044 466 1123 518; x_wconf 84' lang='grc' dir='ltr'>γὰρ,</span> <span class='ocrx_word' id='word_1_32' title='bbox 1140 469 1258 519; x_wconf 67' lang='grc' dir='ltr'>σαφῶς</span> 
     </span>
     <span class='ocr_line' id='line_1_7' title="bbox 185 522 1256 577; baseline -0.001 -14"><span class='ocrx_word' id='word_1_33' title='bbox 185 540 202 564; x_wconf 84' lang='lat'><strong>5</strong></span> <span class='ocrx_word' id='word_1_34' title='bbox 218 525 278 563; x_wconf 79' lang='grc' dir='ltr'>καὶ</span> <span class='ocrx_word' id='word_1_35' title='bbox 294 523 456 576; x_wconf 68' lang='grc' dir='ltr'>ἅκριὸῶς.</span> <span class='ocrx_word' id='word_1_36' title='bbox 478 523 636 569; x_wconf 81' lang='grc' dir='ltr'>ἐπίτηδες</span> <span class='ocrx_word' id='word_1_37' title='bbox 659 522 692 561; x_wconf 73' lang='grc' dir='ltr'>δὲ</span> <span class='ocrx_word' id='word_1_38' title='bbox 711 527 892 576; x_wconf 74' lang='grc' dir='ltr'>τραγικαῖς</span> <span class='ocrx_word' id='word_1_39' title='bbox 910 525 1040 568; x_wconf 78' lang='grc' dir='ltr'>λέξεσιν</span> <span class='ocrx_word' id='word_1_40' title='bbox 1064 525 1256 577; x_wconf 87' lang='grc' dir='ltr'>ἐχρήσατο,</span> 
     </span>
     <span class='ocr_line' id='line_1_8' title="bbox 216 582 1257 635; baseline -0.002 -14"><span class='ocrx_word' id='word_1_41' title='bbox 216 586 267 635; x_wconf 82' lang='grc' dir='ltr'>τῷ</span> <span class='ocrx_word' id='word_1_42' title='bbox 286 583 462 635; x_wconf 73' lang='grc' dir='ltr'>τετορήσω</span> <span class='ocrx_word' id='word_1_43' title='bbox 488 582 547 619; x_wconf 85' lang='grc' dir='ltr'>καὶ</span> <span class='ocrx_word' id='word_1_44' title='bbox 576 582 790 632; x_wconf 83' lang='grc' dir='ltr'>λακήσομαι.</span> <span class='ocrx_word' id='word_1_45' title='bbox 818 582 856 619; x_wconf 80' lang='grc' dir='ltr'>τὸ</span> <span class='ocrx_word' id='word_1_46' title='bbox 882 583 917 620; x_wconf 79' lang='grc' dir='ltr'>δὲ</span> <span class='ocrx_word' id='word_1_47' title='bbox 946 583 1257 632; x_wconf 70' lang='grc' dir='ltr'>ἀμαλδυνθήσομαι</span> 
     </span>
     <span class='ocr_line' id='line_1_9' title="bbox 219 636 1258 694; baseline -0.002 -15"><span class='ocrx_word' id='word_1_48' title='bbox 219 641 296 679; x_wconf 75' lang='grc' dir='ltr'>ἀντὶ</span> <span class='ocrx_word' id='word_1_49' title='bbox 315 645 377 679; x_wconf 90' lang='grc' dir='ltr'>τοῦ</span> <span class='ocrx_word' id='word_1_50' title='bbox 398 641 692 694; x_wconf 72' lang='grc' dir='ltr'>ἇφανισθήσομαι.</span> <span class='ocrx_word' id='word_1_51' title='bbox 719 641 985 693; x_wconf 88' lang='grc' dir='ltr'>παρατηρητέον</span> <span class='ocrx_word' id='word_1_52' title='bbox 1005 636 1062 679; x_wconf 69' lang='grc' dir='ltr'>οῦν</span> <span class='ocrx_word' id='word_1_53' title='bbox 1081 642 1165 694; x_wconf 75' lang='grc' dir='ltr'>πρὸς</span> <span class='ocrx_word' id='word_1_54' title='bbox 1181 640 1258 683; x_wconf 74' lang='grc' dir='ltr'>τοὺς</span> 
     </span>
    </p>
   </div>
   <div class='ocr_carea' id='block_1_4' title="bbox 217 699 1286 753">
    <p class='ocr_par' dir='ltr' id='par_1_4' title="bbox 217 699 1286 753">
     <span class='ocr_line' id='line_1_10' title="bbox 217 699 1286 753; baseline -0.004 -14"><span class='ocrx_word' id='word_1_55' title='bbox 217 700 300 753; x_wconf 81' lang='grc' dir='ltr'>παρ’</span> <span class='ocrx_word' id='word_1_56' title='bbox 322 699 471 752; x_wconf 82' lang='grc' dir='ltr'>Ὁμήρῳ</span> <span class='ocrx_word' id='word_1_57' title='bbox 491 705 542 746; x_wconf 89' lang='grc'>[11.</span> <span class='ocrx_word' id='word_1_58' title='bbox 565 708 614 744; x_wconf 86' lang='grc' dir='ltr'>Μ,</span> <span class='ocrx_word' id='word_1_59' title='bbox 636 704 682 745; x_wconf 74' lang='lat'>32]</span> <span class='ocrx_word' id='word_1_60' title='bbox 705 699 951 749; x_wconf 57' lang='grc' dir='ltr'>ἐξηγόυμένους</span> <span class='ocrx_word' id='word_1_61' title='bbox 973 718 985 730; x_wconf 66' lang='grc' dir='ltr'>α</span> <span class='ocrx_word' id='word_1_62' title='bbox 1008 705 1122 750; x_wconf 87' lang='grc' dir='ltr'>τεῖχος</span> <span class='ocrx_word' id='word_1_63' title='bbox 1139 700 1255 748; x_wconf 88' lang='grc' dir='ltr'>ἀμαλ·</span> <span class='ocrx_word' id='word_1_64' title='bbox 1282 702 1286 722; x_wconf 88' lang='grc'>’·</span> 
     </span>
    </p>
   </div>
   <div class='ocr_carea' id='block_1_5' title="bbox 219 758 747 807">
    <p class='ocr_par' dir='ltr' id='par_1_5' title="bbox 219 758 747 807">
     <span class='ocr_line' id='line_1_11' title="bbox 219 758 747 807; baseline -0.002 -10"><span class='ocrx_word' id='word_1_65' title='bbox 219 759 336 806; x_wconf 83' lang='grc' dir='ltr'>δύνας,</span> <span class='ocrx_word' id='word_1_66' title='bbox 357 778 371 792; x_wconf 82' lang='grc' dir='ltr'><strong>υ</strong></span> <span class='ocrx_word' id='word_1_67' title='bbox 390 759 466 795; x_wconf 83' lang='grc' dir='ltr'>ἀντὶ</span> <span class='ocrx_word' id='word_1_68' title='bbox 483 762 542 795; x_wconf 88' lang='grc' dir='ltr'>τοῦ</span> <span class='ocrx_word' id='word_1_69' title='bbox 563 758 747 807; x_wconf 77' lang='grc' dir='ltr'>ὃμαλίσας.</span> 
     </span>
    </p>
   </div>
   <div class='ocr_carea' id='block_1_6' title="bbox 168 814 1256 870">
    <p class='ocr_par' dir='ltr' id='par_1_6' title="bbox 168 814 1256 870">
     <span class='ocr_line' id='line_1_12' title="bbox 168 814 1256 870; baseline -0.004 -14"><span class='ocrx_word' id='word_1_70' title='bbox 168 833 201 859; x_wconf 88' lang='grc'>10</span> <span class='ocrx_word' id='word_1_71' title='bbox 272 832 335 857; x_wconf 80' lang='grc'>383.</span> <span class='ocrx_word' id='word_1_72' title='bbox 366 817 461 870; x_wconf 53' lang='grc' dir='ltr'>[εἶπέ</span> <span class='ocrx_word' id='word_1_73' title='bbox 489 832 548 866; x_wconf 90' lang='grc' dir='ltr'>μοι</span> <span class='ocrx_word' id='word_1_74' title='bbox 579 815 666 854; x_wconf 46' lang='lat' dir='ltr'>Ns&amp;</span> <span class='ocrx_word' id='word_1_75' title='bbox 697 818 841 852; x_wconf 84' lang='grc' dir='ltr'>τοιαῦτα</span> <span class='ocrx_word' id='word_1_76' title='bbox 862 815 934 859; x_wconf 80' lang='grc' dir='ltr'>εἴδη</span> <span class='ocrx_word' id='word_1_77' title='bbox 956 816 1113 852; x_wconf 86' lang='grc' dir='ltr'>καλεῖται</span> <span class='ocrx_word' id='word_1_78' title='bbox 1142 814 1256 865; x_wconf 79' lang='grc' dir='ltr'>ἑτερό-</span> 
     </span>
    </p>
   </div>
   <div class='ocr_carea' id='block_1_7' title="bbox 1003 868 1024 875">
    <p class='ocr_par' dir='ltr' id='par_1_7' title="bbox 1003 868 1024 875">
     <span class='ocr_line' id='line_1_13' title="bbox 1003 868 1024 875; baseline 0 0"><span class='ocrx_word' id='word_1_79' title='bbox 1003 868 1024 875; x_wconf 71' lang='grc' dir='ltr'>ιιι</span> 
     </span>
    </p>
   </div>
   <div class='ocr_carea' id='block_1_8' title="bbox 165 872 1256 1215">
    <p class='ocr_par' dir='ltr' id='par_1_8' title="bbox 165 872 1256 1215">
     <span class='ocr_line' id='line_1_14' title="bbox 218 872 1256 929; baseline -0.005 -15"><span class='ocrx_word' id='word_1_80' title='bbox 218 892 348 929; x_wconf 64' lang='grc' dir='ltr'>στροφα</span> <span class='ocrx_word' id='word_1_81' title='bbox 375 875 434 913; x_wconf 77' lang='grc' dir='ltr'>καὶ</span> <span class='ocrx_word' id='word_1_82' title='bbox 455 875 520 912; x_wconf 80' lang='grc' dir='ltr'>εἶσὶ</span> <span class='ocrx_word' id='word_1_83' title='bbox 537 873 666 924; x_wconf 86' lang='grc' dir='ltr'>στίχων</span> <span class='ocrx_word' id='word_1_84' title='bbox 688 873 747 910; x_wconf 83' lang='grc' dir='ltr'>καὶ</span> <span class='ocrx_word' id='word_1_85' title='bbox 773 872 893 910; x_wconf 82' lang='grc' dir='ltr'>κώλων</span> <span class='ocrx_word' id='word_1_86' title='bbox 924 873 979 916; x_wconf 79' lang='grc' dir='ltr'>ιζ’.</span> <span class='ocrx_word' id='word_1_87' title='bbox 999 877 1045 910; x_wconf 83' lang='grc' dir='ltr'>ὡν</span> <span class='ocrx_word' id='word_1_88' title='bbox 1067 875 1097 910; x_wconf 78' lang='grc' dir='ltr'>οἱ</span> <span class='ocrx_word' id='word_1_89' title='bbox 1123 875 1256 924; x_wconf 89' lang='grc' dir='ltr'>πρῶτοι</span> 
     </span>
     <span class='ocr_line' id='line_1_15' title="bbox 217 931 1254 984; baseline -0.005 -11"><span class='ocrx_word' id='word_1_90' title='bbox 217 934 277 972; x_wconf 83' lang='grc' dir='ltr'>δύο</span> <span class='ocrx_word' id='word_1_91' title='bbox 292 935 351 972; x_wconf 78' lang='grc' dir='ltr'>καὶ</span> <span class='ocrx_word' id='word_1_92' title='bbox 364 937 382 972; x_wconf 78' lang='grc' dir='ltr'>ὁ</span> <span class='ocrx_word' id='word_1_93' title='bbox 397 937 458 980; x_wconf 82' lang='grc' dir='ltr'>τῆς</span> <span class='ocrx_word' id='word_1_94' title='bbox 472 935 618 984; x_wconf 68' lang='grc' dir='ltr'>στροφῆς</span> <span class='ocrx_word' id='word_1_95' title='bbox 637 932 669 968; x_wconf 84' lang='grc' dir='ltr'>α’</span> <span class='ocrx_word' id='word_1_96' title='bbox 686 932 866 983; x_wconf 77' lang='grc' dir='ltr'>τροχαϊκοὶ</span> <span class='ocrx_word' id='word_1_97' title='bbox 879 931 1104 984; x_wconf 84' lang='grc' dir='ltr'>τετράμετροι</span> <span class='ocrx_word' id='word_1_98' title='bbox 1123 931 1254 968; x_wconf 86' lang='grc' dir='ltr'>ἀκατά-</span> 
     </span>
     <span class='ocr_line' id='line_1_16' title="bbox 216 989 1253 1042; baseline -0.004 -12"><span class='ocrx_word' id='word_1_99' title='bbox 216 994 350 1038; x_wconf 89' lang='grc' dir='ltr'>ληκτοι.</span> <span class='ocrx_word' id='word_1_100' title='bbox 383 991 421 1028; x_wconf 83' lang='grc' dir='ltr'>τὸ</span> <span class='ocrx_word' id='word_1_101' title='bbox 440 991 470 1042; x_wconf 86' lang='grc' dir='ltr'>β’</span> <span class='ocrx_word' id='word_1_102' title='bbox 489 989 675 1027; x_wconf 86' lang='grc' dir='ltr'>παιωνικὸν</span> <span class='ocrx_word' id='word_1_103' title='bbox 696 989 853 1041; x_wconf 86' lang='grc' dir='ltr'>δίμετρον</span> <span class='ocrx_word' id='word_1_104' title='bbox 885 989 1154 1034; x_wconf 82' lang='grc' dir='ltr'>καταληκτικόν.</span> <span class='ocrx_word' id='word_1_105' title='bbox 1179 992 1196 1026; x_wconf 85' lang='grc' dir='ltr'>ὁ</span> <span class='ocrx_word' id='word_1_106' title='bbox 1221 989 1253 1039; x_wconf 76' lang='grc' dir='ltr'>γ’</span> 
     </span>
     <span class='ocr_line' id='line_1_17' title="bbox 216 1046 1255 1100; baseline -0.005 -12"><span class='ocrx_word' id='word_1_107' title='bbox 216 1049 404 1092; x_wconf 83' lang='grc' dir='ltr'>παιωνικὸς</span> <span class='ocrx_word' id='word_1_108' title='bbox 426 1047 654 1100; x_wconf 86' lang='grc' dir='ltr'>τετράμετρος</span> <span class='ocrx_word' id='word_1_109' title='bbox 678 1047 931 1093; x_wconf 79' lang='grc' dir='ltr'>ἀκατάληκτος.</span> <span class='ocrx_word' id='word_1_110' title='bbox 960 1049 977 1084; x_wconf 87' lang='grc' dir='ltr'>ὁ</span> <span class='ocrx_word' id='word_1_111' title='bbox 1001 1047 1027 1084; x_wconf 78' lang='grc' dir='ltr'>δ’</span> <span class='ocrx_word' id='word_1_112' title='bbox 1050 1047 1110 1084; x_wconf 81' lang='grc' dir='ltr'>καὶ</span> <span class='ocrx_word' id='word_1_113' title='bbox 1131 1050 1149 1084; x_wconf 82' lang='grc' dir='ltr'>ὁ</span> <span class='ocrx_word' id='word_1_114' title='bbox 1178 1046 1255 1093; x_wconf 79' lang='grc' dir='ltr'>ἑξῆς</span> 
     </span>
     <span class='ocr_line' id='line_1_18' title="bbox 165 1104 1252 1158; baseline -0.003 -13"><span class='ocrx_word' id='word_1_115' title='bbox 165 1120 198 1145; x_wconf 79' lang='lat'>15</span> <span class='ocrx_word' id='word_1_116' title='bbox 215 1108 274 1146; x_wconf 78' lang='grc' dir='ltr'>καὶ</span> <span class='ocrx_word' id='word_1_117' title='bbox 293 1110 324 1145; x_wconf 83' lang='grc' dir='ltr'>οἱ</span> <span class='ocrx_word' id='word_1_118' title='bbox 342 1109 394 1153; x_wconf 83' lang='grc' dir='ltr'>α’,</span> <span class='ocrx_word' id='word_1_119' title='bbox 411 1107 441 1150; x_wconf 80' lang='grc' dir='ltr'>ς’</span> <span class='ocrx_word' id='word_1_120' title='bbox 459 1109 520 1152; x_wconf 81' lang='grc' dir='ltr'>τῆς</span> <span class='ocrx_word' id='word_1_121' title='bbox 544 1104 703 1157; x_wconf 77' lang='grc' dir='ltr'>δευτέρας</span> <span class='ocrx_word' id='word_1_122' title='bbox 729 1108 877 1157; x_wconf 66' lang='grc' dir='ltr'>στροφῆς</span> <span class='ocrx_word' id='word_1_123' title='bbox 905 1104 1017 1155; x_wconf 76' lang='grc' dir='ltr'>ὅμοιοι</span> <span class='ocrx_word' id='word_1_124' title='bbox 1033 1109 1083 1158; x_wconf 81' lang='grc' dir='ltr'>τῷ</span> <span class='ocrx_word' id='word_1_125' title='bbox 1113 1105 1252 1157; x_wconf 82' lang='grc' dir='ltr'>πρώτῳ.</span> 
     </span>
     <span class='ocr_line' id='line_1_19' title="bbox 214 1162 1254 1215; baseline -0.003 -12"><span class='ocrx_word' id='word_1_126' title='bbox 214 1165 258 1203; x_wconf 83' lang='grc' dir='ltr'>τὰ</span> <span class='ocrx_word' id='word_1_127' title='bbox 287 1165 316 1203; x_wconf 90' lang='grc' dir='ltr'>δ’</span> <span class='ocrx_word' id='word_1_128' title='bbox 333 1165 423 1202; x_wconf 82' lang='grc' dir='ltr'>ἄλλα</span> <span class='ocrx_word' id='word_1_129' title='bbox 448 1162 624 1201; x_wconf 73' lang='grc' dir='ltr'>παιωνικὰ</span> <span class='ocrx_word' id='word_1_130' title='bbox 654 1162 845 1215; x_wconf 86' lang='grc' dir='ltr'>δίρρυθμα.</span> <span class='ocrx_word' id='word_1_131' title='bbox 870 1163 927 1201; x_wconf 82' lang='grc' dir='ltr'>ἐπὶ</span> <span class='ocrx_word' id='word_1_132' title='bbox 958 1169 1035 1207; x_wconf 87' lang='grc' dir='ltr'>ταῖς</span> <span class='ocrx_word' id='word_1_133' title='bbox 1068 1163 1254 1201; x_wconf 87' lang='grc' dir='ltr'>ἀποθέσεσι</span> 
     </span>
    </p>
   </div>
   <div class='ocr_carea' id='block_1_9' title="bbox 1118 1221 1151 1235">
    <p class='ocr_par' dir='ltr' id='par_1_9' title="bbox 1118 1221 1151 1235">
     <span class='ocr_line' id='line_1_20' title="bbox 1118 1221 1151 1235; baseline 0 0"><span class='ocrx_word' id='word_1_134' title='bbox 1118 1221 1151 1235; x_wconf 50' lang='lat' dir='ltr'>a!</span> 
     </span>
    </p>
   </div>
   <div class='ocr_carea' id='block_1_10' title="bbox 211 1220 1251 1275">
    <p class='ocr_par' dir='ltr' id='par_1_10' title="bbox 211 1220 1251 1275">
     <span class='ocr_line' id='line_1_21' title="bbox 211 1220 1251 1275; baseline -0.002 -14"><span class='ocrx_word' id='word_1_135' title='bbox 211 1223 448 1275; x_wconf 72' lang='grc' dir='ltr'>παράγραφος.</span> <span class='ocrx_word' id='word_1_136' title='bbox 471 1221 527 1260; x_wconf 86' lang='grc' dir='ltr'>ἐπὶ</span> <span class='ocrx_word' id='word_1_137' title='bbox 543 1220 580 1259; x_wconf 83' lang='grc' dir='ltr'>δὲ</span> <span class='ocrx_word' id='word_1_138' title='bbox 596 1224 645 1274; x_wconf 81' lang='grc' dir='ltr'>τῷ</span> <span class='ocrx_word' id='word_1_139' title='bbox 666 1222 854 1274; x_wconf 82' lang='grc' dir='ltr'>τελευταίῳ</span> <span class='ocrx_word' id='word_1_140' title='bbox 871 1222 992 1274; x_wconf 81' lang='grc' dir='ltr'>κώλῳ,</span> <span class='ocrx_word' id='word_1_141' title='bbox 1015 1224 1064 1274; x_wconf 80' lang='grc' dir='ltr'>τῷ</span> <span class='ocrx_word' id='word_1_142' title='bbox 1080 1241 1094 1255; x_wconf 89' lang='lat'>«</span> <span class='ocrx_word' id='word_1_143' title='bbox 1115 1225 1251 1260; x_wconf 86' lang='grc' dir='ltr'>οεσποτ’</span> 
     </span>
    </p>
   </div>
   <div class='ocr_carea' id='block_1_11' title="bbox 118 1279 1252 3371">
    <p class='ocr_par' dir='ltr' id='par_1_11' title="bbox 212 1279 1252 1393">
     <span class='ocr_line' id='line_1_22' title="bbox 212 1279 1252 1333; baseline -0.002 -13"><span class='ocrx_word' id='word_1_144' title='bbox 212 1283 408 1333; x_wconf 79' lang='grc' dir='ltr'>ἀγαλοῦμεν</span> <span class='ocrx_word' id='word_1_145' title='bbox 434 1281 506 1331; x_wconf 77' lang='grc' dir='ltr'>ἀεὶ,</span> <span class='ocrx_word' id='word_1_146' title='bbox 528 1299 542 1314; x_wconf 80' lang='grc' dir='ltr'><strong>υ</strong></span> <span class='ocrx_word' id='word_1_147' title='bbox 560 1280 620 1318; x_wconf 88' lang='grc' dir='ltr'>δύο</span> <span class='ocrx_word' id='word_1_148' title='bbox 638 1281 759 1318; x_wconf 80' lang='grc' dir='ltr'>διπλαῖ</span> <span class='ocrx_word' id='word_1_149' title='bbox 776 1279 840 1324; x_wconf 80' lang='grc' dir='ltr'>ἔξω</span> <span class='ocrx_word' id='word_1_150' title='bbox 860 1282 1070 1328; x_wconf 86' lang='grc' dir='ltr'>νενευκυῖαι,</span> <span class='ocrx_word' id='word_1_151' title='bbox 1091 1284 1111 1327; x_wconf 80' lang='grc' dir='ltr'>ἡ</span> <span class='ocrx_word' id='word_1_152' title='bbox 1131 1281 1192 1330; x_wconf 78' lang='grc' dir='ltr'>μὲν</span> <span class='ocrx_word' id='word_1_153' title='bbox 1218 1284 1252 1320; x_wconf 83' lang='grc' dir='ltr'>ἐν</span> 
     </span>
     <span class='ocr_line' id='line_1_23' title="bbox 213 1338 927 1393; baseline -0.003 -15"><span class='ocrx_word' id='word_1_154' title='bbox 213 1343 305 1393; x_wconf 79' lang='grc' dir='ltr'>ἀρχῇ</span> <span class='ocrx_word' id='word_1_155' title='bbox 319 1344 378 1378; x_wconf 82' lang='grc' dir='ltr'>τοῦ</span> <span class='ocrx_word' id='word_1_156' title='bbox 396 1339 526 1387; x_wconf 83' lang='grc' dir='ltr'>κώλου,</span> <span class='ocrx_word' id='word_1_157' title='bbox 542 1342 564 1384; x_wconf 86' lang='grc' dir='ltr'>ἡ</span> <span class='ocrx_word' id='word_1_158' title='bbox 583 1338 618 1376; x_wconf 81' lang='grc' dir='ltr'>δὲ</span> <span class='ocrx_word' id='word_1_159' title='bbox 637 1339 728 1376; x_wconf 84' lang='grc' dir='ltr'>κατὰ</span> <span class='ocrx_word' id='word_1_160' title='bbox 743 1339 782 1376; x_wconf 83' lang='grc' dir='ltr'>τὸ</span> <span class='ocrx_word' id='word_1_161' title='bbox 799 1338 927 1391; x_wconf 61' lang='grc' dir='ltr'>τέλος]</span> 
     </span>
    </p>

    <p class='ocr_par' dir='ltr' id='par_1_12' title="bbox 209 1398 1251 1626">
     <span class='ocr_line' id='line_1_24' title="bbox 266 1398 1250 1451; baseline -0.001 -14"><span class='ocrx_word' id='word_1_162' title='bbox 266 1401 381 1445; x_wconf 83' lang='grc' dir='ltr'>Διπλῆ</span> <span class='ocrx_word' id='word_1_163' title='bbox 401 1398 461 1437; x_wconf 77' lang='grc' dir='ltr'>καὶ</span> <span class='ocrx_word' id='word_1_164' title='bbox 481 1400 515 1436; x_wconf 84' lang='grc' dir='ltr'>ἐν</span> <span class='ocrx_word' id='word_1_165' title='bbox 535 1398 665 1435; x_wconf 82' lang='grc' dir='ltr'>ἐκθέσει</span> <span class='ocrx_word' id='word_1_166' title='bbox 688 1398 817 1449; x_wconf 90' lang='grc' dir='ltr'>στίχων</span> <span class='ocrx_word' id='word_1_167' title='bbox 836 1401 1032 1450; x_wconf 84' lang='grc' dir='ltr'>τροχαϊκῶν</span> <span class='ocrx_word' id='word_1_168' title='bbox 1056 1398 1250 1451; x_wconf 80' lang='grc' dir='ltr'>τριμέτρων</span> 
     </span>
     <span class='ocr_line' id='line_1_25' title="bbox 211 1455 1250 1509; baseline 0 -14"><span class='ocrx_word' id='word_1_169' title='bbox 211 1456 465 1502; x_wconf 83' lang='grc' dir='ltr'>ἀκαταλήκτων</span> <span class='ocrx_word' id='word_1_170' title='bbox 489 1457 539 1508; x_wconf 87' lang='grc' dir='ltr'>β’,</span> <span class='ocrx_word' id='word_1_171' title='bbox 561 1458 617 1508; x_wconf 70' lang='grc' dir='ltr'>ὑφ’</span> <span class='ocrx_word' id='word_1_172' title='bbox 634 1455 690 1498; x_wconf 76' lang='grc' dir='ltr'>οὒς</span> <span class='ocrx_word' id='word_1_173' title='bbox 713 1457 835 1493; x_wconf 78' lang='grc' dir='ltr'>διπλαῖ</span> <span class='ocrx_word' id='word_1_174' title='bbox 856 1457 901 1507; x_wconf 78' lang='grc' dir='ltr'>β’.</span> <span class='ocrx_word' id='word_1_175' title='bbox 921 1456 1041 1494; x_wconf 80' lang='grc' dir='ltr'>ἕπεται</span> <span class='ocrx_word' id='word_1_176' title='bbox 1059 1456 1125 1509; x_wconf 81' lang='grc' dir='ltr'>γὰρ</span> <span class='ocrx_word' id='word_1_177' title='bbox 1141 1460 1163 1503; x_wconf 80' lang='grc' dir='ltr'>ἡ</span> <span class='ocrx_word' id='word_1_178' title='bbox 1191 1460 1250 1495; x_wconf 84' lang='grc' dir='ltr'>ἀν-</span> 
     </span>
     <span class='ocr_line' id='line_1_26' title="bbox 209 1509 1251 1568; baseline 0.001 -16"><span class='ocrx_word' id='word_1_179' title='bbox 209 1514 439 1568; x_wconf 68' lang='grc' dir='ltr'>τιστρέφουσα</span> <span class='ocrx_word' id='word_1_180' title='bbox 455 1517 498 1566; x_wconf 74' lang='grc' dir='ltr'>τῇ</span> <span class='ocrx_word' id='word_1_181' title='bbox 510 1514 799 1567; x_wconf 80' lang='grc' dir='ltr'>ἑκκαιδεκακώλῳ</span> <span class='ocrx_word' id='word_1_182' title='bbox 812 1544 820 1560; x_wconf 94' lang='grc'>,</span> <span class='ocrx_word' id='word_1_183' title='bbox 835 1509 858 1560; x_wconf 59' lang='grc' dir='ltr'>ἠ’</span> <span class='ocrx_word' id='word_1_184' title='bbox 862 1531 875 1557; x_wconf 94' lang='grc' dir='ltr'>ς</span> <span class='ocrx_word' id='word_1_185' title='bbox 888 1517 1022 1566; x_wconf 85' lang='grc' dir='ltr'>πρῶτος</span> <span class='ocrx_word' id='word_1_186' title='bbox 1041 1534 1055 1547; x_wconf 84' lang='lat'>«</span> <span class='ocrx_word' id='word_1_187' title='bbox 1078 1516 1251 1565; x_wconf 76' lang='grc' dir='ltr'>μηδαμῶς</span> 
     </span>
     <span class='ocr_line' id='line_1_27' title="bbox 209 1568 1247 1626; baseline -0.004 -14"><span class='ocrx_word' id='word_1_188' title='bbox 209 1568 238 1612; x_wconf 81' lang='grc' dir='ltr'>ῶ</span> <span class='ocrx_word' id='word_1_189' title='bbox 261 1574 397 1613; x_wconf 83' lang='grc' dir='ltr'>δέσποθ’</span> <span class='ocrx_word' id='word_1_190' title='bbox 419 1573 549 1626; x_wconf 82' lang='grc' dir='ltr'>Ἑρμῆ.</span> <span class='ocrx_word' id='word_1_191' title='bbox 574 1591 590 1605; x_wconf 76' lang='grc' dir='ltr'>υ</span> <span class='ocrx_word' id='word_1_192' title='bbox 613 1572 708 1616; x_wconf 82' lang='grc' dir='ltr'>τέλος</span> <span class='ocrx_word' id='word_1_193' title='bbox 727 1571 763 1610; x_wconf 82' lang='grc' dir='ltr'>δὲ</span> <span class='ocrx_word' id='word_1_194' title='bbox 790 1591 804 1606; x_wconf 90' lang='lat'>«</span> <span class='ocrx_word' id='word_1_195' title='bbox 826 1574 1024 1623; x_wconf 76' lang='grc' dir='ltr'>ἀγαλοῦμεν</span> <span class='ocrx_word' id='word_1_196' title='bbox 1049 1575 1159 1622; x_wconf 82' lang='grc' dir='ltr'>ἡμεῖς.</span> <span class='ocrx_word' id='word_1_197' title='bbox 1180 1592 1193 1607; x_wconf 78' lang='lat'>›.</span> <span class='ocrx_word' id='word_1_198' title='bbox 1208 1579 1247 1608; x_wconf 89' lang='lat' dir='ltr'>V.</span> 
     </span>
    </p>

    <p class='ocr_par' dir='ltr' id='par_1_13' title="bbox 156 1625 1250 1742">
     <span class='ocr_line' id='line_1_28' title="bbox 261 1625 1250 1683; baseline -0.003 -11"><span class='ocrx_word' id='word_1_199' title='bbox 261 1646 326 1672; x_wconf 75' lang='lat'>384.</span> <span class='ocrx_word' id='word_1_200' title='bbox 356 1626 385 1670; x_wconf 79' lang='grc' dir='ltr'>ῶ</span> <span class='ocrx_word' id='word_1_201' title='bbox 412 1631 557 1683; x_wconf 89' lang='grc' dir='ltr'>πόνηροι</span> <span class='ocrx_word' id='word_1_202' title='bbox 579 1645 587 1669; x_wconf 93' lang='lat'>:</span> <span class='ocrx_word' id='word_1_203' title='bbox 608 1625 656 1669; x_wconf 78' lang='grc' dir='ltr'>Ὦ</span> <span class='ocrx_word' id='word_1_204' title='bbox 678 1630 874 1681; x_wconf 88' lang='grc' dir='ltr'>ἐπίμοχθοι.</span> <span class='ocrx_word' id='word_1_205' title='bbox 905 1632 1048 1683; x_wconf 74' lang='grc' dir='ltr'>ἐπιτιμᾷ</span> <span class='ocrx_word' id='word_1_206' title='bbox 1071 1631 1107 1669; x_wconf 81' lang='grc' dir='ltr'>δὲ</span> <span class='ocrx_word' id='word_1_207' title='bbox 1136 1633 1250 1676; x_wconf 84' lang='grc' dir='ltr'>αὐτοῖς</span> 
     </span>
     <span class='ocr_line' id='line_1_29' title="bbox 156 1688 1108 1742; baseline 0.001 -15"><span class='ocrx_word' id='word_1_208' title='bbox 156 1704 190 1727; x_wconf 76' lang='lat'>25</span> <span class='ocrx_word' id='word_1_209' title='bbox 208 1693 254 1735; x_wconf 81' lang='grc' dir='ltr'>ὡς</span> <span class='ocrx_word' id='word_1_210' title='bbox 272 1694 331 1728; x_wconf 92' lang='grc' dir='ltr'>νῦν</span> <span class='ocrx_word' id='word_1_211' title='bbox 349 1692 522 1736; x_wconf 84' lang='grc' dir='ltr'>σιωπῶσι,</span> <span class='ocrx_word' id='word_1_212' title='bbox 544 1688 617 1727; x_wconf 87' lang='grc' dir='ltr'>δέον</span> <span class='ocrx_word' id='word_1_213' title='bbox 639 1688 761 1732; x_wconf 79' lang='grc' dir='ltr'>αὐτοὺς</span> <span class='ocrx_word' id='word_1_214' title='bbox 786 1691 819 1726; x_wconf 87' lang='grc' dir='ltr'>ἐν</span> <span class='ocrx_word' id='word_1_215' title='bbox 845 1692 956 1742; x_wconf 79' lang='grc' dir='ltr'>καιρῷ</span> <span class='ocrx_word' id='word_1_216' title='bbox 976 1690 1108 1729; x_wconf 81' lang='grc' dir='ltr'>λαλεῖν.</span> 
     </span>
    </p>

    <p class='ocr_par' dir='ltr' id='par_1_14' title="bbox 209 1746 1247 1860">
     <span class='ocr_line' id='line_1_30' title="bbox 260 1746 1247 1800; baseline -0.001 -13"><span class='ocrx_word' id='word_1_217' title='bbox 260 1762 324 1787; x_wconf 77' lang='lat'><em>³86.</em></span> <span class='ocrx_word' id='word_1_218' title='bbox 356 1748 399 1798; x_wconf 90' lang='grc' dir='ltr'>(εἴ</span> <span class='ocrx_word' id='word_1_219' title='bbox 430 1763 464 1785; x_wconf 88' lang='grc' dir='ltr'>τι</span> <span class='ocrx_word' id='word_1_220' title='bbox 497 1746 748 1798; x_wconf 75' lang='grc' dir='ltr'>κεχαρισμένον</span> <span class='ocrx_word' id='word_1_221' title='bbox 783 1761 791 1786; x_wconf 89' lang='lat'>:</span> <span class='ocrx_word' id='word_1_222' title='bbox 827 1747 933 1799; x_wconf 79' lang='grc' dir='ltr'>Παρὰ</span> <span class='ocrx_word' id='word_1_223' title='bbox 971 1748 1011 1785; x_wconf 87' lang='grc' dir='ltr'>τὸ</span> <span class='ocrx_word' id='word_1_224' title='bbox 1052 1747 1247 1800; x_wconf 87' lang='grc' dir='ltr'>Ὁμηρικὸν</span> 
     </span>
     <span class='ocr_line' id='line_1_31' title="bbox 209 1805 1181 1860; baseline -0.001 -14"><span class='ocrx_word' id='word_1_225' title='bbox 209 1813 261 1854; x_wconf 89' lang='lat'>[11.</span> <span class='ocrx_word' id='word_1_226' title='bbox 279 1816 321 1854; x_wconf 81' lang='lat' dir='ltr'>A,</span> <span class='ocrx_word' id='word_1_227' title='bbox 341 1811 388 1853; x_wconf 80' lang='lat'>39]</span> <span class='ocrx_word' id='word_1_228' title='bbox 408 1825 423 1839; x_wconf 74' lang='lat' dir='ltr'>ct</span> <span class='ocrx_word' id='word_1_229' title='bbox 444 1805 561 1844; x_wconf 85' lang='grc' dir='ltr'>εἴποτέ</span> <span class='ocrx_word' id='word_1_230' title='bbox 582 1821 634 1843; x_wconf 92' lang='grc' dir='ltr'>τοι</span> <span class='ocrx_word' id='word_1_231' title='bbox 658 1806 810 1858; x_wconf 82' lang='grc' dir='ltr'>χαρίεντ’</span> <span class='ocrx_word' id='word_1_232' title='bbox 827 1806 884 1843; x_wconf 78' lang='grc' dir='ltr'>ἐπὶ</span> <span class='ocrx_word' id='word_1_233' title='bbox 903 1806 984 1852; x_wconf 80' lang='grc' dir='ltr'>νηὸν</span> <span class='ocrx_word' id='word_1_234' title='bbox 1006 1806 1126 1860; x_wconf 74' lang='grc' dir='ltr'>ἔρεψα.</span> <span class='ocrx_word' id='word_1_235' title='bbox 1152 1809 1181 1857; x_wconf 85' lang='lat'>›·)</span> 
     </span>
    </p>

    <p class='ocr_par' dir='ltr' id='par_1_15' title="bbox 205 1864 1246 1978">
     <span class='ocr_line' id='line_1_32' title="bbox 259 1864 1246 1918; baseline 0 -13"><span class='ocrx_word' id='word_1_236' title='bbox 259 1879 323 1905; x_wconf 84' lang='lat'><em>387.</em></span> <span class='ocrx_word' id='word_1_237' title='bbox 352 1869 454 1904; x_wconf 86' lang='grc' dir='ltr'>τοῦτο</span> <span class='ocrx_word' id='word_1_238' title='bbox 474 1864 522 1916; x_wconf 82' lang='grc' dir='ltr'>μὴ</span> <span class='ocrx_word' id='word_1_239' title='bbox 555 1866 685 1918; x_wconf 83' lang='grc' dir='ltr'>φαῦλον</span> <span class='ocrx_word' id='word_1_240' title='bbox 708 1877 716 1902; x_wconf 89' lang='lat'>:</span> <span class='ocrx_word' id='word_1_241' title='bbox 747 1864 821 1914; x_wconf 77' lang='grc' dir='ltr'>(Μὴ</span> <span class='ocrx_word' id='word_1_242' title='bbox 851 1865 986 1909; x_wconf 82' lang='grc' dir='ltr'>εὐτελὲς</span> <span class='ocrx_word' id='word_1_243' title='bbox 1009 1866 1158 1915; x_wconf 82' lang='grc' dir='ltr'>νομίζων</span> <span class='ocrx_word' id='word_1_244' title='bbox 1186 1871 1246 1905; x_wconf 87' lang='grc' dir='ltr'>τοῦ</span> 
     </span>
     <span class='ocr_line' id='line_1_33' title="bbox 205 1923 1181 1978; baseline 0.001 -16"><span class='ocrx_word' id='word_1_245' title='bbox 205 1924 523 1978; x_wconf 79' lang='grc' dir='ltr'>χοιριδίου,τυχεῖν)</span> <span class='ocrx_word' id='word_1_246' title='bbox 543 1926 582 1961; x_wconf 86' lang='grc' dir='ltr'>ἐν</span> <span class='ocrx_word' id='word_1_247' title='bbox 599 1927 648 1976; x_wconf 83' lang='grc' dir='ltr'>τῷ</span> <span class='ocrx_word' id='word_1_248' title='bbox 667 1923 787 1961; x_wconf 65' lang='grc' dir='ltr'>λαῧεῖν</span> <span class='ocrx_word' id='word_1_249' title='bbox 807 1926 924 1974; x_wconf 69' lang='grc' dir='ltr'>(ἡμᾶς)</span> <span class='ocrx_word' id='word_1_250' title='bbox 946 1924 1009 1971; x_wconf 72' lang='grc' dir='ltr'>τὴν</span> <span class='ocrx_word' id='word_1_251' title='bbox 1028 1926 1181 1977; x_wconf 82' lang='grc' dir='ltr'>εἰρήνην.</span> 
     </span>
    </p>

    <p class='ocr_par' dir='ltr' id='par_1_16' title="bbox 206 1982 1247 2151">
     <span class='ocr_line' id='line_1_34' title="bbox 264 1982 1245 2034; baseline 0 -12"><span class='ocrx_word' id='word_1_252' title='bbox 264 1996 328 2022; x_wconf 76' lang='grc'>389.</span> <span class='ocrx_word' id='word_1_253' title='bbox 359 1982 408 2034; x_wconf 79' lang='grc' dir='ltr'>μὴ</span> <span class='ocrx_word' id='word_1_254' title='bbox 426 1982 508 2033; x_wconf 82' lang='grc' dir='ltr'>γένῃ</span> <span class='ocrx_word' id='word_1_255' title='bbox 526 1982 734 2033; x_wconf 83' lang='grc' dir='ltr'>παλίγκοτος</span> <span class='ocrx_word' id='word_1_256' title='bbox 754 1996 762 2020; x_wconf 89' lang='lat'>:</span> <span class='ocrx_word' id='word_1_257' title='bbox 784 1982 874 2020; x_wconf 80' lang='grc' dir='ltr'>Ἀντὶ</span> <span class='ocrx_word' id='word_1_258' title='bbox 890 1987 948 2021; x_wconf 91' lang='grc' dir='ltr'>τοῦ</span> <span class='ocrx_word' id='word_1_259' title='bbox 965 1982 1127 2026; x_wconf 80' lang='grc' dir='ltr'>ἐναντίος.</span> <span class='ocrx_word' id='word_1_260' title='bbox 1146 1983 1193 2032; x_wconf 81' lang='grc' dir='ltr'>μὴ</span> <span class='ocrx_word' id='word_1_261' title='bbox 1212 1983 1245 2028; x_wconf 82' lang='grc' dir='ltr'>ἐξ</span> 
     </span>
     <span class='ocr_line' id='line_1_35' title="bbox 206 2037 1247 2094; baseline 0 -15"><span class='ocrx_word' id='word_1_262' title='bbox 206 2044 423 2094; x_wconf 70' lang='grc' dir='ltr'>ὑποστροφῆς</span> <span class='ocrx_word' id='word_1_263' title='bbox 449 2043 608 2093; x_wconf 74' lang='grc' dir='ltr'>ὀργισθῇς</span> <span class='ocrx_word' id='word_1_264' title='bbox 629 2039 736 2077; x_wconf 83' lang='grc' dir='ltr'>πάλιν</span> <span class='ocrx_word' id='word_1_265' title='bbox 763 2039 822 2077; x_wconf 84' lang='grc' dir='ltr'>καὶ</span> <span class='ocrx_word' id='word_1_266' title='bbox 851 2040 1087 2092; x_wconf 75' lang='grc' dir='ltr'>μετανοήσῃς,</span> <span class='ocrx_word' id='word_1_267' title='bbox 1118 2041 1170 2093; x_wconf 69' lang='grc' dir='ltr'>ἐφ’</span> <span class='ocrx_word' id='word_1_268' title='bbox 1199 2037 1247 2086; x_wconf 70' lang='grc' dir='ltr'>οἷς</span> 
     </span>
     <span class='ocr_line' id='line_1_36' title="bbox 206 2098 1005 2151; baseline 0 -15"><span class='ocrx_word' id='word_1_269' title='bbox 206 2104 299 2151; x_wconf 72' lang='grc' dir='ltr'>ἡμᾶς</span> <span class='ocrx_word' id='word_1_270' title='bbox 315 2100 540 2151; x_wconf 78' lang='grc' dir='ltr'>εὐεργετῆσαι</span> <span class='ocrx_word' id='word_1_271' title='bbox 556 2101 718 2150; x_wconf 77' lang='grc' dir='ltr'>προθυμῇ</span> <span class='ocrx_word' id='word_1_272' title='bbox 738 2114 776 2135; x_wconf 89' lang='grc' dir='ltr'>τε</span> <span class='ocrx_word' id='word_1_273' title='bbox 793 2098 852 2135; x_wconf 83' lang='grc' dir='ltr'>καὶ</span> <span class='ocrx_word' id='word_1_274' title='bbox 873 2100 1005 2149; x_wconf 77' lang='grc' dir='ltr'>διανοῇ.</span> 
     </span>
    </p>

    <p class='ocr_par' dir='ltr' id='par_1_17' title="bbox 135 2154 1244 2545">
     <span class='ocr_line' id='line_1_37' title="bbox 256 2154 1244 2208; baseline -0.001 -12"><span class='ocrx_word' id='word_1_275' title='bbox 256 2170 322 2196; x_wconf 75' lang='grc'>394.</span> <span class='ocrx_word' id='word_1_276' title='bbox 354 2157 432 2194; x_wconf 86' lang='grc' dir='ltr'>εἴτι</span> <span class='ocrx_word' id='word_1_277' title='bbox 452 2156 670 2208; x_wconf 80' lang='grc' dir='ltr'>Πεισάνδρου</span> <span class='ocrx_word' id='word_1_278' title='bbox 693 2169 702 2193; x_wconf 88' lang='lat'><strong>:</strong></span> <span class='ocrx_word' id='word_1_279' title='bbox 720 2154 824 2198; x_wconf 84' lang='grc' dir='ltr'>Ἴσως</span> <span class='ocrx_word' id='word_1_280' title='bbox 845 2155 1074 2208; x_wconf 86' lang='grc' dir='ltr'>εἰρωνεύεται.</span> <span class='ocrx_word' id='word_1_281' title='bbox 1096 2157 1152 2194; x_wconf 79' lang='grc' dir='ltr'>ἐπὶ</span> <span class='ocrx_word' id='word_1_282' title='bbox 1174 2158 1244 2195; x_wconf 83' lang='grc' dir='ltr'>δει-</span> 
     </span>
     <span class='ocr_line' id='line_1_38' title="bbox 204 2208 1243 2275; baseline 0.001 -22"><span class='ocrx_word' id='word_1_283' title='bbox 204 2215 262 2268; x_wconf 69' lang='grc' dir='ltr'>λία</span> <span class='ocrx_word' id='word_1_284' title='bbox 278 2214 345 2267; x_wconf 81' lang='grc' dir='ltr'>γὰρ</span> <span class='ocrx_word' id='word_1_285' title='bbox 364 2214 563 2252; x_wconf 83' lang='grc' dir='ltr'>ἐσκώπτετο</span> <span class='ocrx_word' id='word_1_286' title='bbox 580 2212 678 2262; x_wconf 81' lang='grc' dir='ltr'>παρὰ</span> <span class='ocrx_word' id='word_1_287' title='bbox 696 2214 849 2256; x_wconf 85' lang='grc' dir='ltr'>πολλοῖς.</span> <span class='ocrx_word' id='word_1_288' title='bbox 868 2237 920 2242; x_wconf 84' lang='grc'><strong>-</strong></span> <span class='ocrx_word' id='word_1_289' title='bbox 939 2208 1036 2257; x_wconf 62' lang='grc' dir='ltr'>οὗτος</span> <span class='ocrx_word' id='word_1_290' title='bbox 1056 2215 1243 2275; x_wconf 61' lang='grc' dir='ltr'>φιλοπόλε-</span> 
     </span>
     <span class='ocr_line' id='line_1_39' title="bbox 135 2267 1244 2323; baseline 0.002 -12"><span class='ocrx_word' id='word_1_291' title='bbox 135 2292 187 2316; x_wconf 71' lang='lat'>.:3;·‚</span> <span class='ocrx_word' id='word_1_292' title='bbox 209 2289 270 2323; x_wconf 88' lang='grc' dir='ltr'>μος</span> <span class='ocrx_word' id='word_1_293' title='bbox 295 2267 337 2319; x_wconf 70' lang='grc' dir='ltr'>ῆν</span> <span class='ocrx_word' id='word_1_294' title='bbox 356 2272 415 2310; x_wconf 80' lang='grc' dir='ltr'>καὶ</span> <span class='ocrx_word' id='word_1_295' title='bbox 439 2271 669 2322; x_wconf 77' lang='grc' dir='ltr'>πολεμοποιὸς</span> <span class='ocrx_word' id='word_1_296' title='bbox 698 2272 829 2323; x_wconf 77' lang='grc' dir='ltr'>κερδῶν</span> <span class='ocrx_word' id='word_1_297' title='bbox 855 2271 949 2309; x_wconf 81' lang='grc' dir='ltr'>ἰδίων</span> <span class='ocrx_word' id='word_1_298' title='bbox 979 2272 1104 2311; x_wconf 77' lang='grc' dir='ltr'>ἕνεκεν.</span> <span class='ocrx_word' id='word_1_299' title='bbox 1137 2277 1178 2320; x_wconf 84' lang='grc' dir='ltr'>ἠν</span> <span class='ocrx_word' id='word_1_300' title='bbox 1209 2274 1244 2313; x_wconf 78' lang='grc' dir='ltr'>δὲ</span> 
     </span>
     <span class='ocr_line' id='line_1_40' title="bbox 205 2329 1243 2381; baseline 0.001 -12"><span class='ocrx_word' id='word_1_301' title='bbox 205 2330 314 2374; x_wconf 80' lang='grc' dir='ltr'>δειλὸς</span> <span class='ocrx_word' id='word_1_302' title='bbox 335 2330 394 2368; x_wconf 84' lang='grc' dir='ltr'>καὶ</span> <span class='ocrx_word' id='word_1_303' title='bbox 417 2329 546 2380; x_wconf 84' lang='grc' dir='ltr'>μέγας,</span> <span class='ocrx_word' id='word_1_304' title='bbox 568 2329 628 2367; x_wconf 81' lang='grc' dir='ltr'>καὶ</span> <span class='ocrx_word' id='word_1_305' title='bbox 650 2330 807 2366; x_wconf 79' lang='grc' dir='ltr'>ἐκαλεῖτο</span> <span class='ocrx_word' id='word_1_306' title='bbox 833 2329 1028 2372; x_wconf 83' lang='grc' dir='ltr'>ὂνοκίνδιος.</span> <span class='ocrx_word' id='word_1_307' title='bbox 1054 2333 1182 2381; x_wconf 86' lang='grc' dir='ltr'>ἐχρῆτο</span> <span class='ocrx_word' id='word_1_308' title='bbox 1209 2333 1243 2370; x_wconf 78' lang='grc' dir='ltr'>δὲ</span> 
     </span>
     <span class='ocr_line' id='line_1_41' title="bbox 203 2386 1244 2442; baseline 0 -15"><span class='ocrx_word' id='word_1_309' title='bbox 203 2388 361 2442; x_wconf 73' lang='grc' dir='ltr'>τοιλοφίᾳ</span> <span class='ocrx_word' id='word_1_310' title='bbox 378 2388 437 2425; x_wconf 86' lang='grc' dir='ltr'>καὶ</span> <span class='ocrx_word' id='word_1_311' title='bbox 453 2387 570 2430; x_wconf 77' lang='grc' dir='ltr'>ὅπλοις</span> <span class='ocrx_word' id='word_1_312' title='bbox 589 2386 774 2437; x_wconf 75' lang='grc' dir='ltr'>ἐπισήμοις</span> <span class='ocrx_word' id='word_1_313' title='bbox 789 2386 873 2439; x_wconf 72' lang='grc' dir='ltr'>ὑπὲρ</span> <span class='ocrx_word' id='word_1_314' title='bbox 887 2391 946 2425; x_wconf 85' lang='grc' dir='ltr'>τοῦ</span> <span class='ocrx_word' id='word_1_315' title='bbox 964 2389 1074 2425; x_wconf 86' lang='grc' dir='ltr'>δοκεῖν</span> <span class='ocrx_word' id='word_1_316' title='bbox 1093 2390 1244 2441; x_wconf 82' lang='grc' dir='ltr'>ἀνδρεῖος</span> 
     </span>
     <span class='ocr_line' id='line_1_42' title="bbox 204 2429 1241 2499; baseline 0 -13"><span class='ocrx_word' id='word_1_317' title='bbox 204 2429 289 2486; x_wconf 70' lang='grc' dir='ltr'>εῖναι</span> <span class='ocrx_word' id='word_1_318' title='bbox 310 2446 358 2497; x_wconf 87' lang='grc' dir='ltr'>μὴ</span> <span class='ocrx_word' id='word_1_319' title='bbox 375 2446 436 2486; x_wconf 89' lang='grc' dir='ltr'>ὤν.</span> <span class='ocrx_word' id='word_1_320' title='bbox 455 2446 515 2484; x_wconf 82' lang='grc' dir='ltr'>καὶ</span> <span class='ocrx_word' id='word_1_321' title='bbox 530 2448 564 2484; x_wconf 83' lang='grc' dir='ltr'>ἐν</span> <span class='ocrx_word' id='word_1_322' title='bbox 587 2445 704 2489; x_wconf 82' lang='grc' dir='ltr'>ἄλλοις</span> <span class='ocrx_word' id='word_1_323' title='bbox 724 2445 758 2484; x_wconf 82' lang='grc' dir='ltr'>δὲ</span> <span class='ocrx_word' id='word_1_324' title='bbox 781 2447 943 2498; x_wconf 77' lang='grc' dir='ltr'>ἐπαχθῶς</span> <span class='ocrx_word' id='word_1_325' title='bbox 963 2449 1066 2485; x_wconf 84' lang='grc' dir='ltr'>αὐτοῦ</span> <span class='ocrx_word' id='word_1_326' title='bbox 1087 2449 1241 2499; x_wconf 88' lang='grc' dir='ltr'>ἐπιλαμ-</span> 
     </span>
     <span class='ocr_line' id='line_1_43' title="bbox 202 2506 475 2545; baseline -0.007 -1"><span class='ocrx_word' id='word_1_327' title='bbox 202 2506 358 2545; x_wconf 74' lang='grc' dir='ltr'>ὅάνεται.</span> <span class='ocrx_word' id='word_1_328' title='bbox 378 2512 416 2542; x_wconf 83' lang='grc' dir='ltr'>Β.</span> <span class='ocrx_word' id='word_1_329' title='bbox 435 2513 475 2543; x_wconf 85' lang='lat' dir='ltr'>V.</span> 
     </span>
    </p>

    <p class='ocr_par' dir='ltr' id='par_1_18' title="bbox 201 2562 1242 2789">
     <span class='ocr_line' id='line_1_44' title="bbox 255 2562 1240 2615; baseline 0 -13"><span class='ocrx_word' id='word_1_330' title='bbox 255 2577 320 2603; x_wconf 77' lang='grc'>398.</span> <span class='ocrx_word' id='word_1_331' title='bbox 352 2564 562 2614; x_wconf 79' lang='grc' dir='ltr'>(ἀγαλοῦμεν</span> <span class='ocrx_word' id='word_1_332' title='bbox 585 2563 686 2612; x_wconf 83' lang='grc' dir='ltr'>ἡμεῖς</span> <span class='ocrx_word' id='word_1_333' title='bbox 705 2562 761 2600; x_wconf 87' lang='grc' dir='ltr'>ἀεί</span> <span class='ocrx_word' id='word_1_334' title='bbox 784 2577 793 2602; x_wconf 88' lang='lat'>:</span> <span class='ocrx_word' id='word_1_335' title='bbox 819 2562 904 2601; x_wconf 71' lang='grc' dir='ltr'>’Ότι</span> <span class='ocrx_word' id='word_1_336' title='bbox 921 2562 1084 2615; x_wconf 83' lang='grc' dir='ltr'>περισσὸν</span> <span class='ocrx_word' id='word_1_337' title='bbox 1109 2563 1149 2601; x_wconf 81' lang='grc' dir='ltr'>τὸ</span> <span class='ocrx_word' id='word_1_338' title='bbox 1169 2564 1240 2612; x_wconf 82' lang='grc' dir='ltr'>ἀεὶ,</span> 
     </span>
     <span class='ocr_line' id='line_1_45' title="bbox 201 2620 1242 2675; baseline 0.001 -16"><span class='ocrx_word' id='word_1_339' title='bbox 201 2622 299 2674; x_wconf 80' lang='grc' dir='ltr'>ἤρκει</span> <span class='ocrx_word' id='word_1_340' title='bbox 317 2621 383 2675; x_wconf 80' lang='grc' dir='ltr'>γὰρ</span> <span class='ocrx_word' id='word_1_341' title='bbox 407 2623 514 2659; x_wconf 81' lang='grc' dir='ltr'>εἰπεῖν</span> <span class='ocrx_word' id='word_1_342' title='bbox 531 2621 570 2659; x_wconf 85' lang='grc' dir='ltr'>τὸ</span> <span class='ocrx_word' id='word_1_343' title='bbox 590 2620 646 2658; x_wconf 85' lang='grc' dir='ltr'>διὰ</span> <span class='ocrx_word' id='word_1_344' title='bbox 665 2620 804 2664; x_wconf 84' lang='grc' dir='ltr'>παντός.</span> <span class='ocrx_word' id='word_1_345' title='bbox 827 2622 1024 2671; x_wconf 76' lang='grc' dir='ltr'>ἀγαλοῦμεν</span> <span class='ocrx_word' id='word_1_346' title='bbox 1044 2620 1100 2672; x_wconf 83' lang='grc' dir='ltr'>δὲ,</span> <span class='ocrx_word' id='word_1_347' title='bbox 1123 2623 1242 2660; x_wconf 86' lang='grc' dir='ltr'>ἐπικο-</span> 
     </span>
     <span class='ocr_line' id='line_1_46' title="bbox 202 2678 1241 2732; baseline 0 -14"><span class='ocrx_word' id='word_1_348' title='bbox 202 2680 393 2730; x_wconf 86' lang='grc' dir='ltr'>σμήσομεν.</span> <span class='ocrx_word' id='word_1_349' title='bbox 413 2679 494 2723; x_wconf 87' lang='grc' dir='ltr'>ἴσως</span> <span class='ocrx_word' id='word_1_350' title='bbox 511 2678 546 2718; x_wconf 83' lang='grc' dir='ltr'>δὲ</span> <span class='ocrx_word' id='word_1_351' title='bbox 562 2679 771 2731; x_wconf 76' lang='grc' dir='ltr'>ταυτολογία</span> <span class='ocrx_word' id='word_1_352' title='bbox 796 2679 990 2732; x_wconf 85' lang='grc' dir='ltr'>ἐχρήσατο,</span> <span class='ocrx_word' id='word_1_353' title='bbox 1010 2679 1072 2725; x_wconf 70' lang='grc' dir='ltr'>τὴν</span> <span class='ocrx_word' id='word_1_354' title='bbox 1096 2680 1241 2731; x_wconf 85' lang='grc' dir='ltr'>ἀείμνη-</span> 
     </span>
     <span class='ocr_line' id='line_1_47' title="bbox 204 2737 771 2789; baseline 0.004 -14"><span class='ocrx_word' id='word_1_355' title='bbox 204 2753 282 2776; x_wconf 91' lang='grc' dir='ltr'>στον</span> <span class='ocrx_word' id='word_1_356' title='bbox 300 2737 495 2789; x_wconf 84' lang='grc' dir='ltr'>εὐεργεσίαν</span> <span class='ocrx_word' id='word_1_357' title='bbox 512 2738 619 2782; x_wconf 84' lang='grc' dir='ltr'>δεῖξαι</span> <span class='ocrx_word' id='word_1_358' title='bbox 636 2737 771 2788; x_wconf 83' lang='grc' dir='ltr'>θέλων.)</span> 
     </span>
    </p>

    <p class='ocr_par' dir='ltr' id='par_1_19' title="bbox 118 2795 1241 2908">
     <span class='ocr_line' id='line_1_48' title="bbox 255 2795 1241 2849; baseline 0.003 -17"><span class='ocrx_word' id='word_1_359' title='bbox 255 2808 320 2834; x_wconf 81' lang='grc'><strong>400.</strong></span> <span class='ocrx_word' id='word_1_360' title='bbox 349 2795 411 2848; x_wconf 68' lang='grc' dir='ltr'>[ἴθ’</span> <span class='ocrx_word' id='word_1_361' title='bbox 431 2796 600 2834; x_wconf 64' lang='grc' dir='ltr'>ἀντιὸολῶ</span> <span class='ocrx_word' id='word_1_362' title='bbox 617 2812 656 2834; x_wconf 91' lang='grc' dir='ltr'>σε</span> <span class='ocrx_word' id='word_1_363' title='bbox 675 2811 684 2835; x_wconf 86' lang='lat'>:</span> <span class='ocrx_word' id='word_1_364' title='bbox 707 2795 880 2846; x_wconf 84' lang='grc' dir='ltr'>Σύστημα</span> <span class='ocrx_word' id='word_1_365' title='bbox 900 2795 1015 2849; x_wconf 78' lang='grc' dir='ltr'>ἕτερον</span> <span class='ocrx_word' id='word_1_366' title='bbox 1035 2796 1127 2834; x_wconf 75' lang='grc' dir='ltr'>κατὰ</span> <span class='ocrx_word' id='word_1_367' title='bbox 1143 2813 1241 2849; x_wconf 87' lang='grc' dir='ltr'>περι-</span> 
     </span>
     <span class='ocr_line' id='line_1_49' title="bbox 118 2851 1238 2908; baseline 0.001 -16"><span class='ocrx_word' id='word_1_368' title='bbox 118 2864 129 2883; x_wconf 73' lang='lat'>⁸</span> <span class='ocrx_word' id='word_1_369' title='bbox 151 2868 186 2893; x_wconf 75' lang='lat'>45</span> <span class='ocrx_word' id='word_1_370' title='bbox 206 2851 316 2899; x_wconf 85' lang='grc' dir='ltr'>κοπὴν</span> <span class='ocrx_word' id='word_1_371' title='bbox 338 2854 577 2906; x_wconf 84' lang='grc' dir='ltr'>ἀνομοιομερὲς</span> <span class='ocrx_word' id='word_1_372' title='bbox 603 2856 642 2892; x_wconf 89' lang='grc' dir='ltr'>ἐκ</span> <span class='ocrx_word' id='word_1_373' title='bbox 663 2854 792 2906; x_wconf 88' lang='grc' dir='ltr'>στίχων</span> <span class='ocrx_word' id='word_1_374' title='bbox 817 2854 986 2905; x_wconf 65' lang='grc' dir='ltr'>ἷαμὸείων</span> <span class='ocrx_word' id='word_1_375' title='bbox 1013 2855 1084 2897; x_wconf 65' lang='grc' dir='ltr'>καῖ’.</span> <span class='ocrx_word' id='word_1_376' title='bbox 1111 2856 1170 2893; x_wconf 87' lang='grc' dir='ltr'>ἐπὶ</span> <span class='ocrx_word' id='word_1_377' title='bbox 1190 2859 1238 2908; x_wconf 80' lang='grc' dir='ltr'>τῷ</span> 
     </span>
    </p>

    <p class='ocr_par' dir='ltr' id='par_1_20' title="bbox 203 2909 936 2964">
     <span class='ocr_line' id='line_1_50' title="bbox 203 2909 936 2964; baseline 0.004 -17"><span class='ocrx_word' id='word_1_378' title='bbox 203 2909 294 2948; x_wconf 83' lang='grc' dir='ltr'>τέλει</span> <span class='ocrx_word' id='word_1_379' title='bbox 309 2911 568 2964; x_wconf 65' lang='grc' dir='ltr'>παράγραφος]</span> <span class='ocrx_word' id='word_1_380' title='bbox 934 2917 936 2919; x_wconf 79' lang='grc'><strong>’</strong></span> 
     </span>
    </p>

    <p class='ocr_par' dir='ltr' id='par_1_21' title="bbox 257 2968 1239 3025">
     <span class='ocr_line' id='line_1_51' title="bbox 257 2968 1239 3025; baseline 0.005 -19"><span class='ocrx_word' id='word_1_381' title='bbox 257 2968 410 3018; x_wconf 85' lang='grc' dir='ltr'>(ἐλέησον</span> <span class='ocrx_word' id='word_1_382' title='bbox 431 2971 543 3007; x_wconf 80' lang='grc' dir='ltr'>αὐτῶν</span> <span class='ocrx_word' id='word_1_383' title='bbox 559 2970 621 3016; x_wconf 81' lang='grc' dir='ltr'>τὴν</span> <span class='ocrx_word' id='word_1_384' title='bbox 641 2971 710 3009; x_wconf 82' lang='grc' dir='ltr'>ὄπα</span> <span class='ocrx_word' id='word_1_385' title='bbox 734 2986 742 3011; x_wconf 91' lang='lat'><strong>:</strong></span> <span class='ocrx_word' id='word_1_386' title='bbox 763 2971 854 3010; x_wconf 79' lang='grc' dir='ltr'>Ἀντὶ</span> <span class='ocrx_word' id='word_1_387' title='bbox 870 2976 931 3010; x_wconf 87' lang='grc' dir='ltr'>τοῦ</span> <span class='ocrx_word' id='word_1_388' title='bbox 954 2972 1165 3025; x_wconf 88' lang='grc' dir='ltr'>ἐποίκτειρον</span> <span class='ocrx_word' id='word_1_389' title='bbox 1184 2975 1239 3011; x_wconf 83' lang='grc' dir='ltr'>αὖ·</span> 
     </span>
    </p>

    <p class='ocr_par' dir='ltr' id='par_1_22' title="bbox 202 3025 1238 3081">
     <span class='ocr_line' id='line_1_52' title="bbox 202 3025 1238 3081; baseline 0.005 -17"><span class='ocrx_word' id='word_1_390' title='bbox 202 3028 271 3064; x_wconf 88' lang='grc' dir='ltr'>τῶν</span> <span class='ocrx_word' id='word_1_391' title='bbox 289 3026 350 3070; x_wconf 78' lang='grc' dir='ltr'>τὰς</span> <span class='ocrx_word' id='word_1_392' title='bbox 369 3026 472 3078; x_wconf 81' lang='grc' dir='ltr'>εὐχὰς</span> <span class='ocrx_word' id='word_1_393' title='bbox 490 3027 550 3065; x_wconf 84' lang='grc' dir='ltr'>καὶ</span> <span class='ocrx_word' id='word_1_394' title='bbox 565 3028 625 3072; x_wconf 82' lang='grc' dir='ltr'>τὰς</span> <span class='ocrx_word' id='word_1_395' title='bbox 652 3028 765 3077; x_wconf 78' lang='grc' dir='ltr'>λιτὰς,</span> <span class='ocrx_word' id='word_1_396' title='bbox 785 3030 845 3068; x_wconf 82' lang='grc' dir='ltr'>καὶ</span> <span class='ocrx_word' id='word_1_397' title='bbox 868 3029 1062 3068; x_wconf 81' lang='grc' dir='ltr'>ἐπάκουσον</span> <span class='ocrx_word' id='word_1_398' title='bbox 1088 3034 1189 3081; x_wconf 80' lang='grc' dir='ltr'>ἡμῶν</span> <span class='ocrx_word' id='word_1_399' title='bbox 1209 3025 1238 3069; x_wconf 81' lang='grc' dir='ltr'>ῶ</span> 
     </span>
    </p>

    <p class='ocr_par' dir='ltr' id='par_1_23' title="bbox 203 3083 530 3137">
     <span class='ocr_line' id='line_1_53' title="bbox 203 3083 530 3137; baseline 0.003 -16"><span class='ocrx_word' id='word_1_400' title='bbox 203 3083 530 3137; x_wconf 76' lang='grc' dir='ltr'>φιλανθρωπότατε.)</span> 
     </span>
    </p>

    <p class='ocr_par' dir='ltr' id='par_1_24' title="bbox 149 3141 1235 3256">
     <span class='ocr_line' id='line_1_54' title="bbox 149 3141 1235 3197; baseline 0.006 -19"><span class='ocrx_word' id='word_1_401' title='bbox 149 3158 186 3184; x_wconf 79' lang='lat'>50</span> <span class='ocrx_word' id='word_1_402' title='bbox 256 3155 319 3180; x_wconf 78' lang='lat'>402.</span> <span class='ocrx_word' id='word_1_403' title='bbox 348 3141 495 3179; x_wconf 86' lang='grc' dir='ltr'>κλέπται</span> <span class='ocrx_word' id='word_1_404' title='bbox 515 3142 581 3195; x_wconf 80' lang='grc' dir='ltr'>γὰρ</span> <span class='ocrx_word' id='word_1_405' title='bbox 597 3147 654 3181; x_wconf 91' lang='grc' dir='ltr'>νῦν</span> <span class='ocrx_word' id='word_1_406' title='bbox 671 3146 755 3182; x_wconf 84' lang='grc' dir='ltr'>εἰσιν</span> <span class='ocrx_word' id='word_1_407' title='bbox 777 3158 785 3184; x_wconf 92' lang='lat'><strong>:</strong></span> <span class='ocrx_word' id='word_1_408' title='bbox 810 3145 903 3197; x_wconf 89' lang='grc' dir='ltr'>Παρ’</span> <span class='ocrx_word' id='word_1_409' title='bbox 924 3145 1099 3186; x_wconf 80' lang='grc' dir='ltr'>ὑπόνοιαν.</span> <span class='ocrx_word' id='word_1_410' title='bbox 1119 3146 1235 3192; x_wconf 83' lang='grc' dir='ltr'>ἔπαιξε</span> 
     </span>
     <span class='ocr_line' id='line_1_55' title="bbox 223 3199 1235 3256; baseline 0.006 -19"><span class='ocrx_word' id='word_1_411' title='bbox 223 3199 239 3237; x_wconf 84' lang='grc' dir='ltr'><em>ὲ</em></span> <span class='ocrx_word' id='word_1_412' title='bbox 255 3201 302 3243; x_wconf 82' lang='grc' dir='ltr'>ὡς</span> <span class='ocrx_word' id='word_1_413' title='bbox 319 3203 378 3238; x_wconf 86' lang='grc' dir='ltr'>τοῦ</span> <span class='ocrx_word' id='word_1_414' title='bbox 395 3199 529 3252; x_wconf 84' lang='grc' dir='ltr'>Ἑρμοῦ</span> <span class='ocrx_word' id='word_1_415' title='bbox 552 3200 730 3253; x_wconf 82' lang='grc' dir='ltr'>χαίροντος</span> <span class='ocrx_word' id='word_1_416' title='bbox 748 3205 823 3245; x_wconf 86' lang='grc' dir='ltr'>ταῖς</span> <span class='ocrx_word' id='word_1_417' title='bbox 840 3204 999 3246; x_wconf 83' lang='grc' dir='ltr'>κλοπαῖς.</span> <span class='ocrx_word' id='word_1_418' title='bbox 1025 3203 1131 3248; x_wconf 75' lang='grc' dir='ltr'>οὕτως</span> <span class='ocrx_word' id='word_1_419' title='bbox 1154 3210 1235 3256; x_wconf 87' lang='grc' dir='ltr'>γοῦν</span> 
     </span>
    </p>

    <p class='ocr_par' dir='ltr' id='par_1_25' title="bbox 203 3257 1236 3371">
     <span class='ocr_line' id='line_1_56' title="bbox 203 3257 1235 3311; baseline 0.006 -17"><span class='ocrx_word' id='word_1_420' title='bbox 203 3272 241 3294; x_wconf 88' lang='grc' dir='ltr'>σε</span> <span class='ocrx_word' id='word_1_421' title='bbox 273 3260 420 3307; x_wconf 83' lang='grc' dir='ltr'>τιμῆσαι</span> <span class='ocrx_word' id='word_1_422' title='bbox 445 3257 722 3309; x_wconf 83' lang='grc' dir='ltr'>προαιρούμεθα,</span> <span class='ocrx_word' id='word_1_423' title='bbox 751 3259 866 3311; x_wconf 77' lang='grc' dir='ltr'>φησὶν,</span> <span class='ocrx_word' id='word_1_424' title='bbox 898 3260 952 3298; x_wconf 82' lang='grc' dir='ltr'>ὅτι</span> <span class='ocrx_word' id='word_1_425' title='bbox 986 3261 1139 3306; x_wconf 85' lang='grc' dir='ltr'>ζηλωταὶ</span> <span class='ocrx_word' id='word_1_426' title='bbox 1168 3265 1235 3300; x_wconf 88' lang='grc' dir='ltr'>τῶν</span> 
     </span>
     <span class='ocr_line' id='line_1_57' title="bbox 203 3314 1236 3371; baseline 0.006 -20"><span class='ocrx_word' id='word_1_427' title='bbox 203 3314 486 3365; x_wconf 74' lang='grc' dir='ltr'>ἐπιτηδευμάτων</span> <span class='ocrx_word' id='word_1_428' title='bbox 505 3315 652 3365; x_wconf 86' lang='grc' dir='ltr'>ἐσόμεθα</span> <span class='ocrx_word' id='word_1_429' title='bbox 666 3319 734 3353; x_wconf 89' lang='grc' dir='ltr'>τῶν</span> <span class='ocrx_word' id='word_1_430' title='bbox 752 3319 833 3364; x_wconf 85' lang='grc' dir='ltr'>σῶν,</span> <span class='ocrx_word' id='word_1_431' title='bbox 851 3318 910 3355; x_wconf 85' lang='grc' dir='ltr'>καὶ</span> <span class='ocrx_word' id='word_1_432' title='bbox 929 3319 1062 3367; x_wconf 79' lang='grc' dir='ltr'>μᾶλλον</span> <span class='ocrx_word' id='word_1_433' title='bbox 1079 3318 1100 3364; x_wconf 79' lang='grc' dir='ltr'>ἢ</span> <span class='ocrx_word' id='word_1_434' title='bbox 1117 3319 1236 3371; x_wconf 82' lang='grc' dir='ltr'>πρότε·</span> 
     </span>
    </p>
   </div>
   <div class='ocr_carea' id='block_1_12' title="bbox 157 1410 196 1434">
    <p class='ocr_par' dir='ltr' id='par_1_26' title="bbox 157 1410 196 1434">
     <span class='ocr_line' id='line_1_58' title="bbox 157 1410 196 1434; baseline -0.026 0"><span class='ocrx_word' id='word_1_435' title='bbox 157 1410 196 1434; x_wconf 80' lang='lat'>20</span> 
     </span>
    </p>
   </div>
   <div class='ocr_carea' id='block_1_13' title="bbox 153 1994 190 2019">
    <p class='ocr_par' dir='ltr' id='par_1_27' title="bbox 153 1994 190 2019">
     <span class='ocr_line' id='line_1_59' title="bbox 153 1994 190 2019; baseline 0 0"><span class='ocrx_word' id='word_1_436' title='bbox 153 1994 190 2019; x_wconf 77' lang='lat'>3⁰</span> 
     </span>
    </p>
   </div>
   <div class='ocr_carea' id='block_1_14' title="bbox 150 2581 187 2606">
    <p class='ocr_par' dir='ltr' id='par_1_28' title="bbox 150 2581 187 2606">
     <span class='ocr_line' id='line_1_60' title="bbox 150 2581 187 2606; baseline 0 0"><span class='ocrx_word' id='word_1_437' title='bbox 150 2581 187 2606; x_wconf 75' lang='lat'>40</span> 
     </span>
    </p>
   </div>
   <div class='ocr_carea' id='block_1_15' title="bbox 204 3373 1232 3427">
    <p class='ocr_par' dir='ltr' id='par_1_29' title="bbox 204 3373 1232 3427">
     <span class='ocr_line' id='line_1_61' title="bbox 204 3373 1232 3427; baseline 0.006 -18"><span class='ocrx_word' id='word_1_438' title='bbox 204 3387 260 3424; x_wconf 86' lang='grc' dir='ltr'>ρον</span> <span class='ocrx_word' id='word_1_439' title='bbox 282 3374 317 3410; x_wconf 85' lang='grc' dir='ltr'>ἐν</span> <span class='ocrx_word' id='word_1_440' title='bbox 339 3375 415 3416; x_wconf 87' lang='grc' dir='ltr'>ταῖς</span> <span class='ocrx_word' id='word_1_441' title='bbox 439 3374 584 3416; x_wconf 62' lang='grc' dir='ltr'>κλοπ-ταῖς</span> <span class='ocrx_word' id='word_1_442' title='bbox 604 3373 824 3425; x_wconf 78' lang='grc' dir='ltr'>προσέξομεν.</span> <span class='ocrx_word' id='word_1_443' title='bbox 850 3377 884 3413; x_wconf 87' lang='grc' dir='ltr'>ἐν</span> <span class='ocrx_word' id='word_1_444' title='bbox 912 3373 946 3412; x_wconf 80' lang='grc' dir='ltr'>δὲ</span> <span class='ocrx_word' id='word_1_445' title='bbox 969 3377 1018 3426; x_wconf 79' lang='grc' dir='ltr'>τῷ</span> <span class='ocrx_word' id='word_1_446' title='bbox 1033 3380 1232 3427; x_wconf 82' lang='grc' dir='ltr'>προσθεῖναι</span> 
     </span>
    </p>
   </div>
   <div class='ocr_carea' id='block_1_16' title="bbox 1282 298 1290 398">
    <p class='ocr_par' dir='ltr' id='par_1_30' title="bbox 1282 298 1290 398">
     <span class='ocr_line' id='line_1_62' title="bbox 1282 298 1290 398; baseline 0 3410"><span class='ocrx_word' id='word_1_447' title='bbox 1282 298 1290 398; x_wconf 95' lang='lat' dir='ltr'> </span> 
     </span>
    </p>
   </div>
   <div class='ocr_carea' id='block_1_17' title="bbox 1283 463 1287 506">
    <p class='ocr_par' dir='ltr' id='par_1_31' title="bbox 1283 463 1287 506">
     <span class='ocr_line' id='line_1_63' title="bbox 1283 463 1287 506; baseline 0 0"><span class='ocrx_word' id='word_1_448' title='bbox 1283 463 1287 506; x_wconf 76' lang='grc' dir='ltr'>Ι</span> 
     </span>
    </p>
   </div>
   <div class='ocr_carea' id='block_1_18' title="bbox 1282 514 1288 700">
    <p class='ocr_par' dir='ltr' id='par_1_32' title="bbox 1282 514 1288 700">
     <span class='ocr_line' id='line_1_64' title="bbox 1282 514 1288 700; baseline 0 3108"><span class='ocrx_word' id='word_1_449' title='bbox 1282 514 1288 700; x_wconf 95' lang='lat' dir='ltr'> </span> 
     </span>
    </p>
   </div>
   <div class='ocr_carea' id='block_1_19' title="bbox 1281 733 1286 865">
    <p class='ocr_par' dir='ltr' id='par_1_33' title="bbox 1281 733 1286 865">
     <span class='ocr_line' id='line_1_65' title="bbox 1282 733 1286 805; baseline 0 0"><span class='ocrx_word' id='word_1_450' title='bbox 1282 733 1286 805; x_wconf 67' lang='lat'>⁸</span> 
     </span>
     <span class='ocr_line' id='line_1_66' title="bbox 1281 810 1286 865; baseline 0 0"><span class='ocrx_word' id='word_1_451' title='bbox 1281 810 1286 865; x_wconf 79' lang='grc' dir='ltr'>ι</span> 
     </span>
    </p>
   </div>
   <div class='ocr_carea' id='block_1_20' title="bbox 1282 868 1285 1024">
    <p class='ocr_par' dir='ltr' id='par_1_34' title="bbox 1282 868 1285 1024">
     <span class='ocr_line' id='line_1_67' title="bbox 1282 868 1285 1024; baseline 0 0"><span class='ocrx_word' id='word_1_452' title='bbox 1282 868 1285 1024; x_wconf 95' lang='lat' dir='ltr'> </span> 
     </span>
    </p>
   </div>
   <div class='ocr_carea' id='block_1_21' title="bbox 1280 1034 1286 1213">
    <p class='ocr_par' dir='ltr' id='par_1_35' title="bbox 1280 1034 1286 1213">
     <span class='ocr_line' id='line_1_68' title="bbox 1280 1034 1286 1213; baseline 0 2595"><span class='ocrx_word' id='word_1_453' title='bbox 1280 1034 1286 1213; x_wconf 95' lang='lat' dir='ltr'> </span> 
     </span>
    </p>
   </div>
   <div class='ocr_carea' id='block_1_22' title="bbox 2284 228 2353 259">
    <p class='ocr_par' dir='ltr' id='par_1_36' title="bbox 2284 228 2353 259">
     <span class='ocr_line' id='line_1_69' title="bbox 2284 228 2353 259; baseline 0.014 -1"><span class='ocrx_word' id='word_1_454' title='bbox 2284 228 2353 259; x_wconf 74' lang='lat'>183</span> 
     </span>
    </p>
   </div>
   <div class='ocr_carea' id='block_1_23' title="bbox 1319 294 2357 354">
    <p class='ocr_par' dir='ltr' id='par_1_37' title="bbox 1319 294 2357 354">
     <span class='ocr_line' id='line_1_70' title="bbox 1319 294 2357 354; baseline 0.013 -25"><span class='ocrx_word' id='word_1_455' title='bbox 1319 294 1450 341; x_wconf 73' lang='grc' dir='ltr'>μᾶλλον</span> <span class='ocrx_word' id='word_1_456' title='bbox 1475 295 1497 341; x_wconf 87' lang='grc' dir='ltr'>ἢ</span> <span class='ocrx_word' id='word_1_457' title='bbox 1518 296 1585 348; x_wconf 77' lang='grc' dir='ltr'>πρὸ</span> <span class='ocrx_word' id='word_1_458' title='bbox 1611 301 1689 343; x_wconf 78' lang='grc' dir='ltr'>τοῦ,</span> <span class='ocrx_word' id='word_1_459' title='bbox 1715 299 1766 336; x_wconf 83' lang='grc' dir='ltr'>ἐπ’</span> <span class='ocrx_word' id='word_1_460' title='bbox 1792 301 1997 354; x_wconf 64' lang='grc' dir='ltr'>ἅμ’ροτίροις</span> <span class='ocrx_word' id='word_1_461' title='bbox 2021 302 2196 349; x_wconf 59' lang='grc' dir='ltr'>διέέαλεν,</span> <span class='ocrx_word' id='word_1_462' title='bbox 2223 303 2274 342; x_wconf 73' lang='grc' dir='ltr'>ὅτι</span> <span class='ocrx_word' id='word_1_463' title='bbox 2299 306 2357 343; x_wconf 77' lang='grc' dir='ltr'>καὶ</span> 
     </span>
    </p>
   </div>
   <div class='ocr_carea' id='block_1_24' title="bbox 2271 362 2355 402">
    <p class='ocr_par' dir='ltr' id='par_1_38' title="bbox 2271 362 2355 402">
     <span class='ocr_line' id='line_1_71' title="bbox 2271 362 2355 402; baseline -0.012 0"><span class='ocrx_word' id='word_1_464' title='bbox 2271 362 2308 402; x_wconf 80' lang='grc' dir='ltr'><strong>Ἄ</strong></span> <span class='ocrx_word' id='word_1_465' title='bbox 2314 366 2355 401; x_wconf 82' lang='grc' dir='ltr'>λ-</span> 
     </span>
    </p>
   </div>
   <div class='ocr_carea' id='block_1_25' title="bbox 1317 351 2188 411">
    <p class='ocr_par' dir='ltr' id='par_1_39' title="bbox 1317 351 2188 411">
     <span class='ocr_line' id='line_1_72' title="bbox 1317 351 2188 411; baseline 0.015 -24"><span class='ocrx_word' id='word_1_466' title='bbox 1317 351 1482 403; x_wconf 80' lang='grc' dir='ltr'>πρότερον</span> <span class='ocrx_word' id='word_1_467' title='bbox 1497 353 1635 406; x_wconf 85' lang='grc' dir='ltr'>ἔχαιρον</span> <span class='ocrx_word' id='word_1_468' title='bbox 1657 357 1715 393; x_wconf 80' lang='grc' dir='ltr'>καί</span> <span class='ocrx_word' id='word_1_469' title='bbox 1733 361 1789 394; x_wconf 79' lang='grc' dir='ltr'>νῦν</span> <span class='ocrx_word' id='word_1_470' title='bbox 1811 359 2018 398; x_wconf 77' lang='grc' dir='ltr'>ἐπιδώσουσι</span> <span class='ocrx_word' id='word_1_471' title='bbox 2044 363 2188 411; x_wconf 73' lang='grc' dir='ltr'>μᾶλλον.</span> 
     </span>
    </p>
   </div>
   <div class='ocr_carea' id='block_1_26' title="bbox 747 405 2356 463">
    <p class='ocr_par' dir='ltr' id='par_1_40' title="bbox 747 405 2356 463">
     <span class='ocr_line' id='line_1_73' title="bbox 747 405 2356 463; baseline 0.011 -20"><span class='ocrx_word' id='word_1_472' title='bbox 747 407 789 444; x_wconf 62' lang='lat' dir='ltr'>E?</span> <span class='ocrx_word' id='word_1_473' title='bbox 812 405 860 456; x_wconf 81' lang='grc' dir='ltr'>μὴ</span> <span class='ocrx_word' id='word_1_474' title='bbox 889 407 1043 445; x_wconf 81' lang='grc' dir='ltr'>κατείπω</span> <span class='ocrx_word' id='word_1_475' title='bbox 1073 412 1185 445; x_wconf 83' lang='grc' dir='ltr'>ταῦτα</span> <span class='ocrx_word' id='word_1_476' title='bbox 1214 407 1257 444; x_wconf 73' lang='grc' dir='ltr'>τὰ</span> <span class='ocrx_word' id='word_1_477' title='bbox 1283 416 1287 460; x_wconf 61' lang='lat'>1</span> <span class='ocrx_word' id='word_1_478' title='bbox 1317 409 1396 451; x_wconf 85' lang='grc' dir='ltr'>λως.</span> <span class='ocrx_word' id='word_1_479' title='bbox 1419 411 1606 449; x_wconf 82' lang='grc' dir='ltr'>αἰνίττεται</span> <span class='ocrx_word' id='word_1_480' title='bbox 1623 415 1669 457; x_wconf 86' lang='grc' dir='ltr'>εἰς</span> <span class='ocrx_word' id='word_1_481' title='bbox 1685 415 1763 458; x_wconf 78' lang='grc' dir='ltr'>τοὺς</span> <span class='ocrx_word' id='word_1_482' title='bbox 1782 416 1977 463; x_wconf 78' lang='grc' dir='ltr'>Ἀθηναίους</span> <span class='ocrx_word' id='word_1_483' title='bbox 1993 421 2039 462; x_wconf 82' lang='grc' dir='ltr'>ὡς</span> <span class='ocrx_word' id='word_1_484' title='bbox 2059 420 2174 458; x_wconf 77' lang='grc' dir='ltr'>πολλὰ</span> <span class='ocrx_word' id='word_1_485' title='bbox 2191 422 2356 459; x_wconf 85' lang='grc' dir='ltr'>κλέπτον-</span> 
     </span>
    </p>
   </div>
   <div class='ocr_carea' id='block_1_27' title="bbox 1292 481 2410 3433">
    <p class='ocr_par' dir='ltr' id='par_1_41' title="bbox 1317 481 2407 636">
     <span class='ocr_line' id='line_1_74' title="bbox 1317 481 1388 510; baseline 0.042 -8"><span class='ocrx_word' id='word_1_486' title='bbox 1317 481 1388 510; x_wconf 89' lang='grc' dir='ltr'>τας.</span> 
     </span>
     <span class='ocr_line' id='line_1_75' title="bbox 1370 528 2407 579; baseline 0.016 -17"><span class='ocrx_word' id='word_1_487' title='bbox 1370 538 1434 564; x_wconf 70' lang='grc'>404.</span> <span class='ocrx_word' id='word_1_488' title='bbox 1464 528 1533 570; x_wconf 80' lang='grc' dir='ltr'>τοῖς</span> <span class='ocrx_word' id='word_1_489' title='bbox 1553 529 1639 571; x_wconf 82' lang='grc' dir='ltr'>θεοῖς</span> <span class='ocrx_word' id='word_1_490' title='bbox 1656 529 1784 567; x_wconf 82' lang='grc' dir='ltr'>ἅπασιν</span> <span class='ocrx_word' id='word_1_491' title='bbox 1802 532 2064 572; x_wconf 63' lang='grc' dir='ltr'>ἐπιὲουλεύεται</span> <span class='ocrx_word' id='word_1_492' title='bbox 2087 549 2095 574; x_wconf 90' lang='lat'>:</span> <span class='ocrx_word' id='word_1_493' title='bbox 2116 536 2205 574; x_wconf 77' lang='grc' dir='ltr'>Ἀντὶ</span> <span class='ocrx_word' id='word_1_494' title='bbox 2222 542 2280 576; x_wconf 86' lang='grc' dir='ltr'>τοῦ</span> <span class='ocrx_word' id='word_1_495' title='bbox 2300 539 2355 575; x_wconf 82' lang='grc' dir='ltr'>ἐπὶ</span> <span class='ocrx_word' id='word_1_496' title='bbox 2393 557 2407 579; x_wconf 76' lang='lat'>5</span> 
     </span>
     <span class='ocr_line' id='line_1_76' title="bbox 1317 584 1720 636; baseline 0.015 -16"><span class='ocrx_word' id='word_1_497' title='bbox 1317 584 1386 626; x_wconf 85' lang='grc' dir='ltr'>τοῖς</span> <span class='ocrx_word' id='word_1_498' title='bbox 1403 586 1488 627; x_wconf 85' lang='grc' dir='ltr'>θεοῖς</span> <span class='ocrx_word' id='word_1_499' title='bbox 1507 587 1720 636; x_wconf 81' lang='grc' dir='ltr'>βουλεύεται.</span> 
     </span>
    </p>

    <p class='ocr_par' dir='ltr' id='par_1_42' title="bbox 1315 643 2408 994">
     <span class='ocr_line' id='line_1_77' title="bbox 1370 643 2355 705; baseline 0.014 -26"><span class='ocrx_word' id='word_1_500' title='bbox 1370 655 1433 680; x_wconf 76' lang='grc'>406.</span> <span class='ocrx_word' id='word_1_501' title='bbox 1463 646 1484 688; x_wconf 82' lang='grc' dir='ltr'>ἡ</span> <span class='ocrx_word' id='word_1_502' title='bbox 1512 643 1580 696; x_wconf 83' lang='grc' dir='ltr'>γὰρ</span> <span class='ocrx_word' id='word_1_503' title='bbox 1607 645 1745 692; x_wconf 78' lang='grc' dir='ltr'>Σελήνη</span> <span class='ocrx_word' id='word_1_504' title='bbox 1771 649 1824 697; x_wconf 83' lang='grc' dir='ltr'>χώ</span> <span class='ocrx_word' id='word_1_505' title='bbox 1850 653 2040 701; x_wconf 85' lang='grc' dir='ltr'>πανοῦργος</span> <span class='ocrx_word' id='word_1_506' title='bbox 2064 665 2072 689; x_wconf 85' lang='lat'>:</span> <span class='ocrx_word' id='word_1_507' title='bbox 2099 654 2224 702; x_wconf 87' lang='grc' dir='ltr'>(Τοῦτο</span> <span class='ocrx_word' id='word_1_508' title='bbox 2250 654 2355 705; x_wconf 84' lang='grc' dir='ltr'>λέγει)</span> 
     </span>
     <span class='ocr_line' id='line_1_78' title="bbox 1317 698 2359 759; baseline 0.013 -23"><span class='ocrx_word' id='word_1_509' title='bbox 1317 698 1374 736; x_wconf 79' lang='grc' dir='ltr'>διὰ</span> <span class='ocrx_word' id='word_1_510' title='bbox 1399 699 1459 743; x_wconf 80' lang='grc' dir='ltr'>τὰς</span> <span class='ocrx_word' id='word_1_511' title='bbox 1483 702 1651 754; x_wconf 75' lang='grc' dir='ltr'>ἐκλείψεις</span> <span class='ocrx_word' id='word_1_512' title='bbox 1673 704 1732 741; x_wconf 84' lang='grc' dir='ltr'>καὶ</span> <span class='ocrx_word' id='word_1_513' title='bbox 1759 704 1818 748; x_wconf 74' lang='grc' dir='ltr'>τὰς</span> <span class='ocrx_word' id='word_1_514' title='bbox 1844 705 1952 749; x_wconf 84' lang='grc' dir='ltr'>ἄλλας</span> <span class='ocrx_word' id='word_1_515' title='bbox 1974 709 2158 759; x_wconf 78' lang='grc' dir='ltr'>διοσημίας</span> <span class='ocrx_word' id='word_1_516' title='bbox 2182 710 2243 754; x_wconf 83' lang='grc' dir='ltr'>τὰς</span> <span class='ocrx_word' id='word_1_517' title='bbox 2268 712 2359 749; x_wconf 80' lang='grc' dir='ltr'>κατὰ</span> 
     </span>
     <span class='ocr_line' id='line_1_79' title="bbox 1317 757 2358 822; baseline 0.013 -28"><span class='ocrx_word' id='word_1_518' title='bbox 1317 757 1374 794; x_wconf 84' lang='grc' dir='ltr'>τὸν</span> <span class='ocrx_word' id='word_1_519' title='bbox 1391 759 1543 808; x_wconf 87' lang='grc' dir='ltr'>πόλεμον</span> <span class='ocrx_word' id='word_1_520' title='bbox 1563 760 1620 798; x_wconf 75' lang='grc' dir='ltr'>τὸν</span> <span class='ocrx_word' id='word_1_521' title='bbox 1641 763 1968 808; x_wconf 79' lang='grc' dir='ltr'>Πελοποννησιακὸν</span> <span class='ocrx_word' id='word_1_522' title='bbox 1989 767 2184 816; x_wconf 85' lang='grc' dir='ltr'>γενομένας.</span> <span class='ocrx_word' id='word_1_523' title='bbox 2206 792 2254 797; x_wconf 86' lang='lat'>——</span> <span class='ocrx_word' id='word_1_524' title='bbox 2278 773 2358 822; x_wconf 85' lang='grc' dir='ltr'>βαρ-</span> 
     </span>
     <span class='ocr_line' id='line_1_80' title="bbox 1319 815 2408 880; baseline 0.013 -28"><span class='ocrx_word' id='word_1_525' title='bbox 1319 815 1456 868; x_wconf 68' lang='grc' dir='ltr'>ὅάροισι</span> <span class='ocrx_word' id='word_1_526' title='bbox 1473 816 1527 864; x_wconf 81' lang='grc' dir='ltr'>δὲ,</span> <span class='ocrx_word' id='word_1_527' title='bbox 1549 821 1681 870; x_wconf 68' lang='grc' dir='ltr'>εὐφυῶς</span> <span class='ocrx_word' id='word_1_528' title='bbox 1699 821 1803 858; x_wconf 81' lang='grc' dir='ltr'>πάλιν</span> <span class='ocrx_word' id='word_1_529' title='bbox 1822 824 1869 864; x_wconf 84' lang='grc' dir='ltr'>εἷς</span> <span class='ocrx_word' id='word_1_530' title='bbox 1888 823 2050 872; x_wconf 78' lang='grc' dir='ltr'>ὁμόνοιαν</span> <span class='ocrx_word' id='word_1_531' title='bbox 2072 826 2194 869; x_wconf 60' lang='grc' dir='ltr'>αὐτοῦς</span> <span class='ocrx_word' id='word_1_532' title='bbox 2210 843 2356 880; x_wconf 84' lang='grc' dir='ltr'>προτρε-</span> <span class='ocrx_word' id='word_1_533' title='bbox 2378 846 2408 868; x_wconf 74' lang='grc' dir='ltr'>[ιι</span> 
     </span>
     <span class='ocr_line' id='line_1_81' title="bbox 1316 873 2359 934; baseline 0.013 -24"><span class='ocrx_word' id='word_1_534' title='bbox 1316 873 1464 923; x_wconf 80' lang='grc' dir='ltr'>πόμενος</span> <span class='ocrx_word' id='word_1_535' title='bbox 1485 876 1653 915; x_wconf 87' lang='grc' dir='ltr'>δείκνυσιν</span> <span class='ocrx_word' id='word_1_536' title='bbox 1672 877 1723 915; x_wconf 78' lang='grc' dir='ltr'>ὅτι</span> <span class='ocrx_word' id='word_1_537' title='bbox 1743 878 1829 931; x_wconf 78' lang='grc' dir='ltr'>ὑπὲρ</span> <span class='ocrx_word' id='word_1_538' title='bbox 1843 882 1910 917; x_wconf 90' lang='grc' dir='ltr'>τῶν</span> <span class='ocrx_word' id='word_1_539' title='bbox 1930 881 2116 934; x_wconf 64' lang='grc' dir='ltr'>βαρὸάρων</span> <span class='ocrx_word' id='word_1_540' title='bbox 2135 884 2208 921; x_wconf 80' lang='grc' dir='ltr'>ἐστὶ</span> <span class='ocrx_word' id='word_1_541' title='bbox 2227 885 2266 923; x_wconf 79' lang='grc' dir='ltr'>τὸ</span> <span class='ocrx_word' id='word_1_542' title='bbox 2282 886 2359 929; x_wconf 74' lang='grc' dir='ltr'>τοὺς</span> 
     </span>
     <span class='ocr_line' id='line_1_82' title="bbox 1315 930 2295 994; baseline 0.011 -24"><span class='ocrx_word' id='word_1_543' title='bbox 1315 930 1496 978; x_wconf 62' lang='grc' dir='ltr'>Ἵξλληνας</span> <span class='ocrx_word' id='word_1_544' title='bbox 1517 934 1573 972; x_wconf 80' lang='grc' dir='ltr'>διὰ</span> <span class='ocrx_word' id='word_1_545' title='bbox 1590 934 1651 979; x_wconf 83' lang='grc' dir='ltr'>τὰς</span> <span class='ocrx_word' id='word_1_546' title='bbox 1671 937 1810 981; x_wconf 86' lang='grc' dir='ltr'>στάσεις</span> <span class='ocrx_word' id='word_1_547' title='bbox 1830 939 2002 984; x_wconf 77' lang='grc' dir='ltr'>ἀλλήλους</span> <span class='ocrx_word' id='word_1_548' title='bbox 2020 942 2238 994; x_wconf 73' lang='grc' dir='ltr'>διαφθείρειν.</span> <span class='ocrx_word' id='word_1_549' title='bbox 2258 952 2295 981; x_wconf 87' lang='lat' dir='ltr'>R.</span> 
     </span>
    </p>

    <p class='ocr_par' dir='ltr' id='par_1_43' title="bbox 1314 993 2409 1333">
     <span class='ocr_line' id='line_1_83' title="bbox 1369 993 2358 1053; baseline 0.01 -25"><span class='ocrx_word' id='word_1_550' title='bbox 1369 1003 1432 1029; x_wconf 67' lang='grc' dir='ltr'>Δ407.</span> <span class='ocrx_word' id='word_1_551' title='bbox 1467 993 1554 1041; x_wconf 87' lang='grc' dir='ltr'>(ταῖς</span> <span class='ocrx_word' id='word_1_552' title='bbox 1579 994 1786 1046; x_wconf 62' lang='grc' dir='ltr'>βαρὲάροισι</span> <span class='ocrx_word' id='word_1_553' title='bbox 1813 996 2013 1048; x_wconf 85' lang='grc' dir='ltr'>προδίδοτον</span> <span class='ocrx_word' id='word_1_554' title='bbox 2036 1011 2043 1036; x_wconf 89' lang='lat'>:</span> <span class='ocrx_word' id='word_1_555' title='bbox 2068 1003 2217 1038; x_wconf 74' lang='grc' dir='ltr'>Δοκοῦσι</span> <span class='ocrx_word' id='word_1_556' title='bbox 2237 1001 2303 1053; x_wconf 80' lang='grc' dir='ltr'>γὰρ</span> <span class='ocrx_word' id='word_1_557' title='bbox 2328 1005 2358 1040; x_wconf 80' lang='grc' dir='ltr'>οἱ</span> 
     </span>
     <span class='ocr_line' id='line_1_84' title="bbox 1319 1049 2359 1112; baseline 0.013 -28"><span class='ocrx_word' id='word_1_558' title='bbox 1319 1049 1491 1102; x_wconf 63' lang='grc' dir='ltr'>βάρὲαροι</span> <span class='ocrx_word' id='word_1_559' title='bbox 1508 1050 1647 1095; x_wconf 75' lang='grc' dir='ltr'>τούτους</span> <span class='ocrx_word' id='word_1_560' title='bbox 1664 1053 1818 1102; x_wconf 83' lang='grc' dir='ltr'>μάλιστα</span> <span class='ocrx_word' id='word_1_561' title='bbox 1833 1055 2032 1108; x_wconf 67' lang='grc' dir='ltr'>θεραπεύειν</span> <span class='ocrx_word' id='word_1_562' title='bbox 2049 1060 2115 1094; x_wconf 90' lang='grc' dir='ltr'>τῶν</span> <span class='ocrx_word' id='word_1_563' title='bbox 2133 1061 2229 1098; x_wconf 87' lang='grc' dir='ltr'>θεῶν.</span> <span class='ocrx_word' id='word_1_564' title='bbox 2247 1063 2359 1112; x_wconf 62' lang='grc' dir='ltr'>σοφῶς</span> 
     </span>
     <span class='ocr_line' id='line_1_85' title="bbox 1316 1106 2409 1168; baseline 0.011 -24"><span class='ocrx_word' id='word_1_565' title='bbox 1316 1106 1351 1144; x_wconf 77' lang='grc' dir='ltr'>δὲ</span> <span class='ocrx_word' id='word_1_566' title='bbox 1383 1107 1539 1160; x_wconf 71' lang='grc' dir='ltr'>ὑποὸολῆ</span> <span class='ocrx_word' id='word_1_567' title='bbox 1579 1109 1775 1162; x_wconf 84' lang='grc' dir='ltr'>προσώπων</span> <span class='ocrx_word' id='word_1_568' title='bbox 1808 1115 1855 1156; x_wconf 88' lang='grc' dir='ltr'>εἷς</span> <span class='ocrx_word' id='word_1_569' title='bbox 1888 1113 2049 1163; x_wconf 80' lang='grc' dir='ltr'>ὁμόνοιαν</span> <span class='ocrx_word' id='word_1_570' title='bbox 2082 1116 2250 1168; x_wconf 85' lang='grc' dir='ltr'>προσάγει</span> <span class='ocrx_word' id='word_1_571' title='bbox 2282 1117 2359 1162; x_wconf 74' lang='grc' dir='ltr'>τοὺς</span> <span class='ocrx_word' id='word_1_572' title='bbox 2381 1139 2409 1161; x_wconf 77' lang='lat'>15</span> 
     </span>
     <span class='ocr_line' id='line_1_86' title="bbox 1316 1165 2357 1227; baseline 0.012 -25"><span class='ocrx_word' id='word_1_573' title='bbox 1316 1165 1515 1210; x_wconf 85' lang='grc' dir='ltr'>ἀκούοντας.</span> <span class='ocrx_word' id='word_1_574' title='bbox 1542 1168 1735 1214; x_wconf 74' lang='grc' dir='ltr'>λεληθότως</span> <span class='ocrx_word' id='word_1_575' title='bbox 1764 1169 1798 1207; x_wconf 79' lang='grc' dir='ltr'>δὲ</span> <span class='ocrx_word' id='word_1_576' title='bbox 1823 1170 1973 1210; x_wconf 84' lang='grc' dir='ltr'>δείκνυσι</span> <span class='ocrx_word' id='word_1_577' title='bbox 1995 1172 2098 1210; x_wconf 79' lang='grc' dir='ltr'>πάλιν</span> <span class='ocrx_word' id='word_1_578' title='bbox 2117 1173 2169 1211; x_wconf 76' lang='grc' dir='ltr'>ὅτι</span> <span class='ocrx_word' id='word_1_579' title='bbox 2189 1175 2272 1227; x_wconf 75' lang='grc' dir='ltr'>ὑπὲρ</span> <span class='ocrx_word' id='word_1_580' title='bbox 2290 1180 2357 1214; x_wconf 86' lang='grc' dir='ltr'>τῶν</span> 
     </span>
     <span class='ocr_line' id='line_1_87' title="bbox 1316 1224 2357 1287; baseline 0.012 -27"><span class='ocrx_word' id='word_1_581' title='bbox 1316 1224 1505 1276; x_wconf 63' lang='grc' dir='ltr'>βαρὸάρων</span> <span class='ocrx_word' id='word_1_582' title='bbox 1525 1227 1598 1263; x_wconf 78' lang='grc' dir='ltr'>ἐστὶ</span> <span class='ocrx_word' id='word_1_583' title='bbox 1619 1227 1658 1264; x_wconf 82' lang='grc' dir='ltr'>τὸ</span> <span class='ocrx_word' id='word_1_584' title='bbox 1677 1227 1755 1271; x_wconf 78' lang='grc' dir='ltr'>τοὺς</span> <span class='ocrx_word' id='word_1_585' title='bbox 1770 1226 1949 1277; x_wconf 67' lang='grc' dir='ltr'>“Έλληνας</span> <span class='ocrx_word' id='word_1_586' title='bbox 1972 1234 2014 1282; x_wconf 80' lang='grc' dir='ltr'>τῆ</span> <span class='ocrx_word' id='word_1_587' title='bbox 2036 1232 2145 1285; x_wconf 72' lang='grc' dir='ltr'>οἰκείᾳ</span> <span class='ocrx_word' id='word_1_588' title='bbox 2164 1234 2357 1287; x_wconf 63' lang='grc' dir='ltr'>διαφθείρε-</span> 
     </span>
     <span class='ocr_line' id='line_1_88' title="bbox 1314 1282 1557 1333; baseline 0.012 -15"><span class='ocrx_word' id='word_1_589' title='bbox 1314 1284 1392 1319; x_wconf 84' lang='grc' dir='ltr'>σθαι</span> <span class='ocrx_word' id='word_1_590' title='bbox 1411 1282 1557 1333; x_wconf 80' lang='grc' dir='ltr'>στάσει.)</span> 
     </span>
    </p>

    <p class='ocr_par' dir='ltr' id='par_1_44' title="bbox 1310 1341 2410 1687">
     <span class='ocr_line' id='line_1_89' title="bbox 1365 1341 2358 1399; baseline 0.011 -22"><span class='ocrx_word' id='word_1_591' title='bbox 1365 1353 1429 1379; x_wconf 76' lang='lat'>410.</span> <span class='ocrx_word' id='word_1_592' title='bbox 1460 1341 1610 1380; x_wconf 83' lang='grc' dir='ltr'>τούτοισι</span> <span class='ocrx_word' id='word_1_593' title='bbox 1625 1344 1659 1381; x_wconf 80' lang='grc' dir='ltr'>δὲ</span> <span class='ocrx_word' id='word_1_594' title='bbox 1679 1357 1687 1382; x_wconf 88' lang='grc'>;</span> <span class='ocrx_word' id='word_1_595' title='bbox 1705 1346 1750 1382; x_wconf 81' lang='grc' dir='ltr'>Οἱ</span> <span class='ocrx_word' id='word_1_596' title='bbox 1769 1345 1938 1399; x_wconf 65' lang='grc' dir='ltr'>βάρὲαροι</span> <span class='ocrx_word' id='word_1_597' title='bbox 1955 1347 2013 1385; x_wconf 82' lang='grc' dir='ltr'>τὸν</span> <span class='ocrx_word' id='word_1_598' title='bbox 2032 1348 2128 1394; x_wconf 74' lang='grc' dir='ltr'>ἥλιον</span> <span class='ocrx_word' id='word_1_599' title='bbox 2146 1349 2205 1386; x_wconf 84' lang='grc' dir='ltr'>καὶ</span> <span class='ocrx_word' id='word_1_600' title='bbox 2225 1349 2288 1396; x_wconf 76' lang='grc' dir='ltr'>τὴν</span> <span class='ocrx_word' id='word_1_601' title='bbox 2307 1366 2358 1388; x_wconf 85' lang='grc' dir='ltr'>σε·</span> 
     </span>
     <span class='ocr_line' id='line_1_90' title="bbox 1312 1398 2410 1458; baseline 0.012 -23"><span class='ocrx_word' id='word_1_602' title='bbox 1312 1398 1420 1445; x_wconf 86' lang='grc' dir='ltr'>λήνην</span> <span class='ocrx_word' id='word_1_603' title='bbox 1446 1403 1606 1450; x_wconf 83' lang='grc' dir='ltr'>τιμῶσιν,</span> <span class='ocrx_word' id='word_1_604' title='bbox 1635 1405 1680 1445; x_wconf 82' lang='grc' dir='ltr'>ὡς</span> <span class='ocrx_word' id='word_1_605' title='bbox 1707 1402 1890 1456; x_wconf 55' lang='grc' dir='ltr'>(Ηρόδοτος</span> <span class='ocrx_word' id='word_1_606' title='bbox 1913 1406 2053 1458; x_wconf 85' lang='grc' dir='ltr'>ἱστορεῖ.</span> <span class='ocrx_word' id='word_1_607' title='bbox 2082 1408 2240 1452; x_wconf 82' lang='grc' dir='ltr'>ἐπιεικῶς</span> <span class='ocrx_word' id='word_1_608' title='bbox 2264 1409 2298 1446; x_wconf 76' lang='grc' dir='ltr'>δὲ</span> <span class='ocrx_word' id='word_1_609' title='bbox 2326 1413 2356 1448; x_wconf 83' lang='grc' dir='ltr'>οἱ</span> <span class='ocrx_word' id='word_1_610' title='bbox 2377 1429 2410 1453; x_wconf 75' lang='lat'>20</span> 
     </span>
     <span class='ocr_line' id='line_1_91' title="bbox 1314 1457 2357 1517; baseline 0.012 -23"><span class='ocrx_word' id='word_1_611' title='bbox 1314 1457 1483 1510; x_wconf 62' lang='grc' dir='ltr'>βάρὲαροι</span> <span class='ocrx_word' id='word_1_612' title='bbox 1506 1459 1562 1496; x_wconf 84' lang='grc' dir='ltr'>τόν</span> <span class='ocrx_word' id='word_1_613' title='bbox 1582 1476 1620 1497; x_wconf 88' lang='grc' dir='ltr'>τε</span> <span class='ocrx_word' id='word_1_614' title='bbox 1645 1461 1742 1506; x_wconf 76' lang='grc' dir='ltr'>ἥλιον</span> <span class='ocrx_word' id='word_1_615' title='bbox 1770 1462 1829 1499; x_wconf 85' lang='grc' dir='ltr'>καὶ</span> <span class='ocrx_word' id='word_1_616' title='bbox 1849 1461 1911 1508; x_wconf 76' lang='grc' dir='ltr'>τὴν</span> <span class='ocrx_word' id='word_1_617' title='bbox 1939 1464 2086 1511; x_wconf 88' lang='grc' dir='ltr'>σελήνην</span> <span class='ocrx_word' id='word_1_618' title='bbox 2112 1469 2196 1503; x_wconf 88' lang='grc' dir='ltr'>θεῶν</span> <span class='ocrx_word' id='word_1_619' title='bbox 2224 1469 2357 1517; x_wconf 78' lang='grc' dir='ltr'>μᾶλλον</span> 
     </span>
     <span class='ocr_line' id='line_1_92' title="bbox 1310 1516 2355 1579; baseline 0.013 -28"><span class='ocrx_word' id='word_1_620' title='bbox 1310 1516 1450 1553; x_wconf 87' lang='grc' dir='ltr'>πάντων</span> <span class='ocrx_word' id='word_1_621' title='bbox 1464 1517 1613 1557; x_wconf 66' lang='grc' dir='ltr'>σε’ὅουσι.</span> <span class='ocrx_word' id='word_1_622' title='bbox 1629 1518 1685 1556; x_wconf 78' lang='grc' dir='ltr'>διὰ</span> <span class='ocrx_word' id='word_1_623' title='bbox 1698 1524 1798 1557; x_wconf 86' lang='grc' dir='ltr'>τοῦτο</span> <span class='ocrx_word' id='word_1_624' title='bbox 1812 1521 1872 1558; x_wconf 78' lang='grc' dir='ltr'>καὶ</span> <span class='ocrx_word' id='word_1_625' title='bbox 1887 1520 1950 1566; x_wconf 76' lang='grc' dir='ltr'>τὴν</span> <span class='ocrx_word' id='word_1_626' title='bbox 1965 1524 2078 1568; x_wconf 88' lang='grc' dir='ltr'>Δῆλον</span> <span class='ocrx_word' id='word_1_627' title='bbox 2092 1523 2151 1560; x_wconf 81' lang='grc' dir='ltr'>καὶ</span> <span class='ocrx_word' id='word_1_628' title='bbox 2168 1524 2230 1571; x_wconf 74' lang='grc' dir='ltr'>τὴν</span> <span class='ocrx_word' id='word_1_629' title='bbox 2247 1523 2355 1579; x_wconf 80' lang='grc' dir='ltr'>Ἔφε-</span> 
     </span>
     <span class='ocr_line' id='line_1_93' title="bbox 1311 1576 2354 1632; baseline 0.012 -21"><span class='ocrx_word' id='word_1_630' title='bbox 1311 1590 1368 1612; x_wconf 88' lang='grc' dir='ltr'>σον</span> <span class='ocrx_word' id='word_1_631' title='bbox 1387 1576 1424 1612; x_wconf 80' lang='grc' dir='ltr'>οὐ</span> <span class='ocrx_word' id='word_1_632' title='bbox 1443 1577 1704 1626; x_wconf 87' lang='grc' dir='ltr'>διελυμήναντο·</span> <span class='ocrx_word' id='word_1_633' title='bbox 1725 1581 1742 1616; x_wconf 84' lang='grc' dir='ltr'><em>ὃ</em></span> <span class='ocrx_word' id='word_1_634' title='bbox 1763 1578 1826 1628; x_wconf 75' lang='grc' dir='ltr'>μὲν</span> <span class='ocrx_word' id='word_1_635' title='bbox 1846 1578 1914 1632; x_wconf 80' lang='grc' dir='ltr'>γὰρ</span> <span class='ocrx_word' id='word_1_636' title='bbox 1931 1580 2026 1626; x_wconf 76' lang='grc' dir='ltr'>ἥλιος</span> <span class='ocrx_word' id='word_1_637' title='bbox 2043 1581 2219 1621; x_wconf 80' lang='grc' dir='ltr'>Ἀπόλλων</span> <span class='ocrx_word' id='word_1_638' title='bbox 2242 1586 2354 1623; x_wconf 82' lang='grc' dir='ltr'>ἐνενό-</span> 
     </span>
     <span class='ocr_line' id='line_1_94' title="bbox 1310 1634 1865 1687; baseline 0.011 -18"><span class='ocrx_word' id='word_1_639' title='bbox 1310 1648 1430 1682; x_wconf 85' lang='grc' dir='ltr'>μιστο,</span> <span class='ocrx_word' id='word_1_640' title='bbox 1448 1637 1468 1679; x_wconf 78' lang='grc' dir='ltr'>ἡ</span> <span class='ocrx_word' id='word_1_641' title='bbox 1489 1634 1524 1672; x_wconf 81' lang='grc' dir='ltr'>δὲ</span> <span class='ocrx_word' id='word_1_642' title='bbox 1543 1634 1706 1687; x_wconf 75' lang='grc' dir='ltr'>Ἄρτεμις</span> <span class='ocrx_word' id='word_1_643' title='bbox 1726 1637 1865 1684; x_wconf 79' lang='grc' dir='ltr'>σελήνη.</span> 
     </span>
    </p>

    <p class='ocr_par' dir='ltr' id='par_1_45' title="bbox 1307 1691 2406 1867">
     <span class='ocr_line' id='line_1_95' title="bbox 1361 1691 2406 1748; baseline 0.012 -19"><span class='ocrx_word' id='word_1_644' title='bbox 1361 1704 1426 1730; x_wconf 83' lang='lat'>413.</span> <span class='ocrx_word' id='word_1_645' title='bbox 1458 1691 1515 1729; x_wconf 76' lang='grc' dir='ltr'>ἵνα</span> <span class='ocrx_word' id='word_1_646' title='bbox 1533 1692 1593 1736; x_wconf 68' lang='grc' dir='ltr'>τὰς</span> <span class='ocrx_word' id='word_1_647' title='bbox 1608 1694 1747 1738; x_wconf 83' lang='grc' dir='ltr'>τελετὰς</span> <span class='ocrx_word' id='word_1_648' title='bbox 1764 1695 1862 1732; x_wconf 84' lang='grc' dir='ltr'>αὐτοὶ</span> <span class='ocrx_word' id='word_1_649' title='bbox 1879 1696 2018 1734; x_wconf 58' lang='lat' dir='ltr'>&gt;Aream</span> <span class='ocrx_word' id='word_1_650' title='bbox 2038 1711 2047 1735; x_wconf 71' lang='grc' dir='ltr'>ε</span> <span class='ocrx_word' id='word_1_651' title='bbox 2067 1697 2190 1748; x_wconf 86' lang='grc' dir='ltr'>Ἡμῶν</span> <span class='ocrx_word' id='word_1_652' title='bbox 2207 1701 2356 1739; x_wconf 84' lang='grc' dir='ltr'>ἀπολλυ·</span> <span class='ocrx_word' id='word_1_653' title='bbox 2373 1719 2406 1742; x_wconf 79' lang='lat'>-25</span> 
     </span>
     <span class='ocr_line' id='line_1_96' title="bbox 1310 1749 2356 1812; baseline 0.009 -25"><span class='ocrx_word' id='word_1_654' title='bbox 1310 1749 1421 1800; x_wconf 71' lang='grc' dir='ltr'>μένων</span> <span class='ocrx_word' id='word_1_655' title='bbox 1440 1750 1497 1788; x_wconf 74' lang='grc' dir='ltr'>καὶ</span> <span class='ocrx_word' id='word_1_656' title='bbox 1514 1754 1581 1789; x_wconf 87' lang='grc' dir='ltr'>τῶν</span> <span class='ocrx_word' id='word_1_657' title='bbox 1605 1753 1793 1805; x_wconf 66' lang='grc' dir='ltr'>βαρὲάρων</span> <span class='ocrx_word' id='word_1_658' title='bbox 1812 1755 1928 1798; x_wconf 75' lang='grc' dir='ltr'>αὐτοῖς</span> <span class='ocrx_word' id='word_1_659' title='bbox 1949 1754 2109 1795; x_wconf 86' lang='grc' dir='ltr'>θυόντων.</span> <span class='ocrx_word' id='word_1_660' title='bbox 2132 1757 2356 1812; x_wconf 80' lang='grc' dir='ltr'>(παρατηρη-</span> 
     </span>
     <span class='ocr_line' id='line_1_97' title="bbox 1307 1807 2261 1867; baseline 0.009 -22"><span class='ocrx_word' id='word_1_661' title='bbox 1307 1807 1383 1846; x_wconf 85' lang='grc' dir='ltr'>τέον</span> <span class='ocrx_word' id='word_1_662' title='bbox 1401 1808 1436 1846; x_wconf 78' lang='grc' dir='ltr'>δὲ</span> <span class='ocrx_word' id='word_1_663' title='bbox 1453 1807 1504 1846; x_wconf 74' lang='grc' dir='ltr'>ὅτι</span> <span class='ocrx_word' id='word_1_664' title='bbox 1523 1810 1597 1847; x_wconf 76' lang='grc' dir='ltr'>ἀντὶ</span> <span class='ocrx_word' id='word_1_665' title='bbox 1614 1815 1674 1849; x_wconf 45' lang='grc' dir='ltr'>τοῦ</span> <span class='ocrx_word' id='word_1_666' title='bbox 1692 1810 1752 1855; x_wconf 78' lang='grc' dir='ltr'>τὰς</span> <span class='ocrx_word' id='word_1_667' title='bbox 1766 1812 1884 1855; x_wconf 88' lang='grc' dir='ltr'>θυσίας</span> <span class='ocrx_word' id='word_1_668' title='bbox 1903 1816 2018 1850; x_wconf 88' lang='grc' dir='ltr'>κεῖται</span> <span class='ocrx_word' id='word_1_669' title='bbox 2036 1813 2075 1851; x_wconf 79' lang='grc' dir='ltr'>τὸ</span> <span class='ocrx_word' id='word_1_670' title='bbox 2094 1815 2261 1867; x_wconf 82' lang='grc' dir='ltr'>τελετάς.)</span> 
     </span>
    </p>

    <p class='ocr_par' dir='ltr' id='par_1_46' title="bbox 1305 1869 2404 2149">
     <span class='ocr_line' id='line_1_98' title="bbox 1360 1869 2354 1927; baseline 0.011 -23"><span class='ocrx_word' id='word_1_671' title='bbox 1360 1880 1423 1905; x_wconf 71' lang='lat'>414.</span> <span class='ocrx_word' id='word_1_672' title='bbox 1453 1869 1550 1905; x_wconf 82' lang='grc' dir='ltr'>ταῦτ’</span> <span class='ocrx_word' id='word_1_673' title='bbox 1577 1869 1645 1921; x_wconf 82' lang='grc' dir='ltr'>ἄρα</span> <span class='ocrx_word' id='word_1_674' title='bbox 1668 1870 1780 1908; x_wconf 79' lang='grc' dir='ltr'>πάλαι</span> <span class='ocrx_word' id='word_1_675' title='bbox 1805 1884 1814 1909; x_wconf 87' lang='lat'>:</span> <span class='ocrx_word' id='word_1_676' title='bbox 1840 1871 2058 1919; x_wconf 86' lang='grc' dir='ltr'>(Συντίθεται</span> <span class='ocrx_word' id='word_1_677' title='bbox 2079 1875 2096 1911; x_wconf 80' lang='grc' dir='ltr'>ὁ</span> <span class='ocrx_word' id='word_1_678' title='bbox 2119 1873 2275 1927; x_wconf 82' lang='grc' dir='ltr'>Ἑρμῆς,</span> <span class='ocrx_word' id='word_1_679' title='bbox 2295 1878 2354 1915; x_wconf 83' lang='grc' dir='ltr'>καὶ</span> 
     </span>
     <span class='ocr_line' id='line_1_99' title="bbox 1308 1925 2354 1986; baseline 0.011 -23"><span class='ocrx_word' id='word_1_680' title='bbox 1308 1926 1412 1978; x_wconf 74' lang='grc' dir='ltr'>φησὶν</span> <span class='ocrx_word' id='word_1_681' title='bbox 1431 1925 1481 1964; x_wconf 77' lang='grc' dir='ltr'>ὅτι</span> <span class='ocrx_word' id='word_1_682' title='bbox 1499 1929 1516 1964; x_wconf 80' lang='grc' dir='ltr'>ὃ</span> <span class='ocrx_word' id='word_1_683' title='bbox 1534 1927 1596 1977; x_wconf 78' lang='grc' dir='ltr'>μὲν</span> <span class='ocrx_word' id='word_1_684' title='bbox 1614 1929 1712 1974; x_wconf 77' lang='grc' dir='ltr'>ἥλιος</span> <span class='ocrx_word' id='word_1_685' title='bbox 1727 1930 1946 1982; x_wconf 83' lang='grc' dir='ltr'>παρέκλεπτε</span> <span class='ocrx_word' id='word_1_686' title='bbox 1963 1934 2030 1969; x_wconf 84' lang='grc' dir='ltr'>τῶν</span> <span class='ocrx_word' id='word_1_687' title='bbox 2045 1935 2196 1986; x_wconf 71' lang='grc' dir='ltr'>ἡμερῶν,</span> <span class='ocrx_word' id='word_1_688' title='bbox 2212 1939 2233 1981; x_wconf 79' lang='grc' dir='ltr'>ἡ</span> <span class='ocrx_word' id='word_1_689' title='bbox 2253 1935 2288 1973; x_wconf 81' lang='grc' dir='ltr'>δὲ</span> <span class='ocrx_word' id='word_1_690' title='bbox 2303 1952 2354 1974; x_wconf 84' lang='grc' dir='ltr'>σε·</span> 
     </span>
     <span class='ocr_line' id='line_1_100' title="bbox 1305 1985 2404 2044; baseline 0.011 -22"><span class='ocrx_word' id='word_1_691' title='bbox 1305 1985 1394 2032; x_wconf 88' lang='grc' dir='ltr'>λήνη</span> <span class='ocrx_word' id='word_1_692' title='bbox 1411 1990 1470 2023; x_wconf 77' lang='grc' dir='ltr'>τοῦ</span> <span class='ocrx_word' id='word_1_693' title='bbox 1487 1986 1640 2038; x_wconf 87' lang='grc' dir='ltr'>κύκλου.)</span> <span class='ocrx_word' id='word_1_694' title='bbox 1662 1988 1748 2026; x_wconf 78' lang='grc' dir='ltr'>ἐπὰν</span> <span class='ocrx_word' id='word_1_695' title='bbox 1763 1989 1830 2042; x_wconf 77' lang='grc' dir='ltr'>γὰρ</span> <span class='ocrx_word' id='word_1_696' title='bbox 1845 1989 1918 2027; x_wconf 85' lang='grc' dir='ltr'>ἴσαι</span> <span class='ocrx_word' id='word_1_697' title='bbox 1936 1992 1971 2028; x_wconf 83' lang='grc' dir='ltr'>αἱ</span> <span class='ocrx_word' id='word_1_698' title='bbox 1985 1991 2115 2044; x_wconf 75' lang='grc' dir='ltr'>ἡμέραι</span> <span class='ocrx_word' id='word_1_699' title='bbox 2129 1992 2188 2030; x_wconf 87' lang='grc' dir='ltr'>καὶ</span> <span class='ocrx_word' id='word_1_700' title='bbox 2203 1996 2233 2032; x_wconf 83' lang='grc' dir='ltr'>οἱ</span> <span class='ocrx_word' id='word_1_701' title='bbox 2248 1998 2353 2044; x_wconf 86' lang='grc' dir='ltr'>μῆνες</span> <span class='ocrx_word' id='word_1_702' title='bbox 2370 2013 2404 2037; x_wconf 77' lang='lat'>30</span> 
     </span>
     <span class='ocr_line' id='line_1_101' title="bbox 1306 2044 2351 2104; baseline 0.011 -24"><span class='ocrx_word' id='word_1_703' title='bbox 1306 2044 1492 2094; x_wconf 81' lang='grc' dir='ltr'>γένωνται,</span> <span class='ocrx_word' id='word_1_704' title='bbox 1523 2045 1674 2099; x_wconf 64' lang='grc' dir='ltr'>ἔκλειψις</span> <span class='ocrx_word' id='word_1_705' title='bbox 1702 2047 1845 2097; x_wconf 86' lang='grc' dir='ltr'>γίνεται.</span> <span class='ocrx_word' id='word_1_706' title='bbox 1876 2048 1914 2086; x_wconf 82' lang='grc' dir='ltr'>τὸ</span> <span class='ocrx_word' id='word_1_707' title='bbox 1953 2049 2053 2102; x_wconf 64' lang='grc' dir='ltr'>τρύσει</span> <span class='ocrx_word' id='word_1_708' title='bbox 2083 2044 2140 2088; x_wconf 74' lang='grc' dir='ltr'>οῦν</span> <span class='ocrx_word' id='word_1_709' title='bbox 2172 2052 2351 2104; x_wconf 80' lang='grc' dir='ltr'>γινόμενον</span> 
     </span>
     <span class='ocr_line' id='line_1_102' title="bbox 1306 2097 1751 2149; baseline 0.009 -10"><span class='ocrx_word' id='word_1_710' title='bbox 1306 2102 1494 2140; x_wconf 82' lang='grc' dir='ltr'>κλέπτετον</span> <span class='ocrx_word' id='word_1_711' title='bbox 1512 2097 1586 2141; x_wconf 78' lang='grc' dir='ltr'>εῖπε</span> <span class='ocrx_word' id='word_1_712' title='bbox 1606 2104 1751 2149; x_wconf 85' lang='grc' dir='ltr'>παίζων.</span> 
     </span>
    </p>

    <p class='ocr_par' dir='ltr' id='par_1_47' title="bbox 1302 2161 2402 2505">
     <span class='ocr_line' id='line_1_103' title="bbox 1358 2161 2347 2219; baseline 0.011 -22"><span class='ocrx_word' id='word_1_713' title='bbox 1358 2174 1420 2199; x_wconf 78' lang='grc'>415.</span> <span class='ocrx_word' id='word_1_714' title='bbox 1450 2161 1505 2213; x_wconf 69' lang='grc' dir='ltr'>ὑφ’</span> <span class='ocrx_word' id='word_1_715' title='bbox 1532 2162 1758 2214; x_wconf 80' lang='grc' dir='ltr'>ἁρματωλίας</span> <span class='ocrx_word' id='word_1_716' title='bbox 1779 2177 1787 2202; x_wconf 87' lang='lat'>:</span> <span class='ocrx_word' id='word_1_717' title='bbox 1811 2164 1944 2212; x_wconf 76' lang='grc' dir='ltr'>(Οὕτως</span> <span class='ocrx_word' id='word_1_718' title='bbox 1967 2169 1988 2212; x_wconf 86' lang='grc' dir='ltr'>ἠ</span> <span class='ocrx_word' id='word_1_719' title='bbox 2013 2167 2142 2218; x_wconf 73' lang='grc' dir='ltr'>γραφή.</span> <span class='ocrx_word' id='word_1_720' title='bbox 2172 2168 2347 2219; x_wconf 86' lang='grc' dir='ltr'>μέμνηται</span> 
     </span>
     <span class='ocr_line' id='line_1_104' title="bbox 1305 2218 2350 2279; baseline 0.011 -25"><span class='ocrx_word' id='word_1_721' title='bbox 1305 2218 1520 2270; x_wconf 51' lang='grc' dir='ltr'>(Ηρωδιανὸς</span> <span class='ocrx_word' id='word_1_722' title='bbox 1537 2222 1571 2256; x_wconf 85' lang='grc' dir='ltr'>ἐν</span> <span class='ocrx_word' id='word_1_723' title='bbox 1586 2224 1628 2272; x_wconf 78' lang='grc' dir='ltr'>τῆ</span> <span class='ocrx_word' id='word_1_724' title='bbox 1648 2222 1692 2258; x_wconf 88' lang='grc' dir='ltr'>ια’</span> <span class='ocrx_word' id='word_1_725' title='bbox 1709 2222 1768 2259; x_wconf 81' lang='grc' dir='ltr'>καὶ</span> <span class='ocrx_word' id='word_1_726' title='bbox 1783 2223 1959 2275; x_wconf 84' lang='grc' dir='ltr'>Φρύνιχος</span> <span class='ocrx_word' id='word_1_727' title='bbox 1973 2226 2007 2262; x_wconf 83' lang='grc' dir='ltr'>ἐν</span> <span class='ocrx_word' id='word_1_728' title='bbox 2023 2228 2066 2276; x_wconf 74' lang='grc' dir='ltr'>τῇ</span> <span class='ocrx_word' id='word_1_729' title='bbox 2081 2231 2264 2279; x_wconf 66' lang='grc' dir='ltr'>σοφιστικῆ</span> <span class='ocrx_word' id='word_1_730' title='bbox 2280 2244 2350 2265; x_wconf 83' lang='grc' dir='ltr'>πα·</span> 
     </span>
     <span class='ocr_line' id='line_1_105' title="bbox 1306 2277 2402 2329; baseline 0.011 -16"><span class='ocrx_word' id='word_1_731' title='bbox 1306 2281 1458 2329; x_wconf 83' lang='grc' dir='ltr'>ρασκευῆ</span> <span class='ocrx_word' id='word_1_732' title='bbox 1488 2277 1577 2324; x_wconf 73' lang='grc' dir='ltr'>οὕτω</span> <span class='ocrx_word' id='word_1_733' title='bbox 1605 2279 1719 2325; x_wconf 86' lang='grc' dir='ltr'>τίθησι</span> <span class='ocrx_word' id='word_1_734' title='bbox 1748 2280 1811 2326; x_wconf 72' lang='grc' dir='ltr'>τὴν</span> <span class='ocrx_word' id='word_1_735' title='bbox 1843 2282 1945 2325; x_wconf 82' lang='grc' dir='ltr'>λέξιν,</span> <span class='ocrx_word' id='word_1_736' title='bbox 1978 2282 2053 2320; x_wconf 83' lang='grc' dir='ltr'>δέον</span> <span class='ocrx_word' id='word_1_737' title='bbox 2080 2282 2115 2320; x_wconf 75' lang='grc' dir='ltr'>δὲ</span> <span class='ocrx_word' id='word_1_738' title='bbox 2145 2286 2253 2323; x_wconf 80' lang='grc' dir='ltr'>εἰπεῖν</span> <span class='ocrx_word' id='word_1_739' title='bbox 2281 2287 2349 2326; x_wconf 78' lang='grc' dir='ltr'>ὑπὸ</span> <span class='ocrx_word' id='word_1_740' title='bbox 2369 2299 2402 2325; x_wconf 83' lang='grc'>35</span> 
     </span>
     <span class='ocr_line' id='line_1_106' title="bbox 1305 2334 2349 2395; baseline 0.01 -24"><span class='ocrx_word' id='word_1_741' title='bbox 1305 2334 1496 2387; x_wconf 81' lang='grc' dir='ltr'>ἁμαρτίας,</span> <span class='ocrx_word' id='word_1_742' title='bbox 1517 2336 1592 2373; x_wconf 83' lang='grc' dir='ltr'>ἀντὶ</span> <span class='ocrx_word' id='word_1_743' title='bbox 1609 2340 1668 2374; x_wconf 90' lang='grc' dir='ltr'>τοῦ</span> <span class='ocrx_word' id='word_1_744' title='bbox 1689 2337 1963 2389; x_wconf 74' lang='grc' dir='ltr'>ἁμαρτάνοντες,</span> <span class='ocrx_word' id='word_1_745' title='bbox 1983 2335 2078 2378; x_wconf 67' lang='grc' dir='ltr'>εἶπεν</span> <span class='ocrx_word' id='word_1_746' title='bbox 2098 2342 2153 2394; x_wconf 70' lang='grc' dir='ltr'>ὑφ’</span> <span class='ocrx_word' id='word_1_747' title='bbox 2182 2343 2349 2395; x_wconf 87' lang='grc' dir='ltr'>ἆρματω-</span> 
     </span>
     <span class='ocr_line' id='line_1_107' title="bbox 1303 2392 2349 2449; baseline 0.01 -20"><span class='ocrx_word' id='word_1_748' title='bbox 1303 2392 1396 2439; x_wconf 88' lang='grc' dir='ltr'>λίας,</span> <span class='ocrx_word' id='word_1_749' title='bbox 1413 2393 1487 2430; x_wconf 83' lang='grc' dir='ltr'>ἀντὶ</span> <span class='ocrx_word' id='word_1_750' title='bbox 1505 2397 1564 2431; x_wconf 89' lang='grc' dir='ltr'>τοῦ</span> <span class='ocrx_word' id='word_1_751' title='bbox 1580 2394 1773 2446; x_wconf 63' lang='grc' dir='ltr'>φειδόμενοι</span> <span class='ocrx_word' id='word_1_752' title='bbox 1791 2398 1858 2434; x_wconf 87' lang='grc' dir='ltr'>τῶν</span> <span class='ocrx_word' id='word_1_753' title='bbox 1874 2396 2040 2449; x_wconf 80' lang='grc' dir='ltr'>ἁρμάτων</span> <span class='ocrx_word' id='word_1_754' title='bbox 2056 2400 2184 2438; x_wconf 81' lang='grc' dir='ltr'>αὐτῶν.</span> <span class='ocrx_word' id='word_1_755' title='bbox 2269 2400 2349 2439; x_wconf 85' lang='grc' dir='ltr'>Ἄλ-</span> 
     </span>
     <span class='ocr_line' id='line_1_108' title="bbox 1302 2451 1957 2505; baseline 0.006 -18"><span class='ocrx_word' id='word_1_756' title='bbox 1302 2451 1397 2499; x_wconf 90' lang='grc' dir='ltr'>λως.)</span> <span class='ocrx_word' id='word_1_757' title='bbox 1418 2454 1477 2496; x_wconf 81' lang='grc' dir='ltr'>τῆς</span> <span class='ocrx_word' id='word_1_758' title='bbox 1496 2454 1563 2488; x_wconf 86' lang='grc' dir='ltr'>τῶν</span> <span class='ocrx_word' id='word_1_759' title='bbox 1584 2452 1751 2503; x_wconf 75' lang='grc' dir='ltr'>ἁρμάτων</span> <span class='ocrx_word' id='word_1_760' title='bbox 1768 2454 1957 2505; x_wconf 77' lang='grc' dir='ltr'>ἡνιοχείας.</span> 
     </span>
    </p>

    <p class='ocr_par' dir='ltr' id='par_1_48' title="bbox 1301 2509 2395 2795">
     <span class='ocr_line' id='line_1_109' title="bbox 1355 2509 2345 2567; baseline 0.009 -22"><span class='ocrx_word' id='word_1_761' title='bbox 1355 2521 1419 2546; x_wconf 83' lang='lat'>418.</span> <span class='ocrx_word' id='word_1_762' title='bbox 1450 2509 1509 2546; x_wconf 77' lang='grc' dir='ltr'>καὶ</span> <span class='ocrx_word' id='word_1_763' title='bbox 1532 2509 1584 2547; x_wconf 79' lang='grc' dir='ltr'>σοὶ</span> <span class='ocrx_word' id='word_1_764' title='bbox 1605 2509 1647 2546; x_wconf 79' lang='grc' dir='ltr'>τὰ</span> <span class='ocrx_word' id='word_1_765' title='bbox 1666 2510 1803 2560; x_wconf 84' lang='grc' dir='ltr'>μεγάλα</span> <span class='ocrx_word' id='word_1_766' title='bbox 1826 2526 1834 2550; x_wconf 86' lang='lat'>:</span> <span class='ocrx_word' id='word_1_767' title='bbox 1855 2514 1935 2564; x_wconf 79' lang='grc' dir='ltr'>Οὐχ</span> <span class='ocrx_word' id='word_1_768' title='bbox 1948 2515 1994 2556; x_wconf 80' lang='grc' dir='ltr'>ὡς</span> <span class='ocrx_word' id='word_1_769' title='bbox 2010 2515 2069 2551; x_wconf 87' lang='grc' dir='ltr'>καὶ</span> <span class='ocrx_word' id='word_1_770' title='bbox 2087 2518 2219 2567; x_wconf 84' lang='grc' dir='ltr'>μικρῶν</span> <span class='ocrx_word' id='word_1_771' title='bbox 2240 2516 2345 2554; x_wconf 84' lang='grc' dir='ltr'>ὄντων</span> 
     </span>
     <span class='ocr_line' id='line_1_110' title="bbox 1301 2566 2395 2626; baseline 0.009 -23"><span class='ocrx_word' id='word_1_772' title='bbox 1301 2566 1403 2604; x_wconf 85' lang='grc' dir='ltr'>τοῦτο’</span> <span class='ocrx_word' id='word_1_773' title='bbox 1414 2583 1530 2620; x_wconf 63' lang='grc' dir='ltr'>φησιν,</span> <span class='ocrx_word' id='word_1_774' title='bbox 1544 2568 1619 2605; x_wconf 79' lang='grc' dir='ltr'>ἀλλ’</span> <span class='ocrx_word' id='word_1_775' title='bbox 1636 2567 1746 2612; x_wconf 80' lang='grc' dir='ltr'>αὔξων</span> <span class='ocrx_word' id='word_1_776' title='bbox 1764 2568 1826 2616; x_wconf 80' lang='grc' dir='ltr'>τὴν</span> <span class='ocrx_word' id='word_1_777' title='bbox 1844 2570 1959 2624; x_wconf 86' lang='grc' dir='ltr'>χάριν.</span> <span class='ocrx_word' id='word_1_778' title='bbox 1977 2570 2069 2623; x_wconf 79' lang='grc' dir='ltr'>τῇδὲ</span> <span class='ocrx_word' id='word_1_779' title='bbox 2083 2572 2344 2626; x_wconf 73' lang='grc' dir='ltr'>Ἀθηνᾷἥγοντο</span> <span class='ocrx_word' id='word_1_780' title='bbox 2361 2588 2395 2613; x_wconf 75' lang='grc' dir='ltr'>4ο</span> 
     </span>
     <span class='ocr_line' id='line_1_111' title="bbox 1302 2625 2346 2685; baseline 0.008 -23"><span class='ocrx_word' id='word_1_781' title='bbox 1302 2625 1358 2662; x_wconf 80' lang='grc' dir='ltr'>διὰ</span> <span class='ocrx_word' id='word_1_782' title='bbox 1377 2625 1479 2663; x_wconf 84' lang='grc' dir='ltr'>πέντε</span> <span class='ocrx_word' id='word_1_783' title='bbox 1502 2628 1599 2672; x_wconf 82' lang='grc' dir='ltr'>ἐτῶν,</span> <span class='ocrx_word' id='word_1_784' title='bbox 1621 2626 1677 2664; x_wconf 75' lang='grc' dir='ltr'>ὅτε</span> <span class='ocrx_word' id='word_1_785' title='bbox 1694 2627 1753 2664; x_wconf 83' lang='grc' dir='ltr'>καὶ</span> <span class='ocrx_word' id='word_1_786' title='bbox 1770 2631 1791 2673; x_wconf 78' lang='grc' dir='ltr'>ἦ</span> <span class='ocrx_word' id='word_1_787' title='bbox 1809 2632 1892 2672; x_wconf 87' lang='grc' dir='ltr'>ναῦς</span> <span class='ocrx_word' id='word_1_788' title='bbox 1909 2629 1966 2667; x_wconf 77' lang='grc' dir='ltr'>ἐπὶ</span> <span class='ocrx_word' id='word_1_789' title='bbox 1985 2633 2048 2680; x_wconf 84' lang='grc' dir='ltr'>γῆς</span> <span class='ocrx_word' id='word_1_790' title='bbox 2067 2630 2163 2669; x_wconf 86' lang='grc' dir='ltr'>πλέει</span> <span class='ocrx_word' id='word_1_791' title='bbox 2183 2633 2265 2685; x_wconf 87' lang='grc' dir='ltr'>παρ’</span> <span class='ocrx_word' id='word_1_792' title='bbox 2286 2635 2346 2670; x_wconf 79' lang='grc' dir='ltr'>αὖ·</span> 
     </span>
     <span class='ocr_line' id='line_1_112' title="bbox 1302 2684 2344 2744; baseline 0.01 -24"><span class='ocrx_word' id='word_1_793' title='bbox 1302 2686 1382 2727; x_wconf 83' lang='grc' dir='ltr'>τοῖς.</span> <span class='ocrx_word' id='word_1_794' title='bbox 1405 2684 1492 2734; x_wconf 79' lang='grc' dir='ltr'>(σοὶ,</span> <span class='ocrx_word' id='word_1_795' title='bbox 1518 2685 1635 2737; x_wconf 68' lang='grc' dir='ltr'>φησὶν,</span> <span class='ocrx_word' id='word_1_796' title='bbox 1663 2685 1788 2736; x_wconf 81' lang='grc' dir='ltr'>ἄξομεν</span> <span class='ocrx_word' id='word_1_797' title='bbox 1810 2686 1855 2724; x_wconf 89' lang='grc' dir='ltr'>τὰ</span> <span class='ocrx_word' id='word_1_798' title='bbox 1886 2689 2130 2740; x_wconf 83' lang='grc' dir='ltr'>Παναθήναια)</span> <span class='ocrx_word' id='word_1_799' title='bbox 2155 2690 2214 2728; x_wconf 88' lang='grc' dir='ltr'>καὶ</span> <span class='ocrx_word' id='word_1_800' title='bbox 2237 2692 2275 2729; x_wconf 85' lang='grc' dir='ltr'>οὐ</span> <span class='ocrx_word' id='word_1_801' title='bbox 2300 2695 2344 2744; x_wconf 85' lang='grc' dir='ltr'>τῇ</span> 
     </span>
     <span class='ocr_line' id='line_1_113' title="bbox 1301 2741 2108 2795; baseline 0.006 -15"><span class='ocrx_word' id='word_1_802' title='bbox 1301 2741 1444 2794; x_wconf 68' lang='grc' dir='ltr'>Ἀθηνᾷ,</span> <span class='ocrx_word' id='word_1_803' title='bbox 1464 2742 1523 2780; x_wconf 77' lang='grc' dir='ltr'>ἐὰν</span> <span class='ocrx_word' id='word_1_804' title='bbox 1543 2746 1605 2789; x_wconf 89' lang='grc' dir='ltr'>τῆς</span> <span class='ocrx_word' id='word_1_805' title='bbox 1626 2743 1763 2795; x_wconf 82' lang='grc' dir='ltr'>εἰρήνης</span> <span class='ocrx_word' id='word_1_806' title='bbox 1780 2744 1941 2795; x_wconf 75' lang='grc' dir='ltr'>τύχωμεν</span> <span class='ocrx_word' id='word_1_807' title='bbox 1960 2745 2017 2784; x_wconf 78' lang='grc' dir='ltr'>διὰ</span> <span class='ocrx_word' id='word_1_808' title='bbox 2035 2750 2108 2786; x_wconf 86' lang='grc' dir='ltr'>σοῦ.</span> 
     </span>
    </p>

    <p class='ocr_par' dir='ltr' id='par_1_49' title="bbox 1297 2800 2393 2971">
     <span class='ocr_line' id='line_1_114' title="bbox 1352 2800 2343 2858; baseline 0.006 -20"><span class='ocrx_word' id='word_1_809' title='bbox 1352 2813 1418 2839; x_wconf 79' lang='lat'>419.</span> <span class='ocrx_word' id='word_1_810' title='bbox 1451 2800 1582 2850; x_wconf 87' lang='grc' dir='ltr'>(πάσας</span> <span class='ocrx_word' id='word_1_811' title='bbox 1604 2817 1641 2839; x_wconf 88' lang='grc' dir='ltr'>τε</span> <span class='ocrx_word' id='word_1_812' title='bbox 1663 2801 1725 2845; x_wconf 82' lang='grc' dir='ltr'>τὰς</span> <span class='ocrx_word' id='word_1_813' title='bbox 1745 2802 1885 2846; x_wconf 86' lang='grc' dir='ltr'>τελετὰς</span> <span class='ocrx_word' id='word_1_814' title='bbox 1909 2817 1917 2842; x_wconf 89' lang='grc'>;</span> <span class='ocrx_word' id='word_1_815' title='bbox 1946 2803 2017 2842; x_wconf 84' lang='grc' dir='ltr'>Καὶ</span> <span class='ocrx_word' id='word_1_816' title='bbox 2043 2809 2145 2843; x_wconf 80' lang='grc' dir='ltr'>τοῦτο</span> <span class='ocrx_word' id='word_1_817' title='bbox 2173 2806 2258 2858; x_wconf 87' lang='grc' dir='ltr'>πρὸς</span> <span class='ocrx_word' id='word_1_818' title='bbox 2282 2806 2343 2851; x_wconf 84' lang='grc' dir='ltr'>τὰς</span> 
     </span>
     <span class='ocr_line' id='line_1_115' title="bbox 1300 2857 2393 2912; baseline 0.007 -17"><span class='ocrx_word' id='word_1_819' title='bbox 1300 2857 1408 2901; x_wconf 80' lang='grc' dir='ltr'>ἄλλας</span> <span class='ocrx_word' id='word_1_820' title='bbox 1425 2859 1576 2902; x_wconf 87' lang='grc' dir='ltr'>τελετάς.</span> <span class='ocrx_word' id='word_1_821' title='bbox 1593 2859 1804 2912; x_wconf 71' lang='grc' dir='ltr'>σαφέστερον</span> <span class='ocrx_word' id='word_1_822' title='bbox 1823 2860 1858 2897; x_wconf 80' lang='grc' dir='ltr'>δὲ</span> <span class='ocrx_word' id='word_1_823' title='bbox 1872 2862 1907 2898; x_wconf 86' lang='grc' dir='ltr'>ἐν</span> <span class='ocrx_word' id='word_1_824' title='bbox 1924 2861 2054 2905; x_wconf 82' lang='grc' dir='ltr'>τούτοις</span> <span class='ocrx_word' id='word_1_825' title='bbox 2069 2864 2214 2911; x_wconf 74' lang='grc' dir='ltr'>μᾶλλον,</span> <span class='ocrx_word' id='word_1_826' title='bbox 2234 2863 2286 2902; x_wconf 77' lang='grc' dir='ltr'>ὅτι</span> <span class='ocrx_word' id='word_1_827' title='bbox 2300 2867 2337 2903; x_wconf 82' lang='grc' dir='ltr'>οὐ</span> <span class='ocrx_word' id='word_1_828' title='bbox 2359 2878 2393 2904; x_wconf 77' lang='grc'>45</span> 
     </span>
     <span class='ocr_line' id='line_1_116' title="bbox 1297 2915 2106 2971; baseline 0.006 -19"><span class='ocrx_word' id='word_1_829' title='bbox 1297 2915 1629 2968; x_wconf 83' lang='grc' dir='ltr'>περιγεγραμμένως</span> <span class='ocrx_word' id='word_1_830' title='bbox 1649 2916 1706 2954; x_wconf 77' lang='grc' dir='ltr'>ἐπὶ</span> <span class='ocrx_word' id='word_1_831' title='bbox 1726 2920 1794 2954; x_wconf 91' lang='grc' dir='ltr'>τῶν</span> <span class='ocrx_word' id='word_1_832' title='bbox 1815 2921 1939 2956; x_wconf 89' lang='grc' dir='ltr'>θυσιῶν</span> <span class='ocrx_word' id='word_1_833' title='bbox 1962 2918 2106 2971; x_wconf 84' lang='grc' dir='ltr'>εἴρηκε.)</span> 
     </span>
    </p>

    <p class='ocr_par' dir='ltr' id='par_1_50' title="bbox 1296 2974 2388 3314">
     <span class='ocr_line' id='line_1_117' title="bbox 1660 2974 2338 3030; baseline 0.006 -16"><span class='ocrx_word' id='word_1_834' title='bbox 1660 2974 1716 3014; x_wconf 85' lang='grc' dir='ltr'>Τὰ</span> <span class='ocrx_word' id='word_1_835' title='bbox 1735 2978 1777 3026; x_wconf 70' lang='grc' dir='ltr'>τῇ</span> <span class='ocrx_word' id='word_1_836' title='bbox 1795 2976 1957 3028; x_wconf 83' lang='grc' dir='ltr'>Δήμητρι</span> <span class='ocrx_word' id='word_1_837' title='bbox 1977 2977 2036 3014; x_wconf 87' lang='grc' dir='ltr'>καὶ</span> <span class='ocrx_word' id='word_1_838' title='bbox 2061 2977 2160 3030; x_wconf 85' lang='grc' dir='ltr'>Κόρῃ</span> <span class='ocrx_word' id='word_1_839' title='bbox 2183 2978 2338 3030; x_wconf 85' lang='grc' dir='ltr'>ἀγόμενα</span> 
     </span>
     <span class='ocr_line' id='line_1_118' title="bbox 1298 3031 2338 3089; baseline 0.008 -21"><span class='ocrx_word' id='word_1_840' title='bbox 1298 3031 1411 3069; x_wconf 77' lang='grc' dir='ltr'>οὐκέτι</span> <span class='ocrx_word' id='word_1_841' title='bbox 1428 3031 1588 3079; x_wconf 76' lang='grc' dir='ltr'>ταύταις,</span> <span class='ocrx_word' id='word_1_842' title='bbox 1604 3033 1719 3084; x_wconf 67' lang='grc' dir='ltr'>φησὶν,</span> <span class='ocrx_word' id='word_1_843' title='bbox 1738 3034 1876 3083; x_wconf 79' lang='grc' dir='ltr'>ἄξομεν,</span> <span class='ocrx_word' id='word_1_844' title='bbox 1892 3034 1983 3072; x_wconf 86' lang='grc' dir='ltr'>ἀλλὰ</span> <span class='ocrx_word' id='word_1_845' title='bbox 2000 3035 2071 3083; x_wconf 83' lang='grc' dir='ltr'>σοὶ,</span> <span class='ocrx_word' id='word_1_846' title='bbox 2088 3034 2205 3089; x_wconf 81' lang='grc' dir='ltr'>ὥσπερ</span> <span class='ocrx_word' id='word_1_847' title='bbox 2223 3038 2281 3075; x_wconf 81' lang='grc' dir='ltr'>καὶ</span> <span class='ocrx_word' id='word_1_848' title='bbox 2295 3039 2338 3077; x_wconf 85' lang='grc' dir='ltr'>τὰ</span> 
     </span>
     <span class='ocr_line' id='line_1_119' title="bbox 1297 3089 2338 3147; baseline 0.008 -21"><span class='ocrx_word' id='word_1_849' title='bbox 1297 3090 1540 3136; x_wconf 88' lang='grc' dir='ltr'>Παναθήναια.</span> <span class='ocrx_word' id='word_1_850' title='bbox 1559 3089 1739 3141; x_wconf 77' lang='grc' dir='ltr'>(Διπόλεια</span> <span class='ocrx_word' id='word_1_851' title='bbox 1755 3091 1789 3129; x_wconf 81' lang='grc' dir='ltr'>δὲ</span> <span class='ocrx_word' id='word_1_852' title='bbox 1805 3092 1905 3145; x_wconf 71' lang='grc' dir='ltr'>ἑορτὴ</span> <span class='ocrx_word' id='word_1_853' title='bbox 1922 3093 2115 3141; x_wconf 81' lang='grc' dir='ltr'>Ἀθήνησιν,</span> <span class='ocrx_word' id='word_1_854' title='bbox 2127 3096 2160 3132; x_wconf 81' lang='grc' dir='ltr'>ἐν</span> <span class='ocrx_word' id='word_1_855' title='bbox 2176 3090 2200 3147; x_wconf 68' lang='grc' dir='ltr'>ᾗ</span> <span class='ocrx_word' id='word_1_856' title='bbox 2214 3097 2338 3134; x_wconf 87' lang='grc' dir='ltr'>Πολιεῖ</span> 
     </span>
     <span class='ocr_line' id='line_1_120' title="bbox 1296 3148 2388 3203; baseline 0.003 -17"><span class='ocrx_word' id='word_1_857' title='bbox 1296 3148 1353 3187; x_wconf 81' lang='grc' dir='ltr'>Διὶ</span> <span class='ocrx_word' id='word_1_858' title='bbox 1382 3148 1498 3186; x_wconf 87' lang='grc' dir='ltr'>θύουσι</span> <span class='ocrx_word' id='word_1_859' title='bbox 1522 3152 1808 3202; x_wconf 61' lang='grc' dir='ltr'>σκιρροροριῶνος</span> <span class='ocrx_word' id='word_1_860' title='bbox 1830 3150 1978 3203; x_wconf 83' lang='grc' dir='ltr'>τετάρτῃ</span> <span class='ocrx_word' id='word_1_861' title='bbox 2004 3151 2061 3189; x_wconf 86' lang='grc' dir='ltr'>ἐπὶ</span> <span class='ocrx_word' id='word_1_862' title='bbox 2087 3151 2181 3190; x_wconf 84' lang='grc' dir='ltr'>δέκα.</span> <span class='ocrx_word' id='word_1_863' title='bbox 2202 3154 2275 3191; x_wconf 85' lang='grc' dir='ltr'>ἔστι</span> <span class='ocrx_word' id='word_1_864' title='bbox 2300 3153 2334 3191; x_wconf 82' lang='grc' dir='ltr'>δὲ</span> <span class='ocrx_word' id='word_1_865' title='bbox 2354 3165 2388 3189; x_wconf 85' lang='lat'>50</span> 
     </span>
     <span class='ocr_line' id='line_1_121' title="bbox 1296 3206 2334 3262; baseline 0.006 -19"><span class='ocrx_word' id='word_1_866' title='bbox 1296 3206 1513 3257; x_wconf 82' lang='grc' dir='ltr'>ἀπομίμημα</span> <span class='ocrx_word' id='word_1_867' title='bbox 1532 3209 1600 3244; x_wconf 91' lang='grc' dir='ltr'>τῶν</span> <span class='ocrx_word' id='word_1_868' title='bbox 1616 3207 1695 3258; x_wconf 86' lang='grc' dir='ltr'>περὶ</span> <span class='ocrx_word' id='word_1_869' title='bbox 1715 3210 1784 3245; x_wconf 90' lang='grc' dir='ltr'>τῶν</span> <span class='ocrx_word' id='word_1_870' title='bbox 1803 3208 1962 3246; x_wconf 82' lang='grc' dir='ltr'>πελάνων</span> <span class='ocrx_word' id='word_1_871' title='bbox 1981 3209 2041 3246; x_wconf 86' lang='grc' dir='ltr'>καὶ</span> <span class='ocrx_word' id='word_1_872' title='bbox 2062 3208 2123 3253; x_wconf 83' lang='grc' dir='ltr'>τὰς</span> <span class='ocrx_word' id='word_1_873' title='bbox 2143 3213 2221 3262; x_wconf 81' lang='grc' dir='ltr'>βοῦς</span> <span class='ocrx_word' id='word_1_874' title='bbox 2242 3227 2334 3261; x_wconf 85' lang='grc' dir='ltr'>συμ-</span> 
     </span>
     <span class='ocr_line' id='line_1_122' title="bbox 1296 3264 1458 3314; baseline 0.012 -13"><span class='ocrx_word' id='word_1_875' title='bbox 1296 3264 1458 3314; x_wconf 70' lang='grc' dir='ltr'>ὅάντων.)</span> 
     </span>
    </p>

    <p class='ocr_par' dir='ltr' id='par_1_51' title="bbox 1292 3322 2331 3433">
     <span class='ocr_line' id='line_1_123' title="bbox 1346 3322 2331 3377; baseline 0.001 -17"><span class='ocrx_word' id='word_1_876' title='bbox 1346 3335 1410 3361; x_wconf 74' lang='lat'>420.</span> <span class='ocrx_word' id='word_1_877' title='bbox 1440 3322 1484 3360; x_wconf 82' lang='grc' dir='ltr'>τὰ</span> <span class='ocrx_word' id='word_1_878' title='bbox 1497 3322 1664 3361; x_wconf 79' lang='grc' dir='ltr'>Διπόλεια</span> <span class='ocrx_word' id='word_1_879' title='bbox 1681 3336 1689 3362; x_wconf 87' lang='lat'>:</span> <span class='ocrx_word' id='word_1_880' title='bbox 1705 3322 1761 3362; x_wconf 80' lang='grc' dir='ltr'>Τὰ</span> <span class='ocrx_word' id='word_1_881' title='bbox 1778 3323 1946 3362; x_wconf 79' lang='grc' dir='ltr'>Διπόλεια</span> <span class='ocrx_word' id='word_1_882' title='bbox 1963 3327 2012 3377; x_wconf 83' lang='grc' dir='ltr'>τῷ</span> <span class='ocrx_word' id='word_1_883' title='bbox 2029 3325 2108 3372; x_wconf 90' lang='grc' dir='ltr'>Διὶ,</span> <span class='ocrx_word' id='word_1_884' title='bbox 2125 3325 2168 3363; x_wconf 78' lang='grc' dir='ltr'>τὰ</span> <span class='ocrx_word' id='word_1_885' title='bbox 2189 3326 2331 3364; x_wconf 79' lang='grc' dir='ltr'>Ἀδώνια</span> 
     </span>
     <span class='ocr_line' id='line_1_124' title="bbox 1292 3379 1871 3433; baseline 0.009 -19"><span class='ocrx_word' id='word_1_886' title='bbox 1292 3381 1342 3426; x_wconf 78' lang='grc' dir='ltr'>τῷ</span> <span class='ocrx_word' id='word_1_887' title='bbox 1363 3379 1516 3418; x_wconf 71' lang='grc' dir='ltr'>Ἀδώνιδι</span> <span class='ocrx_word' id='word_1_888' title='bbox 1537 3381 1596 3418; x_wconf 80' lang='grc' dir='ltr'>καὶ</span> <span class='ocrx_word' id='word_1_889' title='bbox 1614 3384 1656 3431; x_wconf 78' lang='grc' dir='ltr'>τῇ</span> <span class='ocrx_word' id='word_1_890' title='bbox 1677 3381 1871 3433; x_wconf 76' lang='grc' dir='ltr'>Ἀφροδίτῃ.</span> 
     </span>
    </p>
   </div>
   <div class='ocr_carea' id='block_1_28' title="bbox 1350 2973 1635 3017">
    <p class='ocr_par' dir='ltr' id='par_1_52' title="bbox 1350 2973 1635 3017">
     <span class='ocr_line' id='line_1_125' title="bbox 1350 2973 1635 3017; baseline 0.007 -6"><span class='ocrx_word' id='word_1_891' title='bbox 1350 2973 1411 3017; x_wconf 82' lang='grc' dir='ltr'>τὰς</span> <span class='ocrx_word' id='word_1_892' title='bbox 1429 2977 1496 3011; x_wconf 91' lang='grc' dir='ltr'>τῶν</span> <span class='ocrx_word' id='word_1_893' title='bbox 1519 2977 1602 3012; x_wconf 89' lang='grc' dir='ltr'>θεῶν</span> <span class='ocrx_word' id='word_1_894' title='bbox 1627 2989 1635 3013; x_wconf 88' lang='lat'><strong>:</strong></span> 
     </span>
    </p>
   </div>
  </div>
 </body>
</html>
