2533 3808
162 228 211 259 7ss
892 212 1143 251 SC'HOLIA
1170 210 1233 249 IN
1262 211 1541 258 EQUITES.

214 320 291 346 1374.
322 304 533 350 Κλεισθένης
569 301 629 339 καὶ
664 300 830 352 Στράτων
858 313 867 338 :
901 300 1061 342 Γύννιδες
1094 293 1188 337 οὗτοι

159 365 217 402 καὶ
234 363 452 412 πιττούμενοι
468 360 511 398 τὰ
529 359 643 410 γένεια
655 386 663 401 ,
683 360 769 395 λεῖοι
786 357 820 395 δὲ
838 357 897 395 καὶ
915 356 1081 408 μαλακοί.

215 434 292 459 1375.
324 421 386 457 τάν
420 421 469 470 τῷ
502 416 601 468 μύρῳ
631 429 639 454 :
675 415 798 458 Οὕτως
834 415 997 458 Ἀττικῶς
1026 413 1103 452 ἀντὶ
1129 416 1190 450 τοῦ

162 480 195 515 ἐν
225 475 472 529 μυροπωλείῳ,
498 474 566 512 ἀπὸ
599 476 667 511 τῶν
698 472 930 524 πωλουμένων
957 471 1035 515 τοὺς
1067 471 1192 514 τόπους

124 545 139 568 6
161 537 354 576 καλοῦντες.

214 606 292 631 1377.
325 590 444 635 Φαίαξ
476 604 485 629 :
520 590 636 633 Δεινὸς
667 589 781 643 ῥήτωρ
811 592 827 627 ὁ
856 588 975 633 Φαίαξ
1007 583 1124 635 οὗτος,
1148 590 1193 632 ὡς

159 650 218 688 καὶ
238 652 426 702 ἀποφυγεῖν
448 649 504 686 ἐπὶ
530 648 667 700 θανάτῳ
685 648 738 685 ἐπ”
768 647 959 700 αὐτοφώρῳ
979 646 1190 699 κρινόμενος.

158 709 377 760 κωμῳδεῖται
398 706 433 745 δὲ
451 709 497 750 ὡς
512 705 744 759 παρακρούων
765 705 808 744 τὰ
837 705 1002 757 μειράκια
1021 704 1096 756 [καὶ
1115 703 1191 748 ἐξα·

156 766 303 815 πατῶν].

108 836 140 860 1ο
214 837 293 862 1378.
325 822 543 875 συνερκτικὸς
590 834 599 860 :
637 821 811 874 Συνείρειν
861 819 938 863 τοὺς
972 819 1094 870 λόγους
1134 819 1194 856 καὶ

162 880 352 918 συντιθέναι
379 880 565 930 δυνάμενος
590 879 749 922 εὐκόλως.
777 878 981 931 περαντικὸς
1006 877 1062 925 δὲ,
1088 877 1195 930 πέρας

161 938 322 982 ἐπιτιθεὶς
337 941 406 982 τοῖς
425 938 549 989 λόγοις.

216 1010 295 1034 1379.
343 995 543 1048 κρουστικός
581 1009 589 1034 :
631 998 664 1034 Τ
667 994 688 1032 ὰ
734 988 808 1033 ὦτα
848 997 916 1032 τῶν
963 993 1194 1046 ἀκροωμένων

159 1053 290 1105 κρούων
311 1057 353 1105 τῇ
378 1053 583 1107 σφοδρότητι
602 1055 670 1090 τῶν
691 1054 813 1104 λόγων.

111 1128 140 1152 15
217 1125 296 1150 13110.
327 1111 585 1158 καταληπτικός
614 1125 622 1149 :
648 1110 1087 1162 Προκαταλαμὸανόμενος
1117 1109 1195 1153 τοὺς

161 1168 347 1213 ἀκούοντας
363 1170 452 1207 ὥστε
469 1169 610 1222 θόρυὸον
632 1170 680 1219 μὴ
700 1171 851 1214 κινῆσαι.

221 1241 302 1266 1381.
333 1227 636 1270 καταδακτυλικὸς
671 1240 678 1265 :
712 1226 801 1265 Ἀντὶ
827 1231 886 1264 τοῦ
916 1225 1196 1269 συνουσιαστικὸς

161 1285 253 1323 κατὰ
275 1289 335 1323 τοῦ
362 1285 542 1323 δακτυλίου
568 1289 627 1322 τοῦ
651 1288 827 1337 πρωκτοῦ.
847 1287 905 1322 τοῦ
928 1286 1118 1329 λαλητικοῦ
1141 1283 1194 1331 δὲ,

162 1346 231 1380 τῶν
268 1343 464 1381 λαλούντων
502 1359 637 1388 ταυτα,
670 1346 738 1380 τῶν
783 1357 862 1394 περι
899 1342 1088 1388 Κλεισθένη
1135 1342 1195 1379 καὶ

109 1414 144 1439 20
166 1400 369 1453 Στρατωνοι.
404 1401 528 1447 ἄδηλος
559 1400 595 1439 δε
631 1403 648 1438 ὁ
680 1400 814 1451 στίχος,
846 1399 905 1437 καὶ
940 1399 1065 1443 πάντες
1093 1400 1195 1438 αὐτον

159 1459 416 1509 ἐσημειώσαντο
446 1459 501 1497 διὰ
530 1459 568 1497 τὸ
603 1458 858 1505 ἀκατάλληλον.
887 1458 1014 1504 ἄδηλον
1045 1457 1112 1511 γὰρ
1147 1458 1197 1502 τίς

160 1517 225 1554 τίνι
252 1517 355 1568 λέγει.

215 1589 294 1614 1384.
325 1575 487 1613 ὀκλαδίαν
521 1589 530 1615 z
561 1574 751 1618 Ὀκλαδίας
779 1577 796 1611 ὃ
824 1574 1125 1625 συγκεκλασμένος
1152 1575 1197 1612 δί-

161 1648 240 1685 φρος
259 1633 318 1671 καὶ
339 1632 422 1671 ποτὲ
445 1631 507 1683 μὲν
531 1632 777 1683 ἐντεινόμενος,
794 1632 879 1670 ποτὲ
905 1632 940 1670 δὲ
961 1632 1196 1683 συστελλόμε-

110 1709 143 1732 25
162 1708 228 1736 νος

219 1765 296 1790 1385.
327 1751 386 1789 καὶ
406 1750 500 1788 παῖδ’
522 1749 695 1809 ενόρχην;
721 1749 867 1795 Επειδὴ
892 1749 990 1803 παρὰ
1017 1750 1087 1793 τοῖς
1111 1753 1197 1803 βαρ-

166 1808 281 1861 6άροις
295 1808 489 1856 σπάδωνες,
506 1811 601 1851 οὗτος
621 1807 764 1860 ἐνόρχην
781 1807 913 1847 δίδωσι.

1301 312 1381 338 1386.
1410 301 1543 350 [τοῦτον
1559 313 1567 339 :
1584 300 1654 338 Τὸν
1671 301 1793 339 παῖδα.
1813 301 1929 345 παίζει
1951 301 2005 349 δὲ,
2028 302 2202 355 περαίνειν
2226 302 2284 339 καὶ

1247 355 1365 409 κύφειν
1381 357 1471 395 ποίει
1488 357 1749 409 κακεμφάτως.]

1304 427 1385 453 1388.
1416 415 1715 466 τριακοντούτιδας
1744 429 1753 454 ;
1784 415 1922 468 Πόρνας
1949 416 2111 469 εἰσφέρει.
2148 417 2199 455 διὸ
2227 417 2286 454 καὶ

1250 472 1366 525 φησὶν,
1389 472 1545 516 «ἔξεστιν
1568 474 1680 510 αὐτῶν
1702 475 2094 526 κατατριακοντουτίσαι
2112 493 2127 508 »
2145 474 2287 525 [τουτέ-

1252 545 1324 567 στιν
1345 531 1390 572 εἷς
1407 529 1588 567 συνουσίαν
1607 530 1758 581 λαὸεῖν].

1306 601 1385 626 1389.
1418 587 1567 630 σπονδὰς
1586 601 1594 626 :
1617 589 1776 630 Σπονδὰς
1796 588 2001 627 ἐσπείσαντο
2024 589 2112 639 μετὰ
2136 590 2287 633 Εὖὲοίας
2306 605 2322 629 5

1253 645 1381 683 ἅλωσιν
1402 647 1433 682 οἱ
1447 644 1620 692 ἽΞλληνες
1641 645 1725 697 πρὸς
1747 645 1887 689 ἑαυτοὺς
1903 647 1970 699 πρὸ
1987 652 2045 685 τοῦ
2068 649 2287 694 Πελοποννη-

1253 707 1374 741 σιακοῦ
1390 703 1557 754 πολέμου.

1308 775 1385 800 1390.
1416 764 1461 805 ὡς
1473 761 1579 799 καλαί
1594 774 1602 799 2
1620 762 1793 808 Εἷσῆλθον
1806 762 1841 798 αἱ
1854 760 2001 798 σπονδαὶ
2013 763 2148 813 ἑταῖραι
2162 764 2302 814 ὡραῖαι,

1253 818 1330 870 [τὰς
1347 819 1473 872 ὅψεις],
1489 818 1754 872 ὑποκρινόμεναι
1771 818 1814 856 τὰ
1834 818 2006 871 πρόσωπα
2034 822 2102 856 τῶν
2120 821 2290 866 σπονδῶν,

1252 877 1337 930 πρὸς
1353 878 1393 921 ἃς
1408 877 1501 928 λέγει
1516 880 1533 915 ὁ
1549 878 1668 929 δῆμος.
2295 903 2327 927 10

1308 950 1387 976 1392.
1418 938 1455 974 οὐ
1473 935 1538 988 γὰρ
1554 938 1571 972 ὃ
1585 934 1822 987 Παφλαγὼντ
1842 935 1944 973 Μετὰ
1959 935 2027 987 γὰρ
2049 934 2112 981 τὴν
2134 934 2292 978 Κλέωνος

1253 1010 1313 1032 και
1332 993 1504 1047 Βρασίδου
1533 993 1695 1039 τελευτὴν
1725 993 1872 1031 σπονδαὶΙ
1900 1009 1969 1036 τοις
1999 993 2293 1040 Πελοποννησίοις

1253 1053 1312 1090 καὶ
1344 1052 1532 1100 Ἀθηναίοις
1560 1052 1718 1102 ἐγένοντο
1750 1051 2059 1105 τριακοντούτιοες.
2102 1055 2197 1090 οὗτοι
2224 1050 2293 1104 γὰρ

1252 1113 1474 1157 ἠναντιοῦντο
1489 1114 1532 1163 τῇ
1548 1110 1680 1163 εἰρήνῃ.
1700 1109 1942 1148 ἀποθανόντων
1960 1108 1996 1147 δὲ
2011 1110 2124 1147 αὐτῶν
2139 1109 2293 1161 ἐγένοντο

1254 1171 1289 1206 αἱ
1307 1168 1466 1207 σπονδαί.
2297 1190 2329 1214 15

1308 1241 1385 1266 1399.
1415 1227 1459 1264 τὰ
1484 1226 1602 1265 κύνεια
1630 1225 1751 1277 μιγνὺς
1768 1239 1776 1265 :
1796 1224 1994 1278 Συμφύρων
2014 1224 2059 1263 τὰ
2076 1228 2139 1272 τῆς
2159 1225 2294 1269 πόλεως

1253 1284 1461 1337 πράγματα,
1476 1284 1528 1322 ὅτι
1542 1285 1601 1322 καὶ
1613 1287 1643 1322 οἱ
1655 1285 1815 1336 μάγειροι
1826 1283 1869 1321 τὰ
1882 1283 1964 1335 κρέα
1980 1283 2192 1334 μιγνύουσιν.
2207 1283 2294 1334 [ἔθος

1254 1342 1322 1394 γὰρ
1344 1344 1458 1385 αὐτοῖς
1474 1342 1627 1392 μιγνύειν
1647 1343 1731 1394 κρέα
1748 1340 1934 1394 προὸάτων
1954 1356 1991 1378 τε
2008 1341 2068 1379 καὶ
2089 1342 2209 1392 αἰγῶν,
2232 1341 2294 1378 καὶ

1254 1400 1450 1451 προτιθέναι
1472 1403 1517 1443 ὡς
1547 1400 1660 1449 μόνων
1692 1399 1891 1453 προὸάτων,
1925 1398 1985 1436 καὶ
2013 1398 2187 1443 ἐξαπατᾶν
2217 1398 2296 1442 τοὺς

1254 1458 1532 1512 ἀφελεστέρους.]
2296 1489 2331 1515 20

1310 1530 1391 1556 1401.
1420 1517 1459 1555 τὸ
1474 1518 1643 1569 >muz-pov:
1656 1516 1708 1555 Τὸ
1723 1516 1907 1566 ἀπόλουμα
1921 1531 1981 1553 και
1994 1514 2158 1568 ῥυπαρον,
2170 1531 2187 1552 ο
2201 1517 2296 1566 ἐστι,

1253 1575 1292 1613 τὸ
1310 1575 1536 1627 ἀπόλουτρον.
1551 1575 1601 1625 [ες
1614 1573 1676 1620 τὴν
1691 1574 1792 1627 ἕδραν
1809 1574 1863 1620 δὲ,
1881 1575 1928 1617 εἷς
1946 1572 2008 1620 τὴν
2026 1573 2224 1626 προεδρίαν.
2229 1574 2244 1624 ]

1310 1646 1389 1672 1406.
1420 1631 1484 1678 τὴν
1528 1632 1725 1685 βατραχίδα
1762 1646 1771 1671 z
1813 1634 1843 1670 E
1841 1626 1917 1675 ῐδος
1956 1632 2095 1677 ἐσθητος
2139 1633 2295 1680 ἀνθινῆς,

1255 1690 1373 1742 ὅμοιον
1386 1693 1435 1743 τῷ
1449 1690 1592 1741 ὀνόματι
1611 1690 1758 1742 ἐχούσης
1771 1689 1810 1728 τὸ
1832 1692 1975 1742 χρῶμα.

1311 1763 1392 1788 1407.
1424 1749 1620 1803 εκφερέτωζ
1643 1748 1864 1801 Αἷρόμενος’
1849 1763 1931 1801 εκφε
1923 1747 2031 1799 ’ρεται
2053 1749 2071 1784 ὁ
2098 1746 2237 1787 Κλέων.
2258 1745 2332 1794 'fb-25

1257 1807 1293 1846 δὲ
1310 1807 1405 1856 ἑξῆς,
1421 1806 1511 1845 ἵνα”
1499 1808 1595 1846 ιδωσι
1598 1824 1614 1844 ν
1633 1807 1736 1845 αὐτὸν
1755 1810 1786 1845 οἱ
1802 1806 1888 1851 ξενοι
1905 1810 1953 1850 οἷς
1967 1805 2137 1846 ε’λωὸᾶτο.
