2533 3808
210 237 284 269 230

211 315 314 366 ραιεῖς
334 312 395 357 τὴν
426 308 638 360 Μουνυχίαν,
663 304 833 345 Φιλαίδαι
859 304 894 342 δὲ
919 303 981 349 τὴν
1002 303 1241 363 ΙΞραυρωνίαν.

209 394 259 400 ——-
312 368 467 416 Ἄλλως.)
488 365 603 408 ἔπαιξε
619 364 736 401 πάλιν.
757 363 914 400 κόλαινον
926 360 992 413 γὰρ
1005 362 1090 404 εἶδος
1103 360 1241 414 ὀρνέου,

209 428 259 466 διό
279 442 379 480 φησιν
404 424 565 476 Ἄρτεμιν
593 421 758 474 ὂρνιθείαν
779 422 974 458 καλεῖσθαι.
1000 418 1074 457 ἔστι
1097 418 1164 471 γὰρ
1184 417 1244 456 καὶ

208 487 366 538 Ἄρτεμις
382 481 556 524 Κολαινίς.
576 488 660 518 ΒΝ.

172 556 188 580 5
260 540 460 583 Ἀκαλανθὶς
479 538 639 591 Ἄρτεμις
661 551 669 576 :
696 537 741 576 ‘H
763 536 871 583 κύων,
893 533 990 586 παρὰ
1007 534 1046 572 τὸ
1066 533 1244 573 αἰκάλλειν

207 603 287 644 ἴσως
317 599 394 642 τοὺς
421 597 634 650 γνωρίμους,
663 597 823 632 ὑλακτεῖν
854 592 890 631 δὲ
917 592 994 635 τοὺς
1019 591 1141 636 ξένους.
1169 592 1244 630 ὅθεν

207 660 351 697 κώδωνα
374 654 622 709 προσαγορεύει
647 653 753 699 αὐτὴν
775 650 1029 705 Ἀριστοφάνης
1055 652 1089 688 ἐν
1112 650 1243 710 Εἰρήνῃ

209 722 324 765 [1078],
344 715 396 754 ὅτι
414 712 618 765 ἐπειγομένη
636 711 749 764 τυφλὰ
766 711 888 749 τίκτει.
913 709 987 747 ἔστι
1013 708 1048 747 δὲ
1074 708 1133 748 καὶ
1159 709 1246 751 εἶδος

206 775 322 830 ὀρνέου
338 772 532 815 ἀκαλανθίς.

158 850 188 873 ιυ
260 847 323 873 874.
354 832 433 885 [md
453 830 607 884 φρυγίλῳ
633 843 641 867 :
672 829 717 867 ‘ll
744 827 843 880 τρίτη
864 825 1020 879 περίοδος
1039 824 1160 863 κώλων
1187 823 1245 861 καὶ

208 894 335 944 στίχων
364 889 455 928 ἐστὶν
488 888 588 927 ἑπτά,
618 882 665 925 ὧν
692 886 730 924 τὸ
760 886 789 923 α’
820 883 1050 937 χοριαμὸικὸν
1088 882 1244 934 δίμετρον

208 951 457 997 ἀκατάληκτον.
488 946 527 985 τὸ
560 946 589 997 β’
619 944 824 983 δακτυλικὸν
850 941 1117 994 πενθημιμερές.
1147 940 1186 977 τὸ
1215 946 1244 990 γ’

208 1007 446 1063 ἑφθημιμερές.
472 1005 512 1043 τὸ
532 1005 557 1042 δ’
583 1003 746 1053 ἷαμὸικὸν
774 1002 957 1055 τρίμετρον
988 999 1244 1045 ἀκατάληκτον.

207 1069 246 1106 τὸ
264 1076 287 1105 ε’
309 1062 557 1104 ἀναπαιστικὸν
578 1062 735 1114 δίμετρον
755 1059 1074 1111 ὑπερκατάληκτον,
1091 1057 1170 1109 ἔχον
1187 1056 1244 1093 τὸν

160 1136 188 1160 ¹2»
213 1130 238 1164 «θ’
261 1125 350 1163 πόδα
370 1123 573 1176 τρίὲραχυν,
593 1122 621 1158 εἷ
648 1118 683 1156 δὲ
713 1117 846 1170 βούλει,
873 1116 1027 1155 Ἰωνικὸν
1055 1115 1114 1152 ἀπ’
1140 1113 1246 1151 ἐλάτ-

208 1166 320 1230 τονος,
342 1181 521 1234 τρίμετρον
542 1176 797 1224 καταληκτικὸν
815 1177 853 1213 ἐκ
874 1174 1033 1216 παίωνος.
1054 1172 1092 1210 τὸ
1112 1186 1141 1216 ς’
1164 1174 1245 1209 ἀνα·

207 1241 389 1280 παιστικὸν
410 1239 566 1291 δίμετρον
587 1235 842 1281 ἀκατάληκτον.
861 1233 900 1271 τὸ
915 1234 938 1278 ζ’
961 1232 1124 1282 ἷαμὲικὸν
1142 1234 1246 1283 ἑφθη-

210 1300 364 1353 μιμερές.
383 1301 416 1337 ἐν
435 1296 565 1336 ἐκθέσει
581 1294 705 1345 ἴαμόος
720 1293 899 1346 τρίμετρος
917 1290 1170 1336 ἀκατάληκτος.
1192 1289 1247 1339 ὑφ’

209 1360 245 1397 δν
265 1355 525 1411 παράγραφος].

155 1427 190 1452 20
261 1417 319 1456 καὶ
338 1414 491 1468 φρυγίλῳ
520 1410 686 1462 Σαὸαζίῳ
719 1423 728 1449 :
762 1407 901 1459 (Παίζει
934 1407 1020 1460 πρὸς
1046 1406 1084 1444 τὸ
1114 1405 1244 1456 ὄνομα,

209 1475 284 1514 ἐπεὶ
312 1476 342 1513 οἳ
370 1472 508 1524 Φρύγες
539 1469 596 1507 τὸν
626 1467 800 1512 Σαὸάζιον
829 1468 970 1516 τιμῶσι.
1005 1464 1056 1508 τίς
1088 1464 1124 1501 δέ
1155 1466 1246 1501 ἐστιν

208 1529 304 1576 οὗτος
329 1535 346 1570 6
373 1531 444 1574 θεὸς
470 1532 487 1567 6
513 1525 761 1582 (Ηρακλεώτης
787 1524 867 1577 περὶ
894 1522 1107 1577 Ἡρακλείας
1135 1524 1168 1560 ἐν
1198 1524 1248 1575 τῷ

211 1594 241 1631 (5¹
263 1590 363 1646 φησὶν
384 1589 490 1631 οὕτως
511 1606 527 1620 «
545 1586 704 1636 φαίνεται
723 1583 790 1636 γὰρ
813 1582 848 1627 ἐξ
868 1577 915 1620 ῶν
939 1581 1141 1634 εὑρίσκομεν
1164 1582 1246 1618 συλ-

210 1631 223 1684 1¹«
240 1648 453 1700 λογιζόμενοι
479 1643 695 1696 πολλαχόθεν
723 1640 775 1679 ὅτι
802 1640 965 1684 Διόνυσος
986 1639 1047 1678 καὶ
1073 1639 1248 1683 Σαὲάζιος

156 1716 189 1739 ‘25
211 1729 224 1742 ιι
241 1703 287 1751 εἷς
304 1709 376 1746 ἐστι
392 1705 478 1751 θεὸς,
495 1703 612 1755 τυχεῖν
633 1699 668 1739 δὲ
685 1703 744 1746 τῆς
760 1697 992 1752 προσηγορίας
1008 1696 1137 1743 ταύτης
1151 1695 1248 1748 παρὰ

210 1787 224 1800 «
245 1767 302 1805 τὸν
321 1764 497 1817 γινόμενον
522 1761 603 1814 περὶ
627 1759 729 1798 αὐτὸν
758 1757 934 1807 θειασμόν.
960 1756 999 1794 τὸ
1023 1755 1089 1806 γὰρ
1116 1754 1247 1798 εὐάζειν

210 1845 223 1858 «
244 1827 273 1863 οἱ
293 1822 461 1876 βάρὲαροι
479 1819 642 1864 σαὸάζειν
660 1816 776 1870 φασίν.
801 1815 874 1853 ὅθεν
898 1814 958 1852 καὶ
977 1816 1045 1851 τῶν
1063 1812 1247 1858 (Ελλήνων

212 1903 227 1915 ιι
248 1880 333 1925 τινὲς
358 1881 620 1919 ἀκολουθοῦντες
645 1875 702 1913 τὸν
730 1873 881 1924 εὐασμὸν
909 1871 1095 1922 σαὸασμὸν
1123 1870 1247 1921 λέγου-

213 1961 226 1974 ιι
249 1957 313 1978 σιν.
335 1958 349 1973 »
429 1935 597 1985 Ἀλλως.)
614 1933 728 1978 παίζει
745 1932 828 1985 πρὸς
847 1931 885 1969 τὸ
903 1930 1030 1981 ὄνομα,
1051 1928 1126 1967 ἐπεὶ
1148 1928 1249 1982 Φρύ-

158 2012 192 2036 30
209 2015 264 2050 γες
280 1998 319 2037 τὸ
347 1995 477 2041 εὐάζειν
503 1993 665 2037 σαὸάζειν
687 1991 772 2044 φασὶ
792 1990 851 2028 καὶ
872 1991 910 2027 ἐκ
929 1988 1051 2026 τούτου
1072 1987 1248 2032 Σαὸοίζιον

208 2057 265 2096 τὸν
286 2054 449 2101 Διόνυσον
468 2051 616 2103 λέγουσι.
636 2050 762 2093 σάὸους
782 2048 817 2087 δὲ
840 2047 958 2099 ἔλεγον
979 2047 1037 2085 καὶ
1055 2045 1132 2089 τοὺς
1149 2048 1249 2098 ἀφιε-

211 2115 382 2168 ρ(ι)με’νους
402 2114 495 2165 αὐτῷ
515 2110 641 2152 τόπους
661 2109 721 2147 καὶ
743 2107 821 2151 τοὺς
851 2106 1004 2159 βάκχους
1028 2109 1088 2143 τοῦ
1114 2108 1203 2164 θεοῦ,
1232 2107 1249 2142 ὃ

210 2174 310 2218 αὐτὸς
330 2171 365 2211 δὲ
379 2169 472 2214 Ἵάς
491 2169 551 2208 καὶ
580 2167 707 2210 Εὔαιος
723 2166 895 2204 καλεῖται.
919 2164 1004 2214 (ἔστι
1025 2163 1060 2201 δὲ
1080 2163 1139 2201 καὶ
1165 2164 1251 2206 εἰδος

210 2232 344 2285 ὀρνέου,
369 2230 386 2269 ὃ
411 2230 570 2268 καλεῖται
590 2226 761 2279 φρυγίλος.
796 2222 891 2276 παρὰ
918 2226 1020 2260 τοῦτο
1047 2216 1104 2261 οὖν
1133 2221 1251 2265 ἔπαιξε

157 2300 191 2325 37»
211 2291 265 2329 τον
290 2288 454 2329 Διόνυσον
479 2285 640 2339 ὀρνίθειον
666 2283 809 2337 φάσκων
833 2285 1012 2332 τιμᾶσθαι.
1096 2279 1250 2323 ’Ἄλλως

211 2349 284 2387 ἐπεὶ
304 2349 454 2401 Φρυγῶν
475 2349 492 2384 6
508 2343 592 2388 θεός.
611 2343 671 2381 καὶ
689 2344 723 2380 ἐν
740 2341 866 2394 (Ώραις

353 2429 405 2460 τὸν
418 2426 538 2468 Φρύγα,
551 2424 603 2456 τὸν
617 2424 789 2464 αὐλητῆρα,
801 2423 852 2454 τὸν
867 2421 1043 2461 Σαὸάζιον.)

261 2500 354 2550 (875).
382 2496 441 2534 καὶ
457 2495 611 2548 στρουθῷ
629 2491 764 2543 μεγάλῃ
781 2504 789 2530 :
807 2489 893 2529 ζΌτι
905 2489 965 2527 καὶ
980 2489 1036 2527 ἐπὶ
1055 2491 1117 2535 τῆς
1130 2503 1256 2540 στρου-

213 2554 412 2606 θοκαμήλου
433 2552 472 2591 τὸ
493 2551 628 2603 μεγάλη
650 2548 910 2602 προσετίθεσαν.
936 2546 1055 2591 ἔπαιξε
1079 2546 1114 2584 δὲ
1141 2546 1198 2585 διὰ
1214 2546 1253 2583 τὸ

163 2626 197 2651 40
213 2614 355 2666 μέγεθος
372 2613 430 2664 [τῇ
447 2609 532 2663 ‘Px-{qt
548 2608 678 2654 ταύτην
699 2605 967 2659 προσεικάσας.]

265 2686 329 2711 877.
361 2668 505 2715 Κυῧέλη
531 2681 540 2707 1
570 2665 732 2711 Κυὲέλην
753 2664 838 2717 φασὶ
861 2663 924 2709 τὴν
943 2662 1061 2709 Ῥέαν,
1088 2661 1186 2714 παρὰ
1211 2661 1255 2699 τὰ

216 2731 356 2770 Κύὸελα
374 2728 449 2782 ὅρη.
467 2725 561 2778 ὀρεία
580 2724 647 2777 γὰρ
665 2727 687 2770 ἡ
706 2723 791 2766 θεός.
814 2721 864 2759 διὸ
887 2720 946 2759 καὶ
967 2722 1145 2773 ἐποχεῖται
1158 2719 1254 2757 λεόν-

213 2805 279 2827 των
311 2786 434 2839 ζεύγει.
456 2784 495 2824 *rb
525 2783 561 2825 δὲ
589 2786 699 2835 μῆτερ
720 2779 956 2832 Κλεοκρίτου,
985 2781 1070 2831 παρ’
1092 2777 1254 2815 ὑπόνοιαν

214 2847 401 2898 ἐπήγαγεν,
432 2842 638 2896 βουλόμενος
669 2839 768 2878 αὐτὸν
794 2837 995 2876 διαὸοίλλειν
1018 2839 1063 2879 ὡς
1089 2834 1252 2888 στρουθό-

161 2920 196 2946 45
214 2906 324 2950 ποδα,
353 2901 510 2942 τουτέστι
530 2897 762 2952 μεγαλόπουν.
794 2896 1014 2948 ἐκωμῳδεῖτο
1040 2892 1075 2930 δὲ
1095 2895 1140 2936 ὡς
1167 2891 1256 2936 ξένος

213 2965 274 3002 καὶ
306 2959 482 3014 δυσγενής.
519 2959 715 3009 Σύμμαχος
747 2954 952 3007 προείρηκεν
987 2951 1039 2990 ὅτι
1066 2950 1155 2995 ξένος
1196 2950 1256 2988 καὶ

215 3021 308 3073 τάχα
334 3017 530 3071 ὑποκριτής.
551 3020 610 3054 νῦν
632 3014 667 3053 δὲ
690 3012 914 3067 ἐμφαίνεται,
935 3010 987 3048 ὅτι
1010 3010 1070 3048 καὶ
1094 3009 1157 3056 τὴν
1177 3008 1254 3062 ὄψιν

217 3077 442 3133 στρουθώδης.
464 3079 481 3114 6
501 3076 536 3114 δὲ
557 3075 706 3125 Δίδυμος
733 3071 868 3125 μητέρα
889 3069 1100 3122 Κλεοκρίτου
1114 3098 1123 3115 ,
1140 3068 1192 3106 ὅτι
1212 3070 1256 3111 ὡς

218 3136 407 3188 (γυναικίας
423 3134 499 3184 καὶ)
519 3134 667 3175 κίναιδος
681 3131 916 3183 κωμῳδεῖται.
933 3130 966 3166 ἐν
986 3127 1021 3165 δὲ
1036 3128 1105 3170 τοῖς
1123 3142 1255 3177 μυστη-

166 3210 200 3237 50
220 3196 300 3249 ρίοις
312 3198 372 3241 τῆς
386 3193 487 3236 Ῥέας
506 3191 657 3242 μαλακοὶ
670 3190 825 3243 πάρεισι.
843 3187 903 3226 καὶ
917 3187 998 3229 ἴσως
1012 3185 1124 3238 ἕτερος
1141 3184 1182 3222 ἂν
1203 3184 1254 3231 εἴη

219 3259 278 3294 τοῦ
298 3255 381 3306 παρ’
402 3250 591 3293 Εὐπόλιδος
608 3251 642 3286 ἐν
662 3248 792 3298 Δήμοις
812 3247 872 3286 καὶ
892 3245 1037 3289 Κόλαξι.

276 3308 429 3364 (στρουθὲ
448 3312 557 3360 μῆτερ
580 3320 588 3346 :
608 3306 821 3359 εΗρωδιανὸς
845 3308 878 3343 ἐν
899 3307 948 3357 τῷ
970 3309 1022 3350 [ll.
1042 3310 1082 3349 A,
1103 3302 1168 3352 186]

341 3392 484 3438 βάσκ’ἷῦι,
509 3395 566 3437 Ἶρι
581 3399 689 3435 ταχεῖα
707 3394 756 3424 τὸν
773 3394 897 3433 ’Ἐκτορι
916 3392 1009 3432 μῦθον
1030 3389 1134 3421 ἔνισπε

997 215 1252 255 SCHOLIA
1289 216 1347 254 IN
1384 216 1540 256 AVES.

1301 305 1521 356 ἐπιμερισμῷ
1544 319 1630 355 φησι
1651 304 1707 342 τὸν
1730 304 1880 357 Χάρητα
1903 305 2014 357 λέγειν
2043 305 2201 358 βαρύνειν
2220 307 2337 345 Ἀττι-

1301 359 1380 403 κοὺς
1399 360 1437 397 τὸ
1457 364 1639 411 στροῦθος,
1659 362 1786 411 ὁμοίως
1805 363 1865 401 καὶ
1887 365 1921 401 ἐν
1943 367 1993 417 τῷ
2019 364 2256 416 ἑκκαιδεκάτῳ
2277 369 2338 412 τ’ῆς

1302 418 1448 454 καθόλου
1474 417 1584 467 λέγων
1610 418 1670 455 καὶ
1700 419 1874 472 Τρύφωνα
1900 426 2098 473 μεμνῆσθαι
2126 423 2160 460 ἓν
2192 422 2340 476 δευτέρῳ

1301 474 1381 527 περὶ
1401 475 1556 521 Ἀττικῆς
1582 477 1803 529 προσῳδίας.)

1354 547 1418 572 880.
1449 532 1585 572 Χίοισιν
1600 533 1709 580 ἥσθην
1728 548 1737 574 :
1761 535 1831 574 Καὶ
1847 538 1948 573 τοῦτο
1966 537 2022 588 ἀφ’
2038 538 2189 590 ἱστορίας
2205 538 2340 577 ἔλαῧεν.
2361 549 2378 574 5

1301 590 1452 642 ηὔχοντο
1483 590 1550 643 γὰρ
1571 592 1741 638 Ἀθηναῖοι
1761 595 1858 643 κοινῇ
1879 593 1935 630 ἐπὶ
1960 596 2028 630 τῶν
2055 598 2179 633 θυσιῶν
2209 599 2342 640 ἑαυτοῖς

1301 665 1338 687 τε
1358 650 1417 687 καὶ
1438 649 1553 697 Χίοις,
1574 649 1692 696 ἐπειδὴ
1714 650 1870 699 ἔπεμπον
1900 653 1931 688 οἱ
1956 653 2036 689 Χῖοι
2064 654 2271 706 συμμάχους
2295 657 2342 698 εἷς

1303 707 1462 755 Ἀθήνας,
1487 707 1544 746 ὅτε
1573 707 1676 759 χρεία
1699 707 1852 759 πολέμου
1872 713 2018 761 προσῆν.
2049 712 2224 766 (καθάπερ
2249 714 2342 753 Θεό-

1302 782 1440 815 πομπος
1468 767 1502 803 ἐν
1531 768 1581 818 τῷ
1609 766 1656 803 ιδ’
1678 769 1746 804 τῶν
1770 768 1997 806 Φιλιππικῶν
2025 784 2128 821 φησιν
2156 770 2262 814 οὕτως
2279 790 2293 805 α
2313 774 2344 810 οἱ

1303 842 1316 855 «
1336 823 1372 860 δὲ
1390 823 1511 862 πολλοὶ
1528 827 1586 861 τοῦ
1604 828 1715 861 ταῦτα
1734 825 1900 877 πράττειν
1920 826 2076 877 ἀπεῖχον.
2097 826 2187 865 ὥστε
2207 829 2269 872 τὰς
2285 831 2344 867 εὗ-
2366 842 2399 866 10

1303 900 1317 914 «
1335 897 1360 933 χ
1363 880 1399 924 ὰς
1409 882 1522 925 κοινὰς
1536 882 1595 919 καὶ
1604 882 1684 934 περὶ
1698 882 1834 920 ἐκείνων
1846 882 1906 920 καὶ
1922 886 2017 936 σφῷν
2030 886 2142 922 αὐτῶν
2154 884 2344 934 ἐποιοῦντο,

1304 940 1397 977 «καὶ
1431 940 1630 993 σπένδοντες
1662 940 1719 978 ἐπὶ
1749 944 1824 984 ταῖς
1852 940 1981 985 θυσίαις
2015 948 2091 986 ταῖς
2120 944 2345 994 δημοτελέσιν

1304 1017 1319 1031 (ι
1339 998 1463 1048 ὁμοίως
1486 998 1634 1050 ηὔχοντο
1659 1005 1727 1042 τοῖς
1749 1000 1834 1042 θεοῖς
1854 998 1952 1043 Χίοις
1972 1000 2102 1038 διδόναι
2126 1001 2262 1052 τάγαθὰ
2285 1003 2346 1040 καὶ

1304 1076 1318 1089 «
1339 1056 1454 1109 σφίσιν
1470 1058 1596 1100 αὐτοῖς.
1611 1076 1625 1090 »
1639 1056 1731 1108 λέγει
1746 1057 1782 1095 δὲ
1795 1058 1874 1109 περὶ
1889 1061 1950 1105 τ’ἧς
1967 1058 2055 1097 Χίου
2074 1059 2134 1098 καὶ
2148 1059 2302 1104 Εὔπολις
2313 1063 2347 1099 ἐν

1304 1114 1453 1154 Πόλεσιν
2367 1130 2399 1155 15

1776 1216 1852 1253 αὕτη
1866 1216 1941 1251 Χίος
1952 1240 1960 1255 ,
1977 1217 2057 1254 καλὴ
2074 1216 2172 1253 πόλις.

1364 1261 1478 1301 πέμπει
1493 1261 1551 1302 γὰρ
1567 1263 1637 1301 ὑμῖν
1653 1266 1726 1298 ναῦς
1747 1263 1866 1302 μακρὰς
1880 1286 1888 1300 ,
1907 1262 2014 1303 ἄνδρας
2029 1263 2055 1294 θ’
2075 1264 2147 1293 ὅταν
2170 1264 2284 1303 δεήσῃ,

1370 1308 1423 1338 καὶ
1439 1307 1536 1339 τᾶλλα
1549 1309 1709 1349 πειθαρχεῖ
1720 1309 1840 1348 καλῶς,
1859 1308 2014 1346 ἄπληκτος
2037 1310 2142 1350 ὥσπερ
2156 1311 2264 1346 ἵππος.

1304 1394 1347 1433 τὰ
1367 1395 1456 1432 αὐτὰ
1475 1401 1543 1439 τοῖς
1560 1395 1775 1446 Θεοπόμπου
1794 1396 1854 1434 καὶ
1869 1396 2109 1449 Θρασύμαχός
2128 1412 2230 1449 φησιν
2250 1400 2285 1435 ἐν
2304 1400 2348 1448 τῇ

1306 1453 1440 1504 μεγάλῃ
1458 1454 1576 1506 τέχνῃ.
1597 1456 1615 1491 ὃ
1641 1454 1676 1491 δὲ
1694 1453 1882 1506 Ὑπερίδης
1901 1456 1935 1491 ἐν
1957 1457 2007 1507 τῷ
2023 1456 2190 1508 Δηλιακῷ
2211 1455 2272 1493 καὶ
2297 1455 2349 1494 ὅτι
2368 1468 2404 1495 20

1306 1514 1385 1551 Χῖοι
1401 1513 1548 1563 ηὔχοντο
1568 1512 1758 1558 Ἀθηναίοις
1778 1511 2001 1562 δεδήλωκεν.)

1358 1584 1421 1608 882.
1451 1570 1529 1623 [[καῖ
1551 1569 1662 1623 ’ἥρωσι
1683 1571 1742 1608 καὶ
1764 1570 1895 1623 ὄρνισιν
1919 1583 1929 1609 :
1951 1570 1996 1610 ‘H
2019 1570 2168 1623 τετάρτη
2193 1572 2350 1625 περίοδος

1305 1628 1425 1666 κώλων
1443 1628 1501 1667 καὶ
1520 1629 1649 1681 στίχων
1671 1628 1774 1668 ὀκτώ.
1793 1632 1810 1667 6
1837 1630 1869 1667 α’
1889 1629 2159 1673 ἀντισπαστικὸς
2179 1630 2349 1683 τετράμε-

1305 1702 1382 1739 τρος
1404 1687 1750 1740 βραχυκατάληκτος.
1773 1689 1791 1724 ὃ
1811 1687 1842 1738 β’
1859 1686 2010 1730 Ἰωνικὸς
2029 1686 2098 1724 ἀπὸ
2113 1687 2266 1738 μείζονος
2283 1687 2351 1741 τρί-

1306 1760 1428 1797 μετρος
1449 1744 1712 1790 καταληκτικός.
1733 1744 1773 1782 τὸ
1791 1745 1823 1794 γ’
1841 1744 1958 1795 ὅμοιον
1977 1744 2136 1797 δίμετρον
2152 1745 2350 1797 ὖπερκατά-
2369 1759 2404 1783 25

1305 1805 1430 1850 ληκτον
1444 1804 1483 1840 ἐκ
1499 1801 1659 1845 παίωνος.
1678 1801 1716 1839 τὸ
1734 1802 1762 1839 δ’
1781 1801 1898 1852 ὅμοιον
1916 1801 2074 1855 δίμετρον
2091 1802 2347 1849 ἀκατάληκτον.

1305 1861 1344 1898 τὸ
1358 1861 1383 1898 ε’
1398 1859 1627 1913 χοριαμὲικὸν
1648 1860 1805 1912 δίμετρον
1823 1859 2092 1907 καταληκτικὸν,
2110 1862 2138 1897 εἰ
2160 1860 2195 1898 δὲ
2214 1860 2349 1912 βούλει,

1306 1919 1509 1958 δακτυλικὸν
1530 1919 1724 1971 τρίμετρον.
1750 1918 1789 1956 τὸ
1808 1919 1839 1963 ς’
1859 1917 1975 1968 ὅμοιον
2004 1918 2210 1957 δακτυλικὸν
2246 1921 2351 1971 ἑφθη-

1307 1977 1459 2030 μιμερές.
1480 1976 1519 2014 τὸ
1539 1977 1565 2021 ζ’
1583 1977 1814 2030 χοριαμὸικὸν
1827 1977 2006 2029 τρίμετρον
2023 1977 2294 2025 καταληκτικόν.
2310 1978 2351 2016 τὸ

1306 2037 1424 2088 ὄγδοον
1439 2035 1603 2085 ἷαμὸικὸν
1620 2035 1886 2087 πενθημιμερές.
1907 2036 1961 2088 ὑφ’
1979 2035 1998 2073 ὃ
2016 2035 2278 2089 παράγραφος.]]
2369 2047 2405 2073 30

1359 2108 1423 2134 883.
1453 2093 1514 2131 καὶ
1534 2094 1719 2131 πελεκᾶντι
1741 2107 1750 2132 :
1772 2093 1922 2138 Μήποτε
1946 2093 2097 2137 πελέκας
2125 2091 2348 2147 προενεκτέον

1307 2155 1352 2197 ὡς
1367 2152 1503 2196 ἀλίὸας.
1523 2155 1540 2190 6
1555 2152 1590 2189 δὲ
1613 2153 1790 2195 πελεκῖνος
1805 2154 1855 2204 τῷ
1874 2153 2061 2190 πελεκᾶντι
2085 2151 2349 2204 προσέρριπται.

1307 2210 1457 2249 πελεκδιν
1483 2210 1599 2260 μέντοι
1621 2209 1809 2253 πελεκάνος
1833 2213 1965 2257 κοινῶς,
1979 2212 2128 2254 πελεκᾶς
2143 2211 2352 2253 πελεκᾶντος

1309 2271 1483 2312 Ἀττικῶς.
1495 2270 1644 2312 πελεκᾶς
1660 2271 1791 2306 πελεκᾶ
1807 2270 1983 2322 Δωρικῶς.

1360 2342 1424 2367 884.
1455 2327 1515 2366 καὶ
1536 2327 1665 2380 φλέξιδι
1685 2341 1694 2366 2
1713 2325 1970 2366 Ἐπισκεπτέον
1991 2325 2071 2379 περὶ
2086 2324 2218 2364 τούτων
2234 2327 2274 2364 ἐκ
2292 2328 2353 2373 τῆς
2372 2336 2406 2361 35

1309 2390 1376 2425 τῶν
1397 2385 1492 2440 ζῴων
1509 2385 1682 2439 ἱστορίας,
1705 2385 1755 2429 τίς
1775 2388 1792 2424 ὃ
1813 2384 1938 2437 τέτραξ
1963 2384 2023 2423 καὶ
2043 2383 2156 2437 φλέξις
2187 2383 2247 2422 καὶ
2272 2385 2354 2421 ἔλα-

1311 2452 1384 2489 σᾶς.
1401 2448 1423 2492 ἡ
1445 2444 1511 2498 γὰρ
1537 2444 1653 2497 βάσκα
1669 2444 1729 2482 καὶ
1749 2442 1992 2496 καταρράκται
2010 2441 2075 2480 εἶσὶ
2094 2441 2191 2495 παρὰ
2215 2442 2354 2480 Καλλι-

1311 2503 1416 2555 μάχῳ
1448 2500 1772 2554 ἀναγεγραμμέναι.
1805 2502 1877 2551 (καὶ
1903 2501 1980 2538 ἀντὶ
2009 2499 2151 2538 ἐδωλίου
2172 2499 2350 2548 εἷδώλιος.)

1311 2565 1328 2599 ὁ
1351 2561 1386 2599 δὲ
1413 2560 1631 2611 αἷγίθαλλος,
1657 2558 1728 2597 οὔτ’
1752 2558 1968 2611 ἐρισάλπιγξ.
1991 2558 2064 2596 ἔστι
2083 2558 2119 2594 δὲ
2137 2557 2204 2594 ὑπὸ
2223 2556 2280 2594 τὸν
2299 2556 2352 2594 ἱέ-

1313 2635 1415 2672 ρακα.
1433 2618 1540 2661 οὕτως
1557 2617 1593 2655 δὲ
1608 2616 1799 2667 ὠνομάσθη
1812 2646 1821 2664 ,
1839 2615 1884 2660 ὥς
1906 2632 2012 2667 τινες,
2029 2614 2128 2667 παρὰ
2146 2614 2185 2652 τὸ
2203 2614 2236 2659 ἐξ
2259 2614 2354 2666 αἰγὸς
2372 2630 2408 2655 40

1310 2676 1548 2723 τεθηλακέναι.

1364 2749 1427 2773 889.
1458 2734 1559 2786 [παῦ’
1577 2735 1609 2776 ἐς
1628 2733 1782 2784 κόρακας
1804 2746 1813 2771 z
1832 2732 1877 2771 ‘H
1895 2731 2039 2782 πέμπτη
2057 2730 2213 2783 περίοδος
2226 2732 2265 2768 ἐκ
2279 2730 2352 2768 στί-

1311 2809 1383 2845 χων
1403 2792 1495 2830 ἐστὶν
1524 2791 1698 2841 ἷαμὸικῶν
1729 2790 1922 2844 τριμέτρων
1943 2789 2196 2836 ἀκαταλήκτων
2219 2789 2266 2834 ς’.
2294 2789 2353 2827 ἐπὶ

1312 2854 1361 2904 τῷ
1381 2851 1472 2888 τέλει
1499 2848 1760 2902 παράγραφος]

1364 2923 1427 2948 890.
1456 2908 1528 2960 [ἐπὶ
1551 2913 1648 2945 ποῖον
1675 2921 1684 2946 t
1707 2909 1821 2946 Τοῦτο
1841 2908 1887 2950 εἷς
1907 2905 2073 2954 διαὸολὴν
2102 2909 2161 2944 τοῦ
2182 2910 2352 2959 χορηγοῦ,
2372 2918 2405 2944 45

1313 2967 1364 3005 ὅτι
1387 2966 1507 3019 μικρὸν
1526 2965 1672 3004 δέδωκεν
1687 2967 1839 3018 ἱερεῖον.]

1365 3039 1427 3064 89ι.
1459 3024 1650 3067 ἁλιαιέτους
1668 3037 1676 3062 :
1694 3018 1796 3066 Εἶδος
1810 3025 1910 3061 ἀετοῦ
1928 3024 1961 3075 [6
1974 3021 2163 3073 ἁλιαίετος]
2179 3024 2214 3060 ἐν
2228 3020 2353 3060 θαλάσ-

1314 3100 1357 3135 σῃ
1380 3084 1612 3132 διαιτώμενος.

1363 3159 1426 3185 893.
1457 3144 1576 3182 ἄπελθ’
1607 3145 1665 3195 ἀφ’
1687 3144 1786 3192 ἡμῶν
1818 3141 1878 3179 καὶ
1908 3141 1949 3179 σὺ
1978 3141 2038 3179 καὶ
2064 3140 2109 3178 τὰ
2133 3139 2349 3191 στέμματαε

1311 3204 1405 3257 Πρὸς
1424 3202 1481 3240 τὸν
1497 3202 1591 3254 ἱερέα
1610 3200 1725 3251 λέγει,
1745 3203 1790 3243 ὡς
1813 3204 1935 3252 μικροῦ
1955 3199 2051 3242 ὄντος
2069 3202 2128 3236 τοῦ
2145 3198 2267 3250 ἱερείου
2287 3198 2346 3236 καὶ
2367 3215 2402 3240 ω

1313 3262 1360 3313 μὴ
1382 3260 1576 3310 δυναμήνου
1597 3258 1679 3311 πρὸς
1693 3257 1754 3304 τὴν
1774 3258 1893 3295 θυσίαν
1911 3259 2157 3309 αὐτουργῆσαι.

1369 3333 1433 3358 895.
1465 3312 1543 3370 [εἶτ’
1557 3312 1649 3359 αὖθις
1670 3311 1744 3354 αὖτ’
1762 3316 1829 3367 ἄρα
1853 3331 1905 3353 σοι
1923 3329 1931 3354 2
1953 3313 2000 3353 ‘H
2020 3314 2051 3358 ς’
2066 3313 2222 3366 περίοδος
2238 3315 2273 3351 ἐν
2301 3315 2352 3351 ἐκ-

1315 3382 1403 3415 θεσει
1435 3376 1554 3414 κώλων
1585 3375 1675 3412 ἐστὶν
1697 3373 1801 3412 ὀκτώ.
1823 3373 1861 3410 τὸ
1889 3374 1920 3410 α’
1937 3371 2166 3424 χοριαμὸικὸν
2193 3370 2353 3422 δίμετρον
