2485 3808
907 199 1168 238 SCHOLIA
1202 200 1263 238 IN
1297 200 1496 239 RANAS.

142 285 227 333 δὴν,
249 284 289 323 τὸ
322 283 571 336 ἀντεπίρρημα.
600 282 672 320 ἔστι
707 298 786 333 γουν
820 285 841 328 ἡ
862 287 1021 335 παροῦσα
1044 283 1149 336 ᾠδὴ’
1135 299 1172 321 εκ

142 341 260 379 κώλων
293 340 630 391 πολυοχηματίστων
660 339 718 379 ιὸ.
743 343 790 378 ὧν
821 340 859 378 τὸ
884 357 1018 392 πρῶτον
1050 341 1172 393 τετρά-

143 414 266 451 μετρον
301 397 633 450 βραχυκατάληκτον
670 397 905 450 ἀσυνάρτητον
945 398 1171 450 προσοδιακὸν

144 455 391 493 ἁναπαιστικὸν
423 454 634 504 καλούμενον
647 485 656 502 ,
675 453 696 500 ἢ
718 455 922 492 δακτυλικὸν
943 456 1171 507 τετράμετρον

108 528 125 552 s
147 513 398 559 πἰκατάληκτον.
414 513 452 550 τὸ
479 512 634 565 δεύτερον
652 513 898 550 ἀναπαιστικὸν
916 513 1082 565 ,δίμετρον
1107 529 1172 550 κα-

141 571 358 616 ταληκτικόν.
378 571 417 608 τὸ
434 571 548 623 τρίτον
567 570 684 621 ὅμοιον
710 571 890 623 τρίμετρον
918 571 1171 617 ἀκατάληκτον,

141 628 231 665 κατὰ
248 627 312 675 τὴν
335 629 453 680 τρίτην
477 629 595 681 χώραν
623 632 684 675 τῆς
708 629 769 678 μὲν
795 630 885 681 ᾠδῆς
917 628 1172 681 ἁμφιὸράχεος,

140 689 200 732 τῆς
219 686 247 724 δ’
267 687 418 739 ἅντῳδῆς
432 690 594 739 κρητικοῦ
612 687 781 737 κειμένου.
799 687 838 724 τὸ
858 686 1018 738 τέταρτον
1028 701 1173 737 χοριαμ-

141 743 236 782 ῧικὸν
248 774 258 792 ,
275 748 333 783 τοῦ
355 745 512 797 δευτέρου
531 745 632 788 ποδὸς
649 745 741 787 ὄντος
759 744 974 796 διτροχαίου,
993 744 1172 796 τρίμετρον

89 819 122 845 ιο
143 803 486 855 βραχυκατάληκτον.
503 802 542 840 τὸ
559 804 584 840 ε’
603 803 852 840 ἀναπαιστικὸν
867 802 1023 853 δίμετρον
1044 801 1174 838 ἀκατά-

140 862 279 908 ληκτον.
305 861 345 899 τὸ
374 862 405 905 ς’
429 860 586 911 δίμετρον
612 860 645 904 ἐξ
666 861 818 899 Ἰωνικοῦ
846 859 913 897 ἀπὸ
939 859 1088 908 μείζονος
1116 859 1174 896 καὶ

140 918 334 970 χοριάμὸου
354 918 608 965 ἀκατάληκτον.
630 918 669 955 τὸ
689 918 723 955 δὲ
740 920 800 963 τῆς
825 918 978 968 ἀντῳδῆς
994 918 1032 953 ἐκ
1058 915 1174 965 διιάμ-

142 977 203 1015 ὅου
223 977 321 1015 καὶ
303 976 518 1029 οιτροχαίου,
540 976 579 1013 τὸ
599 975 745 1025 ἕὸδομον
778 973 981 1012 δακτυλικὸν
1007 976 1175 1022 πενθημι-

141 1034 253 1087 μερές.
274 1034 313 1072 τὸ
332 1034 449 1085 ὄγδοον
462 1032 690 1085 χοριαμὸικὸν
708 1032 885 1092 ἡμιόλιον,
903 1030 1114 1078 συνίζησιν”
1095 1047 1111 1068 ε
1113 1046 1174 1082 [ον

91 1111 122 1135 η,
143 1093 189 1135 εἷς
203 1090 243 1129 τὸ
256 1091 431 1143 Θρηϊκία,
445 1089 501 1128 διὰ
514 1090 553 1127 τὸ
562 1089 718 1139 ἡμιόλιον
735 1093 824 1126 εἰναι
841 1088 881 1126 τὸ
894 1091 955 1134 τῆς
969 1090 1151 1140 ἀντῳδῆς
1137 1104 1175 1126 εκ

140 1149 347 1201 διτροχαίου.
359 1147 398 1186 τὸ
407 1147 525 1186 ἔνατον
538 1146 654 1197 ὅμοιον
669 1149 718 1184 τῶ
734 1146 886 1199 πέμπτῳ
900 1146 958 1184 καὶ
973 1162 1012 1184 το
1021 1145 1173 1184 δέκατον.

137 1205 177 1243 τὸ
185 1205 362 1244 ἑνδέκατον
377 1205 584 1257 μονόμετρον
600 1204 918 1256 ὑπερκατάληκτον.
933 1204 971 1242 τὸ
983 1204 1175 1242 δωδέκατον

137 1262 320 1314 τροχαῖκὸν
345 1262 502 1314 δίμετρον
530 1262 862 1315 βραχυκατάληκτον
890 1261 1124 1314 ἷθυφαλλικόν.
1152 1264 1174 1307 ἡ

139 1320 174 1358 δὲ
193 1320 327 1373 ἀντῳδὴ
341 1320 529 1373 ἷσόμετρος.
551 1321 607 1358 ἐπὶ
626 1322 676 1372 τῷ
696 1319 786 1358 τέλει
802 1323 863 1366 τῆς
881 1319 941 1370 μὲν
965 1321 1054 1373 ᾠδῆς
1079 1319 1176 1372 παρά

87 1400 121 1426 20
138 1393 266 1431 γραφος
278 1378 337 1416 καὶ
354 1379 458 1424 διπλῆ
471 1377 540 1416 ἔσω
553 1383 740 1415 νενευκυῖα·
756 1381 818 1424 τῆς
832 1377 867 1415 δὲ
879 1379 1034 1430 ἀντῳδῆς
1048 1376 1107 1415 δύο
1125 1378 1175 1414 δι-

137 1437 224 1474 πλαῖ
243 1435 307 1480 ἔξω
321 1441 523 1483 νενευκυῖαι,
545 1438 567 1482 ἡ
589 1435 651 1486 μὲν
672 1437 706 1473 ἐν
726 1437 818 1487 ἀρχῇ
846 1439 908 1472 τοῦ
928 1436 1061 1482 κώλου,
1095 1438 1116 1481 ἡ
1139 1435 1174 1472 δὲ

138 1493 229 1531 κατὰ
255 1494 294 1532 τὸ
315 1493 456 1546 τέλος]
476 1514 521 1519 -
540 1496 667 1532 Μοῦσα
690 1506 700 1531 :
720 1492 931 1546 Τερψιχόρη.
951 1494 998 1532 Θ.

191 1565 255 1591 679,
286 1553 510 1604 Κλεοφῶντος
540 1564 549 1589 :
577 1552 742 1602 Κλεοφῶν
771 1551 961 1603 στρατηγὸς
984 1553 1052 1588 τῶν
1073 1551 1174 1597 Ἀθη-

140 1607 258 1648 ναίων.
285 1609 345 1647 καὶ
364 1610 410 1652 εἷς
427 1612 546 1646 τοῦτον
564 1608 620 1646 τὸν
644 1608 853 1660 δημαγωγὸν
873 1607 952 1646 ὅλον
975 1610 1090 1660 δρᾶμα
1111 1609 1175 1661 φέ-

88 1686 124 1711 2⁵
144 1682 238 1718 ρεται
271 1666 458 1710 Πλάτωνος
488 1666 548 1704 καὶ
580 1666 806 1718 ἐπιγράφεται
853 1666 1044 1716 ὁμωνύμως
1081 1668 1174 1719 αὐτῷ

140 1725 319 1777 Κλεοφῶν.
337 1727 453 1762 τοῦτον
475 1724 510 1761 δὲ
530 1724 692 1775 κωμῳδεῖ
713 1726 758 1766 ὡς
778 1723 870 1768 ξένον
892 1724 952 1761 καὶ
976 1725 1093 1773 ἀμαθῆ
1114 1724 1173 1762 καὶ

139 1781 294 1835 φλύαρον
316 1782 399 1832 (καὶ
419 1783 577 1833 δυσγενῆ.
605 1783 732 1834 Θρᾷκα
762 1781 828 1833 γὰρ
846 1781 948 1819 αὐτὸν
967 1782 1092 1833 ἔλεγεν.
1110 1784 1174 1819 ἀν-

139 1841 313 1937 τεποῐιεῖτο
333 1839 368 1878 δὲ
385 1842 452 1878 τῶν
472 1839 649 1892 πρωτείων
668 1842 729 1886 τῆς
746 1839 903 1890 πόλεως).

226 1896 438 1950 1.(Θρῃκία
464 1895 611 1949 χελιδὼν
639 1910 648 1936 :
681 1894 759 1935 Ἵνα
790 1897 964 1948 διαὸάλλῃ
999 1897 1103 1936 αὐτὸν
1127 1900 1174 1941 ὣς

85 1977 120 2001 :30
138 1955 326 2027 βάρὸαρον.
347 1956 566 2008 κωμῳδεῖται
586 1954 622 1992 δε
647 1957 693 1998 ὡς
712 1955 781 1998 υἱὸς
806 1955 989 2008 Θράσσης.
1016 1960 1112 1999 οὗτος
1138 1955 1174 1993 δὲ

136 2029 178 2059 ην
193 2015 212 2050 ὁ
226 2012 438 2063 καλούμενος
458 2013 624 2064 Κλεοφῶν
641 2015 659 2050 ὁ
678 2012 870 2065 λυροποιός.
891 2029 951 2051 και
969 2013 1153 2052 Πλάτων
1138 2030 1172 2051 εν

139 2072 337 2124 Κλεοφῶντι
370 2070 525 2123 δράματι
562 2069 838 2122 βαρὸαρίζουσαν
865 2070 950 2123 πρὸς
981 2071 1082 2109 αὐτον
1107 2087 1173 2109 πε-

136 2128 258 2174 ποίηκε
286 2127 349 2174 τὴν
380 2126 527 2178 μητέρα.
553 2127 613 2164 καὶ
638 2127 724 2173 αὐτὴ
752 2128 788 2165 δὲ
812 2129 965 2180 Θρᾷσσα
1000 2128 1171 2179 ἐλέγετο.)

137 2185 316 2237 [χελιδὼν
335 2183 391 2232 δὲ,
408 2184 627 2222 ἀπαιδευσία.
649 2184 806 2231 ἀηδόνιον
824 2185 859 2222 δὲ
879 2184 996 2235 νόμον,
1021 2186 1173 2238 παρόσον

85 2262 119 2287 35
137 2246 159 2289 ἡ
179 2241 294 2289 ἀηδὼν
312 2241 370 2280 τὸν
386 2245 509 2288 ἑαυτῆς
528 2241 598 2279 υἱὸν
615 2240 710 2280 Ἴτυν
731 2245 859 2294 θρηνεῖ.
885 2242 945 2280 καὶ
959 2247 1077 2281 τοῦτον
1102 2244 1174 2282 ἐπί-

136 2301 282 2339 κλαυτον
296 2299 388 2351 ᾄδειν
400 2298 494 2350 λέγει
511 2298 685 2337 συνειδότα
698 2301 809 2351 ἑαυτῷ
823 2299 1002 2338 δεινότατα
1019 2301 1098 2353 περὶ
1111 2302 1174 2348 τὴν

137 2356 235 2394 πόλιν
248 2356 558 2409 πεπανουργηκότι.
577 2356 596 2409 Ἦ
614 2380 662 2386 -
680 2357 757 2395 ἀντὶ
775 2361 833 2395 τοῦ
848 2358 1067 2397 ἀπαιδευσία.
1084 2359 1174 2397 σκώ-

137 2429 215 2452 πτει
234 2412 270 2452 δὲ
285 2413 388 2451 αὐτὸν
406 2416 452 2457 ὡς
466 2415 607 2466 Θρᾷκα.
629 2423 667 2453 R.
682 2423 722 2453 V.

189 2484 252 2510 686.
280 2471 410 2523 γοερὸν,
425 2472 618 2518 θηνητικόν.
635 2480 674 2511 R.

85 2553 119 2578 ⁴0
188 2541 250 2567 685.
292 2544 357 2566 καν
389 2528 463 2566 ισαι
491 2529 692 2580 γένωνταιτ
716 2532 762 2569 Αι
788 2532 894 2583 ψῆφοι
920 2531 1076 2577 δηλονότι
1100 2532 1118 2584 ss.
1138 2535 1172 2570 αἱ

136 2586 256 2624 λευκαὶ
279 2586 339 2624 καὶ
365 2588 400 2623 αἱ
427 2586 626 2639 μέλαιναιᾟ.
646 2588 883 2640 ὑπερὸολικῶς
903 2588 939 2626 δὲ
963 2593 1069 2636 εἶπεν,
1090 2606 1171 2628 οταν

135 2642 202 2695 γὰρ
219 2643 292 2681 ἶσαι
319 2645 355 2681 αἱ
373 2645 481 2697 ψῆφοι
499 2644 683 2696 γένωνται,
704 2645 892 2683 ἀπολύεται
915 2648 933 2682 ὁ
959 2648 1173 2699 κατηγορού-
1205 2694 1207 2696 q

138 2716 246 2750 μενος.
273 2699 356 2752 πρὸς
371 2701 410 2739 τὸ
433 2702 505 2746 ἔθος
524 2701 581 2751 δὲ,
598 2703 651 2742 ὅτι
678 2706 696 2741 ὃ
716 2703 850 2756 φεύγων
871 2703 1062 2742 ἀπολύεται
1087 2705 1170 2743 ἴσων

135 2759 204 2794 τῶν
232 2756 354 2809 ψήφων
379 2759 629 2832 3v37032082v‚‚’
610 2759 679 2797 απὸ
703 2764 762 2798 τοῦ
791 2760 882 2798 κατὰ
909 2776 967 2798 τον
996 2760 1170 2812 Ὀρέστην

89 2836 122 2861 ⁴5
139 2829 334 2922 ιγενοιῐῑενου.
366 2816 555 2867 Εὐριπίδης
584 2819 619 2855 ἐν
652 2818 837 2870 Ἰφιγενεία
873 2821 916 2870 τῇ
949 2820 985 2856 ἐν
1019 2818 1171 2872 Ταύροις

157 2883 224 2910 1⁴69

629 2978 766 3014 ἐξέσωσά
784 2989 821 3011 σε

282 3020 334 3050 καὶ
346 3020 416 3060 πρίν
431 3021 460 3059 γ’
477 3020 602 3062 Ἀρείοις
615 3023 645 3054 ἐν
655 3023 764 3063 πάγοις
776 3025 919 3065 ψήφους
911 3036 979 3061 ισας

281 3064 400 3105 κρῖναί
405 3088 414 3104 ,
425 3065 565 3106 Ὀρέστα.

87 3185 124 3209 ω
191 3169 252 3194 686.
281 3155 480 3208 παράὸασις
502 3173 560 3196 του
579 3173 683 3211 χορου
707 3160 790 3229 πρρς
814 3161 890 3205 τους
908 3163 1042 3205 θεατάς,
1069 3163 1168 3215 ἐπίρ-

140 3228 246 3264 ρημα.
268 3222 308 3251 V.
328 3212 386 3250 τὸν
413 3214 501 3265 ἱερὸν
526 3215 628 3267 χορὸν
655 3216 784 3255 δίκαιόν
809 3220 882 3256 ἐστι
905 3233 913 3257 :
936 3219 987 3258 Τὸ
1015 3224 1167 3258 τοιοῦτον

138 3269 334 3321 παράὸασις
351 3272 526 3318 καλεῖται,
545 3272 633 3323 ἅπερ
652 3272 768 3323 ἔλεγον
797 3276 1059 3328 ἐπιστρέφοντες
1085 3278 1170 3330 πρὸς

139 3343 214 3370 τους
233 3328 428 3376 θεωμένους.
450 3327 527 3369 ἔστι
543 3329 614 3367 δὲὸ
634 3330 756 3382 τρόπος
784 3332 865 3369 ὅταν
891 3333 1094 3371 καταλιπὼν
1125 3335 1169 3373 τὰ

2183 212 2254 243 295»

1228 284 1304 330 ἑξῆς
1322 288 1382 322 τοῦ
1400 285 1572 336 δράματος
1588 288 1605 322 ὁ
1619 285 1763 331 ποιητὴς
1780 286 2023 337 συμὸουλεύση
2043 290 2112 331 τοῖς
2129 290 2258 340 θεωμέ-

1228 357 1312 389 νοις,
1323 342 1344 388 ἢ
1356 343 1441 380 ἄλλο
1451 358 1483 380 τι
1500 343 1593 386 ἐκτὸς
1604 343 1686 395 λέγῃ
1699 346 1759 390 τῆς
1783 344 1985 388 ὑποθέσεως.
2002 345 2203 397 [σύγκειται
2223 347 2257 385 δὲ

1228 401 1265 458 ἐκ
1285 400 1412 451 στίχων
1434 404 1630 453 τροχαϊκῶν
1658 402 1896 455 τετραμέτρων
1926 405 2189 451 καταληκτικῶν
2213 407 2257 443 κ’.

1227 460 1273 494 ὡν
1291 459 1484 501 τελευταῖος

1329 551 1446 590 ὑστέρῳ
1459 551 1559 591 χρόνῳ
1575 552 1643 582 πότ’
1658 551 1742 588 αὖθις
1761 552 1794 583 εὗ
1810 557 1925 593 φρονεῖν
1939 554 1974 585 οὗ
1990 554 2124 595 δόξομεν.
2280 570 2296 593 5

1229 630 1284 666 επὶ
1300 632 1348 667 τῶ
1362 630 1452 667 τέλει
1468 630 1607 676 διπλῆ”
1589 647 1657 669 εσω
1668 638 1843 669 νενευκυῖα
1858 633 1914 670 διὰ
1924 633 2019 679 τὴν
2001 634 2238 674 ανταπόδοσιν.
2242 636 2261 688 ]

1281 700 1344 724 688.
1376 686 1535 730 ἐξισῶσαι
1561 702 1638 730 τους
1664 688 1849 732 πολίτας;
1878 690 2078 739 Τουτέστιν,
2108 693 2263 743 ἐντίμους

1228 746 1371 788 ποιῆσαι
1401 759 1478 787 τους
1505 744 1751 793 ἀτιμωθέντας
1784 746 1927 793 τοιαύτη
1962 747 2028 800 γὰρ
2053 750 2264 794 κατάστασις

1229 800 1435 847 ἐνειστήκει,
1456 801 1533 839 καθ’
1554 802 1596 848 ἣν
1625 802 1904 855 ἐφυγαδεύθησάν
1923 820 2010 848 τινες
2025 808 2092 843 τῶν
2114 810 2263 846 πολιτῶν

1229 858 1418 895 καὶᾶτιιιοι
1435 858 1600 908 ἐγένοντο.
1620 882 1663 888 -
1682 861 1919 912 δημοκρατίαν
1933 866 2090 910 ποιῆσαι.
2113 873 2149 902 R.
2165 874 2204 904 6.
2221 874 2263 904 M.
2287 883 2319 906 m

1231 912 1445 965 (Ἄλλως.)
1433 931 1512 959 ισως
1524 918 1699 954 κάνταυθα
1717 918 1796 969 περὶ
1815 920 1882 956 τῶν
1897 920 1926 956 δ’
1943 919 2036 970 λέγει
2050 936 2180 974 στρατη
2183 925 2264 974 γῶν,

1230 976 1312 1018 οἷον,
1332 988 1391 1010 και
1411 973 1444 1010 εἴ
1457 989 1508 1016 τις
1523 973 1659 1027 ἥμαρτε
1680 976 1838 1024 σφαλεὶς,
1862 978 2138 1028 απολογησάσθω
2154 995 2265 1017 κατα-

1230 1029 1376 1075 κληθείς.
1410 1030 1557 1081 δείματα
1587 1031 1622 1069 δὲ
1655 1031 1717 1075 τὰς
1738 1033 1877 1083 ἀτιμίας
1904 1034 2014 1085 λέγει,
2042 1035 2118 1080 τους
2143 1037 2267 1089 φόὸους

1231 1089 1295 1140 ἀφε
1282 1089 1403 1125 -λεῖν’
1385 1089 1453 1126 απὸ
1466 1092 1534 1127 τῶν
1554 1089 1829 1140 εὔλαὸουμένων.
1850 1113 1895 1117 ——
1911 1092 1954 1130 τὰ
1975 1093 2122 1143 δείματα
2147 1107 2155 1133 :
2177 1095 2275 1139 Τοὺς.

1231 1145 1297 1197 epo?
1280 1161 1354 1189 ους
1364 1149 1422 1183 τοῦ
1445 1147 1662 1198 ἐπικειμένου
1681 1147 1847 1199 πολέμου.
1873 1156 1955 1188 Ποῖ.
1975 1151 2015 1189 τὸ
2030 1151 2066 1189 δὲ
2088 1153 2267 1205 Φρυνίχου

1232 1203 1486 1254 παλαίσμασιν,
1509 1206 1587 1243 ἐπει
1611 1209 1630 1244 ὃ
1656 1206 1817 1258 τραγικὸς
1847 1207 2023 1259 Φρύνιχος
2055 1211 2089 1247 ἐν
2122 1210 2268 1263 Ἀνταίῳ

1232 1262 1383 1313 δράματι
1398 1277 1479 1314 περι
1503 1263 1759 1314 παλαισμάτων
1776 1264 1889 1302 πολλὰ
1910 1266 1976 1303 διε
1963 1265 2133 1314 ζῆλθεν,(
2115 1284 2161 1311 ως
2180 1268 2268 1321 πρό-

1231 1334 1355 1358 κειται.
1374 1319 1445 1363 ἔθος
1462 1319 1538 1357 δὲ’
1519 1336 1655 1373 εγουσιν
1675 1323 1706 1359 οι
1725 1337 1874 1372 κωμικοι
1893 1326 2170 1376 παρακωμῳδεῖν
2193 1326 2269 1369 τοὺς

1230 1375 1430 1427 τραγικους,
1464 1377 1545 1415 ὅταν
1574 1378 1742 1423 πολλάκις
1761 1379 1821 1417 καὶ
1850 1384 2002 1433 συνεχῶς
2008 1384 2179 1452 Jpffivmt
2199 1390 2269 1428 τοῖς

1232 1435 1357 1477 αὐτοῖς.
1413 1434 1581 1486 [Ἄλλως.
1617 1451 1888 1488 στρατηγουντος
1924 1440 2030 1478 αὐτοῦ
2069 1441 2267 1488 ἡττήθησαν
2288 1462 2321 1486 20

1232 1490 1418 1539 Ἀθηναῖοι,
1433 1492 1492 1530 καὶ
1510 1493 1632 1530 πολλοὶ
1649 1495 1744 1532 αὐτῶ
1761 1495 2137 1548 προσεκρούσθησαν,(
2119 1514 2165 1540 ως
2184 1514 2269 1552 προ-

1232 1548 1322 1586 δόντι
1347 1549 1405 1587 τὸν
1432 1550 1596 1600 πόλεμον.
1622 1551 1710 1595 τινὲς
1737 1551 1774 1589 δὲ
1798 1567 1916 1591 τουτον
1941 1554 2094 1604 κωμικὸν
2120 1557 2267 1604 ποιητὴν

1230 1606 1399 1658 λέγουσιν,
1428 1607 1462 1651 ὃς
1488 1608 1704 1660 κινουμένους
1728 1609 1806 1653 τους
1832 1611 1954 1662 γορους
1973 1613 2089 1662 εἰσῆγε
2116 1614 2175 1652 καὶ
2199 1630 2270 1653 πα-

1230 1664 1401 1708 λαίοντας.
1420 1665 1475 1718 ]]’
1460 1665 1595 1717 εγένετο
1615 1666 1650 1705 δὲ
1665 1668 1874 1719 στρατηγὸς,
1895 1669 1946 1722 ἐφ’
1965 1673 2004 1707 ου
2021 1671 2142 1709 πολλοὶ
2159 1671 2270 1725 ἥμαρ-

1229 1736 1288 1759 τον
1306 1725 1373 1760 τῶν
1395 1727 1596 1776 στρατηγῶν
1617 1724 1722 1762 καὶ”
1701 1741 1818 1775 ατιμοι
1835 1726 1998 1777 ἐγένοντο.

1281 1794 1346 1819 690.
1376 1782 1445 1824 τοῖς
1463 1781 1715 1835 ἡμαρτηκόσιν.
1729 1789 1764 1819 R.
1769 1791 1816 1821 V.
1837 1784 2062 1835 ἐγγενέσθαιτ
2082 1788 2143 1830 Εἷς
2154 1788 2268 1840 φιλίαν

1228 1838 1349 1877 ἐλθεῖν.
1374 1846 1458 1876 Υἰσί.

1282 1909 1346 1935 692.
1378 1890 1457 1947 (εἰτ’
1479 1896 1600 1947 ἄτιμον
1620 1898 1710 1949 φημι
1728 1901 1874 1951 χρῆναι,
1892 1899 1954 1943 ἕως
1971 1904 2051 1947 τοῦ,
2067 1902 2166 1940 καντὶ
2192 1903 2271 1941 δού-
2316 1935 2319 1937 .

1229 1953 1297 1990 λων
1316 1953 1513 1998 δεσπότας;
1536 1954 1684 2002 Ἐπειδὴ
1703 1971 1782 2000 τους
1810 1958 2169 2010 συνναυμαγῆσαντας
2190 1961 2270 1999 δού-

1229 2011 1306 2054 λους
1322 2012 1516 2065 ἐλευθέρους
1542 2013 1718 2060 ἐποίησαν.
1743 2014 1803 2052 καὶ
1827 2016 2010 2060 Πλαταιᾶς
2035 2015 2070 2055 δὲ
2091 2011 2202 2064 εἶπεν,
2223 2021 2273 2062 ὥς
2289 2044 2322 2068 30

1229 2068 1372 2106 καὶτῶν
1397 2071 1603 2109 Πλαταιέων
1624 2071 1778 2124 ἀφέντων
1804 2073 1999 2125 ἐλευθέρους
2024 2074 2101 2118 τοὺς
2124 2091 2270 2114 συνναυ-

1231 2127 1459 2178 μαχήσαντας
1477 2129 1556 2180 περὶ
1577 2131 1798 2182 Σαλαμῖνα.)

1282 2197 1345 2222 694.
1376 2185 1435 2222 καὶ
1460 2188 1645 2230 Πλαταιᾶς
1668 2200 1676 2225 :
1711 2187 1823 2237 (Ἀντὶ
1846 2192 1906 2225 τοῦ
1934 2189 2167 2240 Πλαταιέας.)
2193 2191 2269 2235 τοὺς

1230 2242 1588 2294 συνναυμαχήσαντας
1612 2244 1751 2287 δούλους
1777 2244 1983 2289 Ἑλλάνικός
2007 2262 2109 2299 φησιν
2131 2250 2269 2287 ἐλευθε-

1231 2302 1400 2351 ρωθῆναι,
1422 2300 1481 2338 καὶ
1503 2301 1736 2354 ἐγγραφέντας
1754 2305 1800 2346 ὡς
1820 2304 2012 2347 Πλαταιεῖς
2036 2307 2269 2355 συμπολιτεύ-

1230 2360 1354 2394 σασθαι
1381 2359 1515 2405 αὐτοῖς,
1543 2359 1672 2403 διεξιων
1702 2359 1747 2397 τὰ
1772 2360 1828 2398 ἐπὶ
1862 2361 2071 2412 Ἀντιγένους
2104 2367 2164 2401 τοῦ
2172 2365 2268 2423 Δυττρὸ

1231 2415 1397 2455 Καλλίου.
1421 2416 1707 2469 (Καλλίστρατός
1731 2432 1834 2469 φησιν
1862 2419 1899 2456 ου
1927 2419 2136 2481 συναλοιφὴν
2160 2425 2267 2473 εἶναι,

1229 2471 1318 2510 ἀλλὰ
1336 2473 1542 2512 διάλεκτον’
1533 2474 1636 2522 ιδίαν,
1657 2475 1897 2525 σημαίνουσαν
1917 2476 1956 2514 τὸ
1973 2476 2048 2514 δέον
2069 2472 2190 2529 εἶναι.)
2180 2479 2230 2532 ){[
2244 2480 2266 2526 ἢ

1228 2529 1364 2579 ὁμοίους
1379 2534 1536 2581 ἡγεῖσθαι
1551 2537 1621 2575 τοῖς
1643 2534 1678 2570 ἐν
1699 2533 1906 2572 Πλαταιάσι
1922 2534 1961 2572 τὸ
1981 2534 2113 2587 Ξέρξου
2133 2552 2268 2584 νενικη-

1227 2603 1304 2626 κοσι
1318 2589 1433 2634 πεζόν
1453 2589 1470 2642 ]]

2289 1175 2322 1198 15

2288 1758 2321 1781 25

2287 2336 2321 2360 35

1279 2660 1343 2686 695.
1374 2649 1412 2685 οὔ
1436 2648 1620 2701 μέμφομαι
1637 2651 1732 2699 ὑμῖν.
1755 2663 1794 2693 ν,
1817 2659 1859 2688 Μ.
2286 2630 2320 2655 ⁴⁰

1279 2718 1343 2744 697.
1373 2705 1484 2744 λείπει
1500 2705 1641 2749 τούτοις.
1662 2713 1699 2743 R.

1278 2776 1340 2801 698.
1368 2766 1425 2814 χοὶ
1455 2763 1602 2816 πατέρες
1622 2764 1875 2816 ἐναυμάχησαν
1898 2779 1906 2804 :
1928 2766 2031 2809 Ἰσως
2049 2768 2129 2818 περὶ
2152 2771 2220 2805 τῶν
2238 2770 2265 2806 δ’

1206 2854 1209 2855 ⁷
1226 2823 1429 2873 στρατηγῶν
1448 2821 1541 2871 λέγει
1561 2824 1631 2859 τῶν
1651 2821 1828 2859 σωθέντων
1850 2824 1887 2860 ἐκ
1906 2825 1973 2860 τῶν
1999 2823 2082 2860 δέκα
2097 2826 2165 2860 τῶν
2185 2825 2263 2876 περὶ

1227 2878 1467 2929 Ἀργέννουσαν
1505 2879 1821 2930 ναυμαχησάντων.
1861 2880 2160 2926 κατεδικάσθησαν
2197 2882 2263 2933 γὰρ
2283 2915 2316 2938 ⁴5

1226 2935 1322 2973 αὐτοὶ
1343 2935 1392 2986 μὴ
1413 2936 1611 2984 ἀνελόμενοι
1634 2936 1711 2980 τοὺς
1737 2937 1886 2988 νεκρούς.
1907 2936 1967 2974 καὶ
1991 2939 2021 2975 οἷ
2041 2937 2103 2987 μὲν
2121 2937 2154 2982 ἓξ
2174 2941 2261 2977 ὑπο-

1226 2992 1401 3042 μείναντες
1418 2993 1553 3045 θανάτῳ
1573 2993 1822 3040 ἐκολάσθησαν,
1840 2996 1871 3031 οι
1888 2994 1924 3032 δὲ
1944 2995 2058 3033 λοιποι
2078 2995 2146 3033 δ’
2127 3011 2188 3048 εφυ
2190 3012 2261 3046 γον

1224 3049 1282 3093 οὒς
1293 3050 1537 3102 Ἀριστοφάνης
1552 3050 1826 3088 κατακαλεισθαι
1835 3066 1919 3103 φησι
1934 3052 2002 3089 δεῖν
2016 3052 2076 3090 καὶ
2092 3053 2262 3097 ἐπιδίκους

1225 3111 1323 3144 εἶναι.
1336 3108 1375 3157 (ἡ
1398 3106 1432 3145 δὲ
1456 3107 1656 3157 Ἀργίνουσα
1671 3107 1773 3158 κώμη
1793 3112 1835 3154 ἠν
1855 3111 1916 3154 τῆς
1933 3109 2100 3154 Αἰολίδος.
2119 3111 2261 3161 συμὸα-

1223 3164 1338 3207 λόντες
1355 3163 1422 3216 γὰρ
1441 3164 1604 3211 ἐνίκησαν
1622 3165 1790 3211 Ἀθηναῖοι
1813 3167 2109 3218 Λακεδαιμονίους
2128 3184 2188 3206 και
2212 3185 2260 3207 νι-

1224 3221 1392 3266 κήσαντες
1411 3224 1615 3266 ἐπανῆλθον.
1637 3225 1671 3260 ἐν
1690 3223 1725 3260 δὲ
1747 3226 1789 3274 τῇ
1807 3225 1874 3274 ὁδῷ
1890 3227 2036 3276 χειμῶνι
2055 3226 2258 3278 περιπεσόν-

1223 3294 1278 3322 τες
1293 3279 1416 3317 πολλοὶ
1440 3279 1645 3325 τεθνήκασιν
1666 3281 1780 3318 αὐτῶν
1797 3281 1855 3318 καὶ
1884 3281 2022 3325 τούτους
2048 3282 2209 3326 ἐάσαντες
2229 3285 2259 3320 οἱ

1226 3336 1414 3387 στρατηγοὶ
1435 3338 1625 3383 ἐπανῆλθον
1646 3339 1674 3374 οἱ
1695 3338 1728 3377 ι’,

2279 3200 2314 3224 ὅΟ

1750 3338 1808 3375 καὶ
1828 3340 1858 3376 οἱ
1873 3339 1935 3388 μὲν
1957 3339 1990 3382 ἒξ
2008 3340 2259 3385 ἐκολάσθησαν,
