2533 3808
247 223 294 254 26

245 302 275 337 οἱ
291 297 358 367 γὰρ
378 298 559 336 καλουντες
576 293 631 330 ἐπὶ
648 293 781 328 δεῖπνον
806 289 991 341 στεράνους
1013 287 1072 325 καὶ
1099 286 1191 338 μύρα
1220 287 1280 324 καὶ

244 355 453 409 τραγήματα
477 368 535 390 και
556 351 645 388 ἄλλα
665 348 740 385 τινὰ
765 363 883 384 τοιαυτ
887 362 907 383 α
931 345 1171 397 παρετίθεσαν,
1195 346 1225 382 οἳ
1246 344 1280 381 63

1159 401 1282 451 ‘'Offa-

244 412 450 460 καλούμενοι
471 410 527 461 ἔφε
532 424 618 460 ρονε
603 407 768 459 ἑψήματα
788 403 969 442 καικίστιν
986 405 1045 440 καὶ
1058 408 1140 454 χοᾶ.

246 491 300 527 ρος
331 475 392 506 Od.
410 478 451 513 Z,
469 468 515 508 76]
532 481 609 517 περι
629 468 690 510 τῆς
708 461 850 504 κίστειί)ς
867 476 963 514 φησι·

211 553 226 576 5
369 557 466 597 μήτηρ
480 555 505 585 δ
519 554 548 584 ἐν
562 552 660 583 κίστει
673 551 762 582 ἐτίθει
777 549 935 590 μενοεικέα
948 549 1038 579 δαῖτα
1048 571 1056 586 ,

366 604 429 642 ὄψα
439 612 471 632 τε
488 601 539 631 οἷα
552 599 655 630 ἔδουσι
671 597 835 637 διοτρεφέες
847 596 1002 636 βασιλῆες.

242 680 328 734 γοὰς
340 679 374 716 δὲ
389 681 434 721 ὡς
452 675 573 724 τιμὰς,
586 666 761 725 ἐκχύσεις,
786 670 933 721 ἐναγίσυ.
926 685 1002 706 ,ατα
1023 668 1079 705 ἐπι
1096 669 1243 719 νεκροῖς,

244 736 406 780 σπονδάς.
424 735 582 773 ἐκπίπτει
597 733 633 770 63
645 731 820 785 χρησμὸς,
839 730 906 766 δεῖν
920 727 1005 780 χοας
1021 729 1088 769 τοῖς
1104 728 1284 763 τεθνει)σιν

244 796 384 847 ἐπάγειν
404 792 469 831 ἀνὰ
485 798 554 830 πᾶν
577 791 648 833 ἔτος
671 789 731 827 καὶ
750 787 870 840 ἑορτὴν
890 785 975 837 χοὰς
999 784 1106 835 ἄγειν.
1125 784 1285 835 λέγονται

194 855 225 879 ¹⁰
243 854 302 893 καὶ
323 852 435 891 θυσίαι
452 852 594 901 νεκρῶν.
614 847 775 899 Σοφοκλ
745 862 794 891 Am
810 849 902 891 [OEd.
921 849 990 881 Col.
1009 847 1073 889 469]

369 942 488 980 πρῶτον
504 937 540 977 μὲ
542 948 557 967 ν
573 938 653 976 ἱερᾶς
665 935 694 969 ἐξ
707 932 866 974 ἀειρρυτου
879 931 955 971 χοὰς

367 987 477 1027 κρήνςη
491 985 536 1014 ἐνε
538 994 607 1022 γκοι
622 983 659 1012 δι’
674 981 768 1011 ὁσίων
782 982 892 1020 χειρῶν
906 977 975 1017 θιγ
956 987 1011 1007 ων·

368 1034 440 1064 ὅταν
455 1032 486 1062 63
499 1033 630 1071 χεῦμα
616 1027 701 1058 ταῦτ’
716 1027 869 1066 ἀκήρατον
883 1024 976 1064 λάῧῃς
989 1047 997 1061 ,

367 1078 512 1120 κρατῆρές
526 1075 714 1114 εισινάνδρὸς
729 1074 863 1113 εὕχειρος
872 1071 992 1111 τέχνη.)

194 1157 225 1181 15
298 1168 362 1194 963.
393 1156 410 1190 6
431 1155 527 1195 ποῖος
547 1154 672 1193 ουτος;
691 1147 856 1200 Διασύρει
875 1149 920 1189 ὡς
937 1145 1072 1195 ἄσημον
1088 1159 1145 1181 τον
1161 1142 1289 1192 Λάυα-

245 1230 320 1266 χον.
330 1209 550 1269 (ταλαύρινος
581 1207 616 1245 63
651 1205 922 1257 υπομονητικὸς,
953 1218 1154 1256 καρτερικος
1186 1203 1219 1238 ἐν
1245 1204 1287 1252 τῇ

277 1271 298 1308 ά
326 1287 360 1321 ’ζα

249 1288 274 1322 μ
301 1286 372 1366 665.j
395 1323 594 1366 κατασκίοις
618 1322 763 1374 λόφοιςζ
786 1319 995 1371 Δυναμένοις
1011 1317 1111 1356 σκιάν
1132 1333 1198 1355 τινι
1217 1333 1291 1355 ποι-

247 1389 341 1432 ἧσαι.
366 1387 427 1422 ἀντ
432 1401 441 1421 ι
471 1387 531 1420 τοῦ
560 1380 761 1430 ἐπιμήκεις,
783 1379 965 1430 μεγάλους.
978 1375 1234 1428 -κραδαίνων
1256 1374 1291 1411 δε

194 1442 228 1466 2⁰
249 1444 362 1489 σείων,
379 1441 476 1494 παρὰ
492 1439 554 1486 τὴν
571 1438 658 1490 κράδ
660 1453 714 1484 ην,
731 1436 749 1474 ὃ
764 1441 824 1483 τ’ῆς
838 1452 944 1482 συκης
958 1435 1084 1487 φύλλον
1098 1434 1196 1479 δνλ
1165 1449 1207 1471 οι.
1218 1432 1291 1469 ὅθεν

899 204 1147 242 SCHOLIA
1184 203 1244 239 IN
1281 202 1715 241 ACHARNENSES.

1307 306 1312 333 χ,
1338 287 1500 337 πόλεμον.
1513 287 1664 339 διὸέφη,
1680 289 1745 338 οὐχ
1761 286 1970 336 ὑποδέξομαι
1984 286 2100 332 αὐτον,
2112 286 2238 323 ὡσανει
2252 286 2378 338 ἄνθρω-

1310 340 1313 401 'A
1337 345 1401 382 πόν
1421 360 1509 382 τινα.
1532 347 1567 382 αἱ
1587 345 1622 383 63
1645 345 1911 390 ἀκολουθητικαὶ
1930 344 2083 396 περίοδοι
2103 344 2168 381 εἶσι
2188 344 2345 381 δεκάκω)
2348 359 2379 381 οι

1339 401 1372 445 ΕΞ
1390 418 1487 439 ΕννΞα
1500 418 1697 440 παιωνικῶν
1714 418 1968 454 τετραμέῒμων,
1984 418 2044 439 722
2060 418 2133 444 ΕνΟς
2145 416 2379 454 τετραμετρθυ

1312 503 1314 507 .
1338 463 1525 511 τροχαϊκοῧ
1544 461 1814 505 καταληκτικου.
1828 462 1838 509 )

1393 531 1456 555 980.
1486 517 1544 554 τὸν
1567 516 1746 568 Ἁρμόδιον
1783 517 1904 569 ᾄσεται
1928 530 1936 555 :
1966 517 2028 556 Ἐν
2058 518 2132 560 ταῖς
2165 520 2233 554 τῶν
2265 517 2381 555 πότων
2400 537 2416 562 5

1312 593 1314 598 ·
1341 573 1491 616 συνόδοις
1521 569 1603 625 ἠδόν
1633 590 1666 611 τι
1694 573 1795 624 μέλος
1829 574 2008 626 Ἁρμοδίου
2037 574 2263 625 καλούμενον,
2295 579 2334 612 οὗ
2359 579 2382 621 ἡ

1342 633 1434 702 ἀρχὴ
1454 650 1468 664 «
1484 632 1618 683 φίλταθ’
1638 632 1808 684 Ἁρμόδι,
1828 632 1866 669 οὔ
1882 632 1915 669 τί
1934 648 2000 670 που
2017 632 2192 679 τεθνηκας.
2214 651 2228 667 υ
2245 627 2326 684 ᾖδον
2347 634 2383 672 δὲ

1259 666 1282 712 ἢ
1313 701 1315 714 ·
1342 689 1426 726 αὐτὸ
1447 691 1493 733 εἷς
1509 689 1686 742 Ἁρμόδιον
1700 690 1760 727 καὶ
1781 690 2102 742 Ἀριστογείτονα,(
2084 706 2129 733 ως
2145 691 2388 742 καθῃρηκότας

1341 746 1404 794 τὴν
1429 751 1497 785 τῶν
1525 749 1823 800 Πεισιστρατιδῶν
1846 747 2044 799 τυραννίδα.
2065 743 2128 794 (ἠν
2150 748 2186 786 δὲ
2202 765 2263 786 και
2283 748 2384 801 ἕτερα

1344 805 1452 854 μέλη,
1472 806 1511 843 τὸ
1529 805 1591 856 μὲν
1609 806 1779 856 Ἀδμήτου
1799 805 1997 856 λεγόμενον,
2017 805 2055 842 τὸ
2072 805 2108 843 δὲ
2127 807 2348 856 Τελαμῶνος.
2368 809 2386 844 6
2407 825 2440 849 ιο

1344 863 1378 901 δὲ
1395 863 1512 914 λόγος,
1533 863 1695 901 οὐδέποτε
1726 864 1808 915 παρ’
1829 863 1905 913 ἐμοὶ
1925 863 2169 909 ἑστιαθήσεται
2189 866 2208 900 6
2223 863 2385 914 πόλεμος.

1343 921 1519 974 παροίνιος
1535 921 1570 959 δὲ
1588 920 1731 971 μέθυσος
1747 921 1807 958 καὶ
1825 920 1999 973 ὓὸριστὴς,
2017 920 2173 967 δηλονότι
2186 920 2387 973 ὃπόλεμος.)

1399 993 1465 1018 982.
1497 979 1554 1017 ἐπὶ
1569 980 1670 1017 πάντ’
1688 978 1786 1029 ἀγάθ’
1802 979 1943 1030 ἔχοντας
1958 992 1966 1017 :
1982 979 2060 1031 Ἐφ’
2079 981 2176 1028 ἡμᾶς
2185 978 2262 1023 τοὺς
2280 994 2388 1032 γεωρ«

1345 1036 1423 1087 γοὺς
1444 1037 1695 1087 (ἐπικωμάσας.
1718 1037 1793 1074 ἀντὶ
1812 1041 1871 1074 τοῦ
1893 1036 1981 1086 μετὰ
1998 1041 2125 1089 φθορᾶς
2142 1037 2338 1087 εἰσπεσών).

1399 1108 1461 1132 984.
1489 1095 1631 1147 προσέτι
1659 1095 1772 1133 πολλά
1801 1108 1809 1133 :
1844 1095 1886 1133 F
1889 1111 1905 1131 v
1934 1111 1982 1131 τω
2015 1094 2124 1132 πίνειν
2147 1094 2281 1144 (πολλὰ
2307 1097 2390 1145 ἐμοῦ
2412 1109 2444 1135 15

1346 1154 1482 1205 προκαλ
1485 1152 1628 1202 ουμένου
1659 1153 1761 1190 αὐτὸν
1790 1152 1867 1198 και)
1902 1151 2077 1203 λέγοντος,
2105 1153 2182 1190 πῖνε
2206 1152 2392 1192 κάνάκεισο

1347 1210 1493 1262 ἥσυχος,
1514 1213 1574 1248 οὐκ
1591 1213 1632 1256 ἦν
1637 1226 1777 1262 εσχετο,
1802 1210 1891 1248 ἀλλὰ
1911 1227 1970 1248 και
1991 1212 2123 1260 μᾶλλον
2139 1209 2184 1248 τὰ
2184 1211 2271 1271 ἰ,πρά
2274 1227 2392 1261 γματα

1350 1285 1428 1306 συνε
1420 1268 1528 1321 τριψε
1543 1285 1602 1306 και
1618 1270 1760 1321 ἠφάνιζε
1776 1270 1837 1312 τὰς
1850 1268 2010 1321 χάρακας
2024 1268 2084 1306 καὶ
2099 1284 2156 1306 τον
2171 1272 2287 1307 οἰνον’
2273 1286 2311 1307 εκ
2324 1273 2392 1308 τῶν

1350 1327 1529 1377 ἀμπέλων.
1549 1327 1791 1379 φιλοτησίαν
1774 1326 1808 1364 οὲ
1825 1327 1973 1378 ἔλεγον..
1955 1326 2019 1374 τὴν
2034 1326 2160 1380 φιάλην
2174 1327 2237 1374 τὴν
2258 1328 2396 1376 διδομέ-

1350 1401 1410 1431 νην
1433 1387 1467 1422 ἐν
1485 1386 1537 1423 τοῒ
1539 1402 1553 1428 ς
1573 1384 1786 1435 συμποσίοις.

1403 1456 1465 1479 986.
1498 1443 1508 1491 (
1517 1441 1712 1493 χάρακας.
1703 1457 1712 1464 ·
1741 1441 1804 1480 Γ
1776 1458 1832 1484 ους
1850 1441 2050 1493 πεπηγότας
2069 1441 2249 1493 καλάμους
2275 1445 2310 1481 ἐν
2325 1443 2395 1488 τοῖς

2412 1398 2447 1423 20

248 1517 287 1539 το
304 1502 434 1553 κραδᾶν
456 1499 514 1537 καὶ
529 1495 739 1550 κραδαίνειν,
750 1495 875 1547 κυρίως
888 1495 927 1532 τὸ
941 1493 1052 1540 τατῆς
1063 1508 1127 1530 συγ
1128 1507 1193 1542 ης
1180 1492 1283 1528 ὑύλλ
1273 1506 1292 1527 α
1353 1498 1554 1549 ἀμπέλοις”
1536 1515 1662 1545 fimum,
1679 1499 1784 1550 ἤγουν
1797 1499 1858 1542 τὰς
1877 1499 2054 1550 ἀμπέλους
2073 1499 2142 1537 ἀπο
2157 1500 2292 1573 μέρουςζ,
2300 1502 2314 1553 )

249 1559 362 1605 σείειν,
381 1575 440 1596 και
459 1557 569 1594 πάλλε
575 1572 616 1595 ιν
634 1563 724 1593 Junt.

300 1631 362 1655 966.
392 1619 454 1654 οὐκ
475 1615 514 1652 ἂν
542 1615 592 1665 μὰ
623 1614 674 1653 Δί’
702 1614 739 1651 οὐ
769 1611 862 1657 δοίην
935 1609 1021 1648 εὈτι
1054 1608 1110 1646 ἐπὶ
1141 1607 1294 1661 ὀψαρίων

250 1675 350 1725 μόνον
370 1674 508 1724 λέγεται
527 1673 567 1711 τὸ
594 1672 763 1723 τέμαχος,
792 1670 850 1707 ἐπὶ
871 1670 906 1707 63
932 1671 999 1706 τῶν
1029 1667 1143 1705 ἄλλων
1174 1667 1295 1715 τόμος,

194 1737 228 1762 25
247 1728 315 1772 οἷον
335 1737 449 1784 τυροῦ.

303 1805 368 1830 967.
396 1791 471 1828 ἀλ’λ
494 1789 550 1827 ἐπι
571 1787 699 1840 ταρίχη
729 1800 737 1825 z
766 1784 908 1837 Ταρίχη
938 1783 1058 1821 ἐσθίων
1089 1782 1294 1827 ὃπλιζέσθω.

1405 1571 1469 1596 937.
1503 1557 1629 1610 (εξέγει
1649 1558 1676 1595 θ’
1695 1560 1791 1608 υμῶν
1815 1557 1901 1610 βία.
1920 1557 2017 1600 Ὡς
2006 1573 2064 1595 επι
2081 1558 2248 1609 πολέμου.
2274 1559 2342 1598 ἔδει
2358 1560 2394 1598 δὲ

1354 1617 1392 1654 ἐκ
1410 1620 1477 1654 τῶν
1495 1616 1602 1654 πίθων
1620 1618 1740 1663 εἰπεῖν,
1757 1619 1819 1654 οὐκ
1832 1619 1871 1654 ἐκ
1883 1619 1951 1654 τῶν
1966 1616 2168 1668 ἀμπέλων.)

1976 1676 2153 1726 Ἐπείγει,
2179 1676 2329 1715 σπεύδει.
2355 1686 2391 1715 R.
2412 1692 2448 1718 25

1354 1733 1439 1785 πρὸς
1456 1734 1494 1771 τὸ
1514 1734 1585 1771 ἅνω
1608 1735 1766 1771 ἀπέδωκε
1790 1734 1869 1785 περὶ
1891 1738 1952 1771 τοῦ
1971 1733 2247 1778 Δικαιοπόλιδος.
2273 1735 2316 1772 τὰ
2329 1735 2394 1789 γὰρ

1356 1791 1411 1828 δια
1430 1791 1535 1838 μέσου
1548 1792 1699 1843 περὶτοῦ
1716 1791 1868 1842 πολέμου
1887 1791 2033 1844 ειρηται.
2052 1794 2069 1828 6
2083 1790 2119 1829 δὲ
2133 1791 2248 1843 λόγος,
2262 1793 2396 1832 Δικαιό-

1407 1689 1458 1714 958
1526 1676 1534 1691 “
1572 1676 1597 1690 “’
1632 1678 1641 1690 ’
1670 1676 1678 1689 Χ
1732 1675 1740 1687 “
1780 1677 1831 1713 δ”
1939 1689 1947 1697 ·

1425 1704 1429 1712 α
1463 1706 1469 1713 .
1500 1693 1544 1713 ’ἴα
1569 1693 1586 1713 O
1627 1692 1683 1713 &TU
1709 1691 1749 1713 TO
1801 1692 1914 1714 ΕῑπνΟν
1939 1706 1947 1714 .

250 1865 350 1887 τουτο
366 1849 432 1900 γὰρ
456 1850 489 1885 ἐν
510 1853 579 1889 τοῖς
607 1844 692 1882 πολ
677 1859 770 1894 εμοις
788 1843 918 1889 ἤσθιον.
942 1842 1032 1891 (δέον
1060 1841 1096 1879 63
1114 1844 1220 1879 εἰπεῖν
1242 1857 1298 1878 επι
1355 1853 1453 1893 πολις
1470 1853 1655 1894 σπουδάζει
1671 1863 1751 1901 περι
1767 1866 1806 1887 το
1827 1851 1879 1887 35*
1849 1865 1973 1888 [mov

251 1907 379 1959 ταρίχη
396 1922 519 1943 ανιστα
522 1921 588 1951 τω,
606 1904 670 1972 ἔφη
686 1933 695 1949 ,
712 1902 768 1940 ἐπι
785 1901 912 1953 ταρίχη
931 1899 1141 1952 τουςλόφους
1158 1901 1299 1952 κραδαι-

251 1966 355 2012 νέτω,
378 1964 567 2008 διαπαίζων
586 1962 699 1999 αυτόν.
715 1962 727 2012 )

199 2025 234 2050 30
305 2038 368 2062 968.
400 2039 440 2060 αν
458 2023 485 2060 δ’
513 2020 760 2071 ἀπολιγαίνῃ·
750 2049 759 2057 .
784 2017 873 2056 ,Ἔαν
906 2016 941 2054 63
968 2016 1165 2069 &capue-⁸,
1147 2028 1168 2061 η
1196 2015 1248 2059 ὂξε
1252 2032 1298 2058 ως

256 2086 343 2134 βοα,
359 2097 457 2132 παρα
479 2096 517 2117 το
532 2079 634 2129 λιγυ,
651 2076 790 2115 καλέσω
810 2076 887 2113 κατ’
906 2091 1009 2113 αυτου
1029 2090 1105 2117 τους
1125 2074 1296 2124 ἀγορανο-

255 2155 348 2190 μους.
367 2139 462 2188 λέγει
483 2138 518 2175 r3
537 2153 614 2179 τους
631 2136 796 2186 ἱμάντας,
813 2134 869 2177 οὒς
888 2133 1124 2185 ἀγορανόμους
1140 2134 1207 2180 ἤδη
1229 2148 1297 2170 κα-

252 2198 417 2243 τέστησεν
436 2196 507 2233 ἅνω
528 2196 621 2246 [724]

306 2270 368 2295 970.
400 2255 521 2305 εισειμ’
532 2251 820 2305 ὑπαὶπτερύγωνζ
831 2250 985 2289 Αντὶτου
995 2266 1082 2300 μετα
1107 2249 1299 2302 (πτερύγων

201 2323 235 2348 35
254 2331 314 2352 και
330 2315 438 2365 κιγλ
415 2329 461 2350 ων
478 2328 536 2350 και
554 2311 719 2364 κοψίχων.
739 2311 791 2347 6
774 2308 809 2348 03
832 2324 957 2362 τροπος
972 2307 1161 2355 ποιητικός.
1180 2309 1297 2358 μιμεῖ-

254 2371 311 2410 τᾶι
330 2373 365 2410 63
381 2372 419 2409 τὸ
435 2371 500 2420 αέλ
502 2387 547 2413 ος.
559 2372 568 2420 )

308 2444 370 2469 971.
403 2423 506 2479 (εἶδες
525 2422 552 2466 ὦ
578 2442 586 2467 :
608 2428 686 2481 Ὑφ’
704 2427 721 2465 δ
736 2426 895 2478 κορωνὶς,
913 2424 1217 2478 ὑποχωρησάντων
1231 2428 1298 2463 τῶν

257 2490 462 2540 ὑποκριτῶν.
483 2487 543 2524 καὶ
568 2486 640 2523 ἔστι
661 2485 803 2535 συζυγία
820 2483 910 2522 κατὰ
929 2483 1120 2534 περικοπὴν
1141 2486 1301 2533 ἀνομοιο-

259 2546 382 2599 μερὴς,
416 2544 608 2598 φαντασίαν
644 2543 847 2595 παρέχουσα
879 2541 1132 2594 ἐπιρρήματος,
1164 2541 1216 2578 ὅτι
1240 2541 1300 2584 τὰς

205 2617 240 2641 40
260 2607 417 2656 στιχικὰς
436 2601 614 2654 περιόδους
636 2603 697 2639 οὐκ
715 2601 786 2652 ἔχει
807 2603 845 2638 ἐκ
865 2604 922 2637 τοῦ
942 2602 1046 2637 αὐτοῦ
1073 2599 1205 2651 στίχου.
1225 2599 1300 2636 ἀλλ’

259 2663 328 2700 οὐδ’
350 2662 415 2700 εἶσὶ
431 2660 703 2713 παρεισὸατικαὶ
718 2659 802 2711 πρὸς
817 2658 856 2696 τὸ
875 2658 1028 2710 θέατρον,
1051 2659 1086 2694 αἱ
1110 2658 1171 2707 μὲν
1194 2674 1301 2711 προη-

259 2720 418 2772 γητικαὶ,
436 2718 496 2756 καὶ
509 2719 624 2761 αὐτοῖς
639 2716 791 2769 περίοδοί
803 2718 885 2753 εἰσιν
898 2715 1002 2762 ἑπτὰ,
1019 2717 1115 2752 κῶλα
1130 2717 1302 2754 παιωνικὰ

261 2781 300 2817 ἐκ
317 2777 527 2830 μονομέτρου
545 2776 604 2814 καὶ
628 2775 860 2828 τετραμέτρου
883 2774 932 2817 δὶς
949 2776 1016 2812 κοὶκ
1038 2777 1140 2826 τριῶν
1157 2774 1302 2827 μέτρων.

263 2837 450 2886 διεμπολᾶν
473 2834 509 2873 δὲ
535 2834 575 2873 τὸ
599 2834 684 2886 πρὸς
705 2832 948 2886 πραγματείαν
972 2831 1150 2878 ἐπιτήδεια
1175 2833 1304 2885 ἀγορά-

209 2905 243 2930 45
262 2894 365 2943 ζειν.)

316 2965 378 2990 974.
407 2945 453 2988 ὧν
472 2950 513 2988 τὰ
535 2949 595 3000 μὲν
616 2952 649 2988 ἐν
672 2949 763 3002 οἰκίᾳ
785 2962 794 2988 2
817 2951 898 2988 Τῶν
925 2947 1049 3001 ὀρνέων
1069 2947 1112 2985 τὰ
1134 2948 1194 2999 μὲν
1218 2948 1304 3001 χρή-

265 3025 350 3059 σιμα
365 3009 424 3046 καὶ
442 3007 572 3061 ἀνθηρὰ
592 3008 683 3046 κατὰ
704 3007 782 3051 τοὺς
802 3007 912 3050 οἴκους
938 3006 1185 3059 ἀνατρέφουεν,
1207 3008 1251 3045 τὰ
1270 3007 1306 3045 63

268 3067 316 3116 μὴ
327 3066 457 3118 ἀνθηρὰ
468 3067 634 3116 ἐσθίομεν.
708 3065 868 3116 (Ἄλλως.
881 3065 958 3102 ἀντὶ
967 3069 1026 3103 τοῦ
1041 3068 1108 3103 τῶν
1121 3066 1246 3119 ὀρνέων
1263 3065 1307 3103 τὰ

269 3125 329 3174 μὲν
350 3124 443 3161 ἐάσει
464 3123 626 3174 νέμεσθαι
648 3126 681 3161 ἐν
698 3128 741 3176 τῇ
759 3124 867 3176 οἰκία,
885 3123 929 3161 τὰ
947 3123 981 3160 63
1001 3123 1169 3175 νέμεται.)
1189 3124 1307 3169 ἔπαιξε

216 3194 251 3218 50
268 3181 302 3220 δὲ
321 3180 425 3231 εἰπὼν
440 3181 534 3233 παρὰ
548 3181 755 3232 προσδοκίαν
769 3180 812 3218 τὰ
828 3181 971 3232 χλιαροί.

321 3253 385 3278 975.
415 3238 570 3291 χλιαράε
591 3237 784 3291 Ἔνθερμα.
811 3246 891 3276 Ποῖ.

323 3311 385 3344 976,
415 3298 500 3349 τῷδε
520 3310 528 3334 :
549 3299 612 3348 Τῷ
632 3296 882 3334 Δικαιοπόλιδι.
901 3305 937 3334 R.

323 3369 386 3394 977.
417 3354 590 3405 (οὐδέποτ’
619 3353 686 3406 ἐγὼ
704 3354 853 3405 πόλεμον
878 3368 886 3394 ;

917 3355 1230 3404 Ἐσωματοποίησε
1252 3356 1308 3394 τὸν
1334 3367 1341 3398 ,·’

1409 1922 1472 1948 989.
1503 1910 1537 1945 δε
1524 1911 1656 1980 ῖγματ
1674 1910 1757 1946 Οῐον
1777 1924 1839 1954 της
1857 1908 1940 1960 παρ’
1962 1909 2056 1960 αὐτῳ
2079 1907 2173 1946 ἔνδον
2193 1913 2322 1962 τρυφῆς
2334 1925 2398 1956 ση-

1358 1968 1451 2016 μεῖον
1472 1966 1531 2003 καὶ
1549 1965 1686 2003 ἇπόδειῖ
1673 1982 1717 2009 ις
1730 1966 1910 2017 πρόκειται
1929 1968 1997 2003 τῶν
2014 1968 2123 2017 θυρῶν
2149 1967 2252 2004 αὐτοῦ
2270 1966 2313 2004 τὰ
2329 1970 2396 2004 τῶν
2415 1980 2451 2006 30

1356 2024 1497 2076 ὀρνίθων
1512 2040 1640 2076 πτερα,
1660 2023 1681 2060 ἃ
1694 2025 1750 2061 τιλ
1751 2023 1877 2061 θέντων
1896 2025 1955 2061 καὶ
1968 2023 2135 2062 τυθέντων
2150 2024 2234 2077 πρὸς
2250 2024 2398 2094 εὐωχίαν

1357 2081 1527 2140 προέὸαλ
1517 2097 1564 2119 εν.

1410 2154 1472 2178 989.
1503 2143 1530 2176 ὠ
1553 2138 1705 2191 Κύπριδι
1733 2152 1742 2177 1
1763 2139 1852 2177 Ἀντι
1875 2155 1936 2177 του
1965 2141 1993 2176 ὠ
2013 2138 2145 2191 εἰρήνη.
2171 2141 2287 2184 καλῶς
2311 2140 2347 2178 δὲ
2377 2144 2398 2187 ἡ

1358 2198 1475 2250 εἷρηνη
1491 2201 1532 2249 τῇ
1548 2197 1728 2250 Αςρροδίτῃ
1746 2196 1805 2234 καὶ
1818 2197 1893 2240 ταῖς
1908 2195 2038 2249 Χάρισι
2058 2197 2159 2250 φίλη,
2178 2197 2230 2236 ὅτι
2246 2200 2277 2236 οἱ
2293 2199 2401 2249 γάμοι

1358 2256 1416 2293 καὶ
1443 2258 1478 2293 αἱ
1499 2256 1614 2308 ἑορταὶ
1636 2257 1670 2292 ἐν
1693 2257 1804 2307 καιρῷ
1829 2258 1890 2301 τ”ῆς
1915 2254 2052 2308 εἰρήνης
2077 2255 2236 2306 ἄγονται,
2265 2257 2324 2294 καὶ
2348 2256 2400 2295 ὅτι
2419 2268 2454 2293 35

1357 2314 1481 2360 ἡδίστη
1503 2314 1561 2351 καὶ
1581 2313 1751 2364 ἐπιχαρής
1771 2314 1874 2350 ἐστιν.

1411 2387 1474 2411 990.
1507 2374 1569 2421 (ὡς
1591 2371 1696 2409 καλὸν
1720 2371 1850 2423 ἔχουσα
1876 2373 1885 2410 ':
1909 2372 2154 2421 Σωματοποιεῖ
2167 2370 2230 2418 τὴν
2251 2371 2401 2425 εἰρήνην,

1359 2430 1418 2467 καὶ
1446 2430 1573 2473 κάλλος
1602 2431 1688 2481 αὐτῇ
1714 2429 1927 2482 περιτίθησι,
1952 2429 2013 2467 καὶ
2039 2429 2150 2482 ἔρωτα
2176 2431 2281 2478 αὐτῆς
2309 2429 2401 2483 ἔχειν

1362 2488 1532 2539 βούλεται.

1411 2546 1590 2587 ἐλάνθανες
1608 2558 1617 2583 :
1637 2544 1726 2594 Ἐμὲ
1747 2544 1902 2590 δηλονότι
1918 2538 1946 2582 [3
1967 2544 2112 2596 εἰρήνη.)

1412 2617 1476 2641 992.
1507 2618 1624 2654 ωσπερ
1650 2605 1667 2639 6
1693 2616 1969 2674 γεγραμμενος;
1995 2603 2112 2647 Ζεῦξις
2134 2606 2152 2641 6
2177 2603 2383 2657 ζωγράφος’
2368 2621 2402 2643 εν

1359 2680 1409 2700 τι)
1422 2678 1494 2699 ναι)
1508 2664 1568 2707 τῆς
1583 2661 1810 2714 Αφροδίτης’
1796 2677 1830 2698 εν
1844 2677 1918 2704 ταις
1931 2661 2087 2708 Ἀθήναις
2101 2662 2249 2715 ἔγραψεν
2259 2663 2403 2716 Ἔρωτα

1361 2719 1585 2772 ὡραιότατον,
1603 2717 1815 2769 ἐστεμμένον
1842 2719 1958 2771 ρόδοις.
1980 2722 1997 2756 6
1999 2723 2075 2779 ,οὐν
2093 2724 2169 2763 νοῦς
2189 2720 2229 2758 δι’
2250 2721 2405 2773 ὑπερὸα-

2421 2565 2456 2590 ⁴0

1361 2793 1434 2815 του·
1457 2776 1636 2820 ἐλάνθανές
1652 2792 1694 2825 με
1711 2775 1815 2819 οὕτως
1835 2776 1965 2822 εὐειδὴς
1980 2781 2084 2824 οὐσα,
2101 2781 2147 2820 ὡς
2167 2781 2185 2815 6
2203 2779 2406 2832 γεγραμμέ-

1361 2851 1415 2878 νος
1435 2834 1562 2887 ’Έρως.
1588 2833 1743 2884 ἀνθέμων
1759 2834 1834 2871 ἀντὶ
1850 2838 1908 2871 τοῦ
1925 2834 2043 2886 ῥόδων.
2233 2875 2242 2881 .

1415 2907 1476 2931 993.
1505 2892 1526 2938 ἢ
1553 2893 1644 2930 πάνυ
1666 2892 1836 2945 γερόντιον
1863 2906 1871 2930 z
1897 2895 1941 2931 Εἰ
1964 2893 2023 2930 καὶ
2054 2893 2198 2946 γέροντά
2228 2911 2271 2945 με
2295 2896 2405 2939 δοκεῖς

1364 2954 1458 3004 ὃραν,
1475 2951 1567 3001 ὅμως
1580 2953 1601 2988 λ
1605 2950 1698 2988 αὸών
1714 2966 1770 2995 σε,
1789 2948 1922 3001 ἷσχύσω
1939 2951 2163 3001 συγγενέσθαι
2180 2967 2233 2991 σοι
2243 2952 2314 3005 τρὶς
2332 2953 2406 3004 (καὶ

1364 3010 1540 3053 πολλάκις.
1561 3009 1676 3054 παίζει
1691 3008 1726 3046 63
1746 3008 1847 3059 ἑξῆς).

1417 3081 1481 3106 995.
1512 3066 1738 3117 ἀμπελίδος”
1719 3081 1821 3117 ορχον
1842 3079 1850 3104 :
1873 3065 1963 3104 Ἀντὶ
1984 3070 2042 3104 τοῦ
2063 3068 2169 3105 εἰπεῖν
2189 3071 2311 3119 σχῆμα
2330 3083 2406 3106 συν·

1365 3125 1481 3168 ουσίας
1507 3129 1607 3163 τοῦτο
1636 3125 1698 3176 ἔφη
1728 3126 1772 3167 ὡς
1795 3123 1955 3176 γεωργός.
1991 3125 2087 3177 παρὰ
2112 3125 2147 3163 63
2175 3125 2233 3163 τὸν
2256 3125 2404 3179 ὄρχατον
2421 3153 2459 3180 50

1367 3188 1531 3236 φυτεῦσαι
1558 3181 1788 3234 μοσχεύματα
1815 3181 1941 3219 σύκων.
1965 3181 2070 3226 οὕτως
2096 3182 2132 3220 δὲ
2156 3185 2343 3221 καλοῦνται
2367 3185 2404 3221 αἱ

1366 3241 1440 3279 νέαι.
1463 3243 1576 3278 συκαῖ.
1604 3240 1767 3290 μοσχίδια
1798 3238 1834 3276 63
1858 3239 1902 3276 τὰ
1929 3239 1988 3277 νέα
2016 3240 2265 3291 βλαστήματα,
2290 3240 2348 3278 καὶ
2380 3243 2403 3287 ἡ

1367 3299 1485 3345 ἁπαλὴ
1501 3299 1560 3336 καὶ
1571 3298 1629 3336 νέα
1643 3298 1745 3349 λύγος
1759 3297 1899 3349 μόσχος.
1916 3297 2077 3350 ’Όμηρος
2092 3304 2144 3345 [ll.
2161 3307 2205 3345 Δ,
2222 3303 2284 3345 105]
2299 3317 2314 3331 «ι
2328 3297 2403 3345 δίδη

1368 3377 1382 3392 «
1401 3358 1562 3409 μόσχοισι
1578 3357 1766 3407 λύγοισιν.»
1784 3356 1898 3409 (ὄρχον
1915 3355 1949 3394 δὲ
1964 3350 2032 3394 οἷον
2049 3357 2209 3409 ὄρχατον.
2225 3359 2402 3407 κωμικῶς,

2423 2864 2457 2889 4'5
