2517 3792
951 172 1200 210 SCHOLIA
1236 172 1291 209 IN
1334 169 1542 208 RANAS.

196 264 234 301 οὗ
259 261 326 314 γὰρ
345 260 429 299 ἴδιόν
455 275 486 296 τι
515 257 643 308 λέγοι
629 274 671 295 αν
697 258 774 310 περὶ
803 259 861 304 τῆς
886 258 1044 311 παράλου
1073 258 1228 311 τριήρους

196 321 287 363 νεώς.
309 320 424 369 ἄτιμοι
441 316 476 355 δὲ
494 321 585 355 οὗτοι
602 320 705 362 ἦσαν.

250 391 328 417 1073.
360 376 570 429 ῥυππαπαὶ;

196 435 334 474 αστικὸν
354 433 582 480 κωπηλασίας
600 433 638 470 τὸ
656 436 825 484 ῥυπαπαῖ.
847 457 897 462 -
918 434 1126 487 ἐπιφώνημα
1147 451 1230 472 ναυ-

160 509 177 532 b
195 493 300 533 τικόν.
318 501 378 531 Br

248 564 329 591 1074.
358 553 406 604 τῷ
431 550 609 600 θαλάμακι
629 564 636 589 :
660 552 708 602 τῷ
729 552 992 596 κωπηλατοῧντι
1009 552 1043 588 ἐν
1063 553 1112 603 τῷ
1132 551 1228 589 κάτω

196 608 293 662 μέρει
309 611 370 654 τῆς
367 608 556 681 τριήρους.
580 611 609 646 οἱ
626 608 660 645 δὲ
677 609 877 658 θαλάμακες
897 609 1010 678 ὀλίγον
1034 609 1230 659 ἐλάμδανον

195 666 330 717 μισθὸν,
364 666 419 704 διὰ
448 666 488 704 τὸ
519 666 681 709 κολοὸαῖς
709 670 860 718 γρῆσθαι
892 666 1025 710 κώπαις
1049 667 1144 719 παρὰ
1171 666 1232 709 τὰς

196 724 304 769 ἄλλας
321 726 411 777 τρεῖς
432 724 542 769 τάξεις
561 740 627 763 των
650 726 786 776 ἐρετων,
804 725 854 762 ὅτι
873 727 983 775 μᾶλλ
970 741 1005 762 ον
1025 727 1108 762 εἰσιν
1135 724 1233 775 ἐγγὺς

147 793 181 818 10
195 799 255 822 του
269 782 404 826 υδατος.
432 777 532 831 (ἦσαν
558 782 592 820 δὲ
612 787 703 834 τρεῖς
725 782 835 826 τάξεις
863 799 931 819 των
953 784 1088 834 ἐρετῶν·
1118 798 1177 820 και
1212 786 1232 827 ἦ

197 841 260 892 μὲν
286 841 402 891 κάτω,
424 843 636 891 θαλαμῖται,
660 844 682 886 ἡ
712 841 746 878 δὲ
771 840 860 890 μέση
886 843 1037 891 ζυγῖται,
1060 843 1081 886 ἧ
1105 840 1140 877 δὲ
1164 840 1234 878 ἄνω

195 902 368 952 θρανῖται.
387 899 548 951 θρανίτης
573 893 643 945 οῧν,
664 902 709 936 6.
699 898 784 950 πρὸς
806 897 868 944 τὴν
896 897 1068 950 πρύμναν
1098 899 1235 946 ζυγίτης

162 959 216 995 6
243 957 356 1008 μέσος·
385 957 552 1007 θαλάμιος
571 960 589 994 6
614 956 698 1008 πρὸς
723 956 784 1002 τὴν
812 959 967 1015 πρῷρηαν.
998 956 1057 994 καὶ
1080 956 1234 1006 θαλαμία

199 1015 285 1063 ὁτι-ὴ,
302 1016 344 1053 δι’
365 1020 405 1062 ἦς
421 1015 596 1067 ἐξέρχεται
617 1018 638 1060 ἡ
660 1014 776 1060 κώπη.
797 1017 866 1052 οἷον
887 1017 943 1051 οὐν
964 1013 1059 1067 παρὰ
1081 1016 1131 1051 τῶ
1151 1030 1233 1066 συγ-

152 1081 185 1107 ¹⁶
205 1074 359 1127 καθέδρῳ
379 1074 534 1126 παρδεῖν.
526 1075 549 1123 .)

252 1145 334 1171 1075.
366 1133 548 1181 (μινθῶσαι
569 1144 578 1169 :
604 1132 838 1182 Διοσφρᾶναι,
865 1130 1054 1181 δυσοσμίας
1078 1133 1235 1178 ἀναπλῆ-

198 1205 275 1237 σαι,
300 1195 442 1240 μιᾶναι,
474 1190 642 1242 ῥυπῶσαι.
666 1188 767 1238 μίνθη
793 1188 827 1226 δὲ
856 1188 894 1226 τὸ
914 1190 996 1241 παρ’
1019 1193 1103 1240 ἡμῖν
1132 1189 1233 1236 ἡδύο-

198 1262 298 1297 σμον.
313 1249 344 1285 οἱ
357 1246 393 1284 δὲ
409 1246 466 1284 τὸν
483 1246 618 1297 θύμον.)
637 1246 678 1299 [ἢ
699 1247 826 1298 κόπρον
847 1247 993 1300 αἷγῶν.]

252 1318 331 1344 1076.
351 1306 428 1357 [νῦν
449 1304 478 1341 δ’
495 1304 689 1355 ἀντιλέγει;
713 1304 872 1348 Εἴσθεσις
888 1308 948 1351 τῆς
968 1306 1093 1352 διπλης
1116 1307 1162 1349 εἰς
1178 1305 1237 1344 δύο

146 1371 183 1397 ²⁰
199 1363 375 1439 περιόδους
398 1362 639 1435 διῃρημένης
625 1379 663 1401 εκ
685 1363 758 1401 κω)
760 1379 806 1400 ων
828 1363 955 1413 ὁμοίων
978 1366 1236 1402 ἀναπαιστικῶν

199 1422 270 1473 κγ’.
288 1426 336 1460 ὡν
355 1421 399 1459 τὰ
414 1421 476 1472 μὲν
495 1424 618 1472 πρῶτα
640 1421 700 1460 δύο
722 1423 818 1459 κῶλα
845 1421 944 1471 δίμετ
933 1438 990 1473 ρα
1007 1422 1089 1460 ὄντα
1111 1423 1237 1460 ἀκατά-

199 1481 312 1527 ληκτα
337 1483 379 1532 τῇ
402 1460 509 1531 διπλῇ
532 1479 755 1518 συνάπτεται.
775 1483 836 1526 τῆς
859 1479 894 1517 δὲ
919 1480 1060 1532 πρώτης
1078 1481 1237 1534 περιόδου

200 1539 267 1577 εἰσὶ
286 1540 384 1576 κῶλα
409 1538 453 1576 ια’
475 1538 724 1586 ἀκατάληκτα,
739 1537 830 1585 πλὴν
844 1541 902 1576 τοῦ
922 1539 1119 1577 τελευταίου
1139 1542 1240 1591 ἑφθη-

202 1600 379 1650 μιμεροῧς.
403 1596 530 1647 ὁμοίως
550 1596 585 1634 δὲ
608 1597 666 1634 καὶ
682 1595 726 1634 τὰ
739 1599 800 1643 τῆς
815 1596 974 1648 δευτέρας
994 1597 1077 1649 ἔχει.
1098 1597 1137 1635 τὸ
1155 1597 1239 1647 μέν·

149 1667 185 1694 25
200 1670 253 1693 τοι
269 1654 524 1707 παρατέλευτον
540 1655 776 1701 ἀναπαιστική
789 1657 862 1692 ἐστι
878 1654 989 1706 βάσις.
1008 1656 1064 1693 ἐπὶ
1083 1658 1132 1706 τῷ
1148 1655 1238 1693 τέλει

201 1717 264 1759 τ’ῆς
283 1713 345 1763 μὲν
359 1711 498 1764 πρώτης
516 1712 674 1764 περιόδου
689 1712 934 1765 παράγραφος,
951 1716 1012 1759 τ’ἧς
1030 1712 1065 1751 δὲ
1081 1713 1240 1765 δευτέρας

203 1771 262 1809 δύο
289 1772 466 1817 διπλαῖ,ἠ
494 1769 557 1821 μὲν
579 1772 613 1808 ἐν
639 1773 730 1822 ἀρχῇ
752 1774 810 1808 τοῦ
828 1770 959 1819 κώλου,
983 1774 1004 1817 ἡ
1033 1770 1068 1808 δὲ
1087 1770 1178 1809 κατὰ
1201 1770 1240 1808 τὸ

200 1828 328 1881 τέλος]

254 1886 425 1937 ἀντιλέγει
441 1887 459 1923 6
477 1885 633 1939 πάραλος
651 1886 712 1924 καὶ
729 1888 766 1924 οὔ
782 1888 906 1933 κωπηλ
910 1903 997 1925 ατει.
1016 1895 1052 1926 R.

151 1957 186 1984 ³0
257 1957 336 1983 1080.
365 1945 444 1998 [καὶ
462 1944 669 1989 τικτούσαςε

188 2017 328 2041 Δνουσαν
347 2004 382 2041 ἐν
402 2003 517 2057 ἱερῷ]

257 2075 339 2101 1081.
372 2063 495 2114 [τοῖσιν
516 2063 675 2114 ἀδελφοῖς
695 2075 703 2100 :

206 2119 287 2173 psa]

260 2190 339 2216 1002.
367 2177 426 2215 καὶ
441 2176 640 2226 φασκούσας
652 2177 690 2214 οὗ
707 2178 768 2227 ζῇν

153 2249 188 2275 35
207 2234 338 2288 Φρίξου
359 2234 548 2287 Εὐριπίδου

291 2293 336 2330 τίς
349 2294 375 2324 δ’
390 2293 482 2331 οἶδεν,
497 2294 523 2323 εἷ
539 2292 574 2323 τὸ
588 2295 640 2329 ζῆν
655 2293 707 2332 μέν
722 2292 788 2323 ἐστι
800 2293 976 2332 κατθανεῖν,

257 2340 268 2365 ἰ
289 2340 326 2371 τὸ
338 2340 497 2383 κατθανεῖν
511 2339 543 2370 δὲ
559 2341 631 2377 ζῆν,
688 2384 694 2385 7

637 2400 652 2423 l

1173 1944 1228 1959 2⁶,ss

688 1943 851 1998 Ἔγραψε
868 1945 934 1998 γὰρ
954 1944 1017 1992 τὴν
1032 1943 1150 1996 Αὔγην
1165 1961 1241 1983 ωοι-

730 2061 791 2105 Ὡς
812 2063 847 2099 αἱ
866 2065 927 2099 τοῦ
949 2061 1077 2100 Αἰόλου
1093 2060 1241 2113 θυγατέ-

792 2188 800 2213 :
821 2175 928 2215 Ἔστι
946 2176 1008 2226 μὲν
1029 2175 1125 2228 παρὰ
1141 2175 1185 2213 τὰ
1202 2179 1240 2214 ἐκ

201 2458 276 2497 ἀλλ’
296 2461 315 2497 6
333 2458 442 2509 λέγων
468 2458 540 2496 ἐστὶ
560 2457 704 2510 Φρίξος,
721 2461 817 2500 ουτος
837 2458 872 2495 δε
898 2460 944 2500 ὣς
963 2456 1060 2509 παρὰ
1075 2457 1234 2507 γυναικὸς

200 2514 379 2568 εἰρημένον
401 2515 484 2553 αὐτὸ
503 2514 608 2567 λέγει.
627 2515 721 2565 (ἰδεῖν
738 2518 795 2552 οὐν
815 2514 902 2567 χρὴ,
924 2514 1059 2566 μήποτε
1087 2514 1144 2552 τὸν
1171 2516 1235 2552 αὐ-

198 2572 257 2610 τὸν
282 2588 360 2610 νουν
388 2575 472 2625 παρ’
502 2572 675 2625 Εὐριπίδῃ
705 2572 790 2623 γυνὴ
816 2572 921 2624 λέγῃ,
945 2573 1004 2610 καὶ
1032 2587 1167 2623 μηποτε
1196 2572 1234 2610 τὸ

146 2608 183 2634 ⁴⁰
200 2631 265 2668 ὑπὸ
277 2634 339 2678 τῆς
351 2634 477 2684 τροφοῦ
495 2633 529 2669 ἐν
547 2630 745 2683 Ἱππολύτῳ
763 2630 948 2682 λεγόμενον

323 2729 388 2760 ἀλλ’
399 2730 416 2760 ὅ
425 2741 454 2761 τι
466 2729 577 2762 τούτου
586 2730 706 2771 φίλτρον
719 2729 811 2768 ἄλλό,

322 2774 432 2810 σκότος
444 2774 602 2816 ἀμπίσχον
619 2775 744 2816 κρύπτει
758 2776 893 2816 νεφέλαις

200 2853 261 2892 καὶ
278 2852 323 2891 τὰ
337 2853 440 2904 ἑξῆς.)

256 2923 334 2950 1084.
365 2911 616 2961 ἀνεμεστώθηε
635 2913 875 2966 Ἀνεπληρώθη
888 2916 956 2952 τῶν
972 2915 1232 2986 γραμματεύειν

203 2967 419 3020 βουλομένων
435 2967 495 3005 καὶ
512 2968 560 3018 μὴ
581 2970 836 3022 στρατεύεσθαι.
857 2971 880 3018 ἢ
899 2971 991 3010 καῖ’
976 2972 1032 3010 επὶ
1049 2988 1234 3026 κακοπρα-

200 3025 358 3078 γμοσύνῃ
369 3024 446 3070 τοὺς
454 3033 673 3078 γραμματεῖς
687 3028 878 3068 διαὸάλλει.
892 3048 908 3062 «
919 3029 1054 3082 ὄλεθρος
1072 3046 1235 3082 γραμμα-

201 3082 279 3126 τεὺς
298 3085 565 3135 συκοφαντῶν.»
645 3083 807 3137 [Ἄλλως.
819 3087 972 3133 ἕπειδὴ’
954 3087 1095 3140 αφέντες
1110 3089 1153 3126 τὰ
1164 3105 1234 3140 γεν-

200 3146 281 3178 ναῖα
299 3140 493 3192 πράγματα
515 3140 694 3192 φορολόγοι
709 3142 925 3216 γεγένηνται·
949 3147 980 3182 οἳ
1000 3143 1036 3182 δὲ
1062 3146 1234 3195 μετιόντες

167 3196 260 3264 0τὸν
274 3196 376 3247 λόγον
394 3196 572 3248 κέρδους”
552 3213 653 3235 ενεκα
670 3199 800 3243 τούτοις
818 3199 966 3239 εἵποντο.
979 3202 1233 3251 δημοπιθήκους

149 3239 238 3291 ωδε
253 3253 332 3298 τοὺς
339 3254 566 3327 πανρύργους
583 3255 663 3307 περὶ
686 3256 743 3293 τὸν
763 3258 922 3307 δῆμον,
903 3275 949 3301 ως
969 3258 1008 3298 τὸ
1029 3262 1112 3311 ζῶον
1132 3264 1150 3298 ὁ
1173 3263 1230 3300 πί-

202 3314 313 3359 θηκος.
336 3311 359 3358 ἢ
377 3312 455 3355 τοὺς
471 3312 528 3350 τὸν
549 3314 657 3363 δῆμον
677 3315 925 3359 κολακεύοντας
943 3316 1001 3353 καὶ
1020 3317 1210 3363 πείθοντας,
1214 3321 1231 3372 Ἦ

341 3387 446 3411 scum..
468 3388 630 3412 1111151οΡ0.

147 2949 184 2975 ⁴5

592 375 635 413 'la
639 375 741 427 πίφΟε
745 390 817 425 γμα
838 376 1011 426 ναυτικὸν,
1029 392 1229 427 παρασκευ-
1247 371 1249 378 ¹

1248 504 1251 531 ἱ

2241 178 2312 210 :305

1336 271 1414 295 1087.
1445 255 1650 306 λαμπάδα
1633 255 1660 292 ο’
1681 255 1756 292 οὐδε
1763 270 1789 296 ις
1811 267 1818 292 :
1840 254 1866 304 ς’
1876 255 1923 293 ΙΨ
1906 269 1954 291 οει
1973 254 2039 306 γὰρ
2053 256 2315 307 λαμπαδουχεῖν

1279 317 1314 353 ἐν
1342 314 1614 385 ‘Hzpmtrtsiomu
1604 328 1663 350 και
1686 312 1968 362 Παναθηναίοις.)
1997 315 2031 350 ἐν
2060 312 2215 359 Αθηναις
2243 314 2317 351 ἐστι

1279 373 1483 424 γυμνάσιον,
1517 374 1550 409 ἐν
1589 375 1617 424 ᾧ
1654 373 1691 409 ἐλ
1684 371 1966 423 αμπαδηφόρουν
2001 374 2032 409 οἱ
2052 372 2316 423 γυμναζόμενοι.

1281 431 1332 469 ὅτι
1349 447 1408 476 της
1426 430 1608 480 λαμπάδος
1635 429 1726 480 ἀγὼν
1750 429 1930 475 Ἀθήνησιν
1951 445 2071 479 ηγετο,
2093 430 2318 481 ΠρομηΟεια,

1281 489 1508 542 (Ηεραίστεια,
1532 487 1773 532 Παναθήναια.
2338 508 2354 530 t»

1753 544 1998 596 Ἐξηράνῡην.]

1338 619 1415 643 1092.
1446 606 1479 641 ἐν
1508 604 1557 641 ἑνὶ
1576 603 1766 640 λευκοπίων
1796 603 1872 640 ἀντὶ
1895 607 1954 640 τοῦ
1982 604 2137 655 λιπαρός.

1282 667 1341 700 τοῦ
1362 662 1474 698 ὀπίσω
1487 660 1547 699 ὤν.
1572 669 1609 698 R.

1339 732 1417 757 1093.
1447 713 1521 771 κᾷΐϊ
1541 720 1571 755 οἱ
1587 720 1753 770 Κεραμῇς
1771 731 1779 756 2
1804 720 1862 767 (Οἱ
1877 717 1933 754 τὶν
1954 719 2171 770 Κεραμεικὸν
2188 722 2321 758 οἷκοῧν-

1283 779 1365 826 τες.)
1395 778 1501 825 δῆμος
1521 775 1556 813 δὲ
1591 775 1793 822 Ἀθηναίων.
1823 777 1896 812 ἐκεῖ
1919 775 1986 827 γὰρ
2012 779 2030 813 6
2061 776 2153 826 ἀγὼν
2180 778 2319 828 ἐγίνετο.
2344 796 2375 818 ιι»

1286 835 1355 885 (καὶ
1375 836 1408 872 ἐν
1428 832 1576 885 Πλούτῳ
1596 833 1724 885 πρώτῳ
1741 852 1756 866 «ι
1773 836 1841 870 τῶν
1856 834 2142 886 λαμπαδηφόρων
2161 851 2197 872 τε
2223 837 2321 873 πλεῖ-

1286 910 1301 927 «
1319 908 1396 930 στον
1413 891 1526 929 αἰτία-ν
1545 897 1614 935 τοῖς
1634 891 1791 934 ὑστάτοις
1808 892 1996 931 πλατειῶν.
2017 911 2032 925 n
2051 896 2151 930 τοῦτο
2168 892 2205 930 δέ
2220 908 2323 946 φησιν

1287 950 1491 1003 Εὐφρόνιος,
1512 949 1563 987 ὅτι
1588 949 1657 986 ἀπὸ
1673 953 1731 986 τοῦ
1756 951 1790 986 ἐν
1812 951 1862 1001 τῷ
1883 951 2092 1003 Κεραμεικῷ
2116 952 2246 1001 ἀγῶνος
2265 954 2325 997 τῆς

1284 1007 1483 1058 λαμπάδος,
1500 1007 1560 1045 καὶ
1579 1006 1656 1050 τοὺς
1673 1006 1838 1050 ὑστάτους
1863 1008 2048 1059 τρέχοντας
2066 1008 2136 1046 ἀπὸ
2153 1011 2218 1046 τῶν
2239 1011 2325 1060 οἰγο-

1287 1066 1393 1120 ραίων
1411 1067 1600 1104 τύπτεσθαι
1624 1065 1806 1109 πλατείαις
1822 1066 1888 1104 ὑπὸ
1908 1069 1975 1105 τῶν
1995 1068 2182 1106 νεανίσκων
2205 1068 2323 1121 χερσί·
2348 1091 2379 1114 15

1286 1125 1346 1163 καὶ
1367 1124 1524 1176 λέγονται
1545 1126 1580 1162 αἱ
1602 1128 1758 1162 τοιαῦται
1778 1126 1997 1177 Κεραμεικαὶ
2022 1127 2169 1177 πληγαί.
2197 1129 2326 1179 ἐμφαί-

1287 1200 1380 1222 νεται
1409 1183 1444 1221 δὲ
1464 1183 1533 1221 ἀπὸ
1552 1182 1680 1220 τούτων
1698 1182 1749 1220 ὅτι
1765 1182 1862 1235 παρὰ
1879 1189 1950 1226 τοῖς
1971 1186 2202 1235 Κεραμεικοῒς
2226 1184 2327 1223 τδῧτο

1289 1245 1442 1296 μάλιστα
1461 1243 1621 1295 γίνεται.)
1641 1242 1766 1286 πύλαις
1780 1242 1815 1281 δὲ
1829 1244 1904 1287 ταῖς
1925 1243 2066 1289 εἰσόδοις
2081 1246 2150 1295 (τοῦ
2170 1246 2324 1297 ἀγῶνος).

1287 1325 1339 1329 -
1352 1301 1586 1354 ταῖςῖεἰσόδοις
1602 1305 1661 1338 τοῦ
1683 1301 1822 1353 δρόμου.
1844 1303 1890 1341 Θ.

1342 1374 1419 1399 1096.
1448 1360 1524 1403 ταῖς
1544 1359 1750 1402 πλατείαις.
1742 1373 1750 1380 ·
1766 1361 1867 1411 (Ταῖς
1876 1360 2110 1412 πλατείαις)χ
2085 1362 2186 1414 χερσὶ
2203 1363 2324 1409 δηλον·
2348 1390 2381 1413 2,)

1288 1417 1352 1455 ότι.
1372 1417 1394 1463 ἢ
1411 1417 1581 1468 μάστιξιν.
1602 1417 1624 1464 ἢ
1643 1417 1732 1456 οὕτω
1754 1417 1956 1470 λεγομέναις
1981 1421 2216 1472 Κεραμεικαῖς
2237 1423 2328 1469 πλη-

1289 1481 1394 1527 γαῖς
1384 1478 1432 1514 π)
1436 1476 1576 1520 ατείαις.

1344 1548 1423 1573 1093.
1454 1550 1620 1587 ausuum
1634 1550 1692 1572 και
1710 1534 1767 1574 ἔοε
1770 1551 1859 1585 υγεν.
1884 1543 1922 1572 R.

1345 1606 1424 1632 1099.
1456 1592 1566 1645 Τμέγα
1598 1592 1636 1630 τὸ
1656 1599 1804 1645 πρᾶγμα
1829 1607 1837 1632 :
1857 1593 1903 1631 ‘H
1925 1597 2087 1645 παροῦσα
2108 1595 2238 1648 στρορὴ
2270 1596 2330 1634 καὶ

1291 1649 1499 1702 ἀντιστροφὴ
1517 1649 1667 1688 κώλων’
1653 1650 1743 1687 εστὶν
1766 1651 1914 1702 ἑκατέρα
1939 1650 2021 1689 δέκα
2046 1652 2330 1703 ἐπιμεμιγμένων
2349 1672 2383 1696 2,

1290 1707 1533 1760 τριδράγεσιν·
1552 1712 1598 1745 ων
1619 1723 1662 1744 τα
1677 1723 1698 1743 α
1719 1737 1729 1753 ,
1747 1709 1774 1744 δ’
1788 1737 1797 1753 ,
1816 1724 1836 1752 ς
1856 1737 1866 1754 ,
1884 1709 1902 1744 ι’
1923 1708 2094 1761 τρογαϊκὰ
2113 1710 2331 1763 τετράμετρα

1290 1765 1548 1813 καταληκτικά·
1572 1765 1616 1803 τὰ
1649 1765 1685 1803 δὲ
1713 1765 1820 1803 λοιπὰ
1849 1766 1994 1818 δίμετρα
2025 1767 2266 1814 ἀκατάληκτα.
2293 1770 2332 1807 τὸ

1293 1822 1409 1873 μέντοι
1425 1825 1442 1867 ζ
1466 1826 1527 1869 τ’ἧς
1545 1826 1693 1876 στροφῆς
1712 1823 1961 1862 ἄναπαιστικὸν
1984 1826 2258 1878 πενθημιμερὲς,
2273 1828 2331 1864 καὶ

1291 1880 1330 1918 τὸ
1346 1880 1422 1928 ἑξῆς
1439 1881 1598 1934 δίμετρον
1622 1880 1969 1933 βραχυκατάληκτον.
2001 1882 2059 1919 ἐπὶ
2083 1884 2133 1934 τῷ
2157 1884 2248 1921 τέ’λει
2272 1888 2334 1930 τῆς

1293 1938 1353 1988 μὲν
1372 1943 1521 1992 στροφῆς
1534 1939 1849 1992 παράγραφος·τῆς
1866 1939 1901 1978 δὲ
1913 1942 2140 1993 ἀντιστροφῆς
2154 1942 2329 1995 κορωνίςῇ
2352 1967 2385 1993 30

1348 2010 1424 2036 1100.
1455 1997 1650 2050 διακρίνειν.
1669 2005 1705 2035 R.
1721 2005 1760 2034 V.
1784 2006 1823 2036 Θ.

1349 2067 1426 2094 1011.
1459 2055 1692 2108 φιλονεικήσῃ.
1720 2064 1758 2093 R.
1776 2064 1815 2093 V.

1348 2126 1425 2152 1102.
1459 2113 1660 2164 ἀντιλέγειν.
1696 2121 1777 2151 RN.
1814 2115 2121 2167 σαφῶς,ἀκριὸῶς.
2143 2124 2180 2154 R.

1348 2184 1429 2210 1103.
1465 2170 1513 2221 μὴ
1540 2171 1567 2207 ’ν
1596 2173 1711 2223 ταύτῷ
1728 2172 1898 2217 κάθησθον
1925 2173 2043 2211 ζἈντὶ
2070 2176 2130 2210 τοῦ
2156 2173 2204 2223 μὴ
2228 2176 2262 2211 ἐν
2283 2177 2333 2226 τῷ

1295 2229 1389 2280 αὐτῷ
1403 2228 1499 2280 τόπῳ
1515 2229 1575 2265 καὶ
1589 2229 1682 2282 λόγῳ
1699 2229 1756 2266 καὶ
1780 2228 1898 2282 τρόπῳ
1917 2229 1979 2273 τὰς
2005 2231 2202 2282 ἀντιλογίας
2217 2238 2331 2270 ποιεῖ-

1295 2288 1365 2322 σθε.

1350 2356 1430 2382 1104.
1465 2344 1621 2382 εἰσὸολαὶ
1643 2357 1651 2383 :
1669 2343 1857 2396 Ἀφορμαὶ,
1876 2343 2002 2396 ἀρχαὶ,
2021 2346 2241 2398 φιλονεικίαι,
2258 2347 2332 2385 εἴσ-

1297 2401 1381 2438 οδοι.

1350 2472 1427 2496 1106.
1457 2459 1518 2495 ἐπε
1510 2458 1662 2510 'noy-5605,
1696 2457 1949 2511 ἐπιπορεύεσθε.
1978 2467 2015 2498 R.
2019 2469 2062 2497 V.
2091 2461 2294 2514 ἀναδέρετον
2322 2476 2331 2502 :

1295 2515 1584 2554 Ἀνακαλύπτετε.
1608 2530 1640 2559 0
1646 2530 1684 2559 D
1707 2515 1989 2565 ἀνακαλύπτετε,
2017 2534 2076 2556 και
2102 2521 2149 2563 εἰς
2171 2520 2209 2558 τὸ
2227 2521 2331 2571 μέσον

1294 2573 1493 2627 προφέρετε.
1511 2582 1552 2612 Ε.
1570 2581 1672 2612 Cant.
1695 2588 1721 2613 1.

1349 2646 1429 2671 1108.
1462 2633 1811 2672 κάποκινδυνεύετοντ
1830 2633 2095 2678 Κινδυνεύοντες
2105 2635 2222 2687 λέγετε
2233 2653 2332 2685 ,του-

1293 2689 1388 2728 τέστι
1406 2691 1612 2739 τολμῶντες.

1348 2760 1426 2785 1112.
1457 2748 1534 2798 [οὐκ
1551 2747 1597 2785 ἔθ’
1617 2747 1707 2786 οὕτω
1727 2761 1736 2787 :
1753 2748 1818 2792 εΩς
1832 2751 1900 2786 τῶν
1918 2749 2104 2796 Ἀθηναίων
2125 2754 2190 2803 οὐχ
2207 2753 2332 2802 ὁμοίιος

1293 2803 1460 2856 πρότερον
1482 2804 1777 2855 γεγυμνασμένων
1799 2809 1833 2844 ἐν
1856 2812 1926 2850 τοῖς
1945 2811 2134 2855 ποιητικοῖς
2153 2809 2331 2861 σοφίσμα-

1293 2861 1379 2911 σιν.]

1349 2931 1429 2956 1114.
1460 2934 1503 2955 τα
1528 2918 1622 2962 δεξιὰ
1645 2933 1653 2957 :
1684 2923 1731 2957 Δε
1734 2919 1821 2964 ξιοὺς
1840 2921 2013 2970 νομίζουσι
2041 2922 2118 2966 τοὺς
2146 2925 2332 2973 ἐστρατευ-

1295 2975 1417 3025 μένους
1443 2975 1503 3012 καὶ
1530 2975 1670 3014 επαίνου
1697 2977 1736 3014 ἀῖ
1723 2977 1824 3020 ιὀυς·
1855 2977 1932 3021 τοὺς
1961 2977 1996 3016 δὲ
2029 2980 2333 3033 διαδιδράσκοντας

1292 3031 1353 3075 τὰς
1381 3032 1564 3083 στρατείας
1588 3034 1781 3086 φιλοδίκους
1806 3039 1892 3072 εἶναι
1917 3035 1976 3073 καὶ
2001 3037 2230 3090 συκοφάντας.
2252 3038 2273 3085 ἢ
2294 3040 2333 3078 τὸ

1293 3090 1456 3138 ἐναντίον,
1475 3089 1532 3128 ἵνα
1551 3094 1591 3142 ᾖ,
1621 3091 1748 3135 πάντες
1763 3095 1793 3130 οἱ
1813 3093 1958 3142 ἀμαθεῖς
1982 3093 2080 3139 ἔξω
2065 3097 2330 3149 εστρατευμένοι

1293 3148 1390 3187 εισίν.

1345 3207 1395 3257 [ἐν
1411 3206 1566 3259 εἰρωνείᾳ
1584 3206 1706 3257 δεξιά]

1349 3277 1424 3302 1116.
1440 3265 1700 3315 παρηκόνηνται
1723 3279 1731 3304 :
1752 3265 2033 3318 Παρωξυμμένοι
2053 3270 2137 3308 εἰσὶν
2163 3272 2193 3308 οἱ
2213 3271 2331 3310 θεαταὶ

1295 3321 1491 3375 (δηλονότι).

1337 561 1416 585 1089.
1448 546 1709 598 [ἀπεφαυάνθην
1728 558 1736 583 1

2254 608 2264 619 Ἰ
2308 606 2316 617 Χ

2245 622 2321 643 22ss!-

2351 2263 2384 2288 35

2351 2557 2386 2583 40

2349 2844 2383 2868 45

2351 3140 2383 3164 50

2158 3400 2194 3427 20
