2517 3792
839 180 992 218 lNDEx
1026 178 1264 218 NOMINUM
1305 180 1370 218 ET
1399 179 1592 220 RERUM.
2162 191 2234 224 623

193 269 368 307 55ὐ-559,
385 269 559 299 582-600.
578 268 602 296 A
618 265 775 296 Mercurio
789 264 917 296 discunt
930 274 986 296 cur
1001 266 1064 296 lam
1077 264 1170 302 longo
1195 267 1202 273 “

190 317 334 355 tempore
347 318 410 346 Pax
420 313 461 344 ab
471 313 600 344 civitate
611 312 759 350 abfuerit,
776 316 830 343 601
850 321 922 352 sqq.
938 311 1170 352 supellectilem

191 371 283 394 suam
315 360 488 392 comitibus
509 359 697 391 servandam
720 359 872 397 tradunt,
901 359 978 390 dum
1010 357 1170 398 parabasis

191 407 442 449 pronunciatur,
471 408 530 438 729
552 415 624 446 sqq.
650 410 770 437 Musam
801 406 950 436 invocant
972 408 1006 436 ut
1034 405 1170 445 propitia

190 455 334 494 ipsorum
355 452 478 484 choreis
499 453 606 491 adsit,
629 452 762 483 deorum
791 452 951 483 connubia
964 475 973 490 ,
1003 451 1168 482 beatorum

189 501 298 541 epulas
319 499 502 538 celebrans,
525 508 678 539 respuens
695 508 827 539 spurcos
840 502 872 530 et
887 498 1028 538 impuros
1043 500 1168 538 poetas:

189 546 315 578 Carcini
334 546 433 583 lilios,
450 545 655 583 Morsimum,
674 546 903 584 Melambium,
921 547 1095 576 775-816.
1113 548 1170 575 Fe-

189 594 283 625 licem
299 592 475 632 praedicant
487 596 670 632 Trygaeum,
685 593 725 624 de
742 592 903 632 republica
918 591 1168 629 meritissimum,

189 642 366 677 856-862,
383 641 441 670 864
452 662 460 677 ,
476 642 653 677 909-915,
673 642 744 670 917.
764 643 808 670 De
831 638 985 669 sacrificio
1002 638 1074 669 Paci
1091 638 1169 669 on'e-

188 684 290 718 tendo
317 686 519 724 consultant,
549 689 608 717 922
632 695 717 726 sqq„
741 689 772 716 et
794 684 1007 725 peragendum
1037 687 1169 723 urgent,

187 734 365 770 939-955‚
387 735 598 763 1023—1038.
614 736 774 764 chlantur
792 740 879 772 pace,
896 731 1086 762 suavitatem
1102 730 1171 769 eJus

188 778 372 818 pingentes,
400 781 620 818 1127-1172,
643 787 681 809 eo
709 778 891 817 gratiorem.
915 786 979 817 quo
1009 777 1109 816 magis
1138 777 1170 807 in

188 824 272 856 bello
293 824 334 856 ab
357 825 481 863 injustis
509 825 749 857 centurionibus
776 826 867 855 erant
896 823 1020 862 vexati,
1053 825 1171 854 1172-

191 874 280 903 1190.
297 871 477 902 Invitantur
489 881 507 902 a
526 876 677 911 Trygaeo,
695 873 731 902 ut
747 873 820 910 post
837 870 966 909 longum
985 869 1078 900 famis
1090 871 1170 900 tem-

187 926 250 958 pus
274 918 307 949 in
330 918 453 958 nuptiis
475 927 509 949 se
526 918 626 959 ipsius
654 918 739 949 laute
767 917 979 956 ingurgitent,
1003 918 1079 947 1305
1097 924 1169 956 sqq.

188 964 312 996 Graecis
333 964 417 995 bona
439 964 526 1004 pacis
548 973 586 995 ex
610 964 661 995 liis
678 963 798 1003 nuptiis
818 966 933 1002 Oporae
955 970 1030 992 cum
1053 963 1171 992 rustico

189 1014 376 1051 precantur,
395 1014 614 1049 1316-1328,
638 1011 710 1042 laete
732 1010 860 1041 fruituri
876 1009 1003 1050 ὀπώρᾳ,
1025 1012 1101 1040 1338
1119 1017 1170 1049 sq.

189 1060 398 1097 Hymenaeum
418 1060 567 1088 canentes
591 1065 744 1097 sponsum
767 1055 911 1087 humeris
935 1065 990 1087 rus
1011 1064 1106 1087 suum
1124 1064 1171 1087 as·

188 1105 337 1143 portant,
358 1106 573 1135 1332-1356.

1271 267 1396 296 auctor
1409 264 1526 304 fuisse
1539 264 1675 304 fertur,
1699 264 1779 296 Ach.
1795 268 1866 297 524.
1889 265 2068 298 Alcibiades
2089 266 2244 306 balbutit,

1270 312 1435 351 τραυλίζει,
1464 313 1555 350 l'esp.
1582 313 1714 342 44-46.
1739 313 1801 342 Est
1824 315 1961 343 amator
1982 314 2143 352 Socratis,
2164 316 2243 354 Ara.

1270 356 1358 387 Nub.
1374 359 1393 388 1
1397 359 1416 388 I
1420 381 1425 387 .
1445 356 1493 388 Ad
1507 356 1711 388 Alcibiadem
1728 357 1836 396 refert
1849 358 1952 389 schol.
1972 358 2064 390 dicta
2081 361 2171 391 Pace
2186 362 2246 391 450

1268 411 1318 443 sq.
1344 405 1429 434 Cum
1456 405 1555 434 Nicia
1580 403 1753 435 contendit
1777 406 1811 434 in
1834 407 2008 442 concione,
2034 407 2173 445 postea,
2201 405 2247 437 ad

1270 449 1540 480 Lacedcemonios
1561 450 1764 489 transfugia,
1783 452 1905 481 auctor
1921 453 1968 481 cst
1988 450 2130 483 obsessoe
2149 454 2246 484 Dece-

1270 496 1343 534 leoe,
1362 497 1403 527 ib.
1417 499 1538 527 Servus
1549 496 1673 534 dictus,
1686 496 1726 527 ob
1744 498 1928 535 Coesyram,
1941 497 2022 528 ibid.
2039 499 2247 529 Ostracismo

1269 543 1395 580 ejectus
1411 542 1540 572 dicitur
1554 549 1574 573 a
1589 542 1693 573 schol.
1715 544 1776 581 Eq.
1794 545 1864 573 855.
1882 542 1932 573 Ad
1945 543 2152 575 Alcibiadem
2166 545 2249 575 rela-

1271 591 1343 619 tum
1369 588 1700 627 Hermocopidarum
1718 587 1878 625 facinus,
1895 589 1973 627 Lys.
1996 591 2083 620 1094.
2102 592 2168 620 Per
2189 593 2246 621 Sa-

1271 637 1453 667 laminiam
1476 638 1663 667 arcessitus
1685 635 1732 666 ad
1746 635 1919 674 Judicium
1944 636 1985 667 de
2006 640 2246 676 mysteriorum

1270 684 1461 714 imitatione
1485 684 1528 715 <ct
1550 682 1590 713 ob
1616 684 1823 713 Hermarum
1849 686 2143 723 amputationem,
2169 688 2246 725 Ara.

1271 730 1364 767 ΙΙΙ),
1379 729 1522 768 ausuqit
1540 728 1659 760 Thurii
1680 730 1713 758 in
1725 728 2004 767 Peloponnesum,
2023 733 2082 761 Ac.
2100 734 2179 770 Αιῃ.
2195 734 2247 764 Il.

1270 774 1452 806 Alcibiades
1475 783 1566 806 anno
1589 776 1669 806 ante
1700 776 1816 805 Ranas
1839 774 1972 805 doctam
1986 800 1995 812 ,
2012 778 2173 815 Antiqene
2191 787 2249 808 ar-

1271 821 1391 852 chonte
1404 845 1414 859 ,
1432 820 1581 852 Athenas
1605 820 1776 858 redierat;
1800 822 1870 859 ipso
1879 820 2021 859 fabulae
2044 831 2134 853 anno
2154 824 2249 854 Athe-

1270 868 1442 899 niensibus
1458 876 1581 898 exosus
1592 892 1602 905 ‚
1627 869 1709 907 quia
1726 867 1869 897 classem
1886 868 1958 904 ejus
1982 869 2143 900 Antiocho
2160 878 2250 900 com·

1269 915 1412 944 ‘missam
1444 913 1622 953 Lysander
1647 912 1816 952 fuderat,
1851 915 1976 944 iterum
2002 914 2100 953 suqit
2111 927 2123 952 ,-
2146 924 2250 955 quum

1263 959 1485 999 fuqamcum
1501 962 1638 1000 priore,
1663 961 1699 990 in
1722 968 1791 999 qua
1815 960 1990 991 Deceleam
2014 962 2250 1000 occupandam

1271 1005 1538 1037 Lacedaemoniis
1553 1008 1683 1044 suasit,
1701 1006 1792 1037 male
1815 1005 2048 1045 confuderunt
2070 1008 2247 1047 nonnulli,

1270 1055 1359 1084 Ran.
1382 1054 1470 1084 1422.
1489 1056 1533 1083 De
1547 1061 1603 1091 eo,
1620 1061 1715 1092 quem
1732 1051 1809 1083 urbs
1828 1055 1859 1083 et
1876 1052 1943 1083 odit
1962 1055 1993 1084 et
2013 1053 2190 1094 desiderat,
2214 1058 2250 1086 in

1271 1101 1378 1131 Ranis
1400 1099 1574 1130 sententias
1594 1099 1727 1138 AEscliyli
1745 1101 1777 1130 et
1798 1099 1955 1139 Euripidis
1978 1100 2174 1140 consiliaque
2194 1111 2252 1133 ex-

1271 1146 1372 1186 quirit
1387 1148 1418 1177 et
1432 1145 1556 1177 obtinet
1572 1146 1714 1176 Bacchus
1725 1169 1733 1184 ,
1751 1148 1962 1177 1422-1434.
1980 1146 2173 1183 Alcibiades,
2194 1158 2252 1179 no-

1271 1195 1364 1223 vator
1377 1192 1561 1231 verborum,
1576 1192 1719 1230 Daetal.,
1736 1192 1774 1222 fr.
1792 1196 1818 1222 1.
1833 1192 2024 1223 Alcibiades
2037 1195 2250 1234 Eupolidem,

1271 1248 1294 1271 a
1317 1248 1382 1280 quo
1405 1241 1441 1270 in
1463 1248 1565 1270 scena
1589 1238 1774 1270 traductus
1790 1238 1928 1277 suerat,
1951 1242 2043 1270 mari
2064 1243 2196 1281 mersit,
2221 1245 2253 1273 et

1272 1285 1444 1318 coma’diae
1462 1285 1654 1317 libertatem
1677 1284 1811 1316 decreto
1833 1287 1981 1323 coercet,
2000 1287 2097 1317 Prol.
2114 1289 2184 1325 IX,
2209 1296 2229 1318 a
2242 1312 2252 1325 ,

1274 1335 1415 1371 51-65,
1428 1340 1465 1372 p.
1484 1333 1573 1363 XIX
1594 1332 1693 1372 (quae
1706 1330 1797 1370 ficta
1813 1338 1884 1361 esse
1905 1333 2070 1371 constat).
2097 1334 2251 1364 Ceterum

1273 1379 1467 1411 Alcibiades
1481 1380 1648 1419 quattuor
1663 1379 1777 1415 erant,
1795 1379 1882 1408 Ran.
1906 1379 1993 1409 1422.

1232 1424 1540 1456 Alcmoeonidarum
1558 1432 1651 1463 qens,
1668 1423 1756 1455 Nub.
1776 1426 1832 1461 46,
1854 1424 1911 1461 64,
1926 1422 2150 1463 nobilissima,
2165 1433 2255 1464 scepe

149 1152 272 1190 Aqrius
293 1152 420 1182 occisus
435 1159 457 1182 a
473 1150 644 1189 Diomede,
667 1150 757 1191 quod
761 1149 835 1191 filii
848 1150 922 1190 ejus
935 1158 1080 1191 reanum
1095 1149 1173 1182 ade·

187 1199 327 1229 merant
350 1199 474 1236 OEneo,
489 1197 569 1230 Ach.
590 1200 662 1229 418.

150 1245 310 1282 Agrolera.
335 1243 415 1275 Vide
430 1245 542 1274 Diana.

149 1289 284 1330 Agyieus
302 1290 433 1331 Apollo,
449 1290 656 1331 quadratus,
677 1291 808 1323 Thesm.
824 1293 894 1322 489.
914 1289 994 1322 Vide
1007 1290 1128 1330 Apollo.

149 1336 324 1377 Agyrrhius
336 1361 345 1376 ,
360 1336 449 1377 prius
466 1337 580 1369 mulier
592 1361 602 1374 ‚
620 1337 679 1368 sub
696 1337 845 1368 Pronomi
861 1337 959 1368 barba
974 1340 1108 1368 cunctos
1126 1337 1172 1369 fe·

189 1382 286 1422 seuit,
309 1386 341 1414 et
358 1391 523 1414 summurn
544 1383 577 1414 in
600 1383 761 1424 republica
778 1383 884 1414 locum
907 1383 1051 1422 obtinet,
1077 1384 1169 1415 Eccl.

192 1431 364 1460 102-104,
380 1429 586 1470 Aqyrrhius,
605 1433 736 1461 natura
751 1431 984 1469 meticulosus,
996 1430 1170 1470 pathicus,

189 1473 264 1506 dur
285 1476 363 1506 erat
380 1476 418 1506 in
438 1474 560 1513 Lesbo;
582 1478 765 1515 poetarum
783 1476 969 1507 mercedem
989 1476 1170 1514 diminuit,

187 1523 324 1562 prim-us
337 1521 597 1553 ecclesiasticam
622 1522 809 1554 mercedem
827 1524 1021 1562 imperarit,
1041 1527 1108 1554 102.
1124 1522 1172 1555 Ob

189 1576 286 1608 quam
316 1576 435 1609 pravus
460 1568 557 1600 homo
584 1568 702 1600 dicitur
728 1570 774 1600 ib.
806 1572 861 1601 184
888 1578 938 1610 sq.
972 1569 1050 1601 Vide
1075 1569 1173 1609 infra

190 1614 360 1645 Archinus.
375 1615 550 1654 Agyrrhius
565 1614 607 1646 ob
624 1616 793 1655 pecuniam
810 1616 917 1655 pedit,
933 1618 1098 1647 nimirum
1120 1616 1170 1647 di-

189 1669 257 1699 ves,
281 1661 497 1701 luxuriosus,
520 1662 624 1701 edax,
650 1663 702 1693 vel
721 1663 906 1702 pathicus;
924 1665 1174 1703 perstrinqitur

188 1708 295 1738 etiam
316 1709 358 1739 ut
379 1707 572 1747 impudens,
596 1711 630 1739 et
645 1708 771 1739 mollis.
787 1711 912 1740 Recens
925 1709 1029 1740 schol.
1040 1717 1173 1749 paupe-

188 1761 262 1784 rem
277 1753 388 1785 tradit
403 1754 640 1794 etpathicum,
654 1755 709 1786 Pl.
733 1758 800 1786 176.

1272 1473 1400 1502 victrix
1421 1469 1579 1508 inludis,
1605 1472 1686 1509 Ara.
1714 1469 1803 1500 Nub.
1824 1471 1875 1500 II.
1904 1469 2144 1501 Alcmoeonidce
2169 1471 2255 1502 bello

1273 1519 1395 1548 contra
1429 1518 1596 1556 Hippiam
1629 1517 1662 1546 et
1694 1514 1947 1545 Pisistratidas
1969 1518 2123 1555 suscepto
2140 1518 2255 1557 Lipsy-

1273 1563 1390 1594 drium
1418 1571 1519 1594 muro
1529 1561 1739 1602 firmabant,
1759 1563 1836 1600 Lys.
1853 1565 1922 1592 665.
1947 1562 2153 1601 Delphicum
2175 1566 2254 1594 tem·

1272 1610 1369 1650 plum
1383 1609 1595 1641 condendum
1611 1608 1830 1645 locaverunt,
1846 1609 1924 1647 Lys.
1943 1612 2032 1639 1158.

1232 1656 1393 1695 Alcmena,
1414 1659 1516 1686 mater
1532 1654 1697 1693 HerculiS,
1713 1657 1800 1685 Ran.
1819 1658 1890 1691 531,
1907 1658 1978 1686 582.
1996 1655 2154 1686 Alcmena}
2172 1655 2251 1695 (plu-

1274 1703 1358 1741 rali),
1374 1706 1432 1734 Av.
1452 1705 1523 1733 558.
1541 1702 1698 1733 Alcmene
1711 1703 1745 1731 in
1758 1702 1928 1740 Licymnia
1942 1702 2101 1732 Xenoclis
2117 1704 2253 1741 t1·u9ici,

1273 1750 1363 1782 Nub.
1382 1752 1471 1781 1264.
1487 1749 1642 1780 Alcmene
1655 1755 1733 1778 cum
1747 1747 1956 1786 Heraclidis,
1976 1748 2030 1778 Pl.
2050 1751 2121 1779 385.

152 1798 239 1838 Aiax.
263 1800 307 1830 Τὸ
324 1801 482 1840 συγκλινὲς
504 1800 552 1831 ἐπ’
570 1801 689 1840 Αἴαντι,
713 1801 875 1840 AEschylus
895 1801 1060 1839 Thressis,
1084 1804 1171 1832 Ran.
1232 1796 1459 1837 Alcyonitides
1473 1795 1545 1827 dies
1562 1797 1597 1825 14
1605 1802 1672 1834 per
1685 1801 1836 1831 annum,
1850 1793 2001 1833 placidoe
2018 1795 2052 1824 in
2069 1797 2180 1834 mari,
2197 1797 2254 1826 Ac.

194 1847 282 1877 1294.
299 1848 350 1877 De
364 1847 478 1886 Ajacis
501 1848 535 1878 et
561 1847 689 1886 Ulyssis
712 1849 840 1878 virtute
864 1848 901 1877 in
919 1855 1036 1887 parva
1059 1846 1174 1879 Iliade
1199 1856 1204 1889 ,ἰ

1275 1848 1345 1875 250.
1370 1842 1449 1875 Vide
1462 1841 1646 1873 Alcedonia.

182 1891 350 1931 judicant
364 1896 511 1934 virqines
530 1895 702 1934 Trojanoe,
719 1896 782 1936 Eq.
805 1898 893 1926 1056.
909 1896 1024 1935 AJacis
1038 1897 1174 1927 scutum
1200 1901 1202 1903 ’
1232 1891 1417 1922 Aleatores.
1438 1891 1568 1920 Eorum
1584 1896 1654 1918 mos
1670 1886 1877 1918 numerandi
1890 1889 2044 1926 puncta,
2060 1890 2144 1920 Ran-
2167 1892 2254 1921 1400.

189 1939 382 1980 ἑπταὸόειον,
400 1943 489 1972 Ran.
511 1944 601 1973 1017.

149 1985 248 2021 Ἀἱδος
263 1991 352 2025 κυνῆ.
375 1986 454 2018 Vide
467 1988 542 2018 Orci
555 1987 655 2027 galea.

152 2031 366 2073 Alabastrum,
380 2033 558 2065 vasculum
575 2042 619 2065 ex
634 2042 700 2075 quo
712 2035 896 2074 unquntur
913 2035 1075 2073 convince,
1091 2033 1171 2066 Ach.

194 2081 286 2110 1053.

152 2124 285 2164 Alauda,
299 2127 404 2156 terroe
413 2133 517 2157 sacra
529 2127 616 2163 avis,
632 2127 691 2157 Av.
708 2125 786 2156 471.“

152 2171 275 2203 Alcaeus
287 2171 432 2210 Lesbius,
446 2171 563 2210 mollis,
582 2171 712 2203 Thesm.
733 2175 786 2202 161
801 2181 850 2213 sq.
867 2171 916 2203 Ad
929 2172 1002 2210 ejus
1015 2173 1173 2203 carmina

190 2219 298 2250 etiam
313 2218 406 2249 alias
421 2218 815 2258 respicitAristophanes
827 2230 837 2249 :
851 2226 960 2258 quare
967 2218 1067 2257 salso
1082 2218 1174 2249 dizit

192 2265 365 2306 Didymus
378 2266 452 2305 ejus
465 2267 623 2297 carmina
638 2274 704 2296 non
723 2266 908 2297 ἐπιπολάσαι
922 2290 930 2304 ,
953 2265 1011 2296 sed
1024 2265 1116 2298 alius
1133 2268 1175 2296 ci·

194 2311 346 2345 tharoedi
367 2312 485 2350 Alcoei,
509 2311 551 2343 de
574 2320 640 2352 quo
663 2312 806 2351 Eupolis
824 2322 833 2342 :
852 2324 866 2337 u
883 2312 993 2343 Alcoee
1015 2311 1175 2342 Siceliota

1273 1937 1391 1969 Multa
1408 1935 1656 1975 afficiebantur
1672 1933 1822 1971 Athenis,
1840 1934 1932 1964 Eccl.
1949 1936 2020 1965 672.

1198 1981 1204 2031 l
1233 1984 1357 2022 Aletes,
1375 1990 1556 2022 coqnomen
1574 1980 1711 2012 Bacidis
1728 1979 1885 2018 Arcadis,
1903 1982 1987 2011 Pac.
2010 1983 2100 2012 1071.

1233 2029 1421 2061 Alexander.
1446 2028 1524 2060 i'ide
1536 2027 1637 2058 Paris.

1200 2049 1204 2103 l
1232 2076 1429 2109 Alexander
1476 2075 1617 2107 Macedo
1659 2075 1921 2104 monumentum
1954 2073 2145 2114 Bucephali
2180 2078 2256 2116 equi

1272 2125 1403 2155 mortui
1419 2122 1573 2154 condidit
1584 2121 1703 2153 urbem
1716 2120 1986 2160 Bucephaleam,
1998 2121 2088 2152 Ναὶ).
2102 2124 2151 2153 23.
2166 2124 2257 2153 Eum

1275 2173 1311 2201 in
1324 2173 1450 2202 Persas
1462 2170 1628 2200 comitata
1637 2168 1761 2207 fertur
1779 2169 1806 2198 T
1806 2167 1981 2206 imandra‚
1997 2168 2052 2199 Pl.
2071 2171 2127 2199 179
2141 2170 2174 2199 et
2187 2171 2255 2199 not.

1234 2217 1429 2249 Alexander
1442 2216 1590 2253 AEtolus,
1609 2214 1804 2254 impellente
1817 2214 2003 2246 Ptolemaeo
2013 2214 2254 2255 Philadelpho,

1274 2266 1402 2295 veteres
1420 2262 1608 2301 traqoedias
1625 2263 1658 2292 et
1679 2262 1833 2300 satyrica
1851 2260 2015 2292 dramata
2035 2261 2258 2293 Alexandriae

1275 2311 1467 2352 διώρθωσεν,
1487 2308 1582 2340 Prol.
1601 2309 1672 2346 IX,
1690 2316 1725 2346 a,
1746 2309 1782 2338 14
1799 2315 1885 2347 sqq„
1904 2310 1955 2346 35,
1972 2315 2009 2347 p.
2028 2309 2140 2346 XIX;
2156 2309 2200 2346 X,
2221 2317 2255 2347 α,

192 2360 434 2400 Peloponnesie
447 2371 478 2397 ι»,
496 2362 563 2390 162.
579 2358 675 2389 ΑΙαῬὶ
688 2358 836 2397 scolium,
841 2357 898 2397 fr.
918 2362 946 2389 2.

152 2407 286 2439 Alcoeus
303 2405 446 2447 archon,
464 2405 555 2436 Nub.
575 2407 647 2443 549,
663 2406 745 2437 Pac.
761 2407 841 2444 Arq.
858 2406 888 2442 Ῑ,
904 2407 977 2443 466,
1000 2406 1071 2436 990.

154 2452 335 2491 Alcander,
344 2451 447 2492 filius
463 2451 667 2491 Trophonii,
683 2451 774 2483 Nub.
794 2454 865 2482 508.

154 2499 338 2538 Meamne,
362 2500 476 2530 mater
496 2499 686 2530 Pausaniae
707 2492 796 2538 reyis
819 2496 1174 2537 Lacedaemoniorum,
1204 2504 1207 2533 i

194 2548 226 2578 E
252 2569 259 2575 .
277 2547 327 2578 84.
1204 2539 1207 2573 l

155 2555 339 2631 Alcaqthus,
361 2591 498 2632 Pelopis
511 2590 633 2631 filius,
663 2590 761 2631 apud
788 2593 1003 2631 Meqarenses
1037 2599 1179 2630 aqonem
1204 2576 1208 2658 i

193 2640 348 2670 instituit
366 2639 403 2669 in
417 2637 579 2669 honorem
596 2638 738 2676 Dioclis,
761 2638 842 2669 Ach.
859 2639 930 2668 774.

154 2685 333 2725 Alcedines,
356 2685 400 2717 ab
417 2694 528 2717 uxore
551 2686 663 2725 Ceycis
688 2685 951 2717 Trachiniorum
975 2685 1076 2723 reqis,
1100 2692 1179 2724 quoe

195 2733 262 2763 viri
273 2732 420 2763 demersi
434 2732 533 2764 luctu
544 2740 580 2763 se
592 2731 804 2770 macerabat,
823 2733 858 2762 in
872 2738 969 2762 ave-m
984 2732 1123 2761 mutata
1136 2730 1179 2761 ab

195 2780 277 2810 Jove
291 2781 493 2818 miserante,
513 2781 571 2811 Av.
590 2783 662 2811 250.
677 2778 851 2811 Alcedines
864 2786 960 2809 senes
978 2786 1092 2809 mares
1099 2786 1181 2818 por·

199 2827 276 2857 tant
285 2827 322 2856 in
337 2826 418 2864 alis,
431 2828 491 2858 Av.
508 2829 579 2858 299.
596 2825 762 2857 Alcedines
779 2825 866 2856 canit
881 2824 1041 2864 AEschylus
1059 2823 1179 2864 Euripi-

197 2871 258 2903 deo
272 2871 370 2903 modo
395 2873 431 2903 in
446 2874 550 2904 Ranis
565 2875 779 2904 1309—1312.
799 2871 975 2903 Fabulosa
992 2870 1033 2901 de
1047 2872 1088 2901 iis
1100 2879 1180 2901 nar-

198 2920 260 2950 rat
275 2918 382 2950 schol.
401 2921 493 2950 1309.

160 2964 351 3003 Alcedonia,
369 2963 558 2995 secundum
570 2965 754 2996 nonnullos
767 2965 894 3004 septem
903 2962 981 3001 ,dies
997 2962 1177 3002 hiemales,

199 3013 259 3042 Av.
278 3012 368 3042 1594.
388 3009 468 3041 Vide
479 3013 568 3042 Ran.
588 3013 666 3042 1309
680 3012 714 3041 et
724 3009 965 3049 Alcyonitides.

159 3057 301 3090 Alcestis
311 3064 390 3087 cum
397 3055 537 3087 Admeto
546 3058 579 3087 et
589 3058 623 3087 H
625 3058 744 3096 ippaso
755 3055 828 3092 filio
838 3055 885 3087 ad
896 3055 1060 3086 Theseum
1065 3053 1148 3094 suqi
1153 3055 1178 3093 t,

205 3104 298 3143 Vesp.
317 3105 406 3133 1239.
425 3103 604 3134 Mortuam
616 3110 680 3141 pro
694 3104 820 3133 marito
832 3101 878 3133 ad
892 3109 1032 3141 superos
1048 3100 1181 3132 dimisit

201 3152 428 3190 Proserpina,
456 3149 551 3190 apud
577 3149 780 3190 Euripidem
803 3149 966 3182 Hercules
994 3157 1072 3180 cum
1096 3151 1180 3180 Orco

201 3199 350 3235 certans,
365 3195 447 3228 ibid.

1235 2359 1427 2435 Alleafggdri
1449 2401 1488 2441 (?)
1501 2400 1634 2432 dictum
1651 2398 1852 2438 ridiculum,
1876 2399 2006 2431 Thesm.
2025 2403 2096 2431 682.

1235 2448 1486 2482 Alexandrinoe
1503 2447 1714 2478 bibliothecae
1730 2445 1821 2484 duce,
1840 2454 1863 2477 a
1880 2446 2063 2477 Ptolemoeo
2077 2446 2257 2478 Philadel-

1275 2496 1343 2536 pho
1365 2497 1583 2535 potissmium
1601 2494 1765 2524 Demetrii
1787 2491 1948 2523 Phalerei
1971 2494 2004 2523 et
2027 2493 2179 2523 aliorum
2203 2492 2257 2523 do-

1277 2545 1407 2574 ctorum
1427 2549 1530 2581 opera
1548 2540 1803 2579 collectoe,quot
1818 2539 1992 2569 columina
2006 2540 2240 2570 continuerint
2246 2551 2258 2577 ;

1279 2596 1426 2630 quorum
1441 2590 1595 2618 virorum
1612 2594 1699 2617 cura
1719 2585 1981 2616 administrata.²
1992 2608 2002 2624 ,
2015 2586 2111 2616 Prot.
2128 2587 2201 2624 IX,
2217 2594 2258 2624 a,

1281 2639 1317 2668 18
1332 2643 1454 2676 sqq.p.
1471 2635 1581 2672 XIX;
1597 2635 1638 2672 X,
1652 2641 1687 2671 a,
1705 2636 1740 2664 12
1754 2641 1825 2672 sqq.

1237 2685 1419 2722 Alexenor‚
1434 2682 1529 2721 tilius
1547 2682 1740 2721 AEsculapii
1756 2683 1790 2712 et
1809 2681 2007 2720 Lampetioe,
2021 2681 2074 2711 Pl.
2088 2684 2158 2712 701.

1238 2732 1352 2764 Alexis
1364 2755 1373 2770 ‚
1383 2732 1489 2771 poeta
1502 2731 1648 2760 comicus
1663 2739 1672 2759 ;
1687 2735 1763 2758 cum
1779 2735 1815 2758 eo
1837 2727 1987 2757 multum
2005 2730 2176 2759 consuerit
2192 2730 2260 2759 Me-

1279 2777 1413 2810 nander
1426 2778 1458 2807 et
1473 2776 1516 2808 ab
1532 2783 1568 2806 eo
1583 2775 1764 2805 institutus
1779 2773 1920 2810 dicitur,
1940 2773 2033 2803 Prot.
2049 2775 2121 2811 ΙΙΙ,
2137 2777 2185 2805 80.

1238 2826 1359 2857 Alimus
1367 2831 1482 2864 paqus
1497 2821 1667 2853 Leontidis
1687 2820 1809 2858 tribus,
1825 2823 1882 2850 An.
1898 2822 1969 2851 496.

1238 2873 1397 2913 Ἀλιτήριοι
1413 2869 1504 2901 unde
1520 2869 1615 2906 dicti,
1634 2870 1697 2907 Eq.
1716 2870 1787 2898 445.

1239 2919 1370 2957 Allium,
1386 2918 1491 2955 Θὺμος,
1509 2914 1742 2954 ἀγριοκρὸμυον,
1754 2920 1951 2952 pauperum
1968 2913 2003 2942 in
2020 2914 2133 2944 Attica
2150 2913 2256 2952 cibus,

1278 2966 1334 2998 Pl.
1354 2966 1427 3002 253,
1448 2966 1528 3000 283,-
1544 2963 1621 2991 item
1637 2960 1784 3000 σκόροδα,
1799 2958 1841 2989 ib.
1860 2961 1930 2989 818.
1947 2958 2035 2989 Atlio
2054 2960 2258 2991 vescentibus

1281 3013 1438 3044 lacrimoe
1465 3009 1683 3045 oboriuntur,
1701 3008 1784 3036 Pac.
1812 3006 1883 3035 249.
1910 3004 1990 3034 Allia
2009 3005 2258 3044 proebebantur

1279 3059 1383 3099 yallis
1406 3055 1452 3088 ad
1467 3061 1623 3095 puqnam
1641 3052 1898 3092 promes-suris,
1929 3052 1970 3082 ut
1991 3052 2256 3091 incalescerent,

1280 3105 1359 3136 Ach.
1381 3107 1450 3141 165,
1468 3103 1530 3141 Eq.
1547 3101 1620 3130 494.

1238 3150 1469 3189 'inhibe-‘rpem
1483 3145 1579 3186 quid,
1608 3146 1685 3175 Pac.
1705 3145 1777 3180 943,
1796 3145 1869 3173 Ran
1899 3144 1988 3173 1264.

1238 3198 1348 3236 Alopae
1363 3193 1534 3235 (plurali),
1551 3194 1608 3222 Αυ.
1634 3193 1704 3221 559.
1722 3189 1824 3228 Alope
1838 3191 2018 3229 Cercyonis
2021 3189 2116 3229 filia,
2131 3198 2175 3222 ex
2187 3199 2256 3232 qua

163 3243 340 3276 Alcibiades
353 3267 362 3282 ,
377 3242 488 3275 Cliniae
510 3241 595 3274 filius
607 3266 616 3282 ,
632 3245 673 3274 ut
696 3243 898 3274 libidinosus
914 3243 1178 3282 perstrinqitur,
1280 3243 1463 3282 Neptunus
1477 3239 1594 3278 yenuit
1610 3235 1911 3276 Hippothoontem,
1927 3235 2008 3266 ibid.

202 3290 284 3324 Ach.
309 3292 380 3321 716.
402 3288 582 3320 Alcibiades
603 3290 653 3320 ἐπὶ
676 3289 834 3326 Φαληνίου
856 3292 952 3319 natus
975 3288 1140 3327 (fingitur,
1164 3297 1182 3319 a
1240 3288 1448 3329 Alopecensis
1466 3282 1675 3323 Thucydides
1689 3282 1832 3320 Melesii,
1848 3283 1940 3322 Vesp.
1957 3285 2027 3314 947.

203 3337 331 3378 φάλητι,
351 3336 428 3376 quia
446 3335 658 3376 ἐπασχητία),
677 3336 830 3376 Triphal.
849 3344 881 3375 p.
901 3338 972 3372 508,
989 3343 1018 3366 a.
1037 3336 1183 3367 Amabat
1241 3335 1390 3375 Alpheus.
1409 3331 1563 3371 Alpheum
1580 3329 1703 3369 spirans
1718 3336 1839 3367 cursor,
1863 3336 1906 3360 ex
1921 3328 2092 3367 Pindaro,
2105 3328 2202 3360 velox
2215 3330 2255 3359 u!

204 3382 403 3415 Simoetham
418 3383 631 3421 Meqaricam
643 3384 853 3413 meretricem
864 3404 874 3420 ,
893 3382 992 3421 cujus
1005 3381 1183 3421 rapiendae
1284 3378 1429 3420 rapidus
1434 3377 1582 3418 fluvius,
1598 3378 1653 3407 Ar.
1672 3378 1760 3405 1121.
