2533 3808
245 239 315 272 156

291 331 355 356 925.
388 314 437 364 (τὸ
463 317 579 363 σκῖρον
606 306 805 352 ἐξεδήδοκεν
829 316 838 342 :
858 302 984 353 Σκῖρον
1010 299 1049 337 τὸ
1072 298 1223 352 ῥυπῶδες
1242 295 1281 334 τὸ

240 375 296 413 ἐπὶ
313 376 380 410 τῶν
397 372 521 419 τυρῶν,
539 371 584 409 ὡς
602 365 758 404 Εὔπολις
777 362 908 412 Χρυσῷ
927 359 1018 410 γένει
1036 376 1050 390 α
1072 355 1190 398 λοιπὸς
1208 353 1276 406 γὰρ

242 451 256 466 a
277 429 396 472 οὐδείς.
415 425 577 479 τροφαλὶς
598 422 709 468 ἐκείνη
731 421 781 472 ἐφ’
803 418 894 469 1ὕδωρ
918 416 1048 468 βαδίζει
1069 419 1186 467 σκῖρον
1203 415 1278 462 ἠμ-

241 508 255 523 «
277 486 456 541 φιεσμένη.
484 503 497 517 n
526 481 594 519 ἀπὸ
620 478 741 518 τούτου
771 477 830 516 καὶ
859 475 903 513 τὰ
931 474 1009 513 λίαν
1034 470 1279 525 προσεχόμενα

206 554 222 578 5
240 547 483 597 ἐνεσκιρῶσθαι
499 539 664 590 λέγεται.)

297 605 388 653 (926).
419 599 495 650 ἐμοὶ
510 597 545 635 δέ
558 598 588 648 γ’
605 598 666 634 οὒκ
682 594 752 649 ἔστ’
770 607 779 632 :
795 591 880 631 “On
893 590 1031 641 λέγεται
1048 588 1107 626 καὶ
1123 590 1167 638 γῆ
1185 601 1281 638 σκιρ-

243 660 319 714 ρὰς,
335 657 440 703 λευκή
458 672 508 699 τις
529 657 590 706 [ὥς
605 654 745 706 γύψος],
765 651 825 689 καὶ
842 651 965 696 Ἀθηνᾶ
983 645 1152 707 ἓκιρρὰς,
1170 644 1221 683 ὅτι
1238 646 1280 695 τῇ

240 712 346 768 λευκῇ
376 715 524 768 χρίεται.
554 713 637 765 πρὸς
661 710 724 757 τὴν
752 708 954 760 ὁμωνυμίαν
985 710 1053 743 οὐν.
1136 703 1280 745 Ἄλλως.

242 775 317 826 ἐμοὶ
338 774 373 811 δέ
385 789 424 824 γε
441 774 502 809 οὐκ
519 770 624 817 ἔστιν,
640 763 709 807 οἷον
728 767 841 805 οὐκέτι
859 766 929 817 ἔχω
943 763 1019 802 οὐδὲ
1033 762 1207 801 ἐκπλάσαι
1221 760 1282 806 τὴν

192 840 224 864 10
242 833 359 885 ὑδρίαν
378 833 416 869 ἐκ
434 834 495 875 τῆς
515 828 693 873 λατύπης,
709 825 799 863 ἀλλὰ
815 831 914 862 πᾶσα
932 823 1122 860 ἀνάλωται.
1144 818 1283 857 εἷώθασι

243 890 279 928 δὲ
304 890 348 928 τὰ
376 890 538 941 ῥήγματα
564 889 630 923 τῶν
658 886 781 936 ὑδριῶν
803 886 845 935 τῇ
870 880 1012 932 λατύπῃ
1043 878 1280 917 διαπλάττειν.

244 947 344 999 ὑδρία
371 946 406 984 δὲ
433 946 472 983 τὸ
505 947 640 995 ἀγγεῖον
670 939 1003 993 ἷωτογραφούμενον,
1030 936 1147 989 ὑδρεία
1174 934 1210 972 δὲ
1245 934 1284 971 τὸ

244 1005 444 1058 ὑδρεύεσθαι
462 1003 518 1041 διὰ
535 1000 728 1055 διφθόγγου.

297 1077 362 1102 927.
397 1064 445 1113 (οὐ
465 1061 532 1113 γὰρ
551 1060 591 1097 ἅν
611 1074 694 1096 ποτε
714 1056 848 1109 τρέφειν
868 1055 996 1092 δύναιτ’
1018 1053 1058 1090 ἄν
1083 1065 1091 1091 t
1111 1050 1201 1090 Ἀντὶ
1226 1053 1284 1087 τοῦ

246 1116 293 1164 εἷς
309 1115 398 1163 οἶκος
417 1121 454 1157 οὐ
476 1118 620 1155 δύναται
638 1115 773 1167 τρέφειν
793 1113 870 1156 τοὺς
888 1112 946 1150 δύο
965 1110 1082 1152 κύνας.
1102 1108 1236 1160 εἴρηται
1251 1106 1285 1144 δὲ

249 1178 345 1230 παρὰ
355 1178 416 1224 τὴν
428 1175 634 1228 παροιμίαν,
649 1173 711 1224 μία
722 1172 838 1223 λόχμη
851 1170 908 1208 δύο
923 1168 1098 1221 ἐριθάκους
1108 1169 1145 1204 οὖ
1157 1165 1284 1218 τρέφει.

245 1235 391 1279 Ἄλλως.
407 1234 601 1286 παροιμία,
620 1234 657 1270 οὐ
674 1230 790 1283 τρέφει
809 1229 872 1279 μία
886 1227 1003 1279 λόχμη
1020 1226 1080 1264 δύο
1097 1224 1285 1278 ἐριθάκους.

247 1293 372 1332 ἔστιδὲ
392 1293 506 1345 ὄρνεον
531 1291 596 1328 ὑπὸ
617 1289 677 1340 μέν
698 1304 798 1326 τινων
821 1286 1034 1336 καλούμενον
1056 1281 1200 1336 ἐριθεὺς,
1221 1281 1288 1318 ὑπὸ

247 1351 283 1389 δὲ
304 1351 427 1403 ἑτέρων
449 1350 614 1402 ἐρίθυλος,
632 1346 698 1384 ὑπὸ
715 1349 782 1384 τῶν
802 1345 969 1382 πλειόνων
988 1342 1172 1394 ἐρίθακος.)

299 1423 364 1448 930.
399 1410 448 1458 (οὐ
468 1406 704 1456 κεκλάγξομαι
722 1417 730 1442 :
750 1402 847 1449 Ἐὰν,
863 1401 967 1454 φησὶ,
987 1399 1035 1450 μὴ
1052 1396 1288 1447 καταδικάσης

249 1466 363 1513 αὐτὸν,
392 1464 506 1503 οὐκέτι
535 1462 735 1515 κραυγάσω.
763 1460 818 1499 διὰ
846 1459 913 1512 γὰρ
942 1462 1003 1505 τῆς
1032 1460 1114 1509 βοῆς
1142 1458 1172 1493 οἳ
1192 1454 1288 1496 κύνες

249 1526 481 1578 φρουροῦσιν.)

301 1595 365 1620 933.
399 1579 563 1629 (κλέπτον
576 1578 615 1616 τὸ
625 1581 749 1630 χρῆμα
762 1591 771 1616 :
784 1576 875 1616 Ἀντὶ
886 1580 945 1613 τοῦ
957 1572 1154 1613 κλεπτικόν.
1171 1570 1289 1614 ἔπαιξε

249 1639 297 1679 δέ.
315 1638 336 1685 ἢ
359 1641 392 1676 ἐν
410 1637 579 1690 κωμῳδίᾳ
596 1636 730 1690 εἴρηται
750 1634 893 1687 τάνδρὸς
911 1634 971 1672 καὶ
987 1635 1024 1671 οὖ
1045 1630 1167 1681 κυνός.)

301 1710 364 1734 934.
397 1689 437 1745 (ὦ
452 1694 636 1747 ’λεκτρυών
653 1708 661 1733 ;
678 1693 906 1745 εΥ’ττ.’-·Ῐρκειται
919 1691 985 1744 γὰρ
997 1695 1054 1728 τοῦ
1068 1687 1290 1740 δικαστηρίου

250 1756 355 1792 αὐτοῦ
376 1752 587 1805 ἀλεκτρυὼν,
608 1754 653 1795 ὡς
672 1754 706 1789 ἐν
726 1754 795 1794 τοῖς
818 1751 889 1787 ἅνω
912 1749 1096 1795 ἐδήλωσεν.
1118 1744 1291 1796 καταμύει

195 1136 227 1159 Ιῖ)

195 1422 230 1447 20

196 1708 230 1732 25

251 1812 287 1850 δὲ
307 1811 469 1851 ἐπινεύει.
492 1812 639 1863 οὐρῆσαι
657 1810 692 1847 δὲ
711 1809 816 1847 θέλων
832 1807 940 1857 ἀμίδα
957 1808 1068 1856 αἰτεῖ.)

305 1885 369 1910 936.
405 1869 494 1920 (τοὺς
524 1869 701 1921 μάρτυρας
720 1867 786 1920 γάρ
814 1880 822 1905 1
848 1864 947 1904 εὈσα
968 1867 1001 1902 ἐν
1027 1867 1077 1917 τῷ
1106 1861 1292 1914 μαγειρείῳ

253 1928 419 1980 τυγχάνει
437 1929 598 1980 ἐργαλεῖα
609 1956 617 1972 ,
638 1930 698 1963 τοῦ
715 1924 847 1976 γελοίου
864 1923 966 1975 χάριν
986 1922 1063 1966 ἄξαι
1081 1921 1164 1973 φησὶ
1180 1924 1292 1957 ταῦτα

199 1994 234 2019 30
253 1989 298 2030 εἷς
315 1986 507 2039 μαρτυρίαν
523 1987 640 2024 αὐτοῦ.
657 1984 716 2022 καὶ
733 1983 784 2038 δτι
799 1985 832 2020 ἐν
850 1985 899 2034 τῷ
917 1980 1103 2033 μαγειρείῳ
1119 1978 1260 2032 ἡρπάγη
1276 1981 1293 2016 6

252 2044 374 2097 τυρός.)

306 2116 370 2141 939.
404 2100 690 2154 προσκεκαυμένα
710 2113 718 2139 :
736 2099 794 2138 Τὰ
811 2100 858 2142 εἰς
876 2097 914 2135 τὸ
928 2096 1087 2135 καίεσθαι
1101 2094 1292 2140 ἐπιτήδεια.

260 2167 344 2197 Vict-

308 2231 371 2255 941.
406 2210 488 2267 (οἶμ’
503 2215 570 2267 ἐγὼ
585 2217 763 2267 χεσεῖσθαι
784 2229 791 2253 ;
808 2213 902 2266 Πρὸς
916 2212 953 2250 τὸ
967 2214 1112 2264 οὐρῆσαι
1128 2210 1295 2262 ἐπήνεγκε

254 2275 292 2313 τὸ
307 2276 485 2327 χεσεῖσθαι
498 2274 635 2320 ποιήσω
646 2274 703 2311 τὸν
719 2273 881 2319 Λάὸητα.
897 2273 942 2314 ὡς
956 2270 1127 2322 φιλόδικος
1144 2269 1178 2307 δὲ
1196 2271 1295 2306 ἀπεῖ-

254 2335 307 2371 λεῗ
325 2332 559 2370 καταδικάσαι
579 2331 709 2381 αὐτόν.)

307 2405 371 2430 943.
405 2391 493 2440 (ἀλλ’
513 2389 592 2433 ὀδὰξ
619 2389 691 2440 ἔχει
715 2403 723 2427 :
754 2383 837 2427 Οῗον
859 2385 955 2425 οὐδὲν
986 2385 1186 2438 φθέγγεται,
1205 2383 1297 2422 ἀλλὰ

256 2449 332 2492 τοὺς
368 2448 508 2491 ὀδόντας
537 2450 706 2494 δηκτικῶς
737 2446 879 2496 κατέχει
907 2448 924 2482 6
960 2444 1065 2482 κύων.
1149 2441 1294 2486 Ἄλλως.

258 2506 491 2558 διασπαράξαι
511 2505 626 2556 βούλει
642 2510 710 2547 τοῖς
731 2505 845 2541 ὀδοῦσι
862 2503 919 2541 τὸν
939 2501 1025 2539 κύνα
1037 2532 1047 2549 ,
1063 2501 1106 2538 ἵν’
1127 2495 1149 2552 ᾗ
1168 2500 1207 2538 τὸ
1224 2500 1297 2551 ἔχει

206 2577 242 2601 40
259 2565 415 2616 δευτέρου
436 2562 622 2615 προσώπου
642 2563 820 2610 Ἀττικοῦ.)

952 2617 1183 2667 (Θουκυδίδην
1207 2616 1298 2666 λέγει

258 2682 316 2719 τὸν
334 2680 524 2730 Μελησίου)
545 2678 834 2732 [Ἀλωπεκῆθεν]
854 2681 973 2714 τοῦτον
990 2676 1024 2713 δὲ
1042 2675 1297 2727 ἐξωστράκισαν

310 2637 372 2662 947.
404 2621 488 2674 ὅπερ
511 2621 594 2659 ποτὲ
618 2621 750 2673 φεύγων
770 2619 895 2656 ἔπαθεν
918 2632 926 2657 :

260 2740 431 2786 Ἀθηναῖοι
454 2738 496 2775 τὰ
522 2738 541 2775 ι’
565 2737 623 2784 ἔτη
651 2735 741 2774 κατὰ
762 2736 820 2773 τὸν
843 2735 957 2785 νόμον·
981 2735 1036 2784 (οὐ
1058 2733 1148 2777 ξένον
1173 2732 1227 2777 δὲ,
1247 2731 1299 2769 ὅτι

261 2797 400 2849 ἑτέρωθι
415 2795 476 2847 μὲν
492 2794 763 2847 ἐξωστρακίσθαι
779 2793 881 2846 φησὶν
898 2792 1015 2842 αὐτὸν,
1029 2795 1087 2829 νῦν
1103 2791 1136 2828 δὲ
1152 2790 1298 2843 φεύγειν.

208 2869 242 2894 45
261 2850 348 2898 εἶδος
364 2854 430 2907 γάρ
444 2870 477 2892 τι
494 2857 602 2906 φυγῆς
619 2856 710 2891 ἐστιν
723 2856 739 2890 6
753 2850 995 2904 ὀστρακισμός.
1015 2852 1049 2887 ἐν
1061 2849 1096 2887 δὲ
1110 2850 1178 2892 τοῖς
1196 2848 1300 2886 εἴδεσι

261 2913 461 2966 περιέχεται
480 2912 524 2949 τὰ
541 2911 634 2963 γένη.
653 2911 712 2948 καὶ
728 2911 766 2948 τὸ
789 2909 850 2960 μὲν
872 2907 1145 2961 ἐξωστρακίσθαι
1164 2906 1299 2959 φεύγειν

262 2971 302 3008 ἄν
321 2987 371 3013 τις
392 2969 530 3013 εἰκότως
547 2970 654 3016 ε’ίποι,
675 2969 713 3007 τὸ
737 2969 772 3006 δὲ
794 2967 929 3021 φεύγειν
953 2966 1067 3004 οὐκέτι
1092 2963 1301 3017 ἐξωστρακί-

263 3030 367 3077 σθαι.)
392 3027 543 3079 διαφέρει
566 3027 633 3078 γὰρ
654 3026 744 3080 φυγὴ
768 3028 1025 3078 ὀστρακισμοῧ,
1046 3023 1132 3061 καθὸ
1151 3026 1219 3060 τῶν
1238 3021 1300 3072 μὲν

264 3085 455 3138 φευγόντων
483 3087 518 3122 αἱ
541 3085 653 3122 οὐσίαι
677 3084 905 3134 δημεύονται,
932 3085 999 3120 τῶν
1021 3082 1056 3119 δὲ
1076 3082 1300 3133 ὀστρακισμῷ

213 3155 247 3179 50
266 3142 510 3193 μεταστάντων
533 3142 645 3180 οὐκέτι
670 3143 796 3195 (κύριος
812 3145 829 3179 6
849 3143 967 3191 δῆμος.
989 3140 1049 3178 καὶ
1073 3145 1141 3182 τοῖς
1160 3138 1222 3190 μὲν
1242 3141 1302 3178 καὶ

265 3200 365 3242 τόπος
381 3199 562 3237 ἀπεδίδοτο
582 3200 640 3237 καὶ
659 3200 796 3252 χρόνος,
817 3205 887 3241 τοῖς
907 3198 942 3236 δὲ
961 3197 1136 3249 οὐδέτερον
1156 3196 1300 3234 τούτων.

266 3256 318 3294 ὅτι
339 3256 373 3294 δὲ
397 3260 414 3294 6
440 3256 624 3302 Ἀθηναίων
649 3259 756 3307 δῆμος
781 3256 961 3309 ἀειφυγίαν
986 3257 1088 3293 αὐτοῦ
1112 3253 1303 3305 καταγνοὺς

267 3314 435 3364 ἐδήμευσε
448 3312 509 3359 τὴν
525 3314 655 3361 οὐσίαν,
671 3314 826 3366 καὶπρὸς
839 3312 1060 3366 Ἀρταξέρξην
1075 3308 1137 3359 ἧκε
1155 3313 1302 3364 φεύγων,

268 3371 376 3424 σαφὲς
386 3378 478 3410 ποιεῖ
492 3371 682 3422 Ἰδομενεὺς
697 3371 753 3409 διὰ
767 3375 825 3409 τοῦ
842 3372 873 3422 β’
889 3371 945 3408 τὸν
958 3370 1083 3423 τρόπον
1098 3374 1228 3416 τοῦτον,
1241 3387 1254 3402 «
1271 3371 1302 3406 οἱ
1334 3391 1335 3398 1

996 210 1251 251 SCHOLIA
1287 210 1341 248 IN
1377 209 1609 248 VESPAS.

1341 313 1355 329 «
1375 297 1491 346 μέντοι
1507 296 1678 342 Ἀθηναῖοι
1693 296 1798 333 αὐτοῦ
1809 295 1868 333 καὶ
1883 296 1999 346 γένους
2013 297 2194 349 ἀειφυγίαν
2208 298 2382 349 κατέγνω-

1309 400 1310 407 ¹
1340 371 1356 386 «
1374 369 1451 399 σαν,
1466 353 1683 406 προδιδόντος
1696 353 1758 399 τὴν
1776 354 1930 392 Ἑλλάδα
1942 385 1952 404 ,
1967 354 2025 392 καὶ
2039 357 2143 394 αὐτοῦ
2158 359 2180 402 ἡ
2198 356 2298 394 οὐσία
2310 358 2383 403 ἕδη·

1308 417 1310 455 ί
1340 430 1355 444 «
1378 411 1500 461 μεύθη.
1521 429 1535 444 »
1618 408 1763 455 Ἄλλως.
1783 413 1998 459 Θουκυδίδης
2017 414 2197 461 Μελησίου
2218 414 2290 458 υἱὸς
2310 417 2383 454 Πε-

1308 463 1311 529 Ξ
1342 471 1451 522 ρικλεῗ
1468 470 1844 520 ἀντιπολιτευσάμενος.
1859 470 2023 523 τέσσαρες
2040 471 2077 509 δέ
2093 475 2158 510 εἰσι
2172 473 2385 511 Θουκυδίδαι

1308 533 1312 572 Ι
1341 528 1531 574 Ἀθηναῖοι,
1549 527 1845 587 ὁωὶστοριογράφος
1856 529 1915 566 καὶ
1930 532 1946 566 6
1962 531 2175 582 Γαργήττιος
2188 531 2247 568 καὶ
2265 534 2282 568 6
2295 533 2384 570 Θετ-
2402 548 2419 571 5

1340 586 1442 629 ταλὸς
1462 586 1522 623 καὶ
1546 590 1642 628 οὗτος
1664 585 1777 637 ῥήτωρ
1801 586 1936 638 ἄριστος
1959 588 2153 639 τυγχάνων,
2175 589 2210 632 ὃς
2229 605 2386 640 κατηγο-

1312 670 1313 676 1
1344 644 1455 697 ρηθεὶς
1470 647 1503 682 ἐν
1519 646 1567 696 τῷ
1582 643 1731 688 δικάζειν
1746 646 1808 681 οὐκ
1821 644 1975 691 ἠδυνήθη
1991 647 2279 697 ἀπολογήσασθαι
2299 645 2386 698 ὑπὲρ

1342 706 1465 739 ἑαυτοῦ
1477 732 1486 749 ,
1509 702 1584 738 ἀλλ’
1603 701 1720 753 ὥσπερ
1742 701 2021 753 ἐγκατεχομένην
2037 703 2120 754 ἔσχε
2135 704 2197 749 τὴν
2215 706 2387 756 γλῶτταν,

1342 760 1401 798 καὶ
1423 759 1511 798 οὕτω
1529 759 1782 806 κατεδικάσθη,
1797 754 1870 796 εἶτα
1888 760 2158 812 ἐξωστρακίσθη.
2194 796 2196 798 ,
2240 761 2387 806 Ἄλλως.

1343 819 1427 871 πρὸς
1444 818 1506 864 τὴν
1527 817 1696 868 ἱστορίαν.
1720 817 1858 867 μήποτε
1878 820 1895 854 6
1913 819 2080 870 Περικλεῖ
2098 819 2386 858 ἀντιπολιτευσά-
2409 836 2442 860 10

1345 892 1455 927 μενος.
1476 881 1576 914 τοῦτο
1593 875 1628 913 δὲ
1650 875 1846 926 Φιλόχορος
1871 874 1932 926 μὲν
1954 878 2095 928 ἱστορεῖ.
2121 876 2156 920 ὃς
2176 878 2254 915 οὐδὲ
2274 877 2388 924 πάντη

1343 934 1513 987 γνώριμος
1530 934 1675 985 ἐγένετο·
1695 934 1771 971 ἀλλ’
1787 934 1864 971 οὐδὲ
1881 933 1978 986 παρὰ
1998 940 2068 978 τοῖς
2083 937 2266 985 κωμικοῖς,
2282 935 2338 973 διὰ
2351 936 2392 973 τὸ

1344 994 1397 1031 ἐπ’
1433 993 1545 1043 ὀλίγον
1582 991 1764 1043 στρατείας
1797 991 1984 1035 ἀξιωθέντα
2020 991 2109 1042 μετὰ
2143 993 2302 1037 Κλέωνος
2333 993 2392 1030 ἐπὶ

1345 1049 1489 1103 Θράκης
1513 1053 1603 1102 φυγῇ
1629 1051 1948 1101 καταψηφισθῆναι.
1978 1049 2060 1086 ἔνιοι
2079 1049 2133 1098 δὲ,
2157 1044 2204 1087 ὧν
2223 1050 2283 1088 καὶ
2303 1050 2392 1101 Ἀμ-

1347 1108 1470 1158 μώνιος
1495 1112 1553 1145 τοῦ
1581 1107 1781 1159 Στεφάνου,
1812 1108 1828 1123 *
1848 1108 1867 1126 ⁴¹
1887 1108 1905 1126 *
1923 1106 1983 1144 καὶ
2002 1112 2102 1145 τοῦτο
2128 1107 2164 1145 δὲ
2189 1108 2304 1146 ὑπίδοι
2321 1123 2391 1155 τις,

1346 1165 1462 1218 ὥσπερ
1489 1165 1705 1218 προείρηται.
1732 1168 1749 1203 6
1768 1165 1949 1215 γενόμενος
1974 1166 2209 1218 ὀστρακισμὸς
2235 1165 2393 1218 ἐμφαίνει

1346 1224 1403 1261 τὸν
1426 1224 1606 1269 Μελησίου
1624 1223 1683 1261 καὶ
1703 1223 1760 1260 τὸν
1778 1222 2063 1276 ὀστρακισθέντα.
2085 1223 2297 1274 Θεόπομπος
2314 1223 2394 1275 μέν·

1346 1298 1398 1319 τοι
1414 1285 1431 1319 6
1445 1282 1614 1333 ἱστορικὸς
1625 1281 1681 1318 τὸν
1701 1280 1898 1320 Πανταίνου
1916 1281 2018 1333 φησὶν
2045 1281 2394 1320 ἀντιπολιτεύσασθαι

1349 1342 1534 1392 Περικλεῖ,
1565 1340 1640 1377 ἀλλ’
1669 1340 1730 1376 οὐκ
1761 1338 1974 1391 Ἀνδροτίων,
2004 1339 2095 1377 ἀλλὰ
2122 1341 2182 1378 καὶ
2207 1340 2308 1384 αὐτὸς
2335 1340 2393 1378 τὸν

1347 1396 1557 1448 Μελησίου.)

1401 1468 1464 1493 943.
1497 1454 1569 1492 δέον
1587 1455 1695 1491 εἰπεῖν
1714 1452 1777 1500 τὴν
1794 1455 1968 1504 γλῶσσαν.
1989 1461 2029 1491 V.

1402 1526 1465 1552 949.
1498 1512 1636 1565 (πάρεχ’
1663 1511 1819 1550 ἐκποδών
1840 1525 1848 1550 ;
1870 1512 2051 1556 Λακτίσας
2070 1512 2129 1550 τὸν
2150 1512 2256 1561 κύνα,
2278 1513 2395 1566 φησὶν,

1351 1571 1548 1623 ἀναχώρει.)
1568 1570 1646 1613 τοὺς
1663 1570 1882 1623 συκοφάντας
1902 1569 2027 1614 λύκους
2043 1572 2155 1609 καλεῖ.

1402 1644 1467 1669 953.
1500 1628 1710 1680 (ξυνωμότης
1727 1643 1735 1667 :
1757 1628 1948 1681 Προδότης.
1967 1631 2013 1673 ὡς
2032 1629 2089 1667 ἐπὶ
2103 1629 2283 1683 ἀνθρώπου
2300 1629 2336 1668 δὲ
2349 1623 2396 1668 εἶ’-

1350 1689 1439 1738 πεν.)

1404 1760 1467 1784 955.
1498 1739 1584 1797 (οἷός
1602 1761 1639 1782 τε
1657 1758 1665 1784 ;
1690 1744 1843 1787 Δυνατός
1863 1746 1953 1792 ἐστι,
1977 1744 2081 1797 φησὶ,
2101 1745 2288 1798 προὸάτων
2310 1760 2398 1798 προ-

1351 1801 1541 1852 ίστασθαι.)

1404 1875 1468 1900 956.
1497 1861 1555 1899 τὸν
1578 1861 1679 1912 τυρὸν
1705 1862 1734 1898 εἰ
1757 1859 1929 1898 κατεσθίει
1951 1873 1959 1899 :
1981 1858 2096 1913 Ἄλλῳ
2123 1860 2265 1914 τρόπῳ,
2298 1861 2397 1914 φησὶ,

1355 1920 1513 1972 βλάπτει.
1542 1927 1623 1957 Vict.

1405 1992 1468 2017 959.
1497 1977 1680 2030 κιθαρίζειν
1710 1976 1777 2029 γὰρ
1806 1979 1867 2015 οὐκ
1897 1976 2084 2015 ἐπίσταται
2115 1991 2123 2015 :
2153 1978 2269 2027 (sse-5¹1.
2289 1972 2396 2016 εἶπεν·
2417 1996 2452 2021 30

1354 2036 1450 2075 οὐδὲν
1470 2036 1554 2074 ἄλλο
1566 2035 1750 2073 ἐπίσταται
1765 2035 1858 2082 πλὴν
1875 2035 1913 2073 τὸ
1930 2034 2121 2085 κλέπτειν.)
2141 2035 2238 2089 παρὰ
2253 2036 2315 2082 τὴν
2331 2052 2400 2074 πα-

1357 2094 1493 2146 ροιμίαν
1511 2113 1524 2127 «
1543 2096 1629 2145 πεζῇ
1652 2093 1780 2144 βαδίζω
1793 2123 1801 2139 ,
1818 2099 1887 2130 νεῖν
1909 2093 1975 2145 γὰρ
1996 2095 2058 2130 οὐκ
2074 2089 2313 2144 ἐπίσταμαι.»
2336 2095 2402 2145 (οὖ-

1356 2152 1409 2189 δὲν
1436 2152 1472 2189 δὲ
1497 2151 1581 2204 πρὸς
1611 2150 1702 2193 ἔπος.
1732 2150 1807 2188 δέον
1836 2150 1902 2202 γὰρ
1930 2152 2036 2188 εἰπεῖν
2060 2151 2127 2189 ὑπὸ
2155 2151 2273 2198 πείνης
2300 2155 2401 2190 τοῦτο

1355 2216 1466 2257 ποιεῖ,
1485 2212 1502 2247 6
1520 2209 1555 2247 δὲ
1573 2209 1656 2260 παρ’
1676 2208 1839 2246 ὑπόνοιαν
1862 2212 1962 2246 τοῦτο
1984 2209 2184 2261 ἐπήγαγεν.)

1408 2282 1472 2307 960.
1505 2268 1574 2305 ἀπὸ
1594 2271 1707 2305 κοινοῦ
1727 2267 1765 2304 τὸ
1784 2267 2005 2306 ἐπίστασθαι.
2027 2275 2069 2305 V.

1409 2339 1472 2364 961.
1502 2327 1704 2377 κακουργῶν
1723 2324 1881 2378 ἐνέγραφ’
1898 2329 1981 2375 ἡμῖν
2002 2338 2011 2363 z
2035 2327 2082 2368 ὡς
2109 2325 2263 2377 γραπτὸν
2291 2326 2398 2364 δεδω-

1356 2384 1455 2427 κότος
1473 2383 1574 2434 λόγον
1595 2387 1654 2420 τοῦ
1676 2382 1956 2434 ἀπολογουμένου
1977 2383 2088 2427 κυνός.
2110 2393 2148 2422 R.
2176 2392 2210 2422 V.
2236 2392 2320 2422 Vici.

1410 2456 1474 2480 962.
1509 2443 1586 2492 (τῶν
1605 2440 1789 2492 μαρτύρων
1810 2454 1819 2479 :
1837 2441 2140 2492 Ἀπολογουμένων
2160 2443 2345 2491 δηλονότι.)

1409 2513 1470 2537 963.
1501 2499 1707 2550 τυρόκνηστι
1729 2512 1737 2536 :
1762 2498 1837 2545 Τὴν
1866 2499 2066 2549 ἀπολογίαν.
2094 2513 2134 2542 v.
2156 2502 2215 2549 (ὡς
2238 2500 2323 2552 πρὸς
2341 2500 2400 2538 τὸν

1358 2558 1507 2607 Χάρητα
1526 2557 1632 2594 πάλιν
1653 2557 1712 2593 καὶ
1729 2560 1850 2603 τοῦτο,
1868 2559 1914 2599 ὡς
1934 2558 1968 2593 ἐν
1986 2557 2179 2610 κωμῳδίᾳ.)

1410 2629 1475 2653 964.
1509 2614 1734 2664 (ταμιεύουσα
2113 2609 2134 2617 ⁸

2414 1126 2445 1150 15

2413 1420 2448 1444 20

2415 1708 2449 1732 25

2417 2288 2454 2315 35

1759 2627 1768 2652 :
1793 2615 1853 2653 Ἐν
1872 2617 1921 2666 τῷ
1944 2614 2078 2666 ταμείῳ
2095 2619 2195 2654 οὖσα.
2214 2617 2248 2653 ἐν
2269 2616 2400 2660 τούτοις

1360 2673 1419 2710 καὶ
1441 2673 1511 2724 ὅλῳ
1527 2675 1576 2723 τῷ
1592 2671 1710 2723 τρόπῳ
1727 2674 1788 2717 τῆς
1805 2671 1901 2718 δίκης
1917 2672 2182 2724 ἐχαρακτήρισε*
2193 2672 2254 2716 τὰς
2274 2675 2308 2710 ἐν
2325 2676 2400 2717 ταῖς

1359 2730 1514 2773 εὐθύναις
1530 2732 1598 2767 τῶν
1614 2729 1792 2781 ἀρχόντων
1811 2728 2025 2779 ἀπολογίας.)

1412 2802 1475 2826 965.
1510 2787 1738 2836 (κατέκνησας
1761 2800 1769 2824 :
1794 2786 1885 2823 Ἀντὶ
1905 2791 1965 2824 τοῦ
1990 2786 2127 2837 ἔτεμες,
2147 2786 2310 2840 ἐμέρισας
2331 2789 2401 2831 τοῖς

1360 2845 1606 2898 στρατιώταις,
1638 2843 1660 2880 ἃ
1693 2843 1816 2887 ἔλαὸες
1847 2843 1961 2895 τυρία.
1995 2847 2041 2887 ὡς
2070 2844 2128 2882 ἐπὶ
2159 2844 2328 2895 δημοσίου
2364 2843 2399 2882 δὲ
2419 2867 2453 2893 45

1359 2904 1564 2956 πράγματος
1584 2901 1800 2946 ἀξιοπιστίαν
1821 2908 2052 2953 περιποιεῖται
2068 2906 2111 2955 τῇ
2133 2902 2327 2956 μαρτυρίᾳ,
2343 2901 2401 2940 διὰ

1359 2966 1418 3000 τοῦ
1436 2960 1664 3014 στρατιώταις
1678 2961 1785 2997 εἰπεῖν
1803 2960 2036 3011 τετμηκέναι.)

1413 3033 1475 3058 968.
1509 3019 1582 3070 (καὶ
1604 3018 1767 3070 τραχήλι’
1787 3018 1891 3056 ἐσθίει
1913 3031 1922 3056 ;
1948 3018 2005 3057 Τὰ
2022 3017 2114 3071 ἄκρα
2133 3018 2193 3056 καὶ
2209 3018 2253 3056 τὰ
2278 3018 2401 3064 εὐτελῆ

1361 3077 1458 3131 κρέα.
1479 3079 1513 3114 ἐν
1533 3079 1603 3119 τοῖς
1621 3075 1848 3126 ὑπομνήμασι
1866 3075 1901 3113 δὲ
1917 3075 2112 3129 γέγραπται
2128 3076 2208 3129 περὶ
2231 3078 2298 3114 τῶν
2315 3091 2402 3128 τρα-

1330 3127 1333 3174 ί
1360 3134 1494 3187 χηλίων
1511 3133 1635 3176 οὕτως·
1652 3133 1696 3170 τὰ
1715 3133 1987 3184 ἀποῧαλλόμενα
2007 3137 2075 3172 τῶν
2098 3134 2206 3187 ὄψων,
2223 3136 2270 3177 ὡς
2289 3131 2399 3184 μικρὰ

1331 3182 1333 3237 i
1361 3193 1565 3234 κλέπτοντος
1582 3193 1699 3230 αὐτοῦ.
1720 3191 1941 3238 πεπλάνηται
1959 3192 2006 3230 δέ.
2027 3192 2149 3234 ἔστιδὲ
2165 3190 2354 3244 τραχήλιόν
2367 3205 2401 3228 τι

1330 3243 1334 3259 ’
1365 3251 1477 3304 βραχὺ
1500 3250 1641 3296 τελέως,
1664 3250 1911 3303 παραπλήσιον
1936 3256 2008 3294 τοῖς
2030 3245 2223 3302 κυρηὸίοις,
2243 3247 2401 3287 τουτέστι

1332 3307 1335 3356 ἶ
1364 3310 1533 3362 πιτύροις,
1553 3314 1621 3351 τοῖς
1640 3309 1707 3346 ἀπὸ
1727 3311 1795 3346 τῶν
1812 3312 1935 3361 κριθῶν
1951 3307 2212 3360 ἀποδρέγμασι,
2227 3312 2297 3351 τοῖς
2313 3305 2402 3357 ἀχύ-

1333 3357 1335 3390 ἷ
1368 3384 1445 3420 ροις.
1473 3367 1632 3418 λέγονται
1657 3366 1691 3404 δὲ
1723 3366 1782 3404 καὶ
1802 3368 1988 3418 ἀρσενικῶς
2005 3367 2036 3403 οἱ
2056 3366 2238 3418 τράχηλοι.
2264 3363 2337 3403 ἔστι
2362 3363 2406 3405 δὲ,

2419 3156 2454 3182 50

2418 2579 2497 2604 40.
