2533 3808
202 192 250 225 43
937 172 1190 213 scfloLlA
1224 173 1286 212 IN
1320 172 1587 222 EQUITEs.

201 271 254 308 ἐπ’
274 270 385 321 αὖτῳ,
405 271 499 319 ᾧπερ
519 264 652 316 γέροντι
673 262 743 300 ὄντι
777 258 989 310 ἀσελγαίνειν
1016 257 1077 296 καὶ
1095 274 1139 294 τα
1166 271 1234 293 τοι·
1289 260 1363 298 ἐπεὶ
1388 261 1447 299 καὶ
1473 261 1512 299 τὸ
1532 264 1618 314 ζῶον
1643 264 1809 301 τοιοῦτον.
1834 261 1852 299 ὃ
1875 261 1911 300 δὲ
1934 261 2047 313 λέγει,
2067 263 2219 301 τοιοῦτόν
2243 265 2329 302 ἐστι·

206 344 295 367 αυτα
318 326 464 378 ὑδρίζειν
484 322 661 374 πρόσεστι.
675 318 890 364 παιδοπίπην
911 316 947 355 δὲ
963 316 1020 354 τὸν
1034 314 1236 367 παράγοντα
1294 333 1368 361 πως
1385 313 1454 357 οἶόν
1470 335 1526 367 τε,
1543 319 1660 372 φησὶν,
1681 322 1710 357 εἰ
1727 320 1826 364 κυνὸς
1844 320 1974 374 τρορην
1990 321 2123 367 εσθίων,
2142 325 2192 374 τῷ
2210 325 2336 374 ὁμογε-

203 390 262 426 καὶ
292 381 595 437 παρακρουόμενον
628 393 689 417 και
723 376 951 415 ἀναπείθοντα
982 375 1026 413 τὰ
1061 374 1239 427 μειράκια.

204 449 321 484 τοῦτον
349 442 383 480 66
405 445 422 478 6
443 443 612 493 Κρατῖνος
632 436 833 490 πυροπίπην
860 435 975 486 λέγει,
1001 433 1160 472 τουτέστι
1184 432 1242 470 τὸν

169 517 185 541 5
205 503 344 556 φύλακα
373 515 432 538 του
462 498 576 545 σίτου,
604 499 649 540 ὡς
677 497 723 539 εἷς
750 495 790 533 τὸ
812 494 1015 547 πρυτανεῖον
1043 490 1243 545 παρέχοντα

205 561 338 614 ἄρτους

258 632 322 657 408.
354 615 606 668 Βακχέὸακχον
633 618 747 667 ᾀσαιῖ
769 613 987 664 Εὔφημησαι
1004 610 1061 649 τὸν
1081 609 1245 649 Διόνυσον

207 677 267 715 καὶ
295 678 504 726 ἀνυμνησαι.
531 673 671 724 Βάκχον
696 672 731 710 δὲ
757 673 797 710 06
823 671 880 709 τὸν
907 670 1071 709 Διόνυσον
1100 668 1246 706 ἐκάλουν

209 736 324 787 μόνον,
346 733 435 772 ἀλλὰ
452 749 512 771 και
527 732 660 775 πάντας
676 730 754 775 τοὺς
770 732 953 773 τελοῦντας
971 728 1014 767 τὰ
1037 728 1076 781 ὄρ
1079 743 1138 778 για
1161 726 1249 776 βάκ-

158 811 190 835 10
208 810 290 847 χους
311 794 468 840 ἐκάλουν,
491 793 529 830 οὗ
557 807 625 842 μην
651 790 743 828 ἀλλὰ
772 805 831 827 και
859 804 936 831 τους
960 787 1108 830 κλάδους
1138 785 1193 828 οὓς
1217 786 1248 823 οἳ

209 853 339 904 μύσται
370 868 409 925 ιρε
401 851 522 904 ’ρουσι.
556 849 731 900 μέμνηται
760 847 796 886 66
827 846 1029 899 Ξενοφάνης
1057 847 1092 882 ἐν
1111 844 1249 886 Σίλλοις

209 911 316 954 οὕτως
336 929 351 944 «
372 913 509 948 ἑστᾶσιν
536 909 564 947 6’
585 908 706 946 ελάται
733 905 875 944 πυκινὸν
900 921 980 977 περι
1003 905 1118 954 δῶμα.
1141 921 1155 937 ›
1177 902 1251 940 ἔστι

210 970 246 1008 δε
269 986 328 1008 και
352 968 523 1021 στεφάνης
539 961 645 1012 εἶδος,
671 969 749 1006 «zm
735 964 962 1017 Νίκανδρος’
948 979 982 1001 εν
1005 965 1054 1015 τῷ
1080 962 1160 1015 περὶ
1184 963 1252 998 τῶν

209 1031 376 1081 γλωσσῶν
392 1030 532 1079 ἱστορεῖ.
554 1026 638 1078 φησὶ
657 1024 724 1077 γὰρ
744 1023 868 1070 οὕτως,

159 1127 192 1152 15
292 1117 458 1158 βάκχοισιν
477 1114 610 1156 κεφαλὰς
623 1125 691 1155 περ’.
682 1113 814 1144 ἀνθέσιι
830 1112 1010 1152 ἐστέὼαντο.

1139 1185 1147 1199 Ι
1189 1184 1247 1200 ’ΒΚ

211 1192 265 1245 [τὸ
281 1192 317 1230 66
338 1194 476 1229 παιῶνα
503 1191 543 1237 δὴ
566 1190 737 1244 γράφεται
763 1188 989 1236 παιηωνίσαι.
1014 1186 1036 1233 ἢ
1064 1190 1188 1234 ἦσθεντ
1220 1201 1253 1231 ιη

210 1250 323 1289 παιὼν
341 1255 435 1304 ᾀσαι.
455 1265 554 1288 τουτο
575 1249 691 1299 μέντοι
710 1251 727 1286 6
744 1264 798 1286 στι
800 1264 860 1300 χος
876 1248 937 1285 οὐκ
954 1248 1105 1284 ἀπαιτεῖ.

242 1359 244 1361 ¹
265 1324 329 1349 409.
359 1310 451 1348 οὔτοι
483 1309 518 1359 μ’
550 1308 725 1360 ὃπεροαλε
726 1307 793 1345 ἴσθ’
826 1305 982 1358 ἀναιδείᾳ
1010 1306 1165 1351 ἒΔιπλῆ
1193 1319 1254 1341 και

214 1368 326 1421 στίχοι
343 1369 455 1419 ὅμοιοι
474 1373 544 1411 τοῖς
564 1367 634 1405 ἅνω
653 1367 722 1418 λβ’.
743 1361 790 1404 ὧν
807 1367 1002 1408 τελευταῖος

293 1457 368 1498 ἀνὴρ
382 1457 418 1488 ἂν
431 1456 527 1494 ἡδέως
543 1455 631 1487 λάὸοι
649 1454 730 1496 [το-’.ις
745 1453 896 1495 τερθρίους
909 1451 1025 1494 παρίει.

214 1533 265 1586 ἐφ’
285 1527 312 1587 ᾧ
333 1534 438 1579 διπλῆ
455 1532 520 1577 ἔξω
535 1533 724 1570 νενευκυῖα.
742 1529 994 1583 ὑπερὲαλεῖσθε
1011 1527 1064 1576 δὲ,
1077 1526 1255 1575 νικήσετε,

215 1593 254 1629 ἐκ
275 1597 473 1645 μεταφορᾶς
488 1593 556 1629 τῶν
575 1590 795 1644 τρεχόντων.]
1200 1595 1205 1598 ”

265 1662 331 1690 4ῐο.
362 1650 399 1702 [ἢ
417 1649 545 1701 μήποτ’
558 1649 719 1701 ἀγοραίου
744 1663 753 1687 :
772 1648 948 1701 Ἀγοραῖος
965 1645 1051 1690 Ζεὺς
1067 1645 1203 1699 ἵδρυται
1222 1645 1256 1682 ἐν

215 1711 258 1761 τῇ
277 1710 387 1762 ἀγορᾷ
405 1708 464 1747 καὶ
485 1710 520 1747 ἐν
538 1711 580 1759 τῇ
599 1706 798 1759 ἐκκλησία.]

270 1780 336 1807 411.
367 1767 475 1818 ἔγωγε
498 1765 539 1812 νὴ
565 1765 642 1810 τους
665 1764 884 1808 κονδύλουςῑ
915 1763 960 1803 ‘O
987 1761 1259 1808 ἀλλαντοπώλης

216 1826 309 1864 ἐστιν
334 1828 352 1863 6
376 1825 499 1877 λέγων.
526 1823 744 1863 ἀποτείνεται
771 1822 806 1861 66
831 1822 914 1875 πρὸς
939 1822 996 1860 τὸν
1024 1821 1196 1881 Kke'onmtm
1197 1836 1258 1858 και

216 1885 319 1937 φησὶν
341 1883 394 1922 ὅτι
418 1885 484 1935 067
507 1882 624 1935 ὥσπερ
650 1883 774 1925 ἐκεῖνος
798 1881 862 1928 τὴν
889 1881 987 1925 δόξαν
1009 1880 1134 1934 ραδίως
1159 1883 1257 1931 εὑρε,

216 1943 274 1981 τὸν
301 1942 403 1980 αὐτὸν
428 1958 488 1980 και
511 1941 610 1985 αὐτὸς
632 1940 839 1991 εὐδοκίμησε
864 1939 1002 1992 τρόπον,
1027 1938 1118 1977 ἀλλὰ
1144 1937 1258 1976 πολλὰ

218 2001 367 2049 ποιήσας
389 2001 448 2039 καὶ
471 1999 618 2043 πολλοὺς
636 1999 811 2043 κινδύνους
831 1997 982 2042 ὑποστὰς
1001 1997 1060 2036 καὶ
1082 1996 1260 2050 κατορθώ-

218 2077 286 2105 σεις
301 2077 338 2098 τε
355 2059 516 2110 πολέμων
531 2059 708 2104 πλείονας,
726 2057 958 2108 αἰνιττόμενος
974 2056 1019 2095 τὰ
1034 2056 1114 2110 περὶ
1131 2056 1260 2108 Ἀκαρ-

217 2125 303 2157 νᾶνα
323 2119 383 2157 καὶ
399 2117 587 2165 Αἰτωλίαν,
604 2118 680 2156 καθ’
701 2111 747 2155 ὧν
768 2116 997 2166 εὐδοκίμησε,
1017 2118 1260 2168 στρατηγῆσαι

218 2177 361 2230 φθάσας.

217 2235 464 2283 λαντοπώλης,
494 2236 546 2273 ὅτι
571 2236 696 2278 ἐκεῖνος
726 2233 788 2284 μὲν
816 2234 965 2276 εὐκόλως
990 2232 1261 2286 ἐστρατήγησεν,

219 2294 320 2338 αὐτὸς
339 2294 375 2332 66
389 2292 503 2332 πολλὰ
523 2292 773 2340 κακοπαθήσας
792 2292 851 2330 καὶ
868 2291 1052 2339 τυπτηθεὶς
1071 2293 1104 2328 ἐν
1124 2293 1174 2344 τῷ
1193 2306 1263 2340 μα-

217 2352 363 2406 γειρείιγ).

272 2424 337 2450 414.
369 2410 437 2448 ἀπὸ
459 2411 685 2462 μαγδαλιας;

162 1785 197 1812 25

164 2077 199 2103 30

420 2174 564 2220 Ἄλλως.
578 2175 890 2228 ἀποτείνεταιπρὸς
908 2175 965 2213 τὸν
989 2174 1135 2213 Κλέωνα
1156 2177 1174 2211 6
1195 2175 1258 2211 ἀλ-

164 2369 198 2394 35

707 2409 790 2449 Ἀπὸ
809 2411 967 2453 εὐτελοῦς
991 2411 1118 2462 τροφῆς
1143 2408 1262 2461 ὁρμώ-

221 2485 331 2520 μενος.
362 2469 540 2520 μαγδαλιά
565 2485 631 2522 γαρ
659 2485 704 2507 τα
729 2485 796 2506 των
827 2469 980 2528 ἀλφίτων
1008 2468 1260 2539 ἀποὸλῆματα.

219 2526 363 2571 Ἄλλως,
386 2530 408 2573 ἡ
429 2529 496 2564 τῶν
518 2530 629 2565 κυνῶν
623 2526 777 2588 τροφὴ,
796 2527 872 2573 ἥτις
894 2531 935 2573 ἠν
953 2527 1050 2569 σταῖς
1068 2541 1128 2563 και
1151 2526 1261 2569 λίπος.

221 2584 327 2630 ούτως
344 2602 403 2624 και
420 2589 464 2623 6
453 2601 598 2633 ποιητης
612 2591 704 2623 εἶπεν
722 2590 797 2632 [od.
815 2593 860 2635 Κ,
879 2589 944 2632 217]

169 2684 205 2710 40
305 2675 365 2706 αἷεὶ
380 2673 439 2716 γάρ
452 2685 485 2706 τε
500 2674 579 2715 φέρει
596 2673 781 2715 μειλίγματα
797 2674 906 2714 θυμοῦ.

223 2748 312 2799 μετὰ
337 2749 403 2802 γαρ
422 2749 462 2787 τὸ
483 2751 619 2787 δεῖπνον
649 2751 695 2792 εἷς
714 2749 754 2787 τὸ
774 2754 871 2792 σταῖς
892 2750 1076 2801 ἀπεψῶντο
1101 2748 1140 2786 τὸ
1166 2748 1265 2790 λίπος

222 2823 283 2845 και
296 2809 364 2851 τοῖς
378 2807 477 2846 κυσὶν
497 2808 712 2860 ἐπέρριπτον.
767 2805 911 2851 Ἄλλως
931 2806 971 2844 τὸ
991 2809 1107 2852 σταῖς,
1127 2809 1155 2859 ᾧ
1177 2809 1264 2844 ἀπο-

225 2865 414 2915 μάττονται
434 2869 464 2904 οἱ
485 2866 661 2919 μάγειροι,
682 2865 768 2918 ὅπερ
796 2866 940 2903 εκάλουν
959 2865 1225 2917 χειρόμακτρον.
1247 2865 1264 2902 ὃ

227 2923 315 2974 μετὰ
333 2924 395 2971 τὴν
417 2925 580 2978 ἐργασίαν
599 2924 830 2977 ἀπερρίπτουν
854 2925 924 2967 τοῖς
943 2924 1053 2962 κυσίν.

278 2995 342 3020 416.
363 2983 586 3036 κυνοκεφάλῳ
605 2997 613 3022 :
632 2983 779 3022 εΕαυτὸν
797 2987 814 3021 6
831 2983 952 3022 Κλέων
969 2983 1063 3035 λέγει
1078 2982 1266 3036 κυνοκέφα·

226 3041 298 3087 λον,
319 3042 423 3080 ’δεινὸν
441 3043 501 3080 καὶ
524 3043 762 3094 ἀναίσχυντον.
783 3046 898 3094 ὁμοῖος
913 3038 956 3090 ἦν
975 3046 992 3081 6
1011 3043 1093 3095 παρ’
1115 3042 1266 3096 Ἡσιόδῳ

230 3101 362 3145 [snecg.
385 3106 449 3147 287]
469 3101 681 3153 Γηρυονεῗις,

173 3000 208 3025 45

284 3201 288 3203 >
309 3182 462 3223 Χρυσάωρ
478 3182 503 3212 δ’
522 3181 604 3212 ἔτεκε
621 3182 798 3222 τρικέφαλον
816 3183 986 3223 Γηρυονῆα.

228 3251 370 3294 ’.Αλλως
394 3252 442 3302 τῷ
468 3251 566 3294 κυνὸς
589 3250 742 3301 κεφαλὴν
763 3250 896 3302 ἔχοντι,
919 3266 999 3288 τουτ
1002 3250 1093 3288 ἐστιν
1115 3250 1191 3300 ἐμοὶ
1218 3266 1267 3303 τιγ)

179 3330 214 3355 50
232 3309 378 3350 Κλέωνι.
412 3310 469 3363 ἀρ’
501 3314 540 3355 ἧς
572 3310 607 3347 66
641 3310 826 3362 προείρηκε
860 3325 1005 3361 τροτιης,
1035 3309 1267 3361 κυνοκέφαλον

232 3368 334 3406 αὐτὸν
359 3372 465 3417 εἶπεν,
487 3373 555 3406 οἱον
579 3367 701 3418 ἰταμὸν
726 3383 785 3406 και
806 3369 930 3413 ἀναιδῆ
956 3383 1016 3405 και
1040 3367 1266 3420 ἁρπακτικὸν,

1278 875 1281 924 Ι

1278 936 1282 982 Ι

1296 382 1345 414 νεῖ
1364 376 1424 414 καὶ
1441 378 1624 431 ὃμοτρόπιγ)
1645 378 1820 430 μάχεσθαι
1840 380 1971 431 διανοῇ·
1990 379 2041 418 λέ·
2031 395 2084 431 γει
2103 379 2139 418 δὲ
2158 382 2245 418 κυνί·
2266 376 2336 419 οἷον

1297 438 1438 488 πονηρῶ
1451 436 1511 473 καὶ
1529 437 1644 488 βιαίῳ.
1659 436 1842 489 [κόέαλα
1825 436 1878 485 66,
1890 438 2108 491 σοφίσματα,
2125 440 2339 493 πανουργεύ-

1301 509 1396 544 ματα
1406 523 1415 541 ,
1428 493 1646 546 κλέμματα]
2358 509 2376 535 5

1353 565 1416 590 419.
1445 551 1506 589 νέα
1524 551 1672 604 χελιδών
1694 565 1702 591 :
1725 554 1978 605 Παροιμιῶδες.
2000 554 2187 608 ὁλόκληρος
2211 554 2248 593 δέ
2267 556 2342 593 ἐστι

1302 609 1472 663 παροιμία
1495 609 1534 647 τὸ
1556 609 1754 661 λεγόμενον,
1780 610 1872 648 ἔστιν
1898 611 1997 664 ἔαρος
2022 613 2129 665 ἀρχῆ.
2157 614 2252 651 δοκεῖ
2275 612 2343 665 γάρ

1303 684 1376 711 πως
1393 668 1467 719 ἅμα
1483 670 1534 721 τῷ
1558 668 1636 721 ἔαρι
1656 668 1838 721 φαίνεσθαι
1857 672 1878 715 ἡ
1906 670 2066 722 χελιδών.
2082 695 2129 700 -
2146 671 2316 710 θεάσασθε
2329 701 2340 719 ,

1304 727 1544 778 καταμάθετε,
1561 728 1814 774 κατανοήσατε.
1845 735 1887 765 V.

1358 800 1422 825 420.
1453 788 1484 824 οἱ
1514 787 1541 824 δ’
1569 786 1717 825 ἔολεπον
1747 800 1756 826 :
1783 786 1943 840 Ἔώρων.
1972 787 2040 825 ὑπὸ
2063 790 2125 834 τῆς
2151 787 2348 842 περιεργίας
2369 807 2402 831 10

1307 845 1497 896 ἐξαγόμενα
1515 862 1560 883 τα
1581 845 1704 883 παιδία
1725 862 1767 895 τη
1789 845 1850 883 θέα
1864 845 1923 883 τὸν
1943 861 2018 884 νουν
2043 851 2245 899 προσεῖχον,
2263 845 2349 885 πότε

1306 903 1454 956 χελιδὼν
1470 903 1758 965 παραπτήσεται,
1778 904 1946 942 κάκείνων
1967 904 2047 955 περὶ
2062 920 2165 943 τουτο
2183 904 2352 956 ἐπτοημέ-

1307 978 1387 1009 νων,
1412 965 1536 1022 ρᾷστον
1553 963 1654 1006 αὐτὸς
1671 967 1743 1014 εἶχε
1760 962 1799 1000 τὸ
1819 961 1993 1002 κλέπτειν.

1361 1034 1423 1059 421.
1453 1024 1482 1059 ὠ
1503 1020 1704 1065 δεξιώτατον
1724 1021 1855 1073 κρέας;
1874 1015 1926 1060 Ὠ
1947 1021 2134 1060 κάλλιστον
2153 1021 2212 1060 και
2234 1020 2354 1076 σοφώ-

1308 1093 1412 1116 τατον
1435 1078 1538 1131 κρέας
1561 1078 1618 1117 διὰ
1643 1079 1682 1117 τὸ
1710 1082 1814 1117 κάκει
1813 1095 1869 1117 νον
1898 1079 2124 1132 κεκλοφέναι,
2149 1079 2259 1118 καὶ”
2234 1095 2354 1132 ωσπερ
2374 1099 2407 1124 15

1309 1141 1353 1190 τ’ᾐ·
1380 1138 1473 1192 ’δεξιᾷ
1496 1139 1588 1192 χειρὶ
1611 1142 1818 1193 ὑφῃρῆσθαι.
1849 1140 1925 1177 ἀντὶ
1949 1143 2010 1178 τοῦ
2035 1133 2064 1178 ῶ
2090 1139 2270 1194 σοφώτατε
2294 1139 2355 1178 ἄν·

1311 1201 1438 1250 θρωπε.

1364 1270 1426 1294 422.
1457 1255 1574 1310 ὥσπερ
1595 1257 1779 1309 ἀκαλήφας
1797 1271 1806 1296 t
1825 1257 1982 1305 Βοτάνης
1999 1253 2104 1305 εἶδος,
2122 1257 2161 1296 αἳ
2174 1257 2272 1312 παρὰ
2287 1263 2357 1302 τοῖς

1310 1315 1450 1358 πολλοῖς
1470 1316 1582 1353 κνίδαι
1603 1317 1803 1354 καλοῦνται.
1824 1316 2062 1367 ἐμνημόνευσε
2081 1316 2117 1355 66
2137 1319 2204 1355 τῶν
2221 1318 2357 1364 ἀκαλη·

1311 1375 1384 1426 φῶν
1413 1373 1470 1411 διὰ
1497 1373 1560 1420 τὴν
1590 1373 1783 1427 δριμύτητα
1814 1378 1874 1412 τοῦ
1903 1374 2174 1413 ἀλλαντοπώλου
2203 1391 2263 1413 και
2294 1373 2357 1421 τὴν
2375 1391 2410 1417 20

1313 1431 1506 1484 ἀγχίνοιαν,
1531 1432 1584 1471 ὅτι
1612 1436 1745 1479 κλοπης
1771 1432 1804 1470 ἐζ
1790 1436 1884 1486 εῧρε
1911 1432 2050 1485 τρόπον.
2078 1433 2216 1494 δριμεῖα
2242 1433 2310 1487 γὰρ
2333 1436 2356 1480 ἡ

1315 1489 1463 1541 βοτάνη,
1485 1491 1545 1529 καὶ
1570 1506 1648 1535 τους
1668 1490 1826 1542 θιγόντας
1847 1494 1994 1529 κνᾶσθαι
2013 1492 2117 1530 ποιεῖ.
2139 1495 2216 1529 εἰπε
2236 1491 2272 1530 δὲ
2289 1491 2359 1544 πρὸ

1311 1548 1512 1600 χελιδόνων,
1533 1549 1609 1587 ἐπει
1630 1548 1721 1601 μετὰ
1742 1548 1804 1596 τὴν
1821 1565 1864 1602 χε
1849 1548 1984 1588 ελιδόνα
2005 1548 2159 1603 ἄὸρωτοι
2179 1551 2215 1587 αἱ
2230 1549 2358 1589 κνίδαι.

1312 1607 1456 1652 Ἄλλως.
1485 1608 1649 1662 ἀκαληφη
1674 1609 1761 1652 εἶδος
1787 1608 1914 1659 μυίας,
1940 1610 1986 1652 ὥς
2005 1608 2245 1662 Ἀριστοτέλης
2261 1614 2358 1656 [nist.

1313 1673 1410 1705 anim.
1428 1675 1461 1712 4,
1479 1673 1521 1714 5].
1540 1669 1574 1705 ἐν
1597 1683 1646 1719 τῳ
1669 1669 1817 1719 χειμῶνι
1840 1667 1876 1705 66
1894 1666 2057 1718 ἐδώδιμοι
2079 1666 2179 1714 εἰσὶν,
2201 1668 2236 1705 ἐν
2253 1666 2290 1705 66
2309 1669 2360 1721 τῷ
2379 1683 2414 1710 25

1315 1725 1403 1778 θέρει
1443 1726 1670 1765 ἀπόλλυνται.
1725 1725 1869 1769 Ἄλλως.
1904 1724 2059 1778 λάχανόν
2099 1727 2192 1764 ἐστιν
2227 1726 2360 1779 ἄγριον.

1314 1785 1474 1823 καλεῖται
1497 1782 1533 1822 δὲ
1554 1800 1613 1822 και
1643 1783 1818 1822 θαλασσία
1856 1784 2042 1835 ἀκαλήφη,
2075 1784 2098 1831 ἣ
2120 1786 2362 1836 προσελθοῦσα

1314 1860 1364 1896 τῳ
1391 1858 1501 1895 χρωτι
1526 1841 1681 1893 κνησμὸν
1707 1845 1811 1882 ποιεῖ.
1837 1842 1970 1881 ἐοίκασι
1995 1843 2098 1881 δὲττ
2056 1846 2099 1896 τῇ
2132 1842 2207 1896 ὥρα
2225 1846 2268 1896 τῇ
2293 1843 2362 1897 πρὸ

1315 1918 1374 1940 του
1395 1901 1492 1955 ἔαρος
1511 1905 1675 1955 χρῆσθαι.

1369 1973 1433 1998 424.
1463 1961 1508 2003 εἷς
1525 1959 1568 1997 τὰ
1587 1959 1727 2012 κοχώνα
1752 1972 1761 1998 :
1787 1959 1938 2012 Κοχώνη
1962 1959 2065 2003 τόπος
2081 1959 2148 1998 ὑπὸ
2164 1959 2204 1998 τὸ
2222 1961 2363 2009 αἰδοῖον,
2382 1982 2419 2008 30

1316 2019 1356 2057 τὸ
1379 2018 1507 2069 μεταξὺ
1530 2021 1597 2056 τῶν
1615 2021 1736 2071 μηρῶν
1755 2019 1814 2056 καὶ
1828 2022 1889 2064 τῆς
1904 2018 2053 2065 κοτύλης
2066 2018 2127 2056 καὶ
2142 2021 2211 2057 τῶν
2227 2019 2362 2071 ἰσχίων.

1319 2077 1494 2128 μέμνηται
1514 2076 1550 2115 66
1566 2081 1627 2124 τῆς
1653 2076 1812 2129 κοχώνης
1831 2076 1891 2115 καὶ
1908 2079 1942 2115 ἐν
1965 2075 2106 2123 Σκηνὰς
2128 2077 2366 2128 καταλαμὸα-

1318 2137 1455 2180 νούσαις
1473 2154 1487 2169 «
1505 2136 1595 2174 ἀλλὰ
1613 2135 1791 2174 συσπάσαι
1808 2137 1859 2174 δεῖ
1875 2135 1936 2179 τὰς
1954 2134 2124 2188 κοχώνας.
2148 2154 2162 2170 υ
2185 2136 2237 2187 [αἱ
2257 2137 2362 2175 αὐταὶ

1320 2194 1356 2234 66
1376 2195 1436 2234 καὶ
1456 2194 1590 2246 πύγαια
1614 2195 1673 2233 καὶ
1693 2197 1874 2247 προχῶναι
1900 2195 1982 2248 παρ’
2012 2194 2195 2248 Ἀρχίππῳ
2215 2196 2365 2233 καλοῦν-

1318 2255 1406 2306 ται.]
1425 2253 1610 2306 οὐδετέρως
1630 2254 1658 2292 δ’
1680 2253 1744 2307 ἔφη
1766 2252 1810 2291 τὰ
1826 2252 1979 2305 κόχωνα.

1371 2327 1436 2352 426.
1468 2311 1708 2365 ἐπιτροπεύσει
1727 2327 1735 2351 ;
1754 2311 2023 2365 Προηγήσεται,
2037 2311 2286 2365 προστατήσει.
2303 2313 2366 2351 οὐκ

1322 2375 1435 2426 ἀργῶς
1453 2371 1488 2410 66
1509 2371 1567 2409 ἐπὶ
1588 2371 1720 2416 ἔνδοξον
1740 2371 1927 2424 πρόσωπον
1947 2370 2010 2417 τὴν
2030 2370 2193 2417 τοιαύτην
2213 2370 2366 2423 ἀνήγαγε

1321 2432 1444 2484 κρίσιν.
1462 2435 1500 2480 96
1517 2431 1584 2482 γὰρ
1605 2430 1698 2474 ἰδίως
1719 2430 1803 2483 φησὶ
1819 2428 1897 2467 τινὰ
1913 2429 2111 2482 εἰρηκέναι,
2126 2427 2218 2467 ἀλλὰ
2236 2429 2366 2482 ῥήτορα

1322 2490 1382 2528 καὶ
1398 2492 1551 2542 προϊδεῖν
1571 2488 1631 2526 καὶ
1650 2488 1801 2526 συνιέναι
1817 2487 1921 2525 πλέον
1938 2489 2007 2525 τῶν
2030 2487 2146 2525 ἄλλων
2163 2486 2365 2537 δυνάμενον.

2383 2274 2418 2299 85

1323 2547 1396 2598 [διὰ
1421 2548 1456 2585 δὲ
1474 2546 1603 2585 τούτων
1623 2546 1818 2593 λεληθότως
1834 2545 1938 2597 φησὶν
1966 2544 2018 2583 ὅτι
2037 2544 2098 2583 καὶ
2119 2547 2150 2582 οῖ
2176 2545 2366 2597 στρατηγοὶ
2383 2563 2419 2590 ⁴0
2454 2559 2457 2561 ’

1323 2605 1504 2658 ἐπίορκοι.]

1375 2677 1440 2703 427.
1471 2658 1508 2701 εῧ
1529 2679 1565 2701 τε
1585 2662 1769 2707 ξυνέὸαλεν
1786 2675 1795 2701 2
1811 2661 1885 2701 Ἀπ’
1901 2661 2016 2699 αὐτῶν
2035 2662 2104 2699 τῶν
2116 2660 2364 2714 πραττομένων

1323 2721 1467 2774 φανερὸν
1487 2716 1529 2768 ἦν
1548 2721 1587 2758 τὸ
1606 2719 1885 2768 ἀποὸησόμενον.

1375 2795 1441 2820 423.
1470 2781 1546 2827 ὁτιὴ
1560 2780 1724 2833 ’πιόρκεις
1746 2793 1754 2818 :
1770 2778 1888 2818 Πάλιν
1907 2779 2084 2816 κάνταῦθα
2098 2778 2166 2815 τῶν
2183 2779 2365 2818 πολιτευο-

1324 2839 1436 2890 μένων
1463 2838 1680 2877 καθάπτεται
1702 2840 1747 2880 ὡς
1776 2836 1810 2881 ἐξ
1836 2835 2012 2889 ἐπιορκίας
2031 2835 2091 2873 καὶ
2115 2837 2247 2882 κλοπῆς
2268 2852 2367 2875 συνε-
2383 2854 2418 2880 45

1325 2897 1501 2945 στηκότων
1533 2896 1592 2935 καὶ
1621 2896 1784 2933 τοιούτων
1814 2896 1910 2932 ἐθῶν.
1937 2893 1994 2932 διὰ
2022 2897 2123 2932 τοῦτο
2141 2910 2202 2932 και
2221 2894 2279 2932 τὸν
2304 2896 2366 2932 ἀλ-

1324 2955 1550 3003 λαντοπώλην
1566 2954 1801 3006 διαπρέπειν
1786 2969 1819 2990 εν
1836 2969 1878 3004 τη
1892 2951 2050 2990 πολιτεία
2061 2954 2079 2990 6
2098 2951 2245 3005 ῥήτωρ”
2225 2968 2363 3003 εφησεν.

1378 3018 1395 3053 ὃ
1415 3014 1572 3068 πρωκτὸς
1593 3017 1684 3064 εἶχεν
1707 3025 1715 3051 z
1736 3011 1840 3050 Ητοι
1869 3027 1931 3056 την
1959 3010 2154 3063 μοχθηρίαν
2184 3013 2286 3049 αὐτοῦ
2305 3011 2364 3049 καὶ

1327 3090 1389 3120 την
1415 3072 1585 3127 ρυπαρίαν
1611 3073 1675 3109 κάν
1694 3070 1804 3108 τούτω
1825 3069 1976 3107 δείκνυσι
1999 3071 2049 3122 τῷ
2067 3068 2205 3121 τρόπῳ,
2223 3069 2284 3107 καὶ
2311 3068 2364 3107 ὅτι

1325 3133 1541 3185 κατέκρυπτε
1566 3129 1758 3167 κλέπτων
1744 3140 1778 3166 εν
1798 3144 1847 3180 τῳ
1874 3130 2026 3180 πρωκτῷ
2045 3126 2150 3180 κρέα,
2173 3126 2232 3165 καὶ
2250 3130 2361 3164 ταῦτα
2381 3143 2416 3169 50

1324 3190 1429 3228 πάλιν
1448 3188 1548 3232 αὐτὸς
1567 3188 1698 3234 ἤσθιεν.
1717 3185 1739 3232 ἢ
1765 3168 1916 3224 διαίῗάλλ
1919 3202 1966 3223 ειν
1987 3187 2050 3229 εἷς.
2035 3183 2250 3254 ἀσέλγειαν
2259 3184 2363 3222 αὐτὸν

1325 3253 1360 3288 θε
1353 3249 1433 3295 λε,ι
1452 3251 1498 3291 ὡς
1521 3246 1562 3293 δὴ
1579 3245 1676 3298 παρὰ
1700 3261 1762 3292 την
1792 3244 1931 3291 ηλικίαν
1951 3244 1995 3282 τὰ
2011 3246 2082 3282 τῶν
2101 3245 2272 3295 γυναικῶν
2293 3259 2365 3281 πα-

1325 3308 1440 3346 θόντα.

1377 3378 1440 3404 430.
1471 3362 1598 3406 καθιεὶς
1625 3376 1634 3402 1
1656 3359 2004 3414 Παρεσκευασμένος.
2023 3363 2151 3398 καθιεῖν
2180 3358 2216 3398 66
2239 3358 2363 3412 κυρίως

2478 3638 2498 3708 λήξῃ»,
2486 3619 2491 3624 .

2514 3359 2526 3598 ἐ’-»-ωο--υ-κι
2520 3261 2528 3345 -qvv-e-
2522 3221 2528 3243 ,,
2524 3195 2527 3207 ..
