2517 3792
864 232 1022 270 lxm-'X
1053 231 1284 270 NOMINUM
1320 233 1383 270 li’l‘
1414 234 1603 273 Izi-Ilum.

232 321 325 354 Adde
341 322 384 360 X,
401 328 431 360 c,
449 322 581 351 69-81.
606 320 718 349 Trium
743 318 912 348 coma‘dioe
929 326 1090 357 qenerum
1105 317 1207 356 diisse-

232 370 356 405 renim,
372 366 467 399 Prol.
484 367 546 405 IX,
561 373 595 403 a,
611 367 754 401 47—53;
769 367 865 395 ,so-7
873 369 902 402 2,
920 373 954 404 p.
972 365 1076 402 XIX,-
1098 366 1162 401 IX,
1177 364 1208 403 b,

233 418 271 444 65»
286 422 374 454 sqq.;
391 414 434 450 X,
454 416 471 443 3
485 420 569 451 sqq,
587 412 630 448 X,
645 410 676 448 b,
693 413 729 440 77
745 419 817 450 sqq.
834 411 1069 450 Aristophanis
1087 413 1210 441 merita

234 463 267 490 in
281 467 413 491 omnem
435 457 647 495 coma‘diam,
666 457 760 488 Prot.
779 459 842 495 XI,
861 460 985 495 3—lo;
1004 459 1088 495 XII,
1105 461 1123 488 3
1137 466 1210 497 sqq.
1240 490 1242 497 y

231 507 356 539 Meclioe
372 505 545 537 connectite
558 507 662 544 ormo,
682 505 775 535 I’rol.
796 506 853 542 11‘,
875 509 908 535 Ιό
922 514 993 545 sqq.
1007 528 1015 541 ,
1038 507 1108 542 IX,
1123 513 1156 542 a,
1173 508 1212 535 36
1241 507 1243 553 ;

231 562 318 594 sqq.,
332 561 364 593 p.
383 553 482 588 XIX,
497 554 534 582 64
553 560 639 591 sqq.;
656 553 721 588 IX,
743 551 775 589 b,
800 555 838 582 53
861 560 948 591 sqq.,·
972 553 1015 589 X,
1030 562 1058 587 c,
1073 555 1111 582 72
1124 560 1209 591 sqq,
1241 562 1242 567 ¹

232 602 265 631 et
279 602 419 637 natura,
436 599 532 629 Prot.
547 600 618 636 III,
635 602 767 629 56—60.
785 599 870 636 EJ'us
884 600 1104 638 arqunwnta,
1121 597 1211 628 l’rot.

233 648 272 685 1,
297 647 429 677 65—79.
449 646 532 684 Ejus
549 644 722 676 conia‘dia’
745 647 855 685 poetae
879 647 980 675 erant
1003 648 1054 682 57,
1074 644 1213 683 sabula²

231 696 290 725 617
318 695 389 732 (817
406 691 576 730 sternet),
599 691 690 722 Prot.
708 693 775 729 ΙΙΙ,
801 696 835 721 61
865 700 914 731 sq.
934 693 1084 722 Potiores
1105 692 1213 730 poctoe
1240 703 1245 760 1

231 739 306 778 ejus
322 738 536 778 Antiphanes
561 739 594 768 et
620 738 905 777 Stephanusiimo
928 737 1067 775 .-1le„iis„1,
1095 742 1145 767 62.
1170 738 1212 767 In

233 794 321 817 nova
345 785 507 817 comoeaia
519 793 678 825 persona?
699 785 832 823 (lai-rw)
854 786 1066 821 inuasit-osce,
1091 792 1210 823 quare,

233 834 327 864 Prot.
342 835 373 871 I,
389 835 427 864 84
443 841 517 872 sqq.
532 834 660 863 Novam
677 831 871 862 comoectiam
890 832 927 861 ut
939 832 1116 870 prceicerit
1138 832 1213 861 Ari-

231 879 428 919 stophanes,
446 879 542 909 Prot.
557 880 623 916 XI,
649 882 687 909 6-5
708 886 779 917 sqq.
801 878 887 916 EJus
909 877 1082 907 comoedia:
1100 879 1212 917 poetic

232 927 334 956 erant
353 926 406 964 6-4,
431 933 579 965 quorum
601 925 750 964 potiores
778 925 1007 961 recensentur,
1024 924 1118 954 Prot.
1137 925 1210 962 III,

232 973 271 1003 72
296 981 368 1012 sqq.
393 971 487 1002 Adde
501 970 634 1008 Comici,
661 973 772 1007 scena,
789 969 924 1000 Chorus.

190 1019 329 1049 Conchae
347 1026 454 1058 parvoe
467 1018 596 1058 χοίριναι
611 1017 705 1046 ‹lictoe
720 1024 776 1055 pro
792 1015 921 1046 calculis
935 1015 1210 1054 erantjirdicibus,
1242 1045 1243 1048 ,

232 1066 314 1095 ante
330 1072 388 1095 eas
401 1064 522 1102 lupini,
545 1065 635 1102 resp.
657 1065 730 1100 333,
745 1064 817 1100 349,
831 1061 901 1092 sch.
922 1063 1010 1093 1364.
1022 1081 1062 1087 -
1075 1063 1212 1093 conetur,
1242 1050 1246 1125 ἰ

231 1110 343 1149 sigillis
359 1110 531 1149 impositae,
545 1116 588 1140 ne
604 1108 801 1146 deleantur,
824 1110 916 1148 resp.
933 1111 1003 1139 585.

190 1157 309 1188 C'oncio
330 1156 550 1187 Atheniensis:
569 1157 603 1186 in
623 1164 700 1186 eam
721 1157 810 1186 eires
830 1155 913 1190 fune
935 1155 1060 1186 rubrica
1085 1155 1213 1194 infecto
1241 1147 1245 1182 1

231 1203 436 1244 ayebantur,
448 1205 478 1234 E
480 1202 541 1233 ccl.
553 1204 624 1233 378.
639 1203 758 1233 Concio
768 1201 981 1233 Atheniensis
989 1202 1155 1242 quomodo
1166 1204 1212 1232 in-
1241 1188 1246 1232 l

231 1251 355 1280 stituta
373 1248 420 1279 ad
433 1249 719 1280 exostracisnium
733 1249 767 1277 in
781 1248 931 1288 aliquem
947 1248 1211 1286 decernendum,
1242 1247 1246 1309 Ι

232 1297 295 1336 Eq.
315 1299 386 1327 855.

195 1342 374 1382 Concylus,
391 1341 531 1372 Homeri
548 1340 714 1380 διορθωτής
731 1340 794 1371 sub
819 1342 1018 1377 Pisistrato,

231 1397 265 1427 a,
285 1393 341 1427 36;
359 1390 425 1426 IX,
442 1397 476 1426 a,
491 1390 543 1426 45,
556 1396 590 1426 p.
610 1389 707 1425 XIX,
728 1388 783 1418 ubi
800 1387 876 1418 vide
888 1391 957 1419 not.

190 1435 364 1468 conisalus,
380 1435 512 1466 (liemon
530 1435 725 1472 Priapeius,
744 1436 814 1473 Lys.
831 1438 902 1466 982.

190 1486 328 1520 Cannas,
353 1482 488 1519 tibicen,
519 1480 756 1520 Olyiiipiom'csi
779 1490 869 1520 slepe
891 1484 1089 1521 coronatus,
1108 1483 1215 1513 ebrio·

231 1538 304 1566 sus,
319 1536 466 1569 pauper,
483 1527 569 1558 nihil
594 1529 659 1558 nisi
674 1528 798 1558 laurus
812 1536 894 1559 suas
908 1529 1034 1560 habens
1044 1541 1056 1567 ‚·
1080 1530 1121 1560 de
1146 1539 1212 1570 quo

236 1578 414 1613 Cratinus,
440 1577 504 1615 Eq.
523 1574 594 1605 534.
609 1573 701 1605 Adde
715 1579 855 1605 Connus.

191 1627 332 1654 Connus
351 1621 456 1653 Conni
476 1621 618 1652 calculus
641 1623 853 1652 memoratur
876 1624 916 1652 ut
942 1631 995 1653 res
1011 1622 1109 1653 nihili
1120 1634 1131 1660 ;
1149 1624 1212 1653 nisi

234 1669 354 1700 Κόννου
368 1670 418 1699 est
435 1676 456 1699 a
473 1669 682 1698 nominativo
699 1670 841 1698 Connus.
863 1670 998 1699 Connus
1013 1671 1088 1699 erat
1104 1669 1212 1700 citha-

233 1715 506 1754 roedusjunenis,
524 1717 642 1745 suavis
653 1726 665 1752 ;
681 1715 768 1752 aliis,
787 1714 884 1745 homo
909 1716 985 1746 cilis
1011 1719 1042 1747 ct
1062 1724 1212 1756 pauper,

232 1764 291 1803 qui
300 1764 454 1802 palerna
469 1761 556 1792 bona
569 1761 777 1798 comederat,
805 1763 894 1801 l'esp.
911 1765 983 1793 675.

193 1810 319 1848 Conon,
340 1808 396 1849 qui
418 1810 560 1839 suaserat
582 1808 763 1848 συμμαχίαν
781 1810 906 1847 (contra
926 1809 1211 1850 Lacedoemouios),

232 1855 419 1895 indignante
435 1854 552 1894 populo
570 1855 660 1893 sugit,
678 1855 772 1885 Ecct.
792 1858 847 1886 195
862 1864 911 1896 sq.
935 1859 1018 1887 Duz
1033 1857 1212 1889 Athenien·
1242 1848 1246 1886 l

231 1904 341 1941 sium,
378 1903 488 1933 victor
522 1900 859 1933 Lacedcemoniorum
873 1926 882 1941 ‚
920 1906 1210 1935 mercenariorum

231 1951 423 1981 exercitum
443 1948 581 1987 colleqit
609 1948 775 1987 Corinthi,
799 1949 1135 1982 Lacedaemoniorum
1161 1960 1213 1982 ac-

232 2004 364 2032 cessam
386 1995 582 2033 observans,
600 1994 656 2025 Pl.
681 1997 748 2026 173.

192 2042 427 2082 Conthylensis,
443 2049 487 2073 ex
503 2040 682 2080 confligite,
692 2049 785 2081 paqo
798 2043 908 2074 Attico
921 2043 1148 2075 Ptolemaidis
1162 2045 1214 2076 rel

234 2088 452 2120 Pandiondis
470 2087 592 2123 tribus,
616 2089 710 2127 Vesp.
729 2091 800 2119 233.

195 2136 354 2168 Convivae
367 2135 413 2166 ad
426 2133 599 2174 συμπόσιον
612 2135 726 2165 vocati
739 2134 826 2165 cibos
839 2143 949 2166 secum
965 2136 1211 2175 apportabant,

236 2184 354 2214 vinum
368 2189 543 2212 comm-une
559 2182 650 2218 erat,
674 2183 768 2220 Vesp.
800 2184 888 2219 1005,
916 2185 1004 2212 1251.
1028 2183 1138 2214 Scolia
1168 2184 1215 2215 ad

236 2229 351 2268 lyram
369 2227 573 2265 cantabant,
591 2227 768 2267 quomodo,
789 2229 880 2267 Vesp.
904 2232 994 2266 1222,
1017 2232 1105 2260 1239.
1135 2235 1214 2261 Con-

236 2275 384 2306 vivarum
411 2273 604 2314 elegantium
632 2282 738 2304 mores
764 2273 988 2306 describuntur
1013 2276 1106 2315 l'esp.
1137 2280 1213 2308 1208

235 2330 306 2362 sqq.
326 2320 419 2352 Adde
433 2320 598 2352 Convivia.

196 2369 370 2400 Convivia.
399 2369 444 2398 In
471 2368 635 2398 conviviis
659 2374 703 2397 ea:
727 2368 875 2406 antiqua
901 2367 1086 2399 traditione
1119 2369 1216 2400 Athe-

236 2416 366 2446 nienses
387 2415 544 2444 carmina
559 2413 730 2443 canebant
747 2415 852 2452 myrti
870 2413 920 2444 cet
936 2415 1061 2446 taurus
1077 2425 1212 2447 tamum

236 2469 344 2492 manu
367 2462 528 2498 tenentes,
549 2462 588 2491 at
605 2461 733 2490 narrat
756 2461 992 2500 Dica’archus,
1019 2462 1109 2495 Nitb.
1138 2466 1214 2494 1364

238 2512 275 2540 ln
290 2507 450 2538 conviviis
470 2507 588 2538 tertius
605 2509 708 2537 crater
722 2507 845 2545 τέλειος,
859 2506 914 2546 fr.
942 2512 1012 2540 347.
1042 2513 1077 2540 111
1100 2510 1141 2541 iis
1156 2511 1217 2550 gri-

238 2554 293 2594 phi
308 2553 580 2594 proponebantur,
603 2555 696 2592 i'esp.
717 2558 766 2584 21.
785 2554 932 2584 Convivii
950 2555 1107 2595 splendidi
1125 2566 1216 2597 appa-

238 2603 327 2632 ratus
342 2600 532 2631 describitur
548 2600 640 2631 Eccl.
660 2602 718 2631 838
734 2609 804 2640 sqq.
824 2602 1019 2633 Conxiviuni
1035 2604 1213 2642 rtavrjatczz,

237 2649 273 2678 in
287 2655 353 2688 quo
367 2648 510 2687 quisque
525 2646 614 2677 cibos
626 2647 838 2686 apportabat
857 2650 889 2678 in
905 2657 1081 2680 commune
1108 2653 1216 2690 consc-

238 2702 333 2732 rens,
347 2696 429 2725 Pac.
448 2697 519 2724 565.

197 2739 353 2780 Copaides
379 2739 536 2779 anguillae,
562 2748 585 2770 a
604 2739 750 2779 Copaide
775 2740 855 2771 lacu
879 2742 1030 2780 Boeotia’,
1046 2743 1125 2775 Ach.
1144 2748 1215 2783 860,

239 2789 313 2825 962,
336 2788 417 2817 Pac.
447 2790 535 2817 1005.
560 2788 670 2817 Dictae
695 2786 851 2826 Copaides
875 2788 1039 2828 0101111110,
1061 2795 1215 2831 respecta
1246 2786 1249 2793 ’

239 2840 359 2863 versas
373 2832 544 2872 AEschylei
558 2832 600 2863 de
615 2833 831 2872 Nereidibus,
847 2833 925 2865 Acti.
945 2838 1016 2867 883.

200 2879 323 2917 Copais
339 2877 436 2909 loeus
447 2880 600 2917 Boeotice,
615 2881 692 2918 Ly&
708 2882 759 2918 36,
771 2883 843 2913 702.
859 2883 922 2913 ctc.

201 2926 332 2964 Coppa,
346 2925 531 2964 antiquum
552 2927 688 2965 siquam
713 2926 839 2966 literoe,
865 2931 983 2967 postea
1004 2931 1039 2960 in
1065 2933 1217 2962 numeris

241 2969 340 3047 mogo
363 2973 574 3010 usurpatum
607 2973 640 3003 et
670 2975 766 3012 equis
792 2974 1016 3007 nobilioribus
1044 2978 1216 3016 inustum,

241 3017 299 3048 Nu
326 3040 332 3046 .
351 3018 402 3047 23.

202 3062 372 3102 cappatias
384 3070 500 3102 equus,
518 3064 610 3095 Nati.
629 3069 680 3105 23,
691 3066 750 3097 ubi
767 3075 796 3097 υ.
812 3067 932 3106 schol„
943 3068 997 3106 sr.
1016 3072 1085 3100 135.

204 3110 363 3148 Coprius,
385 3109 502 3139 insula
514 3108 618 3149 [certe
638 3111 770 3152 dennis]
784 3114 916 3152 Atticce,
933 3117 997 3154 Eq.
1014 3118 1085 3146 899.

204 3156 362 3193 Corace-5,
380 3155 474 3186 locu-5
486 3163 638 3197 proeceps
652 3159 803 3197 Athenis,
824 3159 914 3191 unde
937 3161 966 3196 ἐς
990 3162 1137 3203 κόρακας,
1160 3165 1215 3195 Pi,

243 3203 315 3241 394,
341 3204 425 3233 Rari.
445 3204 513 3232 189.

205 3249 358 3287 Corcyra
380 3258 391 3278 .·
424 3248 469 3278 ibi
496 3249 618 3280 muttce
641 3250 831 3290 seditiones,
860 3253 951 3284 unde
977 3256 1110 3287 multus
1136 3267 1219 3289 usus

244 3295 477 3332 salmonem,
504 3303 590 3334 quas
621 3296 793 3329 habebant
817 3308 962 3339 maynas
984 3304 1018 3332 et
1039 3302 1192 3343 duplices
1207 3329 1215 3343 ,

245 3341 402 3371 eburneis
418 3341 566 3380 capulis,
583 3344 643 3373 Ac.
663 3345 750 3374 1465.

207 3389 394 3427 Corcyraei,
409 3395 431 3418 α
446 3388 632 3419 Corinthiis
652 3390 791 3428 conditi,
815 3391 858 3422 ab
877 3391 929 3423 his
952 3392 1169 3428 desciuerunt
1186 3400 1218 3428 et

246 3433 358 3466 devoti
372 3436 476 3472 sunt;
493 3434 578 3475 quid
589 3435 752 3467 acciderit
767 3436 876 3477 leqato
899 3439 1073 3471 Corinthio
1093 3442 1140 3473 ad
1165 3451 1218 3474 eos

1049 1343 1141 1373 Prot.
1168 1345 1212 1376 X.
1243 1313 1247 1387 Ι

1241 1608 1246 1635 i

2217 246 2289 278 043

1309 322 1423 359 misso,
1450 324 1531 352 Ran.
1560 323 1631 353 439.
1659 324 1685 353 Α
1719 323 1908 362 Corcyra’is
1945 325 2178 356 inventoribus
2211 325 2291 358 dicti

1313 368 1466 406 Cercuri,
1482 370 1564 399 Pac.
1584 371 1652 400 143.
1675 372 1851 408 Corcyraeae
1865 370 1937 409 0110,
1955 370 1996 401 de
2012 373 2146 410 scutica,
2160 381 2203 403 er
2213 381 2291 412 pro-

1312 413 1426 444 verbio
1441 415 1615 455 Κορκυραῖα
1630 415 1751 455 μάστιξ,
1770 416 1812 447 de
1833 417 1931 456 qu'us
1947 419 2077 457 oriqine
2101 419 2194 449 locas
2213 421 2288 450 Ari-

1313 460 1457 497 stotelis,
1478 464 1533 491 Ar.
1555 464 1643 492 1463.

1274 507 1468 547 Cordylion.
1488 510 1567 541 11110
1585 510 1828 541 .›1tlienotloi·us.

1273 556 1423 584 Corinna
1441 556 1596 593 ἀττικίζει,
1616 557 1696 587 Acti.
1713 559 1784 587 720.

1273 601 1530 632 Corinthiacum
1548 602 1676 633 bellum
1694 604 1804 634 tribus
1828 604 1881 634 rel
1897 606 2066 644 quattuor
2085 607 2186 635 annis
2208 608 2290 636 ante

1312 649 1533 686 Antipatrum
1560 648 1773 685 (τινι-1101110111
1790 650 1840 681 ol.
1857 653 1909 689 97,
1925 651 1954 688 4)
1971 651 2156 691 conflatum
2176 654 2209 683 in
2230 655 2292 683 La-

1312 693 1531 725 cedcenionios
1544 718 1552 732 ‚
1568 695 1622 725 I‘l.
1642 697 1708 726 173.

1271 739 1444 777 Corinthii,
1476 744 1532 771 Ar.
1567 743 1639 771 969.
1667 743 1867 781 Neptunum
1901 746 2113 775 venerantur
2139 746 2235 784 eique
2259 746 2292 775 et

1313 786 1506 817 I’ala‘moni
1535 787 1713 818 celebrant
1742 787 1908 828 Isthmia,
1937 791 2000 829 Eq.
2038 793 2109 820 609.
2137 789 2292 821 corinthii

1312 841 1417 863 nares
1443 842 1498 872 per
1533 834 1692 865 Isthmum
1729 834 1880 873 trahunt,
1923 844 1962 866 ne
1999 838 2291 875 circumnaviyent

1313 880 1596 919 Peloponnesum,
1631 881 1760 911 Thesin.
1789 883 1860 911 648.
1888 884 1974 912 Sunt
1999 882 2187 913 conditores
2207 885 2292 913 l’oti-

1313 926 1410 965 dcccc,
1440 929 1502 967 Eq.
1526 930 1597 958 438.
1619 929 1659 958 st
1691 928 1845 959 adulteri
1860 931 2148 969 perstrinquntur
2162 930 2292 961 Thesm.

1313 975 1384 1003 404.
1421 974 1627 1014 Κορινθιάζειν
1663 976 1909 1016 (μαστροπεύων
1925 976 1956 1014 ),
1974 976 2029 1014 sr.
2064 980 2130 1008 133.
2173 978 2293 1008 Corin-

1314 1019 1375 1050 thii
1409 1021 1612 1052 tributarios
1638 1021 1808 1053 habebant
1839 1024 2074 1062 chqarenses,
2105 1025 2165 1064 qui
2198 1023 2294 1053 mata

1314 1066 1357 1097 ab
1372 1069 1452 1106 ipsis
1466 1069 1559 1106 passi
1583 1067 1919 1108 (Ie.x'(·i‘t·t'riti1l;qiii’d
1933 1069 2095 1100 acciderit
2114 1070 2225 1108 leqato
2247 1069 2295 1099 ad

1312 1121 1365 1144 eos
1383 1115 1496 1151 misso,
1517 1117 1599 1145 Rau.
1618 1116 1690 1153 439,
1707 1115 1894 1146 secundum
1910 1116 1996 1147 alios
2015 1116 2126 1155 leqato
2143 1115 2190 1147 ad
2215 1117 2295 1146 Cor-

1313 1168 1442 1199 cyrceos
1456 1163 1567 1199 misso,
1579 1163 1636 1201 qui
1651 1161 1693 1191 ab
1709 1163 1800 1201 ipsis,
1813 1161 2046 1192 conditoribus
2056 1164 2109 1192 sui
2115 1171 2139 1200 s,
2155 1162 2295 1192 descire-

1314 1210 1408 1245 rant,
1427 1208 1506 1239 Ibid.
1534 1209 1720 1239 Corinthios
1742 1209 1827 1240 (licit
1856 1209 2100 1248 Aristophanes
2122 1207 2178 1240 ub'i
2197 1209 2295 1250 κόρεις

1314 1254 1469 1293 debebat,
1484 1257 1566 1295 quia
1580 1258 1651 1285 tum
1668 1255 1779 1286 hostes
1794 1255 2063 1294 Atheniensium,
2082 1259 2228 1287 Atticam
2246 1258 2296 1286 in-

1306 1300 1501 1339 festabant,
1518 1300 1608 1333 ΝΜΖ).
1624 1304 1695 1332 710.
1714 1302 1882 1333 Corinthii
1899 1311 1963 1333 non
1988 1305 2089 1334 erant
2109 1305 2296 1342 participes

1314 1348 1539 1380 iiuluci'aruni
1556 1351 1588 1380 in
1607 1351 1860 1390 quinquaqinta
1876 1359 1984 1381 annos
1999 1350 2110 1381 Alc-ceo
2135 1350 2297 1381 archonte

1310 1397 1518 1435 pactarum,
1548 1398 1630 1427 Pac.
1661 1398 1732 1427 466.
1760 1396 1896 1427 Bellum
1933 1399 2132 1427 renai-antes
2158 1398 2296 1436 „trqiros

1314 1444 1418 1473 socios
1428 1446 1621 1481 assumunt,
1638 1445 1720 1474 Pac.
1735 1445 1807 1479 477,
1819 1452 1862 1473 ex
1880 1443 2088 1474 Philochoro.
2105 1443 2226 1474 (schol.
2238 1445 2296 1475 475

1315 1488 1579 1527 corriqenduin.)
1599 1489 1649 1520 Ad
1669 1490 1860 1520 Corinthios
1877 1499 1897 1520 a
1916 1490 2118 1520 Philochoro
2145 1490 2298 1520 relatum

1307 1534 1455 1573 facinus
1487 1536 1813 1575 Hermocopidarum
1826 1560 1836 1574 ,
1869 1538 1945 1575 Lys.
1974 1539 2063 1568 1094.
2101 1537 2296 1568 Corinthios

1315 1581 1445 1620 leqatos
1460 1581 1614 1620 adfuisse
1631 1585 1765 1621 oportet
1781 1584 1813 1613 in
1832 1584 1948 1613 altera
1968 1586 2069 1622 parte
2086 1585 2296 1622 Lysistratce,

1314 1629 1391 1666 Liss.
1411 1630 1499 1658 1242.
1516 1628 1671 1659 Corinthii
1689 1638 1774 1659 nunc
1790 1629 1864 1659 boni
1892 1632 1923 1660 et
1943 1629 2117 1667 commodi,
2138 1629 2176 1660 iis
2190 1631 2298 1660 tanum

1315 1677 1502 1705 succensent
1532 1675 1760 1712 Athenienses,
1796 1675 1887 1706 Eccl.
1934 1680 1990 1707 199
2029 1686 2080 1716 sq.
2115 1676 2283 1707 Corinthii

1311 1723 1419 1761 pressi
1438 1721 1481 1751 ab
1499 1721 1777 1760 Lacedoemoniis,
1793 1722 1943 1752 obtinent
1967 1723 2010 1752 ab
2037 1723 2295 1753 Atheniensibus

1313 1770 1431 1805 socios,
1450 1776 1533 1808 quos
1556 1768 1676 1806 alunt,
1694 1769 1748 1799 Pl.
1774 1771 1841 1799 173.
1858 1787 1898 1793 —
1911 1768 2093 1806 Corinthia,
2111 1769 2199 1808 χαΐα,
2221 1770 2295 1807 Lys.

1313 1818 1435 1846 90-92
1454 1817 1486 1845 et
1499 1815 1568 1846 sch.
1588 1815 1760 1846 Corinthiae
1774 1815 1968 1853 meretrices,
1992 1824 2140 1855 quarum
2161 1815 2297 1846 nobilio-

1313 1870 1367 1892 res
1384 1863 1534 1892 recenset
1551 1861 1672 1899 schol.,
1697 1862 1752 1892 Pl.
1774 1865 1842 1893 149.
1860 1861 2024 1892 Corinthio
2048 1862 2166 1900 hospiti
2188 1862 2296 1894 ‹Belle-

1314 1908 1483 1947 rophonti)
1525 1909 1623 1938 fracta
1660 1908 1721 1939 olla
1734 1930 1743 1941 ‚
1789 1917 1832 1939 ez
1870 1908 2067 1939 Stheneboea
2105 1908 2296 1947 Euripidis,

1317 1957 1343 1986 T
1344 1955 1448 1986 hesm.
1463 1957 1534 1985 404.

1272 2001 1445 2033 Corinthus
1471 2001 1680 2041 Jovisfilius,
1695 2001 1848 2032 conditor
1871 2003 1904 2032 et
1929 2010 1992 2032 rex
2016 2001 2182 2040 Corinthi,
2199 2011 2299 2043 quem

1314 2057 1421 2089 usque
1442 2048 1634 2088 crepabant
1657 2048 1760 2087 quati
1790 2048 1972 2086 Corinthii,
1994 2050 2082 2079 Ran.
2114 2050 2184 2080 439.
2208 2051 2299 2080 Hinc

1314 2098 1350 2127 in
1369 2096 1550 2136 proverbio
1573 2096 1625 2126 est
1643 2096 1735 2126 Jovis
1749 2095 1933 2134 Corinthus,
1953 2094 2046 2126 Eccl.
2072 2095 2207 2135 828,sr.
2224 2098 2296 2135 434,

1306 2142 1361 2181 fr.
1379 2142 1460 2173 dub.
1476 2147 1505 2174 6.

1274 2190 1464 2227 Corinthus,
1492 2188 1580 2219 urbs.
1613 2188 1712 2227 Regio
1739 2187 1824 2218 inter
1855 2187 2045 2218 Corinthum
2071 2189 2103 2218 et
2130 2188 2298 2227 Sicyonem

1315 2238 1443 2275 eqreqie
1458 2235 1595 2274 fertilis
1610 2246 1619 2266 :
1634 2242 1743 2275 quare
1763 2233 2110 2273 AEsopofabularuin
2137 2237 2298 2274 scriptori

1317 2282 1358 2313 de
1381 2283 1509 2313 diritiis
1529 2282 1712 2313 oraculum
1737 2281 1926 2310 sciscitanti
1952 2279 2210 2318 desiqnabatur,
2238 2284 2295 2311 Ar.

1315 2333 1387 2361 968.
1412 2332 1462 2361 Eo
1489 2328 1603 2360 redux
1629 2326 1856 2366 Bellerophon
1892 2326 2075 2365 absumpta
2113 2327 2298 2364 Chimcera,

1317 2379 1400 2408 Pac.
1423 2379 1493 2408 141.
1514 2375 1705 2407 Corinthum
1727 2373 1921 2413 appulerunt
1941 2373 2185 2403 Atheniensium
2201 2383 2298 2404 naves

1316 2423 1510 2463 ἱππαγωγοί,
1531 2423 1695 2453 nimirum
1711 2422 1841 2460 prceter
1865 2419 2014 2458 hoplitas
2036 2422 2215 2459 portantes
2237 2420 2299 2451 du-

1317 2473 1427 2501 centos
1441 2471 1568 2510 equites
1581 2468 1665 2499 duce
1679 2468 1792 2504 Nicia,
1810 2467 1866 2506 qui
1884 2467 1975 2503 vicit,
1992 2468 2055 2506 Eq.
2072 2470 2132 2496 604
2148 2468 2180 2497 et
2193 2466 2296 2498 schol.

1317 2521 1388 2549 609.
1404 2516 1548 2547 Corinthi
1566 2514 1729 2545 exercitus
1746 2512 1937 2550 conductus,
1962 2513 1998 2542 τὸ
2020 2513 2049 2543 ἐν
2068 2513 2206 2554 Κορίνθῳ
2227 2514 2296 2548 ξενι-

1317 2564 1390 2602 κόν,
1418 2571 1439 2593 a
1463 2564 1596 2593 Conone
1622 2562 1749 2591 victore
1774 2558 2111 2590 Lacedoemoniorum
2137 2560 2297 2591 collectus

1316 2613 1350 2642 in
1363 2611 1450 2642 bello
1465 2609 1692 2646 Corinthiaco,
1708 2606 1799 2647 quod
1814 2606 1923 2637 tribus
1939 2608 2003 2637 aut
2017 2608 2184 2646 quattuor
2197 2610 2297 2637 annis·

1317 2660 1400 2689 ante
1414 2655 1682 2695 hancfabulam
1708 2655 1906 2692 inceperam
1931 2655 1963 2683 in
1989 2661 2026 2683 eo
2042 2655 2207 2684 sociorum
2222 2662 2294 2684 con-

1319 2706 1374 2735 tra
1395 2703 1667 2735 Lacediemonios
1681 2702 1851 2731 exercitus
1878 2699 2032 2730 Corinthi
2058 2700 2298 2738 colliqcbatur;

1316 2752 1520 2782 mercenarii
1555 2748 1812 2780 Atheniensium
1843 2749 1945 2777 erant
1979 2745 2042 2777 sub
2086 2747 2295 2785 Polystrato,

1320 2797 1486 2834 ChabrIa,
1510 2795 1699 2835 Iphicrate,
1724 2793 1825 2830 aliis,·
1847 2793 1898 2823 Pl.
1925 2795 1996 2830 173,
2022 2792 2080 2822 ubi
2103 2792 2298 2823 scholiastae

1318 2844 1468 2875 narrant
1482 2844 1585 2873 etiam
1601 2840 1642 2871 de
1661 2838 1913 2870 Corinthiorum
1940 2840 2173 2875 mercenariis,
2200 2838 2298 2869 Athe-

1318 2891 1483 2920 niensium
1512 2889 1605 2917 nieta
1630 2885 1901 2923 Corinthiorum,
1932 2885 1964 2914 et
2001 2884 2081 2913 aliis
2113 2883 2192 2921 (huc
2229 2892 2295 2914 non

1313 2933 1593 2976 pertinentibus).
1612 2931 1756 2963 Corinthi
1780 2930 1873 2968 deyit
1902 2928 2084 2959 Philonides
2114 2928 2154 2958 ob
2180 2929 2296 2960 Laidis

1319 2988 1482 3017 amorem,
1498 2979 1553 3010 Pl.
1577 2980 1648 3008 303.
1666 2979 1757 3008 Nam
1775 2978 1852 3007 Lais
1868 2975 1912 3005 ibi
1929 2977 2028 3012 vixit,
2044 2977 2078 3006 et
2094 2975 2295 3014 Timandra,

1318 3027 1373 3058 Pl.
1402 3029 1472 3064 179,
1489 3028 1524 3056 in
1540 3024 1623 3056 urbe
1638 3021 1878 3054 meretricibus
1903 3020 2114 3059 abundante,
2139 3023 2215 3061 Lys.
2242 3024 2294 3052 91.

1278 3073 1396 3106 Cornix
1414 3072 1497 3102 vivit
1519 3071 1662 3110 quinque
1683 3071 1793 3100 aetates
1816 3067 2001 3105 hominum,
2018 3067 2205 3098 secundum
2232 3070 2296 3099 Hc-

1318 3119 1451 3151 siodum
1479 3120 1537 3158 qai
1553 3117 1633 3148 dicit
1648 3116 1734 3147 ἐννέα
1747 3113 1863 3153 γενεάς,
1880 3116 1938 3144 Ar.
1958 3116 2029 3145 609.

1281 3166 1440 3198 Cora’bus
1454 3165 1493 3194 ob
1507 3163 1734 3194 stoliditatem
1751 3162 1902 3197 notatus,
1920 3162 2005 3190 Ran.
2024 3163 2096 3192 990,

1279 3212 1418 3245 corollas
1429 3210 1566 3250 plectere
1586 3207 1777 3244 amantium,
1799 3208 1826 3237 T
1825 3205 1930 3236 hesm.
1952 3209 2007 3236 401
2033 3208 2065 3237 et
2079 3206 2148 3237 sch.
2172 3207 2295 3238 Corolla

1320 3261 1547 3295 mortuorum,
1563 3259 1640 3296 Lys.
1655 3260 1728 3293 602,
1744 3258 1816 3291 601,
1832 3255 1904 3284 604.

1279 3311 1410 3338 Corona.
1434 3308 1590 3336 Coronam
1605 3304 1736 3333 sumunt
1761 3303 1903 3331 oratores
1931 3300 2028 3330 verba
2056 3299 2181 3335 facturi,
2199 3301 2292 3331 Eccl.

1324 3355 1378 3383 131
1397 3354 1428 3382 ei
1451 3349 1535 3388 scir,
1562 3352 1632 3387 148,
1653 3351 1723 3386 163,
1748 3349 1823 3385 171;
1851 3348 1885 3377 et
1904 3348 2134 3384 conrivantes,
2150 3346 2196 3377 ib.
2224 3350 2292 3383 133,

1319 3398 1364 3430 ad
1391 3396 1649 3437 temperandum
1672 3395 1821 3426 calorem
1848 3394 1919 3423 cini
1949 3392 2039 3432 qaod
2067 3392 2205 3429 bibitur,
2233 3395 2292 3422 Ab.

1320 3447 1392 3482 463,
1411 3446 1483 3483 464,
1502 3444 1555 3475 ubi
1571 3443 1776 3474 Pisthetaerus
1795 3442 1942 3471 oraturus
1961 3447 2112 3470 coronam
2131 3441 2162 3470 et
2177 3446 2293 3478 aquam

2107 3508 2157 3536 41.
