2517 3792
1136 190 1304 229 PLUTl.

182 273 319 323 quihus
347 274 466 310 Plauti
487 275 729 324 Terentiique
755 275 887 313 sabula*
917 277 1012 312 [iniri
1044 277 1188 320 solent,

183 333 308 370 verbis
329 335 400 368 Vos
424 335 548 368 valete
566 336 790 381 etplamlite.
815 335 994 371 Similiter
1016 335 1191 370 Comicus

182 392 289 440 cujus
305 390 429 427 verbis
446 390 566 426 utitur
579 395 773 440 Augustus
785 393 949 429 moriens
961 406 1020 442 ap.
1036 396 1190 428 Sueton.

184 463 265 499 cap.
282 463 331 497 99
350 463 358 483 :

209 551 369 604 Χαίρετ’·
391 552 418 587 εἷ
440 549 474 588 δὲ
495 556 563 588 πᾶν
584 551 674 602 ἔχειν
694 553 784 589 δοκεῖ
804 554 931 597 καλῶς,
956 553 1005 603 τῷ
1025 550 1172 601 παιγνίῳ

209 609 285 647 δότε
302 609 422 661 κρότον
436 608 495 645 καὶ
509 609 634 651 πάντες
647 613 744 659 ὑμεῖς
760 611 846 660 μετὰ
857 616 965 663 χαρᾶς
981 609 1192 654 κτυπήσατε.

182 718 279 753 Nam
293 714 347 750 sic.
368 713 447 750 haec
468 715 698 752 restituenda
721 715 908 752 videntur.
927 719 1047 752 Dmn.
1066 715 1192 763 Pergit

180 771 265 810 Ald.
285 764 373 823 κᾷτα
394 771 529 821 συρίξας
548 771 614 821 ἐγὼ
626 770 740 821 ὅμοιον
761 772 863 824 φασὶν
881 772 935 810 Ἀ.
955 777 1049 809 Rav.
1068 771 1193 820 ὁμοίως

181 844 269 882 φ.-
290 836 330 873 14
358 828 519 871 Ἀττικῶς
548 833 590 867 V.
614 830 777 882 συρίκτης
802 833 845 868 G.
878 830 1046 883 συρίκτεις
1062 834 1109 868 V.
1133 845 1192 867 συ-

182 885 295 936 ρικτὸς
312 890 359 925 R.
376 887 477 933 ΑΙ(1.,
499 888 600 938 quod
626 890 663 924 in
685 888 851 940 συρισμὸς
878 888 1102 925 mutandum
1132 889 1191 925 vi—

179 945 341 982 debatur
359 946 654 991 Hemsterhusio,
678 947 743 995 qui
765 946 811 982 de
829 948 999 997 σόριγμα;
1015 962 1030 978 α
1048 945 1192 982 Pendet

179 1016 224 1040 ea
245 1004 366 1040 forma
383 1003 485 1053 apud
508 1005 653 1039 Atticos
671 1017 691 1040 a
719 1002 863 1054 συρίζω,
893 1003 1040 1054 συρίξω,
1073 1016 1191 1052 quum

180 1070 313 1098 contra
335 1060 599 1097 communibus
620 1062 758 1098 Graecis
776 1060 939 1111 συρισμὸς
960 1062 998 1098 111
1027 1074 1097 1097 usu
1118 1062 1190 1106 sit,

179 1120 269 1168 quia
286 1119 435 1155 flectere
462 1119 583 1155 solent
600 1118 744 1170 συρίζω,
765 1119 895 1171 συρίσω
911 1135 918 1141 ·
944 1119 1072 1156 eadem
1095 1120 1191 1155 ratio

179 1178 278 1213 valet
295 1177 333 1212 in
351 1174 508 1218 σαλπίζω
521 1206 530 1222 ,
548 1175 705 1220 σαλπίξω
728 1185 765 1213 01
783 1177 944 1214 σαλπίσω
956 1208 966 1224 ,
987 1178 1088 1215 unde
1105 1179 1193 1215 σαλ-

179 1232 303 1279 πικτὴς
316 1242 353 1269 01
364 1232 571 1279 σαλπιστὴς,
595 1234 861 1284 similibusque
879 1236 974 1283 aliis,
993 1236 1040 1272 de
1052 1237 1192 1285 quibus

179 1292 368 1329 Atticismi
396 1300 652 1341 praeceptores
679 1293 903 1330 docuerunt.
920 1312 935 1325 υ
966 1293 1025 1330 καὶ
1052 1294 1194 1346 συρίσας

178 1350 309 1387 addita
322 1363 371 1386 ex
387 1354 445 1396 V.,
461 1350 602 1399 quibus
619 1351 657 1386 οὐ
672 1351 829 1387 inseruit
846 1351 1077 1388 Dindortius.
1097 1357 1193 1389 Ante

179 1409 365 1446 ἀκόλουθον
387 1409 424 1445 111
443 1411 488 1445 R.
508 1417 563 1445 est
587 1408 727 1461 ὑφῄρει,
755 1409 916 1455 ἐκτείνει,
940 1411 977 1446 111
995 1414 1042 1448 V.
1078 1409 1099 1455 ἢ
1133 1412 1192 1448 ἐκ-

179 1466 293 1504 τείνει.
309 1495 349 1499 -
371 1467 414 1502 15
432 1469 492 1503 τοῦ
513 1467 564 1519 ἐφ.
586 1471 632 1503 V.
654 1465 693 1503 τὸ
711 1468 763 1519 ε’φ.
785 1468 830 1505 Θ.
853 1496 893 1499 -
922 1481 962 1513 17
991 1468 1126 1518 κράζειν
1147 1470 1190 1506 Θ.

179 1553 219 1558 .-
239 1526 283 1561 18
304 1527 322 1562 ὁ
338 1524 508 1561 additum
525 1538 571 1562 ex
585 1528 632 1563 V.
648 1550 689 1556 -
712 1539 757 1574 19
776 1524 838 1570 τὴν
857 1530 956 1575 χεῖρα
976 1529 1093 1562 Dorv.

232 1589 320 1636 690,
341 1593 388 1631 24
411 1589 535 1638 pergit
554 1591 613 1632 V.,
631 1581 718 1630 εἶδος
737 1587 772 1625 δὲ
793 1587 899 1640 ὄφεως
916 1591 933 1624 ὃ
946 1587 1090 1639 παρείας
1107 1588 1191 1640 ὄφις.

180 1640 251 1682 οἷον
282 1647 318 1682 οὐ
345 1645 549 1693 δάκνουσιν,
582 1645 673 1683 ἀλλὰ
696 1644 816 1697 ἔχουσι
848 1644 993 1696 παρειὰς
1027 1646 1191 1696 μεγάλας.

178 1703 320 1746 Ἄλλως.
346 1697 430 1744 εἶδος
451 1703 507 1755 ὅερ.
531 1712 602 1740 etc.
617 1728 658 1735 —
677 1705 721 1741 25
739 1704 835 1756 ὄφεος
854 1707 898 1740 R.
929 1703 1046 1740 Addit
1065 1704 1152 1740 Ald.
1176 1708 1193 1741 ὃ

179 1762 340 1815 παρείας,
359 1763 502 1799 omittit
516 1761 650 1812 εἴρηται
668 1761 714 1800 δὲ.
736 1787 772 1793 -
788 1763 835 1798 28
853 1761 961 1810 λέγων
977 1761 1036 1798 καὶ
1051 1761 1191 1813 φάσκων

178 1819 227 1857 Θ.
250 1848 286 1852 -
308 1833 356 1868 29
384 1822 593 1872 Λυκοῦργος.
626 1820 901 1869 Corrigendum
926 1818 1113 1870 Ὑπερίδης
1146 1832 1192 1856 ex

179 1878 493 1927 Harpocratione,
514 1878 652 1914 Photio
673 1887 709 1914 et
731 1878 847 1916 Suida
871 1891 898 1914 s.
919 1879 1070 1927 Παρεῖαι
1086 1876 1190 1929 ὄφεις.

180 1939 351 1976 01110-
372 1939 419 1974 30
444 1937 501 1974 καὶ
521 1951 597 1977 om.
621 1941 682 1984 V.,
706 1939 771 1989 qui
807 1939 849 1974 31
888 1936 1079 1989 εὑρίσκεται
1105 1947 1192 1987 post

178 1994 343 2035 Διονύσου
359 1996 478 2046 ponit.

231 2051 328 2109 693‚'
344 2066 391 2103 42
413 2058 612 2111 δριμύτερον
630 2063 676 2098 R.
695 2059 733 2097 τὸ
757 2073 833 2098 om.
856 2064 902 2096 V.
924 2061 962 2098 τὸ
981 2055 1052 2099 πν-οι
1073 2065 1118 2098 R.
1141 2082 1191 2088 —-

181 2122 243 2163 43.
277 2119 488 2155 Adnotavit
530 2117 666 2161 Κάτος,
695 2117 817 2160 κάττος
852 2127 889 2154 et
917 2120 1008 2157 κάτα
1034 2125 1190 2158 Ducan-

180 2177 276 2226 gius,
299 2178 498 2226 proferens
534 2190 580 2212 ex
611 2178 754 2213 Glossis
782 2178 819 2212 in
841 2177 1038 2228 Aristoph.
1061 2177 1161 2215 Nub.
1180 2190 1189 2215 :

178 2234 364 2280 Γαλεώτης
378 2264 387 2281 ,
407 2233 499 2272 κάτα
515 2250 522 2257 ·
543 2235 647 2283 quod
669 2235 796 2283 ipsum
813 2236 852 2271 in
872 2239 986 2273 DorV.
1005 2237 1192 2285 conspici-

181 2303 242 2330 tur
263 2294 311 2330 ad
332 2306 483 2329 versum
505 2292 585 2341 ejus
610 2292 745 2329 fabulae
771 2299 841 2339 174
864 2293 1045 2345 Γαλεώτῃ]
1065 2293 1188 2345 κᾶττᾳ.

180 2352 342 2402 Proprie
360 2351 516 2400 quidem
538 2349 694 2401 αἴλουρος
708 2381 717 2397 ,
739 2352 818 2388 sive
840 2352 941 2398 felis,
971 2362 1027 2389 est
1047 2353 1189 2395 κάττος,

179 2411 237 2447 vel
255 2408 363 2446 κᾶττα
380 2424 386 2431 ·
406 2422 492 2445 nam
509 2410 619 2457 γαλῆν
642 2410 837 2446 mustelam
860 2410 935 2446 dici
950 2441 958 2456 ‚
978 2412 1189 2448 stellionem

178 2465 358 2517 γαλεώτην
380 2465 543 2504 ostendit
560 2469 637 2502 Jac.
656 2468 827 2503 Perizon.
848 2467 894 2503 ad
916 2469 1049 2504 AElian.
1070 2471 1113 2506 V.
1138 2470 1186 2504 H.

186 2532 243 2572 14,
262 2532 296 2570 4.
326 2529 476 2562 Hssmsr.
501 2524 645 2560 Deinde
672 2525 768 2560 male
801 2525 996 2575 legebatur
1021 2527 1135 2575 γαλῆ,
1167 2529 1188 2572 ἡ

178 2583 269 2621 κάτα
290 2581 429 2633 μυγαλὴ
452 2584 474 2627 ἡ
504 2580 658 2633 νύμφιος.
691 2584 865 2620 Correxit
891 2584 1112 2621 Dindorfius
1145 2598 1190 2620 ex

179 2642 323 2679 scholio
343 2641 565 2678 Taurinensi
584 2640 682 2677 Nub.
713 2642 783 2689 169
804 2642 947 2678 collato
970 2646 1140 2692 Ducang.
1162 2655 1189 2678 s.

179 2699 378 2751 Νυμφίτζα.
392 2723 435 2733 -.-
456 2703 503 2743 44
522 2701 542 2743 ἡ
567 2697 696 2743 ταύτης
715 2714 752 2736 π.
775 2701 819 2737 Θ.

233 2768 322 2815 694,
342 2764 390 2805 46
407 2760 599 2811 ἐμασώμην
621 2763 792 2798 additum
818 2776 866 2800 ex
884 2766 944 2808 V.,
983 2764 1046 2813 qni
1075 2764 1188 2813 {pm-

179 2822 301 2872 σώμην
314 2851 324 2868 ,
343 2831 380 2858 et
400 2822 524 2871 pergit
543 2820 637 2870 λέγει
658 2820 692 2857 δὲ
712 2819 773 2866 τὴν
795 2836 846 2872 τρ.

233 2886 323 2934 696,
345 2884 390 2928 54
410 2883 501 2921 Ἀντὶ
518 2887 577 2920 τοῦ
595 2884 769 2934 προσέσχε
788 2884 959 2921 additum
982 2899 1027 2922 ex
1044 2889 1102 2931 V.,
1124 2887 1189 2934 qui

179 2940 390 2995 προσενήεν,
422 2940 487 2976 sed
516 2949 615 2977 recte
645 2943 687 2978 G.
705 2965 745 2971 —
772 2955 826 2978 11.
855 2945 911 2977 De
931 2942 1003 2978 isto
1023 2958 1063 2988 ν,
1087 2942 1188 2991 quod

181 3000 303 3038 Attica
320 2998 501 3034 dialectus
522 3001 643 3033 Dores
659 2998 805 3035 imitata
827 2998 945 3035 tertiis
961 2999 1186 3048 quibusdam

181 3056 356 3109 personis
373 3054 500 3104 adfigit
515 3084 524 3101 ‚
546 3056 695 3104 egregia
718 3056 831 3092 docet
857 3057 1187 3105 grammaticorum

181 3114 452 3154 solertissimus
472 3113 690 3149 Heraclides
711 3113 811 3162 apud
838 3114 1009 3150 Eustath.
1044 3114 1089 3150 ad
1111 3114 1185 3152 Od.

181 3175 227 3220 Y,
246 3187 283 3222 p.
310 3172 422 3217 1892.
446 3170 506 3206 Sic
523 3169 617 3219 ᾔδειν
637 3183 708 3219 pro
726 3170 802 3219 ᾔδει
819 3171 855 3206 111
882 3174 963 3206 Pac.
991 3172 1100 3217 1182,
1121 3171 1187 3208 ubi

182 3230 327 3269 Comici
342 3230 466 3264 locum
482 3255 492 3272 ‚
510 3227 573 3275 qni
594 3240 670 3276 prae
689 3227 862 3264 manibus
880 3236 953 3273 est,
969 3228 1186 3265 scholiastes

181 3286 402 3331 adnotavit;
433 3297 501 3320 nec
535 3285 659 3321 minus
700 3285 829 3321 eadem
861 3284 907 3320 de
936 3298 974 3320 re
1014 3285 1185 3333 pluribus

181 3359 295 3398 agens
321 3343 556 3393 Moschopul.
584 3343 671 3393 Περὶ
700 3343 794 3392 σχεδ.
829 3356 867 3391 p.
898 3343 981 3386 143.
1014 3343 1095 3378 vid.
1134 3346 1180 3379 H.

2187 208 2260 240 579

1253 276 1429 325 Stephon.
1452 278 1575 313 Anim.
1595 278 1640 314 ad
1664 279 1746 315 Lib.
1767 279 1812 317 ‹le
1840 281 1935 317 Dial.
1959 295 1992 331 p.
2025 288 2083 326 44.
2114 286 2257 321 Hmisr.

1255 355 1299 360 —
1325 346 1345 368 2
1369 347 1422 382 sq.
1447 333 1802 387 τρίτον-πρόςωπον
1823 341 1866 374 V.

1306 393 1395 440 699,
1423 407 1459 428 11
1482 394 1665 445 ἐκφόρησιν
1684 395 1787 445 ἤγουν
1807 396 1996 443 ἐκπήδησιν
2013 414 2020 421 ·
2052 400 2110 451 ἀφ’
2144 394 2183 436 οὗ
2202 400 2260 437 καὶ

1253 447 1290 484 τὸ
1308 450 1392 490 ζῶον
1411 449 1537 501 πάρδος
1566 452 1624 487 καὶ
1653 452 1819 503 πάρδαλις
1835 468 1842 475 ·
1865 456 2015 504 συνεχῶς
2046 454 2111 506 γὰρ
2143 455 2261 508 πέρδει

1251 508 1350 541 τοῦτο
1370 506 1408 543 τὸ
1432 509 1516 550 ζῶον
1539 512 1628 557 ch.
1649 528 1661 541 κ
1685 510 1822 561 ΙΙσίρδος
1843 512 1906 547 vix
1925 526 1945 548 a
1967 515 2106 550 Graecis
2127 517 2262 552 veteri-

1255 561 1323 597 bus
1342 573 1556 613 usurpatur,
1583 578 1743 614 quorum
1766 577 1851 603 sunt
1874 569 2042 618 πάρδαλις
2061 579 2097 606 et
2127 571 2261 623 πόρδα-

1252 619 1323 661 λις·
1340 623 1499 666 pardum
1526 636 1569 657 ex
1591 625 1851 672 antiquissima
1872 626 1997 676 lingua
2019 629 2142 665 Latini
2163 643 2261 666 rece-

1253 681 1463 724 perunt.1n
1484 679 1630 728 origine
1645 682 1906 719 constituenda
1926 687 2161 733 grammatici
2183 687 2261 724 dis--

1253 742 1409 783 crepant
1437 749 1444 769 :
1482 735 1558 771 vid.
1588 738 1799 788 Etymolog.
1831 740 1869 775 in
1907 740 2108 791 Πάρδαλις,
2151 752 2188 781 01
2222 745 2259 781 111

1252 791 1385 839 primis
1402 805 1578 842 magnum
1598 808 1694 844 opus
1710 797 1888 833 Bocharti
1912 801 1953 834 P.
1979 802 2025 845 ll,
2043 800 2105 836 lib.
2128 802 2163 847 3,
2179 815 2259 852 cap.

1254 861 1287 893 7.
1307 850 1416 886 Basil.
1430 859 1467 886 et
1484 853 1656 889 Eustath.
1684 854 1721 890 in
1742 857 1921 892 Hexaem.
1944 870 1979 905 p.
1999 857 2044 892 35
2068 872 2075 892 ε
2101 860 2260 909 ῥαγδαῖον

1251 912 1272 954 ἡ
1296 910 1484 961 πάρδαλις,
1502 911 1560 948 καὶ
1579 911 1763 963 ὀξύρροπον
1781 921 1856 956 ταῖς
1877 918 2008 966 ὁρμαῖς.
2028 935 2042 950 υ
2063 921 2261 955 11111151.-

1256 981 1301 1003 12
1322 982 1376 1017 sq.
1399 969 1668 1020 Ὑπὸ-γαστρί
1689 985 1762 1008 om.
1779 974 1825 1011 Θ.
1845 973 1973 1024 ἀθάρας
1998 978 2039 1012 R.

1307 1039 1393 1071 700,
1418 1040 1458 1072 17
1484 1026 1622 1076 Ἐμίσει
1643 1044 1680 1066 σε
1700 1043 1775 1066 0111.
1794 1034 1838 1067 R.
1858 1036 1902 1069 G.
1919 1047 1956 1069 σε
1974 1047 2049 1069 0111.
2067 1037 2202 1071 V.-.18
2217 1037 2264 1077 ὥς

1251 1083 1424 1120 additum
1444 1099 1489 1121 ex
1512 1089 1558 1123 R.
1583 1108 1630 1113 —
1651 1101 1696 1135 19
1719 1088 1847 1139 γὰρτῷ
1870 1093 1960 1139 Reg.
1999 1089 2065 1142 γὰρ
2087 1091 2126 1128 τὸ
2146 1094 2261 1129 Paris.

1307 1155 1393 1188 701,
1415 1156 1460 1178 22
1483 1143 1574 1180 διατί
1591 1145 1636 1182 Θ.
1663 1148 1751 1181 Post
1777 1147 1853 1183 Οὐκ
1879 1146 1977 1198 ἐῴκει
2006 1146 2129 1196 (ἐώκει
2158 1149 2262 1197 Α1(1.)

1252 1208 1433 1248 punctum
1456 1203 1578 1250 posui.
1603 1205 1659 1239 Ita
1675 1204 1774 1239 enim
1793 1204 1991 1241 scholiasta
2010 1205 2071 1241 οὒκ
2093 1207 2185 1242 illud
2209 1217 2264 1243 est

1253 1256 1545 1306 interpretatus,
1567 1259 1670 1308 quod
1690 1261 1727 1297 in
1744 1262 1933 1310 principio
1959 1275 2088 1298 versus
2115 1263 2261 1312 legitur.

1254 1315 1390 1350 Parum
1410 1315 1620 1364 probabilis
1644 1319 1913 1355 Hemsterhusii
1946 1319 2163 1368 conjectura
2194 1330 2261 1358 est.

1252 1375 1369 1410 Dmn.
1395 1374 1645 1411 Scribendum
1672 1377 1868 1426 suspicor,
1888 1378 1949 1414 οὐκ
1981 1379 2146 1416 ἀνοικεῖον
2163 1408 2172 1425 ,
2205 1381 2261 1416 vel

1253 1431 1314 1466 οὐκ
1332 1431 1506 1474 ἀνοικείως
1522 1448 1529 1454 ·
1552 1433 1637 1470 διότι
1665 1437 1819 1485 προσ-ἧκε
1839 1437 1888 1486 τῷ
1906 1435 2034 1482 Ἀσκλ,
2065 1447 2264 1486 opportune

1252 1490 1477 1535 (lit-tafizerit
1498 1490 1602 1527 Ἰασὼ
1631 1492 1698 1529 ἀπὸ
1716 1496 1774 1529 τοῦ
1796 1494 1911 1530 ἰᾶσθαι
1927 1523 1936 1539 ,
1960 1501 2093 1543 quippe
2114 1510 2199 1544 quoe
2228 1502 2263 1532 in

1253 1551 1421 1582 comitatu
1447 1557 1530 1584 erat
1549 1552 1772 1598 AEsculapii:
1795 1551 1834 1587 id
1866 1552 1965 1588 enim
1999 1561 2054 1589 est
2079 1554 2262 1605 προσήκει»

1254 1606 1302 1654 τῷ
1321 1603 1533 1657 Ἀσκληπιῷ.
1552 1607 1715 1643 Videtur
1730 1637 1739 1654 ,
1763 1622 1807 1644 ne
1829 1610 1953 1646 oratio
1974 1618 2052 1646 tota
2073 1625 2148 1647 non
2166 1625 2263 1648 com-

1255 1662 1364 1699 mode
1402 1664 1646 1712 procederet,
1676 1667 1783 1714 sequi
1814 1666 2014 1713 debuisse,
2047 1682 2065 1703 a
2102 1670 2262 1706 maxima

1253 1719 1482 1767 scriptorum
1493 1731 1602 1770 parte
1616 1724 1823 1773 AEsculapii
1839 1725 1951 1760 filiam
1966 1725 2150 1763 celebrari
2162 1731 2260 1763 Iaso.

1253 1777 1317 1812 sed
1339 1779 1617 1828 Aristophanes
1639 1779 1686 1816 ab
1713 1782 1794 1817 aliis
1828 1782 1999 1818 diversus
2030 1784 2263 1832 Amphiarao

1253 1843 1378 1871 natam
1401 1836 1569 1872 tradidit.
1589 1840 1670 1873 Hoc
1691 1838 1737 1874 ab
1756 1840 1948 1887 Hesychio
1970 1853 2123 1890 quoque
2144 1841 2263 1879 adno—

1254 1899 1372 1929 tatum
1394 1907 1401 1928 :
1427 1892 1554 1941 Ἰασὼ,
1575 1894 1671 1946 παρὰ
1694 1896 1733 1932 τὸ
1753 1897 1887 1932 ἰᾶσθαι·
1909 1896 1992 1946 φησί
2014 1896 2049 1933 δὲ
2065 1897 2264 1950 Ἀριστοφά-

1251 1965 1310 1994 νης
1342 1950 1399 1987 καὶ
1427 1950 1639 2003 Ἀμφιαράου
1678 1953 1847 2004 θυγατέρα
1888 1948 1974 1991 εἶναι
2011 1954 2124 1993 Ἰασώ.
2170 1958 2264 2002 Quis

1252 2017 1377 2044 autem
1419 2009 1569 2046 dubitet
1593 2040 1602 2057 ‚
1639 2011 1730 2060 quin
1771 2025 1816 2048 ex
1855 2013 2088 2062 Amphiarao
2137 2013 2260 2050 fabula

1251 2065 1453 2115 decerptus
1472 2067 1519 2103 sit
1534 2067 1594 2103 hic
1615 2081 1757 2104 versus.
1778 2069 1961 2105 Nonnihil
1981 2069 2164 2107 obturbat
2180 2073 2262 2109 Sui-

1252 2123 1316 2159 ‹las
1338 2138 1346 2159 :
1370 2123 1472 2161 Ἰασὼ
1488 2154 1497 2171 ,
1518 2124 1625 2174 ὄνομα
1650 2129 1822 2173 γαμετῆς,
1843 2125 1864 2171 ἢ
1884 2127 2047 2177 Θυγατρὸς
2077 2128 2257 2180 Φιλοίρου·

1219 2223 1223 2227 1
1251 2181 1395 2231 optime
1416 2181 1568 2228 quidem
1585 2186 1796 2219 Pearsonus
1824 2183 2036 2235 Ἀμφιαράου
2057 2187 2253 2223 restituen-

1251 2240 1340 2275 dum
1355 2239 1709 2291 νίἀίῑρνοΦιλοίρου,
1725 2242 1788 2290 qui
1799 2254 1905 2277 error
1918 2255 1963 2278 eo
1975 2243 2086 2279 citius
2097 2244 2260 2294 irrepsit,

1251 2298 1339 2346 quia
1355 2298 1392 2333 in
1412 2299 1573 2333 vetustis
1592 2298 1819 2335 membranis
1840 2299 1918 2335 fere
1935 2299 2050 2336 scribi
2071 2301 2165 2337 solet
2183 2302 2255 2350 Ἀμ-

1250 2355 1372 2407 φιάρου
1393 2363 1429 2391 et
1447 2355 1626 2407 Ἀμ-ριοίρῳ
1642 2371 1649 2378 ·
1671 2357 1736 2393 sed
1762 2358 1844 2393 Iaso
1863 2370 2022 2394 uxorem
2042 2360 2258 2408 Amphiarai

1250 2415 1333 2463 quis
1356 2414 1492 2450 novit?
1522 2415 1606 2465 quis
1636 2416 1749 2451 ullam
1781 2415 1860 2465 ejus
1889 2417 2117 2452 mentionem
2144 2418 2256 2456 fecit?

1250 2472 1372 2509 Multo
1391 2473 1514 2508 minus
1540 2473 1752 2509 offenderet
1768 2502 1777 2519 ‚
1802 2474 1831 2510 si
1862 2474 2074 2524 legeretur,
2107 2477 2259 2524 γαμετῆς

1250 2532 1481 2577 Ἀσκληπιοῦ,
1498 2530 1521 2576 ἢ
1541 2535 1571 2568 θ.
1596 2531 1698 2584 Ἇμφ.
1723 2533 1827 2569 Sicut
1845 2534 1946 2569 enim
1972 2535 2135 2582 Hygiam
2150 2561 2159 2578 ‚
2181 2535 2259 2571 sive

1249 2590 1413 2627 Salutem
1428 2618 1438 2635 ,
1458 2602 1570 2638 quam
1598 2591 1771 2639 plerique
1791 2591 1903 2626 filiam
1923 2591 2130 2640 AEsculapii
2157 2592 2248 2628 fece-

1251 2656 1338 2684 runt
1353 2676 1363 2693 ‚
1380 2661 1538 2684 uxorem
1563 2648 1644 2696 ejus
1673 2661 1754 2685 esse
1774 2649 1892 2684 voluit
1921 2649 2188 2686 Onomacritus
2211 2651 2258 2687 Η.

1249 2707 1296 2742 66
1310 2735 1319 2752 ,
1340 2706 1391 2741 ita
1412 2705 1504 2742 nihil
1526 2705 1680 2742 absurdi
1699 2706 1737 2742 in
1753 2714 1854 2742 tanta
1871 2706 2128 2755 fingendarum
2148 2706 2256 2743 fabu-

1250 2764 1370 2800 larum
1386 2763 1540 2799 licentia
1561 2764 1794 2799 commisisse
1815 2763 2022 2799 censendus
2038 2771 2106 2809 est,
2127 2764 2157 2799 si
2172 2765 2258 2812 quis

1250 2823 1348 2857 sorte
1382 2829 1553 2857 veterum
1586 2835 1656 2870 pro
1693 2830 1782 2857 nata
1816 2821 1889 2856 tori
1924 2828 2137 2856 consortem
2173 2823 2256 2856 Iaso

1249 2879 1408 2924 dixerit3
1432 2879 1642 2927 praesertim
1663 2891 1778 2926 quum
1798 2886 1834 2913 et
1855 2890 1922 2926 per
1940 2877 2104 2913 nominis
2132 2877 2253 2913 ratio-

1250 2950 1354 2981 nem,
1377 2949 1460 2984 quae
1481 2948 1647 2970 summas
1670 2948 1769 2983 saepe
1791 2942 1915 2983 partes
1932 2934 1971 2969 in
1990 2933 2124 2970 sabulis
2150 2933 2253 2970 obti-

1248 3002 1328 3038 net,
1346 2992 1551 3041 AEsculapii
1572 2991 1815 3027 matrimonio
1848 2990 1960 3039 digna
1982 2990 2156 3027 videatur
2171 3019 2180 3036 ,
2217 3001 2253 3027 et

1248 3052 1376 3101 plures
1404 3050 1483 3098 ejus
1514 3049 1573 3085 dei
1603 3056 1946 3085 commemorentur
1977 3060 2114 3085 uxores
2137 3063 2253 3086 :nam

1248 3117 1385 3158 praeter
1414 3107 1597 3155 Hygeiam
1628 3106 1691 3142 alii
1718 3104 1884 3150 Ἠπιόνην
1914 3106 1986 3156 ipsi
2017 3106 2251 3155 junxerunt,

1248 3166 1403 3204 testibus
1424 3165 1538 3203 Suida
1558 3165 1593 3200 in
1611 3177 1647 3200 ν.
1667 3174 1703 3199 et
1722 3165 1881 3212 Etymol.
1903 3177 1938 3213 p.
1962 3166 2048 3211 434,
2069 3179 2126 3212 17,
2144 3169 2252 3202 Lam-

1247 3226 1386 3277 petiam
1409 3224 1505 3260 Solis
1527 3223 1640 3258 filiam
1659 3223 1905 3273 Hermippus.
1938 3223 2087 3259 Deinde
2108 3224 2154 3273 (l.
2180 3224 2250 3271 26)

1246 3285 1369 3321 sedem
1402 3282 1601 3329 utriusque
1641 3282 1805 3318 nominis
1839 3281 1984 3332 proprii
2032 3281 2247 3317 mutandam

1246 3341 1421 3380 existimo
1440 3354 1446 3376 ε
1468 3340 1495 3376 εἰ
1511 3338 1546 3374 δὲ
1564 3337 1621 3376 καὶ
1637 3338 1698 3384 τὴν
1721 3338 1822 3377 Ἰασὼ
1840 3337 2049 3389 Ἀμφιαράου
2067 3337 2247 3389 θυγατέρα,

2085 3397 2134 3425 37.
