2533 3808
138 229 212 263 234
925 201 1174 242 SCHOLIA
1215 201 1272 238 IN
1309 199 1456 238 AVES

135 306 202 358 γὰρ
217 299 258 351 ἦν
273 300 445 348 Ἀθήνησι.
459 300 578 347 λαχὼν
592 293 628 332 δὲ
638 323 648 340 ,
664 292 739 329 ἀντὶ
752 293 811 328 τοῦ
829 287 1017 340 κληρωθεὶς
1031 285 1162 331 ταύτην

134 363 198 409 τὴν
219 360 341 414 ἀρχήν.
693 406 701 418 x
1079 400 1087 413 Ι

189 432 267 457 1028.
298 413 471 466 Φαρνάκῃ
493 424 501 449 ;
524 411 726 467 Στρατηγρς
743 407 888 457 Περσῶν
906 405 924 440 ὃ
947 402 1165 454 (Φαρνακης)

135 473 382 529 Φαρναὸάζου.
415 468 625 513 ἀλαζονικῶς
666 469 724 502 οὐν
761 462 954 509 σκήπτεται
989 458 1167 497 κοινωνίαν

101 547 118 571 5
135 535 225 586 ἔχειν
243 531 317 582 μετ’
339 527 480 567 ἐκείνου.

190 603 268 628 1029.
300 586 448 641 ῥαπίσας
468 583 570 621 αὐτὸν
588 585 698 619 ταῦτα
717 578 820 629 λέγει.
840 584 877 614 R.

190 661 266 692 1032.
296 644 410 688 παίζει
427 642 511 694 πρὸς
533 640 572 678 τὸ
591 639 674 692 παρ’
696 639 798 674 αὐτοῦ
827 634 1016 687 εἰρημένον.
1039 639 1077 669 R.
1103 629 1171 682 [τὼ

135 705 231 744 κάδω
253 717 262 742 t
285 701 374 744 Τοὺς
391 700 514 742 κάδους
531 697 608 741 τοὺς
626 693 856 748 ἀμφορικοὺς,
877 694 923 736 εἷς
938 691 994 735 οὒς
1020 689 1080 732 τὰς
1100 688 1171 742 ψή-

136 778 214 816 φους
229 757 421 810 καθιᾶσιν]

86 833 119 858 10
190 833 266 858 1033.
297 818 370 870 [ἥδ’
392 814 600 856 ἐπισκόπους
618 826 626 852 :
648 811 701 851 Τὸ
720 811 799 849 ὅλον
815 808 919 860 ἤδη]

192 890 268 916 1035.
299 874 506 928 προέρχεται
524 867 619 914 οἶτος
640 870 715 908 καθ’
736 868 856 907 ἑαυτὸν
878 868 1029 918 μελετῶν
1051 864 1174 913 νόμους

137 936 192 979 οὒς
214 934 374 973 ἓὸούλετο
393 935 438 975 ὡς
462 930 545 983 πρὸς
568 926 908 968 νεοκατασκεύαστον
935 923 1035 962 πόλιν
1062 924 1174 973 μισθῷ

136 994 277 1032 πωλεῖν.
297 1000 338 1031 V.

194 1065 274 1090 1037.
305 1049 361 1092 οὒς
389 1047 623 1100 νομορήτορας
653 1045 778 1098 φαμὲν,
808 1043 840 1081 οἳ
863 1042 941 1085 τοὺς
965 1040 1088 1091 νόμους
1119 1038 1176 1076 ἐπὶ

91 1129 122 1152 15
140 1112 251 1162 μισθῷ
270 1109 457 1146 πωλοῦσιν.
476 1113 516 1143 V.

196 1181 273 1206 1040.
303 1162 574 1217 περισπωμένως
591 1165 635 1205 ὡς
652 1162 805 1207 Μηλιᾶς.
821 1159 913 1210 λέγει
931 1157 997 1209 γὰρ
1018 1155 1095 1197 τοὺς
1112 1169 1175 1191 πο-

138 1225 246 1269 λίτας.
268 1224 307 1262 τὸ
326 1223 454 1260 τέλειον
472 1217 820 1273 Νεφελοκοκκυγιέας.
839 1219 872 1254 ἐν
894 1215 1026 1269 κράσει.
1045 1218 1084 1249 V.

194 1296 272 1321 1041.
298 1282 373 1320 ἀντὶ
392 1284 451 1318 τοῦ
472 1279 600 1329 νόμοις.
620 1286 662 1316 V.

194 1354 273 1379 1042.
304 1339 370 1377 ὑπὸ
391 1340 441 1390 τῷ
457 1337 548 1389 Ἄθῳ
567 1339 588 1382 ἡ
610 1334 798 1387 Ὀλόφυξος
817 1332 926 1375 πόλις.
946 1330 1029 1383 πρὸς
1050 1328 1106 1371 οὒς
1120 1328 1178 1366 καὶ

88 1415 123 1439 20
139 1398 394 1452 προστάγματα
413 1395 568 1444 ἔπεμπον
589 1393 775 1439 Ἀθηναῖοι.
794 1400 836 1429 V.

195 1469 275 1494 1043.
308 1452 517 1507 [Ὀτοτύξιοι
543 1464 552 1490 2
579 1450 663 1490 Ἀπὸ
699 1454 758 1487 τοῦ
786 1448 955 1492 ὀτοτύζειν
983 1444 1177 1497 ἐσχημάτι-

124 1514 232 1565 wem]

196 1585 273 1609 1046.
307 1571 495 1620 (καλοῦμαι
526 1581 534 1606 ;
569 1566 773 1619 Γράφομαι,
807 1565 853 1606 εἷς
887 1561 926 1599 τὸ
959 1558 1180 1611 δικαστήριον

141 1626 265 1679 καλῶ.)

90 1700 124 1724 25
196 1700 274 1725 1047.
303 1685 380 1723 τότε
414 1684 544 1736 γίνεται
581 1683 620 1720 τὸ
658 1681 738 1733 περὶ
773 1679 904 1731 ῧὸρεων
945 1675 1179 1728 δικαστήριον.

141 1747 187 1787 ὡς
203 1746 236 1782 ἐν
253 1743 364 1795 τούτῳ
378 1744 445 1780 τῶν
464 1739 678 1791 ἐναγομένων
696 1738 798 1782 ξένων
812 1737 880 1774 ἀπὸ
895 1738 962 1773 τῶν
977 1734 1109 1772 πόλεων
1124 1749 1182 1771 κα-

142 1802 331 1853 λουμένων.
353 1802 414 1838 οὐκ
431 1795 472 1846 ἦν
489 1799 543 1846 δὲ,
565 1798 640 1836 ἀλλ’
663 1800 680 1834 ὃ
697 1793 994 1846 Μαιμακτηριὼν,
1009 1795 1054 1836 ὡς
1072 1791 1182 1830 Φιλέ-

143 1875 260 1912 ταιρος
281 1861 314 1897 ἐν
342 1857 442 1904 Μησὶ
469 1857 567 1902 δηλοῖ
588 1875 602 1889 «
623 1855 673 1898 τίς
694 1854 765 1893 ἐστὶ
792 1850 1092 1903 Μαιμακτηριιῖψ,
1113 1849 1182 1900 μὴν

145 1918 337 1968 δικάσιμος.
357 1934 371 1950 »
388 1924 428 1953 V.
450 1915 530 1965 (ἔδει
544 1916 650 1952 εἰπεῖν
667 1913 986 1963 Μαιμακτηριῶνα·
1005 1910 1051 1952 εἷς
1065 1912 1182 1946 τοῦτον

95 1993 130 2018 30
145 1976 212 2029 γὰρ
231 1971 322 2023 ἦσαν
340 1976 374 2012 αἱ
390 1973 544 2026 κρίσεις.)

200 2047 279 2073 1049.
310 2036 355 2076 ὡς
374 2031 495 2070 τούτου
515 2034 573 2068 τοῦ
592 2029 811 2080 ἐγκλήματος
830 2028 925 2070 ὄντος
946 2026 985 2063 τὸ
1007 2025 1055 2076 μὴ
1077 2023 1185 2062 εἰσδέ-

144 2096 267 2144 χεσθαι
283 2091 340 2128 τὸν
360 2089 568 2139 ταττόμενον
590 2085 940 2141 ἅρχονταδικαστήν.
957 2092 999 2123 V.

151 2143 155 2147 ,
200 2164 280 2189 1050.
313 2146 416 2196 (κατὰ
439 2146 501 2193 τὴν
523 2145 654 2192 στήλην
677 2158 685 2183 ;
711 2143 811 2183 Κατὰ
831 2143 892 2190 τὴν
911 2140 1082 2192 δημοσίαν
1101 2142 1185 2177 ἀνα-

145 2208 310 2261 γραφήν.)
330 2230 382 2236 -
398 2205 450 2243 ὅτι
465 2204 508 2243 τὰ
524 2203 734 2256 ψηφίσματα
748 2201 808 2240 καὶ
824 2200 901 2244 τοὺς
917 2200 1042 2250 νόμους
1062 2202 1095 2237 ἐν
1113 2201 1188 2241 ταῖς

95 2281 129 2306 35
147 2267 290 2313 στήλαις
310 2264 470 2317 ἔγραφον.
489 2271 532 2302 V.

202 2337 280 2362 1053.
311 2322 495 2373 (διασκεδῶ
525 2334 534 2360 :

148 2381 389 2434 συκοφάντου.)

203 2453 280 2479 1054.
309 2438 511 2490 κατέχεσας.
529 2445 569 2476 R.
589 2433 839 2480 ἀπεπάτησας,
861 2430 1038 2473 ἀπετίλας.
1059 2438 1099 2468 V.

654 2491 856 2537 Σκήπτεται
882 2492 991 2528 ποιεῖν
1013 2488 1107 2526 ἔνδον
1127 2487 1190 2534 τὴν

566 2316 813 2364 Ἀποπατήσας
840 2314 1104 2353 ἀπαλλάττεται
1127 2317 1187 2352 τοῦ

204 2510 284 2535 1057.
315 2495 473 2538 θύσοντες
499 2493 581 2532 εἴσω
613 2507 622 2532 :

97 2569 133 2595 40
150 2554 282 2602 θυσίαν,
302 2553 359 2591 ἵνα
377 2552 425 2604 μὴ
447 2552 559 2605 σφάξῃ
579 2551 618 2588 τὸ
638 2549 825 2602 πρόὸατον.

206 2627 284 2651 1058.
316 2612 395 2663 (ἤδη
414 2627 471 2661 μοι
488 2613 537 2663 τῷ
554 2608 737 2660 παντόπτᾳ
753 2622 761 2646 ;
780 2605 935 2645 Εἰώθασι
953 2603 1041 2655 μετὰ
1055 2604 1116 2651 τὴν
1131 2621 1190 2642 τε-

151 2671 247 2709 λείαν
273 2669 474 2722 παράὸασιν
505 2664 784 2720 ἐπιρρηματικὴν
814 2667 988 2701 ποιεῖσθαι
1016 2663 1190 2714 συζυγίαν,

876 2720 1022 2763 Ἄλλως.
1045 2720 1190 2772 δευτέρα

153 2787 371 2840 παράὸασις,
388 2789 433 2829 ὡς
453 2787 486 2823 ἐν
507 2784 711 2833 Ἱππεῦσιν.)
797 2779 959 2834 [Ἄλλως.
981 2782 1003 2825 ἡ
1019 2779 1191 2831 παράῧα-

103 2861 136 2887 45
155 2862 206 2890 σις
223 2845 309 2892 αὕτη
328 2845 389 2883 οὐκ
403 2844 476 2896 ἔχει
490 2842 606 2880 πάντα
621 2840 665 2879 τὰ
682 2839 788 2892 μέρη,
803 2837 894 2877 ἀλλὰ
913 2837 1001 2888 μόνα
1017 2836 1170 2889 τέσσαρα
1181 2868 1191 2887 ,

155 2904 217 2951 τὴν
238 2902 330 2956 ᾠδὴν
345 2902 404 2940 καὶ
422 2900 584 2954 στροφὴν,
601 2899 640 2937 τὸ
660 2898 858 2950 ἐπίρρημα,
878 2896 940 2942 τὴν
959 2894 1113 2947 ἀντῳδὴν
1134 2896 1193 2933 καὶ

155 2962 195 3000 τὸ
218 2960 469 3014 ἀντεπίρρημα.
495 2959 569 2997 ἔστι
591 2961 672 3009 γοῦν
696 2960 718 3003 ἡ
738 2955 809 3010 ᾠδὴ
837 2954 897 2993 καὶ
921 2953 1050 3006 στροφὴ
1072 2954 1193 2991 κώλων

157 3020 215 3059 καὶ
234 3019 363 3071 στίχων
387 3019 602 3055 δακτυλικῶν
619 3015 679 3054 καὶ
703 3016 902 3052 παιωνικῶν
927 3014 983 3052 ιδ’.
1003 3011 1046 3049 τὰ
1073 3012 1124 3058 α’,
1144 3013 1192 3059 ε’,

158 3079 209 3125 ς’,
232 3078 257 3122 ζ’
282 3075 472 3114 δακτυλικὰ
492 3077 724 3128 ἑφθημιμερῆ.
744 3072 788 3111 τὰ
806 3072 857 3120 δ’,
873 3071 925 3123 γ’,
944 3071 992 3118 δ’,
1017 3070 1058 3117 ι’,
1077 3071 1122 3107 ια’
1138 3087 1194 3108 τε-

102 3144 141 3173 50
157 3135 347 3189 τράμετρα.
365 3133 409 3171 τὰ
423 3134 451 3171 δ’
473 3133 563 3172 ἀλλα
583 3130 778 3178 παιωνικὰ,
794 3129 1010 3183 τετράμετρα
1029 3127 1090 3179 μὲν
1105 3130 1192 3166 ἀκα-

159 3194 315 3240 τάληκτα
335 3191 380 3229 τὰ
398 3192 452 3238 η’,
473 3192 513 3229 0'.
535 3192 573 3229 τὸ
590 3192 625 3228 δὲ
648 3190 691 3227 ιδ’
711 3189 906 3242 τρίμετρον.
925 3187 963 3225 τὸ
981 3186 1016 3225 δὲ
1035 3189 1077 3238 ιγ’
1098 3186 1195 3236 δίμε-

159 3268 250 3304 τρον.
269 3250 308 3288 τὸ
327 3248 363 3303 δὲ
385 3250 424 3286 ιδ’
442 3247 671 3302 ἑφθημιμερὲς
691 3250 728 3285 ἐκ
750 3248 934 3299 κρητικῶν.
960 3245 1014 3298 ὑφ’
1038 3244 1056 3282 ὃ
1075 3245 1194 3296 παρά-

160 3325 308 3361 γραφος,
322 3306 382 3345 καὶ
403 3308 507 3352 διπλῆ
529 3306 597 3343 ἔσω
613 3305 823 3356 νενευκυῖα]

216 3380 292 3405 1059.
321 3364 507 3416 παντάρχᾳ
525 3377 533 3402 2
550 3363 758 3415 Ἑρμηνεύει
774 3363 813 3401 τὸ
828 3362 1022 3413 παντόπτᾳ.
1044 3370 1082 3400 R.
1111 3369 1191 3400 Ποῖ.

153 2730 271 2780 ὥσπερ
286 2728 345 2765 καὶ
365 2729 398 2765 ἐν
414 2727 573 2766 Ἱππεῦσι
590 2723 791 2770 πεποίηκεν.

1281 298 1359 323 1063.
1389 282 1529 322 κτείνων
1544 283 1743 336 παμφύλων
1760 297 1768 322 2
1783 283 1841 322 Τὰ
1855 283 1964 335 μικρὰ
1974 282 2065 333 λέγει
2075 282 2136 327 τὰς
2150 283 2262 333 μυίας.

1226 341 1286 379 καὶ
1303 341 1430 393 θηρίοις
1444 340 1511 393 γὰρ
1531 341 1691 391 πολέμιοι
1708 341 1852 394 ὄρνιθες,
1872 343 1918 384 ὡς
1936 343 2084 392 λαγωοῖς
2104 342 2211 384 ἀετός.

1284 411 1362 436 1065.
1391 399 1472 448 (νῦν)
1493 397 1640 442 κάλυκες
1659 401 1948 451 καταχρηστικῶς
1962 398 2078 437 πάντα
2098 398 2142 436 τὰ
2162 399 2266 451 ἀκρό-

1229 457 1327 507 δρυα.
1344 463 1381 493 R.
1395 463 1435 492 V.

1284 527 1362 551 1069.
1395 513 1522 566 ἑρπετὰ
1548 514 1608 551 καὶ
1635 514 1764 552 δάκετα
1794 529 1803 554 :
1833 515 1904 553 Καὶ
1929 514 1973 552 τὰ
2002 515 2092 552 ἄλλα
2119 514 2266 561 δάκετα,
2286 532 2301 555 5

1229 569 1347 623 ὥσπερ
1369 573 1398 608 εἰ
1415 571 1513 622 τύχοι
1531 575 1549 609 ὁ
1563 571 1736 624 σκορπίος.
1754 572 1904 623 [[δάκετα
1921 572 1956 610 δὲ
1968 602 1978 621 ,
1994 572 2095 625 θηρία
2114 572 2267 624 Momm]

1285 643 1364 668 1072.
1396 629 1692 681 ἐπαναγορεύεται
1723 643 1732 668 2
1769 630 1842 669 Καὶ
1870 631 2027 681 λέγεται,
2053 630 2113 667 καὶ
2138 633 2269 676 ἀνακη-

1233 686 1403 739 ρύττεται.
1433 694 1515 724 Vicc.

1288 759 1366 784 1073.
1397 744 1572 796 Διαγόραν
1587 744 1646 782 τὸν
1661 744 1799 791 Μήλιον
1816 757 1825 783 2
1839 739 1950 787 Οῧτος
1964 744 2053 793 μετὰ
2065 744 2128 791 τὴν
2143 746 2271 784 ἅλωσιν

1233 804 1358 850 Μήλου
1385 803 1468 854 ᾤκει
1493 805 1526 840 ἐν
1548 802 1722 850 Ἀθήναις,
1747 802 1792 840 τὰ
1818 802 1854 840 δὲ
1876 802 2051 854 μυστήρια
2075 802 2276 850 ηὗτέλιζεν,.
2291 820 2322 843 10

1233 866 1279 906 ὡς
1297 861 1444 904 πολλοὺς
1465 860 1639 914 ἐκτρέπειν
1654 864 1715 907 τῆς
1733 862 1883 907 τελετῆς.
1904 864 2006 898 τοῦτο
2026 854 2084 898 οὖν
2105 861 2272 912 ἐκήρυξαν

1234 924 1311 959 κατ’
1342 922 1447 958 αὐτοῦ
1474 920 1645 966 Ἀθηναῖοι
1671 918 1731 957 καὶ
1759 921 1793 957 ἐν
1823 921 1941 972 χαλκῇ
1968 919 2078 971 στήλῃ
2107 919 2274 973 ἔγραψαν,

1234 979 1279 1023 ὥς
1301 995 1385 1032 φησι
1403 978 1595 1021 Μελάνθιος
1615 980 1649 1015 ἐν
1669 981 1718 1031 τῷ
1737 978 1816 1030 περὶ
1835 977 2049 1029 μυστηρίων.
2130 975 2274 1022 Ἄλλως.

1235 1042 1346 1076 ταῦτα
1363 1040 1401 1075 ἐκ
1416 1041 1474 1074 τοῦ
1493 1036 1712 1089 ψηφίσματος
1727 1036 1879 1088 εἴληφεν.
1895 1035 2001 1079 οὕτως
2012 1035 2078 1089 γὰρ
2096 1036 2277 1090 ἐκήρυξαν,

1235 1100 1283 1148 τῷ
1299 1095 1360 1146 μὲν
1378 1095 1619 1133 ἀποκτείναντι
1637 1095 1737 1133 αὐτὸν
1758 1094 1927 1132 τάλαντον
1944 1094 2152 1146 λαμὸάνειν,
2171 1098 2222 1146 τῷ
2241 1094 2276 1133 δὲ
2301 1113 2330 1137 15

1237 1155 1354 1206 ἄγοντι
1376 1154 1446 1192 δύο.
1468 1153 1644 1206 ἐκηρύχθη
1669 1153 1705 1191 δὲ
1734 1157 1835 1191 τοῦτο
1856 1152 1911 1191 διὰ
1934 1153 1972 1191 τὸ
1999 1153 2122 1197 ἀσεὸὲς
2150 1156 2276 1204 αὐτοῦ,

1238 1213 1311 1250 ἐπεὶ
1331 1212 1374 1249 τὰ
1395 1211 1569 1262 μυστήρια
1594 1217 1683 1248 πᾶσι
1709 1212 1861 1263 διηγεῖτο
1881 1214 2084 1249 κοινοποιῶν
2108 1211 2197 1250 αὐτὰ
2219 1213 2279 1250 καὶ

1238 1270 1346 1322 μικρὰ
1368 1272 1474 1307 ποιῶν
1496 1269 1555 1306 καὶ
1581 1268 1659 1312 τοὺς
1687 1269 1914 1321 βουλομένους
1945 1272 2106 1320 μυεῖσθαι
2133 1271 2280 1323 ἀποτρέ-

1237 1344 1324 1374 πων,
1345 1326 1502 1379 καθάπερ
1524 1327 1702 1379 Κρατερὸς
1718 1328 1861 1379 ἱστορεῖ.
1884 1327 2147 1381 (ἐκκεκήρυκται
2164 1327 2200 1366 δὲ
2215 1329 2281 1379 μά·

1237 1388 1340 1424 λιστα
1359 1385 1426 1423 ὑπὸ
1444 1384 1507 1431 τὴν
1535 1384 1666 1422 ἅλωσιν
1690 1388 1750 1431 τῆς
1771 1385 1910 1432 Μήλου.
1939 1385 2036 1424 οὐδὲν
2061 1386 2128 1439 γὰρ
2148 1387 2275 1425 κωλύει
2300 1407 2349 1431 20⁷

1238 1444 1418 1497 πρότερον.
1439 1443 1633 1486 Μελάνθιος
1651 1441 1686 1480 δὲ
1708 1446 1743 1481 ἐν
1763 1446 1813 1494 τῷ
1833 1444 1914 1496 περὶ
1933 1445 2133 1496 μυστηρίων
2152 1446 2281 1499 προφέ-

1241 1518 1336 1555 ρεται
1355 1506 1416 1548 τῆς
1435 1502 1570 1553 χαλκῆς
1590 1501 1720 1548 στήλης
1736 1501 1957 1554 ἀντίγραφον,
1974 1504 2008 1540 ἐν
2028 1497 2052 1554 ᾗ
2069 1503 2283 1555 ἐπεκήρυξαν

1239 1561 1299 1600 καὶ
1321 1560 1424 1598 αὐτὸν
1452 1559 1512 1597 καὶ
1540 1558 1620 1603 τοὺς
1647 1559 1845 1604 ἐκδιδόντας
1877 1561 2082 1604 Πελλανεῖς.
2114 1557 2194 1614 {va}
2221 1562 2283 1613 γε’-

1240 1635 1393 1673 γραπται
1419 1618 1479 1656 καὶ
1498 1621 1622 1655 ταῦτα·
1650 1616 1710 1655 ἐὰν
1731 1617 1767 1656 δέ
1795 1634 1846 1662 τις
1876 1618 2062 1670 ἀποκτείνῃ
2094 1619 2283 1672 Διαγόραν,

1241 1679 1298 1716 τὸν
1318 1677 1467 1724 Μήλιον,
1492 1676 1686 1726 λαμὸάνειν
1708 1676 1871 1730 ἀργυρίου
1892 1676 2073 1715 τάλαντον·
2095 1677 2154 1716 ἐὰν
2179 1678 2216 1716 δέ
2234 1695 2284 1723 τις
2322 1696 2336 1717 -·.

1242 1739 1352 1781 ζῶντα
1374 1734 1509 1785 ἀγάγῃ,
1531 1734 1727 1784 λαμὸάνειν
1749 1735 1833 1786 δύο.)

1297 1807 1376 1832 1074.
1410 1792 1464 1843 (ἄν
1487 1807 1524 1829 τε
1547 1794 1615 1829 τῶν
1639 1791 1813 1844 τυράννων
1837 1792 1888 1836 τίς
1915 1807 1924 1832 :
1945 1791 2065 1840 Τινὲς,
2091 1793 2181 1832 τινά.
2200 1794 2285 1832 ὡσεὶ

1243 1852 1340 1903 ἔλεγέ
1358 1866 1435 1889 τινα
1452 1852 1519 1887 τῶν
1540 1849 1738 1896 ἀνηκόντων
1760 1851 1872 1902 αὐτῷ,
1894 1850 1929 1893 ὃς
1948 1850 2007 1888 ἐὰν
2027 1850 2203 1903 φονεύσῃ.)

1298 1924 1376 1949 1075.
1406 1911 1473 1947 τῶν
1494 1907 1707 1954 τεθνηκότων
1735 1922 1743 1947 z
1765 1907 1866 1960 [[Τῶν
1887 1907 1944 1946 ἐπὶ
1965 1907 2109 1961 θανάτῳ
2138 1909 2285 1961 φευγόν-

1243 1967 1344 2020 των]
1367 1969 1400 2005 ἐν
1420 1968 1489 2008 τοῖς
1510 1966 1756 2016 ὑπομνήμασιν
1772 1964 1862 2003 οὕτω
1881 1965 2095 2017 γέγραπται·
2117 1967 2151 2003 ἐν
2173 1969 2284 2019 ὑπερ·
2305 1983 2340 2008 30

1245 2026 1330 2077 ὅολῇ
1342 2025 1401 2063 καὶ
1417 2025 1493 2066 τοὺς
1503 2023 1709 2071 τεθνηκότας
1720 2022 1933 2061 ἀποκτείνειν
1951 2022 2041 2061 ὥστε
2057 2023 2140 2072 μηδ’
2160 2024 2194 2060 ἐν
2209 2026 2228 2044 *
2239 2026 2257 2043 *
2268 2026 2286 2044 *

1244 2084 1495 2133 πλαγιάζονται
1521 2083 1556 2122 δὲ
1577 2085 1611 2120 ἐν
1631 2086 1674 2134 τῇ
1699 2081 1904 2135 ἀμφιὸολίᾳ.
1927 2081 2022 2133 λέγει
2040 2081 2121 2135 γὰρ,
2148 2082 2209 2120 ἐάν
2236 2099 2287 2126 τις

1245 2142 1322 2180 τινὰ
1344 2145 1412 2180 τῶν
1438 2144 1507 2186 τοῖς
1528 2140 1706 2194 τυράννοις
1727 2140 1975 2193 προσηκόντων
1994 2140 2204 2193 ἀποκτείνῃ,
2224 2141 2298 2179 *td-⁴

1245 2202 1368 2238 λαντον
1394 2199 1560 2252 λήψεται·
1589 2193 1659 2236 οἷον
1680 2198 1833 2250 γύναιον,
1864 2197 2026 2251 ἀδελφὸν,
2049 2198 2182 2247 τέκνον,
2211 2199 2290 2244 τοὺς

1248 2258 1481 2308 συνωμοσίους
1501 2258 1561 2296 καὶ
1574 2256 1847 2310 συμπράξαντας
1862 2260 1904 2309 τῇ
1924 2256 2111 2309 τυραννίδι.
2308 2277 2342 2301 35

1304 2330 1381 2355 1076.
1415 2317 1566 2354 ἀνειπεῖν
1586 2329 1595 2355 :
1614 2315 1772 2368 Κηρύξαι
1786 2314 1845 2353 καὶ
1865 2317 2108 2368 ἀναγορεῦσαι.
2138 2324 2223 2354 Vice.

1303 2388 1381 2413 1077.
1411 2374 1469 2412 τὸν
1490 2371 1677 2426 Στρούθιον
1696 2371 1806 2412 ε”Ανω
1819 2378 1881 2419 [16]
1898 2368 1992 2411 εἶπεν
2010 2374 2049 2411 ἐκ
2065 2375 2134 2412 τῶν
2152 2372 2289 2426 ὀρνέων.

1250 2432 1434 2483 Στρούθιον
1452 2432 1495 2482 δὲ
1516 2426 1624 2479 εἶπεν,
1644 2434 1689 2475 ὡς
1713 2431 1864 2477 Μήλιον.
1889 2431 1941 2469 διὸ
1963 2431 2024 2469 καὶ
2044 2431 2134 2470 οὕτω
2150 2446 2290 2484 προενε-

1249 2489 1358 2529 κτέον.
1374 2489 1557 2542 [[συνείρων
1579 2488 1631 2535 δὲ,
1648 2491 1693 2532 εἷς
1709 2488 1859 2541 ὁρμαθὸν
1881 2488 2078 2540 συντιθείς]

1305 2562 1383 2587 1079.
1415 2548 1552 2590 σπίνους
1574 2561 1583 2585 1
1608 2541 1711 2590 Εἶδος
1731 2546 1848 2599 ὀρνέου
1868 2550 1886 2584 ὁ
1912 2546 2044 2590 σπίνος,
2067 2545 2147 2598 τρία
2170 2545 2206 2583 δὲ
2229 2548 2291 2584 αὖ·
2310 2559 2344 2585 40

1250 2606 1326 2649 τοὺς
1344 2608 1464 2652 λυπεῖ,
1487 2605 1538 2643 ὅτι
1559 2605 1714 2657 θηρεύει,
1736 2604 1790 2642 ὅτι
1813 2605 1941 2652 πωλεῖ,
1959 2603 2010 2642 ὅτι
2036 2604 2064 2649 ζ’
2088 2607 2147 2642 τοῦ
2167 2604 2290 2642 ὀὸολοῧ

1250 2667 1296 2707 ὡς
1315 2663 1495 2707 εὐτελίζων
1512 2662 1646 2706 αὐτούς.

1307 2736 1387 2761 1081.
1420 2722 1488 2764 τοῖς
1499 2737 1535 2758 τε
1556 2721 1751 2773 κοψίχοισιν
1771 2733 1779 2759 :
1802 2722 1848 2759 Οἱ
1865 2720 2003 2773 κόψιχοι
2016 2719 2083 2773 γὰρ
2103 2721 2292 2773 ᾠοτοκοῦν-

1251 2796 1305 2824 τες
1329 2783 1487 2818 κεντοῦσι
1509 2779 1553 2816 τὰ
1571 2778 1636 2831 ᾠά.
1662 2781 1692 2817 οἳ
1717 2773 1773 2816 οῧν
1803 2780 2020 2831 ὀρνιθοθῆραι
2043 2778 2155 2831 πτερὰ
2179 2779 2293 2822 αὐτοῖς

1253 2838 1467 2889 ἐμὸάλλουσι
1492 2837 1577 2888 πρὸς
1600 2836 1637 2874 τὸ
1660 2836 1836 2887 ἀμὸλῦναι
1855 2836 1899 2874 τὰ
1921 2836 2041 2889 ῥάμφη
2062 2839 2105 2888 τῇ
2130 2836 2291 2887 μαλακό-
2311 2849 2346 2875 45

1252 2912 1330 2943 τητι
1351 2899 1419 2933 τῶν
1435 2898 1583 2947 πτερῶν.
1604 2894 1625 2941 ἢ
1642 2893 1699 2932 ἵνα
1720 2894 1768 2945 μὴ
1786 2897 1985 2948 κορυζῶσιν,
2006 2894 2028 2941 ἢ
2051 2893 2141 2945 μετὰ
2156 2895 2196 2933 τὸ
2207 2895 2294 2948 σφά-

1254 2954 1307 2999 ξαι
1324 2953 1435 3007 πτερὰ
1452 2953 1712 3001 ἐπιὸάλλουσιν,
1733 2952 1822 2991 ὥστε
1845 2952 1878 2997 ἐξ
1896 2955 2006 2992 αὐτῶν
2023 2952 2146 2997 αὐτοὺς
2160 2969 2292 3007 κρεμα-

1255 3013 1376 3063 μένους
1408 3015 1575 3065 ὃραθῆναι
1606 3019 1726 3051 πᾶσιν.
1764 3012 1974 3064 ἐμφαντικὸν
2005 3010 2041 3050 δὲ
2071 3011 2224 3058 πλήθους
2253 3011 2293 3050 τὸ

1254 3073 1361 3122 ἐγχεῖ.
1378 3071 1492 3123 [ἐγχεῖ
1508 3069 1551 3107 τὰ
1573 3068 1684 3121 πτερὰ
1703 3069 1823 3121 βιαίως
1843 3069 1918 3107 ἀντὶ
1937 3074 1996 3107 τοῦ
2014 3069 2162 3123 διείρει]
2179 3069 2292 3124 εἴρον-

1253 3145 1308 3173 τες
1320 3128 1386 3182 γὰρ
1407 3128 1463 3166 διὰ
1479 3131 1547 3166 τῶν
1565 3130 1663 3180 ῥινῶν
1679 3127 1738 3165 καὶ
1753 3131 1948 3179 κρεμῶντες
1959 3129 2127 3166 ἐπώλουν.
2312 3145 2347 3170 bo

1310 3200 1386 3225 1083.
1415 3184 1578 3224 παλεύειν
1598 3199 1607 3224 :
1624 3185 1712 3224 Ἀντὶ
1728 3189 1788 3223 τοῦ
1809 3185 1978 3238 θηρεύειν,
2004 3187 2292 3239 (προκαλεῖσθαι).

1255 3245 1412 3282 εἰώθασιν
1430 3243 1673 3297 ἐκτυφλοῦντές
1691 3260 1767 3281 τινα
1787 3247 1855 3282 τῶν
1872 3244 1998 3297 ὀρνέων
2025 3243 2164 3282 ἱστάναι
2184 3246 2220 3282 ἐν
2241 3245 2292 3282 δι-

1254 3302 1365 3354 κτύῳ,
1390 3301 1483 3345 ὅπως
1505 3305 1547 3354 τῇ
1574 3305 1668 3355 φωνῇ
1689 3304 1922 3354 προσκαλοῖτο
1944 3302 1988 3340 τὰ
2010 3305 2205 3353 ὁμοιογενῆ.
2232 3302 2293 3339 καὶ

1255 3365 1354 3399 τοῦτο
1392 3359 1682 3411 γλωσσηματικὸν
1716 3359 1878 3399 παλεύειν
1914 3361 2044 3411 ἔλεγον.
2131 3357 2289 3410 (Ἄλλως.

2303 1696 2325 1719 ¹:⁹³

2522 434 2523 447 μ
2518 310 2525 422 *dg-1
