2485 3808
900 280 1162 319 SCHOLIA
1203 280 1263 318 11²1
1299 281 1529 320 W'ESPAS.

145 396 206 432 χον
226 379 285 417 καὶ
304 378 346 417 τὰ
360 377 473 431 ’ἐρατὰ
494 378 623 428 ἔμιξεν,
643 372 711 416 οἷον
734 379 863 429 ἀρχαῖα
885 378 972 427 μέλη
1001 378 1180 429 Φρυνίχου

1122 438 1148 458 x

1120 452 1182 474 ιιι-

146 438 252 491 ἐρατὰ
272 454 331 475 και
354 437 459 483 ἡδέα,
479 436 663 488 καθάπερ
658 436 736 474 μέλι
756 452 851 487 περιε
838 435 937 487 5‘7⁶0v
926 452 962 473 .α
985 452 1022 474 το
1040 439 1099 482 τ’ἧς

146 496 287 539 δι’ἶ)νος”
267 511 388 545 ονομα.
411 495 633 547 Φρύνιχος
603 511 637 532 οε
655 511 709 546 5-5(
696 495 745 532 ,ἴεν
750 510 787 532 το
804 510 867 547 τρα
872 494 997 547 *gfo3223
1015 510 1180 543 ποιητης,

145 554 217 599 63⁹
198 557 325 606 εγραψε
340 555 455 604 δρᾶμα
472 553 662 595 Φοινίσσας
677 583 686 598 ,
705 569 738 590 εν
758 556 785 605 ᾧ
804 552 976 602 μέμνηται
995 552 1181 591 Σιδωνίων.

1109 609 1185 647 ”·Αλ

147 673 224 714 λως.
250 669 301 708 ὅτι
324 670 366 707 δι
391 669 558 719 ὀνόματος
580 673 620 710 τ’,ν
648 670 794 706 καθόλου
813 668 874 718 μὲν
894 671 911 706 6
932 669 1106 719 Φρύνιχος
1127 667 1184 704 ἐπι

148 728 352 781 μελοποιία,
371 728 525 778 μάλιστα
550 727 585 764 35
603 727 641 765 τὸ
663 743 701 764 εκ
722 744 788 764 των
807 729 1002 765 (Ι)οινισσῶν
1023 728 1126 764 αὐτοῦ
1147 726 1185 763 τὸ

142 799 162 819 ’τι
178 786 237 824 καὶ
259 787 408 829 Σιδῶνος
431 785 644 837 προλιπόντα
662 784 754 824 ναόν.
780 803 793 817 »
818 786 839 830 ἢ
864 804 878 818 «ι
906 784 1070 823 Σιδώνιον
1098 783 1184 821 ἄστυ

146 845 372 888 λιπόντες.»
397 860 452 882 πε
443 844 584 890 ποίηται
617 843 652 881 35
684 847 705 889 ἡ
735 843 824 887 λέξις
851 842 947 894 παρὰ
975 842 1014 880 τὸ
1040 844 1185 895 ἀρχαῖον

97 910 130 935 10
148 902 207 940 καὶ
221 902 259 940 τὸ
274 902 374 953 μέλος
387 918 446 940 και
461 917 499 939 το
514 901 625 940 Σιδών
644 917 703 938 και
719 917 757 938 το
774 900 949 953 Φρύνιχος
972 900 1031 938 καὶ
1050 900 1089 937 τὸ
1106 902 1186 952 ἐρα-

147 960 216 999 τόν.
237 961 459 1012 Αρίσταρχος
482 959 518 997 δέ
535 974 619 1011 φησι
642 961 845 1008 γεγενῆσθαι
864 958 932 995 ἀπὸ
949 962 1007 995 τοῦ
1029 957 1108 1007 μέλι
1128 958 1187 996 καὶ

147 1022 206 1057 τοῦ
222 1020 371 1061 Σιδῶνος
389 1017 449 1055 καὶ
468 1021 527 1054 τοῦ
544 1016 724 1068 Φρυνίχου
741 1015 800 1053 καὶ
820 1019 877 1053 τοῦ
896 1015 1053 1068 ἐρατόν.)

200 1091 264 1116 222.
296 1074 516 1127 βαλλήσομεν
535 1087 542 1113 :
564 1073 669 1113 Οὕτω
684 1073 840 1124 λέγουσιν
862 1073 1111 1116 ἐπεκτείνοντες
1130 1073 1189 1111 καὶ

149 1134 239 1172 ἄλλα
253 1133 382 1180 πολλὰ,
400 1127 469 1170 οἷον
485 1132 694 1182 παιήσομεν.
714 1134 759 1175 ὡς
776 1131 845 1169 ἀπὸ
866 1131 1136 1184 περισπωμένου
1155 1132 1189 1169 δὲ

99 1203 136 1227 15·
149 1191 223 1229 ἔστι
238 1195 296 1229 τοῦ
316 1191 446 1242 βαλλῶ.
466 1198 506 1227 W'.
525 1196 611 1227 W'ict.

202 1261 266 1288 223.
296 1247 417 1301 ὀργίσῃ
439 1262 448 1286 t
469 1246 667 1300 Παροξύνῃ.
695 1255 777 1285 Ποῖ.

201 1321 263 1346 22⁴.
295 1306 427 1358 (ὅμοιον
448 1313 580 1359 σφηκιᾷ
603 1321 611 1345 :
635 1306 726 1345 Ἀντὶ
753 1310 812 1344 τοῦ
833 1305 1027 1359 σφηκώδεις
1046 1306 1112 1344 εἶσὶ
1132 1306 1192 1344 καὶ

149 1364 361 1418 κεντρώδεις.
379 1366 413 1402 ἐν
432 1365 591 1416 σχήματι
608 1365 675 1417 γὰρ
697 1366 838 1417 σφηκῶν
855 1364 1066 1414 εἰσάγονται.
1082 1366 1092 1414 )

204 1429 336 1477 σφηκιᾷ
359 1437 368 1461 t
391 1422 599 1473 Συστήματι
620 1425 775 1475 σφηκῶν.
797 1429 882 1459 W'ict.

98 1501 133 1527 20
203 1496 266 1521 225.
297 1483 337 1519 ἐκ
352 1484 412 1527 τῆς
425 1480 548 1533 ὀσφύος
567 1494 574 1518 ;
594 1479 695 1530 (υΟτι
711 1483 745 1518 ἐν
766 1480 923 1532 σχήματι
941 1483 1081 1532 σφηκῶν
1100 1480 1194 1517 εἰσοί-

150 1556 203 1591 γει
229 1540 286 1578 τὸν
312 1538 429 1591 χορὸν,
452 1538 695 1590 προῧάλλοντα
721 1541 760 1576 ἐκ
776 1542 836 1584 τῆς
860 1538 984 1590 ὀσφύος
1004 1537 1141 1590 κέντρον
1160 1554 1192 1575 τι

151 1598 327 1643 ὀξύτατον.
347 1596 518 1643 πεποίηκε
538 1597 572 1633 35
595 1601 696 1634 τοῦτο
723 1596 779 1634 διὰ
801 1596 839 1634 τὸ
858 1596 935 1639 τοὺς
950 1596 1113 1648 γέροντας
1133 1597 1191 1634 καὶ

111 622 128 647 5
145 612 189 650 τὰ
205 612 240 650 δὲ
259 611 347 663 μέλη
365 616 439 649 εἰπε
454 611 509 649 διὰ
526 628 587 657 την
604 610 801 662 γλυκύτητα
816 614 873 648 τοῦ
887 615 1042 656 ποιητοῦ.

151 1656 229 1700 τοὺς
244 1654 407 1698 δικαστὰς
417 1654 599 1706 ὀξυχόλους
613 1649 699 1692 εἶναι
716 1655 774 1692 καὶ
789 1654 888 1700 δίκην
907 1656 1049 1706 σφηκῶν
1070 1654 1193 1706 τιτρώ-

153 1730 247 1754 σκειν
260 1720 331 1758 τοῖς
344 1713 483 1764 λόγοις.)
502 1735 553 1741 —
569 1712 688 1758 ἐπειδὴ
705 1715 722 1749 ὁ
742 1713 843 1763 χορὸς
862 1714 929 1748 τῶν
951 1711 1119 1764 γερόντων
1137 1712 1192 1764 ἔρ-

99 1788 133 1812 25
153 1788 255 1825 χεται
270 1774 316 1815 ὣς
332 1774 460 1821 σφῆκες
476 1769 757 1820 διεσκευασμένοι
774 1769 833 1807 καὶ
850 1769 988 1821 κέντρον
1006 1769 1136 1820 ἔχουσι.
1154 1778 1191 1807 R.

204 1829 328 1884 ὀσφύος
359 1843 368 1868 :
396 1829 567 1881 Ὀσφῦς
554 1845 572 1866 ο
596 1827 694 1880 παρὰ
718 1829 878 1879 πλευροῖς
907 1827 1060 1871 διάκενος
1079 1828 1192 1871 τόπος.

159 1889 245 1920 Vict-

204 1947 267 1972 227.
297 1932 445 1986 φέψαλοι
473 1946 482 1972 :

164 2004 246 2035 Vict.
266 1999 461 2056 σπινθῆρες.
480 2004 518 2034 R.

100 2073 136 2099 30
204 2069 269 2094 230.
301 2057 348 2105 (ὠ
370 2054 498 2105 Κωμία
523 2053 732 2108 βραδύνειςε
754 2054 844 2092 Ἀντὶ
864 2057 923 2092 τοῦ
942 2054 1132 2106 ἐδράδυνας
1148 2056 1195 2098 εἷς

151 2114 191 2153 τὸ
208 2113 428 2166 δικαστήριον
454 2115 576 2151 ἐλθεῖν.
594 2115 625 2151 οἱ
645 2117 704 2151 τοῦ
724 2116 829 2165 χοροῦ
851 2112 887 2150 35
910 2113 1072 2159 ἀλληλοις
1092 2116 1194 2165 ἐγκε-

152 2172 328 2222 λευόμενοι
347 2170 409 2217 τὴν
431 2170 582 2223 πάροδον
601 2175 795 2209 ποιοῦνται.
817 2170 925 2220 ὄνομα
946 2170 981 2208 δὲ
1002 2171 1158 2223 γέροντος
1178 2176 1195 2210 6

513 1934 725 1999 Σπινθῆρες,
752 1936 820 1971 οἷον
850 1935 919 1985 πῦρ
949 1932 1123 1971 πνέουσιν.
1161 1940 1194 1970 V.

154 2229 312 2280 Κωμίας.
328 2228 388 2267 καὶ
403 2228 488 2271 ἴσως
503 2229 692 2275 πεποίηται
709 2227 805 2281 παρὰ
822 2228 885 2274 τὴν
903 2229 1042 2279 κώμη.ν
1063 2229 1196 2274 κύνειος

155 2286 191 2327 δὲ
211 2287 342 2331 εὕτονός
357 2303 408 2329 τις
424 2286 510 2324 καὶ’
502 2286 651 2357 ισᾈυρός
672 2286 910 2346 Χαριναδης
892 2287 927 2324 05
946 2287 1056 2337 ὄνομα
1077 2288 1194 2341 γέρον-

103 2370 137 2395 35
158 2347 246 2396 τος.)
267 2370 307 2376 -
323 2344 399 2382 ἄντι
415 2349 473 2382 τοῦ
491 2343 646 2396 ταύρειος
665 2344 796 2388 κύνειος
814 2349 907 2382 εἶπεν
922 2361 994 2397 παρ
1019 2346 1194 2386 ὑπόνοιαν

159 2403 392 2456 ἀσθενέστεροι
413 2402 448 2440 δὲ
468 2406 559 2440 οὗτοι
576 2419 642 2439 των
663 2402 796 2454 βοείιι.)ν
824 2403 1024 2455 Χαρινάδης
1041 2405 1196 2457 ευρίσκε-

155 2460 305 2514 ταιπερὶ
318 2460 524 2512 δικαστήρια
540 2460 601 2498 καὶ
616 2460 724 2503 δίκας.
747 2468 783 2498 R.
803 2460 935 2504 εὔτονός
955 2477 1005 2504 τις
1021 2478 1080 2500 και
1099 2479 1194 2514 “VJ''

158 2519 224 2572 ρός,
247 2519 337 2570 (ἤδη
357 2517 393 2556 δὲ
412 2517 498 2556 καὶ
488 2533 720 2569 παροιμιακον
741 2518 899 2569 γέγονε.)
918 2526 956 2555 R.
972 2526 1011 2555 W.

209 2589 272 2615 233.
304 2577 500 2627 (Κονθυλεῦ
524 2589 533 2614 ;
554 2575 713 2621 Κονθύλη
732 2576 840 2626 δῆμος
864 2579 924 2622 τῆς
948 2576 1113 2623 Ἀττικῆς
1135 2579 1197 2623 τῆς

105 2655 142 2681 ⁴0
158 2632 397 2685 Πτολεμαΐδος
413 2635 539 2686 φυλῆς,
554 2632 576 2679 ἢ
595 2633 850 2683 Πανδιονίδος.)

210 2705 274 2731 234.
299 2691 443 2742 (Χάὸης
463 2705 472 2730 :
490 2691 614 2735 Οὕτως
633 2691 846 2744 <Ηρωδιανὸς
871 2693 906 2729 ἐν
933 2694 982 2744 τῷ
1008 2692 1114 2746 τρίτῳ
1135 2697 1197 2740 τῆς

159 2749 305 2792 καθόλου
322 2749 548 2802 παρατίθεται
563 2749 602 2787 τὸ
616 2749 724 2799 ὄνομα
746 2749 802 2787 διὰ
819 2753 879 2787 τοῦ
903 2753 922 2801 β
942 2750 1082 2797 Χοίὸης.
1103 2751 1142 2789 τὸ
1161 2750 1196 2789 35

161 2806 335 2850 Φλυευς’
316 2807 385 2844 απὸ
404 2807 526 2857 δήμου.
548 2830 600 2836 -
619 2823 680 2854 της
699 2804 940 2858 Πτολεμαίδος
959 2810 1107 2860 φυλῆς
1089 2813 1196 2860 οημος

160 2866 183 2909 ἡ
200 2863 317 2910 Φλύη.
332 2871 374 2901 V.

109 2940 144 2967 ⁴5
215 2933 279 2959 285.
310 2921 469 2981 (πάρεσθ’
483 2920 556 2968 ὃδὴ
570 2921 710 2961 λοιπόν;
725 2921 804 2961 e'³0
789 2939 881 2960 εστιν
897 2923 985 2961 υπόλ
987 2939 1082 2961 οιπον
1096 2927 1195 2973 ἡμων

161 2978 304 3028 ἥκομεν.
320 2983 389 3016 οῖον
403 2978 443 3016 τὸ
459 2979 577 3017 λοιπὸν
593 2995 652 3017 και
667 2980 706 3018 τὸ
724 2981 884 3033 λείψανον
899 2986 958 3020 τοῦ
976 2982 1198 3032 συστήματος

162 3038 262 3085 ἡμῶν
285 3035 444 3087 πάρεστι.
463 3039 562 3074 τοῦτο
587 3036 629 3083 δ’,
651 3037 769 3084 ἐπειδὴ
790 3041 824 3076 ἐν
845 3039 942 3077 νυκτὶ
964 3039 1027 3085 τὴν
1052 3040 1194 3091 πορείαν

162 3094 370 3143 ἐποιοῦντο.)

215 3163 279 3189 238.
311 3152 389 3201 (τ’ῆς
409 3149 639 3200 ἀρτοπώλιδος
656 3165 665 3190 :
684 3153 776 3204 Παρ’
795 3154 958 3192 ὑπόνοιαν
979 3158 1100 3202 τοῦτο,
1122 3155 1196 3193 δέον

110 3228 146 3254 50
163 3208 283 3279 εἰπεῖν,
313 3206 391 3250 τοὺς
420 3208 604 3258 πολεμίους
631 3210 912 3261 ἐχειρωσάμεθα,
939 3212 962 3258 ἢ
989 3212 1092 3264 λόχον
1118 3213 1196 3250 τινὰ

163 3264 389 3315 ἐποιησαμεν.

1209 380 1214 395 ,
1245 378 1252 387 ι

2207 294 2272 327 141

1251 378 1467 422 Λπόλλωνος.
1490 379 1547 416 καὶ
1572 379 1707 428 ὁλμειος
1733 380 1938 431 στρογγύλος
1964 380 2070 428 λίθος,
2097 383 2143 425 εἷς
2168 382 2203 420 ὃν
2224 384 2282 421 κό-

1242 452 1383 474 πτουσιν
1401 437 1527 489 ὄσπρια
1547 438 1605 474 καὶ
1627 437 1715 474 ἄλλα
1735 439 1847 488 τινα.)

1298 497 1401 544 (239).
1428 500 1484 532 τοῦ
1496 495 1661 546 κορκόρου
1679 510 1686 534 :
1706 495 1797 547 Πρὸς
1811 497 1867 533 τὸν
1884 496 2106 549 Λυκόφρονα,
2121 499 2282 551 κόρκορον

1243 551 1386 602 λέγοντα
1409 552 1559 603 ἷχθύδιόν
1587 569 1631 590 τι.
1659 553 1839 599 ἦποίτηται
1862 555 1916 601 35,
1943 553 1987 597 ὥς
2009 571 2109 607 φησιν
2131 557 2284 607 Ἐρατο-

1245 609 1379 655 σθένης.
1408 610 1481 647 ἔστι
1510 626 1576 681 γαρ
1603 610 1755 680 λάχανόν
1782 628 1814 648 τι
1838 612 1954 663 ἄγριον
1979 614 2057 663 [και
2074 629 2131 651 ευτ
2135 614 2265 666 ελὲς]’
2250 631 2284 654 εν
2304 622 2322 648 ὖ

1247 667 1524 719 Πελοποννησω,
1553 685 1599 710 ως
1618 683 1677 704 και
1698 671 1718 713 ἡ
1740 670 1912 719 παροιμία
1938 688 1950 702 «
1977 686 2036 707 και
2057 671 2219 725 κόρκορος
2249 677 2283 712 ἐν

1243 724 1484 776 λαχάνοισι.»
1509 726 1547 763 τὸ
1576 724 1611 763 35
1638 727 1932 777 κατασχίσαντες,
1966 729 2066 766 αὐτον
2096 746 2154 768 τον
2179 731 2285 783 ὅλμον

1245 783 1412 829 δηλονότι·
1431 799 1468 821 ου
1485 782 1551 835 γὰρ
1567 799 1624 821 τον
1638 783 1813 835 κόρκορον.

1298 854 1361 878 210.
1395 843 1461 890 (ὡς
1487 841 1584 878 ἔσται
1608 841 1748 892 Λάχητι
1769 842 1867 881 νυνί;
1886 842 1978 882 '311
1961 843 2058 890 οίκη,
2078 844 2100 890 ἢ
2119 847 2285 917 τιμωρία,

1247 897 1268 944 ἢ
1288 899 1441 936 τοιοῦτόν
1457 915 1501 936 τι.
1517 904 1617 937 τοῦτο
1635 898 1671 936 δέ
1686 915 1800 951 φησιν,
1816 903 1861 943 ὡς
1871 905 1931 938 τοῦ
1951 901 2110 945 Κλέωνος
2126 906 2173 946 εἰς
2188 905 2284 951 δίκην
2309 918 2340 942 ιο

1248 956 1479 1007 ἐπαγαγόντος
1500 972 1557 994 τον
1581 956 1744 1008 Λάχητα.
1763 973 1894 1010 στρατη
1898 975 2004 1010 γησαι
2025 959 2060 997 δὲ
2079 961 2182 999 αυτόν
2204 979 2287 1010 φησι

1248 1014 1447 1066 Δημήτριος
1467 1015 1523 1052 ἐπὶ
1548 1014 1712 1066 ἄρχοντος
1731 1016 1904 1059 Εὐκλέους
1921 1017 1988 1070 πρὸ
2008 1021 2111 1070 τριῶν
2129 1022 2213 1058 ἐτῶν
2242 1024 2289 1066 εἷς

1250 1072 1413 1111 Σικελίαν
1427 1071 1650 1144 πεμφθέντα
1684 1073 1772 1123 μετὰ
1809 1077 1894 1111 νεῶν
1932 1076 2125 1119 Λεοντίνοις
2156 1079 2288 1128 βοηθη-

1251 1147 1365 1169 σοντα.
1377 1147 1408 1168 οι
1425 1130 1460 1168 35
1470 1146 1581 1182 περι
1565 1146 1622 1168 τον
1636 1130 1831 1184 Φιλόχορον
1850 1132 2069 1177 διαδέξασθαι
2089 1135 2190 1173 αὐτον
2203 1152 2288 1189 φασι

1251 1187 1432 1261 Σοφοκλέα
1455 1204 1514 1225 και
1535 1188 1756 1240 Πυθόδωρον,
1778 1189 1834 1232 ους
1856 1205 1915 1227 και
1938 1194 2028 1243 φυγῇ
2057 1195 2286 1241 ζημιωθηναι.
2310 1204 2342 1229 15

1252 1246 1339 1289 εἰκὸς
1353 1251 1433 1297 γοῦν
1451 1248 1712 1296 μετακληθηναι
1735 1263 1837 1285 αυτον
1862 1248 1918 1285 ἐπι
1940 1248 2003 1295 τὴν
2020 1250 2144 1302 κρίσιν,
2168 1256 2208 1297 ἧς
2233 1258 2292 1291 νῦν

1251 1309 1268 1344 6
1288 1307 1440 1356 κωμικὸς
1458 1305 1677 1356 μνημονεύει.
1693 1308 1703 1355 )

1308 1377 1374 1403 241.
1410 1363 1575 1413 (σίμὸλον
1605 1363 1642 1401 δέ
1667 1379 1751 1416 φασι
1779 1377 1787 1402 :
1819 1364 1978 1414 Σίμὸλον
2004 1367 2128 1419 κυρίως
2153 1369 2237 1407 εἰσὶν
2258 1372 2293 1408 αἱ

1253 1426 1376 1472 θῆκαι,
1400 1422 1478 1459 ἔνθα
1499 1424 1534 1459 αἱ
1565 1422 1728 1472 μέλισσαι
1754 1422 1973 1461 ἀποτίθενται
1993 1425 2032 1462 τὸ
2057 1426 2146 1475 μέλι.
2167 1429 2214 1470 ὡς
2231 1432 2291 1466 τοῦ

1253 1481 1447 1532 Λάχητος
1429 1479 1464 1517 οὲ
1480 1496 1523 1517 τα
1534 1479 1685 1529 δημόσια
1697 1495 1989 1551 σφετερισαμενου
2004 1498 2062 1520 και
2076 1485 2125 1520 π)
2126 1484 2294 1531 ουτησαν-
2313 1501 2347 1525 20

1252 1553 1317 1581 τος.
1339 1561 1390 1567 —-
1407 1540 1424 1574 6
1443 1553 1544 1580 αυτος
1561 1537 1596 1575 δὲ
1616 1554 1675 1574 και
1693 1540 1737 1581 ὣς
1754 1540 1824 1590 φα)
1817 1554 1930 1590 ακρος
1949 1542 2178 1593 κωμῳδεῖται.
2199 1552 2239 1580 V.

1306 1609 1370 1635 242.
1403 1595 1504 1647 (7053
1522 1599 1578 1633 οὐν
1598 1595 1748 1634 Κλέωνζ
1768 1597 1856 1634 Κατ’
1874 1598 1977 1635 ἐπιτα
1980 1599 2043 1648 (ἢν
2061 1599 2096 1636 δε
2109 1604 2168 1637 τοῦ
2184 1617 2294 1653 στρα-

1253 1657 1359 1703 τηγοῦ
1382 1669 1442 1690 και
1468 1655 1498 1690 οἱ
1524 1653 1686 1690 δικασταὶ
1712 1655 1910 1692 ἐκαλοῦντο.
1933 1655 2006 1708 ὥρα
2038 1656 2073 1694 35
2099 1661 2156 1696 νῦν
2186 1661 2250 1710 οὐχ
2277 1662 2295 1697 6

1253 1711 1387 1763 καιρὸς,
1408 1711 1498 1748 ἀλλὰ
1512 1711 1683 1763 ταχέως.)

1310 1776 1411 1825 (243).
1432 1778 1572 1828 ἡμερῶν
1593 1774 1697 1827 ὀργὴν
1718 1777 1820 1827 τριῶν
1850 1789 1858 1814 :
1882 1777 1987 1829 Παρὰ
2007 1778 2045 1816 τὸ
2065 1780 2295 1832 κηρύττεσθαι
2315 1797 2349 1822 25

1254 1833 1346 1870 σιτία
1366 1836 1505 1886 ἡμερῶν
1526 1835 1628 1885 τριῶν
1648 1834 1717 1875 τοῖς
1737 1834 1967 1885 στρατιώταις
1986 1835 2116 1881 ἔπαιξε.
2139 1839 2293 1889 [κολου-

1255 1891 1375 1942 μένους
1393 1890 1429 1928 δὲ
1444 1890 1535 1928 κατὰ
1553 1892 1656 1929 αὐτοῦ
1674 1890 1921 1943 κολοίσοντας.]

1307 1969 1372 1994 248.
1403 1948 1431 1993 ῶ
1459 1954 1570 2007 πάτερ
1600 1954 1710 2006 πάτερ
1740 1969 1748 1993 :
1776 1956 2003 2007 Παρέπονται
2035 1960 2150 2002 αὐτοῖς
2176 1962 2297 2004 παῖδες

1254 2013 1378 2064 λύχνον
1399 2014 1576 2066 φέροντες,
1601 2013 1678 2062 (καὶ
1695 2016 1864 2060 πιθανῶς,
1884 2012 1940 2051 ἵνα
1959 2018 1980 2060 ἡ
2003 2016 2181 2069 ὀρχήστρα
2201 2019 2296 2064 πλη-

1257 2075 1361 2124 ρωθῇ.
1379 2077 1461 2115 παῖς
1475 2071 1511 2108 δέ
1527 2087 1577 2114 τις
1592 2070 1849 2122 προηγούμενος
1867 2072 1955 2121 μετὰ
1970 2074 2097 2124 λύχνου
2115 2090 2296 2128 προεωρα-
2314 2099 2351 2126 30

1255 2128 1323 2172 κὼς
1349 2129 1469 2176 πηλόν.
1496 2129 1535 2167 τὸ
1559 2129 1594 2166 35
1620 2128 1742 2181 μέτρον
1767 2131 1918 2168 ἐντεῦθεν
1942 2131 2103 2177 ἤλλαξεν.
2131 2132 2205 2171 ἔστι
2229 2134 2297 2186 γὰρ

1257 2203 1390 2236 μικτον,
1418 2187 1555 2225 cmv-„565
1544 2204 1575 2224 -ν
1601 2187 1639 2224 ἔκ
1663 2203 1700 2224 τε
1727 2187 1893 2236 ἷαμὸικοῦ
1922 2189 2083 2242 διμέτρου
2110 2192 2271 2230 ἀκαταλ’
2249 2209 2293 2239 η-

1256 2262 1336 2283 κτου
1355 2245 1414 2283 καὶ
1435 2247 1671 2296 ἷθυφαλλικοῦ.
1692 2248 1709 2282 ὁ
1729 2244 1764 2282 δὲ
1785 2245 1969 2298 ἷθύφαλλος
1987 2248 2175 2299 τροχαϊκὴν
2194 2254 2296 2296 συζυ-

1255 2304 1332 2353 γίαν
1360 2303 1419 2355 ἔχε
1404 2319 1432 2341 ,ι
1456 2303 1613 2355 δίμετρον
1644 2302 1996 2355 βραχυκατοίληκτον,
2024 2306 2180 2344 τουτέστι
2208 2310 2297 2360 τρεῖς

1256 2361 1436 2414 τροχαίους
1447 2364 1472 2411 ).
2315 2394 2350 2420 35

1309 2433 1373 2458 249.
1408 2420 1557 2472 (κάρφος
1578 2418 1736 2471 χαμάθεν
1758 2433 1765 2457 :
1793 2419 1854 2458 Ἐν
1879 2420 2004 2473 κοίρφει
2025 2420 2091 2472 γὰρ
2111 2422 2229 2475 ἠρέμα
2247 2441 2297 2468 τις

1257 2477 1465 2529 προμύσσει.
1488 2478 1572 2529 πρὸς
1596 2476 1673 2520 τοὺς
1699 2478 1826 2520 παῖδας
1853 2478 1891 2515 δέ
1912 2495 2012 2531 φησι,
2033 2479 2111 2523 τοὺς
2132 2482 2293 2533 προπέμ-

1255 2551 1383 2579 ποντας
1403 2537 1541 2587 αὐτόν.)
1560 2559 1611 2565 -
1628 2535 1814 2587 πρόμυξον,
1837 2537 1876 2573 ἔκ
1893 2539 1954 2582 ἰἧς
1967 2537 2076 2587 μύξης
2097 2539 2292 2592 προοίγαγε.

1255 2595 1292 2625 R.

1308 2652 1374 2677 250.
1405 2638 1496 2677 ἀλλὰ
1529 2639 1613 2692 τῳδί
1645 2655 1703 2689 μοι
1729 2653 1738 2678 :
1768 2641 1974 2689 (Δεικτικῶς
2004 2643 2053 2692 τῷ
2075 2644 2208 2694 λιχανῷ
2231 2645 2293 2681 δα-

1255 2698 1385 2750 κτύλῳ.
1405 2697 1619 2750 προμύσσειν
1635 2697 1669 2735 35
1684 2700 1730 2741 εἷς
1746 2698 1784 2735 τὸ
1801 2697 1994 2750 ἔμπροσθεν
2014 2701 2132 2749 βαλεῖν
2148 2701 2186 2738 τὸ
2201 2702 2296 2738 ἐλλύ-

1255 2756 1383 2807 χνιον.)
1415 2778 1465 2783 --
1495 2756 1553 2793 τὸν
1584 2755 1752 2793 δάκτυλον
1783 2755 1965 2802 δείκνυσιν,
1998 2756 2053 2793 ἵνα
2081 2757 2130 2806 μὴ
2151 2757 2295 2809 κάμψας

1257 2815 1354 2863 ζητῇ.
1376 2819 1401 2849 R

1308 2882 1371 2907 251.
1402 2868 1435 2905 τί
1458 2868 1498 2914 δὴ
1524 2869 1642 2918 μαθών
1669 2883 1678 2907 t
1706 2869 1789 2917 (ss3
1815 2872 1874 2906 τοῦ
1903 2869 2025 2912 παιδος
2055 2885 2103 2906 τω
2135 2871 2293 2924 δακτύλῳ

1256 2925 1542 2975 ἐπισπασαμένου
1568 2942 1607 2963 το
1631 2926 1822 2977 ελλύχνιον,
1848 2928 1908 2962 καὶ
1935 2928 1968 2963 ἐν
1995 2926 2148 2980 τοσούτῳ
2176 2929 2290 2967 ελαίου
2307 2956 2342 2980 45

2315 2670 2349 2695 40

1257 2983 1476 3034 ἐκχυθέντος,
1506 2987 1552 3026 εἷς
1571 2999 1638 3020 των
1667 2983 1883 3034 πρεσὸυτῶν,
1904 2983 1938 3026 ὃς
1959 2984 2017 3021 καὶ
2034 2985 2150 3036 πατὴρ
2172 2989 2213 3032 ἦν
2233 2991 2292 3024 τοῦ

1255 3040 1394 3078 παιδίου
1409 3040 1687 3091 ,ἀγανακτησας
1705 3040 1886 3083 κονδύλους
1907 3043 2001 3079 αὐτῶ
2022 3042 2170 3081 δίδωσιν.
2230 3047 2294 3088 Εἷς

1678 3098 1726 3111 xlx

1256 3114 1294 3135 τΟ
1311 3098 1404 3136 αυτό.
1428 3114 1528 3136 τουτί)
1551 3098 1655 3135 Εἴπω]
1674 3112 1811 3136 Οῑοωσῑν
1827 3114 1921 3136 αυῒω
1938 3099 2062 3138 κΟνΟυ)
2064 3116 2112 3139 Ον.
2122 3102 2133 3151 )
2150 3125 2200 3130 ⁶⁶⁶⁶
2216 3102 2291 3152 ἅμα

1256 3156 1380 3193 κΟνΟυ)
1382 3171 1417 3193 Ον
1438 3172 1486 3208 τῳ
1506 3170 1681 3208 Tratozptm
1701 3156 1820 3194 elotum
1837 3171 1869 3194 0¹.
1872 3156 1894 3194 ὰ
1911 3173 1950 3194 *to
1967 3157 2129 3211 νεώτερον
2145 3175 2226 3197 Ονῒα
2243 3160 2290 3209 μὴ

1227 3219 1231 3244 ἲ
1258 3213 1457 3266 φροντίζειν.
1475 3221 1512 3250 R.

1447 3272 1458 3285 ο
1517 3270 1525 3286 ι
1579 3273 1595 3284 κ
1609 3271 1617 3283 ¹
1733 3271 1741 3287 φ
1765 3271 1782 3286 <J
1866 3272 1899 3286 «ι
2310 3258 2345 3284 56

1309 3285 1373 3310 253.
1407 3273 1462 3320 (ου
1489 3287 1556 3321 γαρ
1576 3286 1693 3309 οακνει
1711 3287 1731 3308 σ
1760 3287 1842 3309 οταν
1863 3284 1920 3324 οεῃ

1945 3287 1953 3311 :
1975 3275 2026 3312 Οὐ
2045 3273 2111 3325 γὰρ
2133 3275 2234 3311 λυπεῖ
2253 3290 2289 3311 σε

214 3322 272 3360 τὸν
290 3302 424 3373 ὅλμονε
443 3322 504 3365 Ὡς
522 3322 685 3367 ξυλίνου”
665 3339 759 3367 οντος
772 3328 830 3363 τοῦ
847 3325 969 3375 ὅλμου.
992 3328 1052 3365 καὶ
1072 3327 1197 3366 (Ησίο-
1228 3331 1231 3349 ¹
1256 3329 1295 3367 τὸ
1325 3329 1440 3367 ἔλαιον
1466 3331 1596 3366 πολλοῦ
1615 3329 1911 3381 πιπρασκόμενον.
1938 3332 1975 3367 οὐ
1996 3329 2063 3381 γὰρ
2083 3330 2183 3372 αὐτὸς
2207 3332 2288 3380 ἀγο-

164 3380 218 3422 δος
237 3385 318 3428 [Op.
336 3386 406 3427 421]
428 3399 443 3413 ιι
463 3380 567 3431 ὅλμον
583 3381 644 3431 μὲν
661 3381 826 3433 τριπόδην
842 3383 1033 3433 τάμνειν.»

1115 3384 1193 3424 Ἄλ-

163 3438 241 3480 λως.
261 3437 367 3488 ὅλμον
386 3438 424 3476 τὸ
441 3439 640 3491 μαγειρικὸν
660 3441 847 3491 ἐργαλεῖον,
868 3441 925 3478 καὶ
945 3445 962 3479 6
979 3443 1118 3494 τρίπους
1135 3448 1195 3481 τοῦ
1228 3464 1231 3481 1

1228 3371 1380 3438 ράζεις.
1402 3402 1532 3438 πατρος
1551 3387 1586 3424 δὲ
1606 3387 1676 3430 υἱὸς
1691 3387 1933 3439 σμικρολόγου.
1944 3388 1957 3438 )

1311 3459 1374 3483 257.
1407 3446 1417 3494 (
1428 3444 1609 3495 τυρὲοίσεις
1636 3459 1644 3483 :
1670 3445 1759 3482 Ἀντι
1776 3449 1834 3482 τοῦ
1854 3445 2020 3496 ταραξεις.
2043 3448 2060 3482 6
2081 3444 2115 3482 δὲ
2136 3445 2287 3494 ἀτταγᾶς
