2517 3792
1063 238 1227 277 PLUTI.
1898 266 1899 269 =
2122 246 2195 279 585>

165 347 252 382 779,
271 336 315 376 [μ
335 329 401 382 γὰρ
417 328 604 372 ἀπόδειξις·
623 326 785 364 ἀκουσίου
806 326 872 377 γὰρ
893 330 935 363 R.
1186 323 1375 365 Εοίλλοντας
1390 323 1539 373 γέλωτος
1552 324 1709 375 χάριν.-
1725 339 1736 360 1
1748 339 1768 361 2
1782 327 1915 362 lemma
1929 327 1979 377 τῷ
1999 325 2196 378 διδασκάλῳ

166 392 253 438 782,
270 391 317 435 46
335 391 428 440 αὐτῷ
450 392 593 432 R.—{.7
610 385 683 422 νυνὶ
704 385 762 422 καὶ
788 389 831 421 V.
848 384 882 421 δὲ
903 384 1123 420 0111.Ald.—
1183 381 1452 434 -προὲαλόντ’
1473 382 1618 418 addidit
1635 383 1864 421 Diudorlius.
1895 387 1936 420 In
1956 387 2001 420 R.
2019 392 2074 421 cst
2092 385 2195 434 γελᾶν

112 451 162 494 48
182 448 255 486 ἔστι
280 447 315 485 δὲ
338 456 375 484 et
393 446 587 496 sequentia
608 459 682 481 oni.
704 446 816 481 ctiam
835 444 879 481 Θ.
895 462 934 468 -
955 457 974 478 2
998 443 1122 478 ἄπελθε
1183 453 1228 475 cx
1249 454 1283 478 v.
1307 455 1393 489 793¹„

110 506 245 545 σαυτόν.
267 510 323 543 Ita
348 517 544 554 perperam
570 512 626 539 est
651 503 833 551 scriptum
852 502 889 537 in
913 504 1031 536 Dorv.
1050 502 1124 534 Vo-
1236 499 1309 533 800
1330 499 1381 534 sic
1404 499 1440 534 iu
1454 497 1628 544 V.,·r:s‘v·r,;
1644 492 1737 538 οὗτος
1760 500 1976 550 ἐκωμῳδεῖτο
1994 498 2049 536 καὶ
2070 497 2196 549 λίχνος.

110 565 182 602 luit
202 564 369 602 indicare
390 563 619 598 locutionem
643 574 722 597 esse
738 558 999 609 supplendam,
1019 556 1124 605 βάλλε
1183 553 1268 595 τι·.ὲ;
1296 554 1342 591 δὲ.
1357 585 1364 591 .
1465 554 1624 602 γενέσθαι
1650 555 1765 606 φασίν.
1793 557 1882 593 Tria
1910 566 2054 593 tantum
2084 557 2199 594 verba

111 621 247 669 σαυτὸν,
268 622 306 658 id
325 629 392 664 est,
413 620 550 656 ἄπελθε.
575 624 720 657 Hizns‘r.
742 622 831 667 Reg.
852 616 1042 666 ἀπόρριπτε
1067 628 1124 650 σε-
1184 613 1296 648 habet
1315 616 1377 658 R„
1395 611 1504 670 πένης
1518 606 1558 656 ἦν
1577 611 1730 663 ἅρπασαι
1752 615 1852 660 (sort.
1876 613 1934 650 καὶ
1955 613 2098 665 ἅρπαξ).
2119 618 2196 651 Re-

110 677 336 723 αυτόν.-ί,ὃ
359 678 416 714 καὶ
440 682 496 715 νῦν
522 681 538 716 ὃ
559 680 638 730 xp„
662 680 681 714 5
704 678 795 728 αὐτῷ
820 681 910 725 Reg.
1184 671 1265 719 gius
1289 684 1296 705 τ
1320 667 1365 707 ‘0
1394 673 1434 707 Δ.
1467 673 1563 711 οὗτος
1595 672 1640 712 ὡς
1671 685 1709 706 π.
1737 670 1795 707 καὶ
1823 671 1940 721 λίχνος
1969 672 2198 722 κωμῳδεῖται.

166 737 255 784 784,
274 739 295 774 8
315 736 354 773 τὸ
374 736 528 774 θλζςουςι
546 741 590 774 Β,
604 756 642 762 .-.
659 750 702 772 10
722 735 993 787 xpomhffssi---n
1019 733 1124 770 (3.--
1185 727 1292 780 ἕτεροι
1315 726 1352 764 δέ
1377 742 1461 787 φαιὶι
1483 727 1676 777 στρατηγὸν
1702 731 1821 765 τοῦτον
1845 728 1926 765 ὄντα
1949 728 2037 765 πάνυ
2060 732 2202 781 αἰσχρο-

115 798 160 833 15
189 795 269 841 κενὴ
295 796 487 845 scripserit
518 796 696 832 librarius
725 809 772 832 an
795 792 897 838 καινὴ
922 804 1056 842 parum
1077 791 1124 827 li-
1184 784 1406 836 κερῧέστατον
1425 789 1512 822 εἶναι
1530 785 1587 822 καὶ
1604 784 1755 837 ἅρπαγα.
1771 816 1812 822 -
1829 788 1876 823 25
1894 787 2048 837 ἅρπαγον
2068 791 2201 835 Dorv.‚

111 863 214 904 quet.
236 858 343 891 BAST,
1185 846 1249 894 qui
1270 843 1291 889 ἢ
1314 846 1360 886 ὡς
1385 843 1518 890 πένητα
1541 858 1614 881 om.
1648 848 1735 881 Post
1755 859 1791 882 v.
1817 846 1887 882 801
1918 849 1963 883 R.
1991 847 2036 883 Θ.
2059 847 2204 884 adscri-

166 913 255 960 788,
275 927 322 949 22
340 905 368 949 ὦ
395 912 475 963 ἄνερ
500 911 557 949 καὶ
578 905 606 948 ὦ
631 912 765 949 Πλοῦτε
788 909 845 946 καὶ
867 910 928 946 Βλ.
949 911 991 945 V.
1186 912 1292 953 ptum
1314 903 1454 940 habent
1475 904 1514 940 in
1540 903 1693 940 scholiis
1710 906 1828 954 χοροῦ.

167 985 256 1021 791,
277 985 322 1018 27
348 972 431 1021 ἐμοῦ
457 970 521 1023 γὰρ
544 970 707 1013 εἰσιόντος
728 971 774 1012 εἷς
802 969 863 1014 τὴν
889 967 999 1005 οἰκίαν
1021 981 1028 1002 ;
1049 969 1122 1002 πιθ.
1239 962 1312 997 802
1338 975 1412 998 om·
1438 962 1551 998 etiam
1573 961 1620 999 Θ-
1639 984 1690 990 -
1712 963 1758 998 33
1784 959 1901 1011 ἐξέλθῃ
1927 965 2041 1012 Reg.,
2068 963 2134 1012 qui
2156 963 2204 1001 36

112 1032 157 1069 Θ.
176 1029 227 1067 ὅτι
246 1029 303 1067 ἵνα
322 1033 366 1066 V.
386 1031 435 1080 τῷ
456 1043 530 1065 om.
555 1030 600 1067 Θ.
623 1028 801 1075 Ald.-—29
819 1027 879 1063 καὶ
896 1040 970 1063 om.
987 1026 1045 1072 Θ.,
1061 1025 1126 1074 qui
1185 1020 1230 1060 ὡς
1250 1018 1312 1068 μέν
1335 1034 1422 1061 τινες
1446 1028 1483 1056 et
1506 1021 1552 1056 38
1579 1033 1634 1069 sq.
1656 1021 1701 1061 ὡς
1722 1018 1891 1071 δ’-γραΐ
1910 1021 2064 1057 omittit.
2087 1044 2137 1049 —
2157 1022 2205 1058 36

113 1089 217 1125 αὐτοῦ
230 1100 300 1137 pro
317 1085 463 1124 ἃν.-3υ
476 1090 523 1122 V.
546 1094 633 1135 post
656 1086 738 1136 δρᾶν
761 1085 883 1134 pergit
901 1084 1023 1126 ἄλλως.
1044 1082 1128 1134 πρὸς
1186 1091 1289 1127 seqq.
1311 1078 1493 1127 Suspicor
1513 1091 1663 1114 sensum
1686 1091 1786 1125 esse,
1813 1078 1852 1114 in
1878 1079 2044 1127 antiquis
2074 1092 2206 1115 exem-

111 1146 151 1183 τὸ
172 1144 244 1187 ἔθος
262 1153 299 1181 et
321 1159 407 1194 quae
426 1153 638 1194 sequuntur
656 1145 695 1180 in
713 1144 858 1180 scholio
883 1143 928 1179 ad
951 1156 984 1179 v,
1014 1143 1098 1190 795.
1186 1135 1354 1185 plaribus
1368 1149 1444 1172 non
1460 1149 1682 1186 comparere
1696 1136 1890 1185 Chremyli
1902 1149 2099 1185 personam
2118 1145 2206 1174 ante

168 1202 256 1249 795,
285 1201 484 1253 [.οπρὸςτῇ
506 1205 552 1238 R.
567 1199 664 1252 παρὰ
687 1201 749 1246 τὴν
773 1199 918 1238 Ἑστίαν
938 1199 1121 1242 AIA-41
1187 1208 1221 1230 v.
1246 1195 1346 1242 9663
1370 1194 1435 1231 sed
1457 1194 1628 1244 juniores
1655 1194 1825 1243 aliquos,
1854 1193 2075 1230 indecorum
2106 1203 2208 1232 ratos

113 1258 278 1309 κατέχεον
299 1262 343 1297 R.
365 1260 446 1297 sine
462 1258 506 1296 τὰ
526 1258 796 1309 καταχύσματα,
1187 1254 1217 1290 si
1245 1256 1263 1290 J
1271 1263 1376 1290 ustus
1401 1266 1485 1289 cum
1512 1266 1622 1289 servo
1652 1253 1888 1289 familiariter
1912 1253 2207 1301 colloqueretur,

168 1331 264 1366 797,
291 1323 340 1366 49
363 1320 393 1354 οἱ
420 1317 456 1354 δὲ
482 1319 550 1354 τῶν
581 1320 626 1354 R,
654 1319 722 1354 τῶν
747 1318 859 1354 etiam
885 1319 929 1353 V.
954 1316 1000 1354 Θ,
1029 1315 1127 1366 βόλον
1187 1312 1321 1348 herum
1353 1311 1610 1348 introduxisse
1641 1311 1766 1347 statim
1803 1325 1836 1347 v.
1877 1311 1964 1346 825.
1998 1311 2125 1347 Schol.
2160 1311 2208 1348 ad

112 1378 256 1413 Hemst.
277 1375 398 1413 ὀὸολὸν
421 1376 506 1414 Ald.
523 1375 654 1413 ὀὸολῶν
673 1378 719 1412 R.
739 1378 782 1411 V.
807 1376 853 1413 Θ.
873 1377 931 1410 τοῦ
949 1373 1059 1423 δήμου
1082 1376 1127 1409 R.
1190 1370 1264 1406 885
1287 1385 1294 1405 :
1317 1372 1418 1407 τοῦτο
1447 1368 1482 1406 δὲ
1508 1372 1525 1406 ὁ
1558 1367 1669 1419 ἕτερος
1696 1366 1893 1421 πρεσὸύτης
1924 1366 2028 1418 λέγει.
2064 1369 2208 1406 Adesse

120 1434 216 1470 —50
240 1443 328 1484 post
351 1434 490 1484 ἐπάγειν
516 1434 623 1470 addit
645 1438 688 1470 V.
706 1433 829 1475 ἄλλως.
857 1431 981 1483 πρέπει
1004 1435 1054 1483 τῷ
1075 1432 1129 1468 δι-
1188 1428 1304 1477 igitur
1324 1427 1481 1477 putabat
1499 1428 1760 1475 Chremylum.
1778 1430 1974 1463 DonRAEus.
1996 1430 2062 1464 Est
2080 1440 2210 1464 recen·

115 1491 281 1544 δασκᾶλῳ
300 1493 478 1544 τρωγάλια
505 1497 576 1534 τοῖς
601 1495 686 1533 Θεοῖς
705 1493 714 1539 ζ’
727 1490 908 1540 θεωμένοις
932 1491 992 1540 G.)
1009 1505 1126 1542 παρα-
1190 1486 1324 1522 tissimi
1342 1486 1536 1522 annotatio
1551 1485 1805 1535 grammatici,
1824 1485 1882 1533 cuj
1891 1484 2036 1521 usmodi
2050 1485 2090 1521 in
2103 1485 2210 1522 scho-

115 1548 254 1587 ὅάλλειν
273 1549 376 1599 μόνον
395 1549 453 1587 καὶ
479 1549 534 1586 ἐπὶ
555 1549 685 1586 τούτων
703 1550 875 1597 ἀναγκαῖα
896 1550 1007 1595 [corr.
1024 1550 1131 1597 ἀναγ-
1190 1545 1247 1581 liis
1269 1558 1344 1581 nou
1370 1558 1456 1581 raro
1483 1545 1622 1581 infimae
1643 1545 1761 1581 aetatis
1784 1543 1935 1580 codices
1957 1542 2091 1580 παλαιὰ
2113 1543 2211 1580 ἀντί-

115 1607 253 1657 κάζειν)
276 1609 394 1657 γελᾶν.
417 1607 559 1650 Ἄλλως.
579 1608 785 1657 Sequentia
805 1609 850 1649 ὥς
869 1608 940 1656 (sic
959 1620 1030 1656 pro
1052 1607 1130 1656 καὶ)
1160 1618 1163 1662 ἱ
1190 1618 1305 1654 γραφα
1341 1604 1469 1639 vocari
1499 1603 1685 1639 videmus.
1721 1606 1840 1639 Dmn.
1886 1602 1994 1639 Idem
2031 1602 2212 1639 observat

115 1667 152 1703 ἐν
170 1666 604 1716 τοῖς-ἓπισημαίνεταιζΙ.
624 1667 680 1708 54
702 1674 788 1715 post
810 1666 982 1702 scholion
1004 1679 1038 1703 v.
1057 1667 1131 1701 8υο
1160 1663 1164 1711 ᾖ
1192 1662 1213 1698 l·
1234 1668 1282 1706 [ιο
1298 1675 1353 1711 sq.
1381 1661 1555 1712 βιάζεσθαι
1575 1660 1597 1706 ἢ
1619 1661 1823 1697 delendum
1848 1660 1982 1697 videri.

114 1723 229 1761 habet
250 1728 295 1762 R.
317 1742 332 1757 «ι
350 1728 512 1761 Versum
531 1728 740 1773 Vesparum
768 1724 986 1761 scholiastes
1004 1737 1071 1773 per
1094 1737 1133 1761 se
1161 1723 1165 1771 Ι
1246 1725 1339 1768 803,
1361 1729 1407 1767 44
1426 1725 1603 1774 Πρᾶγμα,
1620 1725 1723 1774 quod
1745 1724 1791 1761 ad
1813 1724 2083 1773 explicandum
2104 1723 2211 1772 μηδὲν

116 1782 238 1818 solum
273 1783 483 1832 spectavit,
520 1783 627 1831 cujus
665 1791 787 1818 tamen
824 1791 1014 1819 structura
1046 1796 1131 1818 cum
1160 1774 1165 1831 l
1192 1794 1325 1830 parum
1347 1781 1510 1826 confert,
1537 1794 1605 1831 per
1628 1795 1797 1818 errorem
1823 1781 1897 1817 huc
1918 1781 2086 1818 delatum
2106 1780 2213 1818 arbi—

116 1841 294 1890 proximo
314 1841 529 1890 copulanda
544 1855 552 1876 τ
567 1839 674 1890 Ἡμῖν
693 1839 758 1891 γὰρ
778 1841 839 1878 οὐκ
856 1838 927 1877 ἔστ’
943 1839 1018 1877 οὐδὲ
1034 1840 1132 1892 κάρυ’
1161 1836 1167 1882 l
1194 1847 1273 1875 tror
1300 1853 1346 1875 ex
1369 1840 1577 1888 superioris
1606 1852 1738 1876 versus
1766 1839 2105 1888 interpretatione,
2135 1838 2212 1875 λίαν

117 1899 156 1935 ἐκ
185 1898 348 1951 φορμίδος
381 1898 491 1935 δούλω
529 1899 789 1951 διαρριπτοῦντε
825 1903 896 1939 τοῖς
932 1896 1129 1947 θεωμένοις.
1192 1896 1300 1945 γλυκὺ
1326 1902 1471 1947 πρᾶγμα
1494 1898 1662 1947 εὐτυχεῖν.
1692 1898 1867 1933 Comicus
1891 1897 1990 1933 idem
2020 1896 2153 1933 suadet
2178 1910 2211 1932 V.

116 1960 236 1994 Notat
253 1966 454 1994 enarrator
473 1966 581 1994 vetus
597 1973 604 1992 ε
620 1959 665 1998 ὡς
686 1959 754 1993 τῶν
773 1956 886 1993 ἄλλων
904 1958 1057 2001 ποιητῶν
1080 1957 1134 1993 διὰ
1195 1956 1268 1992 806
1290 1964 1327 1992 et
1342 1956 1564 1992 scholiastes
1577 1984 1586 2000 ,
1605 1955 1668 2000 ἡδύ
1683 1971 1715 1991 τι
1736 1955 1806 1992 ἐστὶ
1821 1961 1967 2007 πρᾶγμα
1982 1963 2052 1992 etc.
2065 1958 2211 1991 mes‘r.

116 2015 328 2067 ψυχρότητα,
347 2015 518 2062 ποιήσεως
547 2015 590 2051 δι’
612 2015 736 2052 ὀὸολοῦ
762 2014 897 2066 καρύων
922 2016 1134 2053 ὑποστελλο-
1247 2015 1320 2050 805
1345 2014 1397 2050 sic
1426 2014 1464 2050 in
1489 2017 1557 2059 V.‚
1584 2013 1804 2059 ἐξεπήδησεν.
1821 2016 1866 2056 ὡς
1889 2016 1956 2050 τῶν
1979 2012 2215 2058 Ἀθηναίων-

119 2073 232 2124 μένων
251 2073 314 2119 τὴν
336 2073 460 2111 κακίαν
480 2077 540 2111 τοῦ
561 2073 745 2125 δράματος,
769 2073 1045 2123 Relingendum
1071 2088 1133 2110 ar-
1193 2071 1444 2108 πλουτούντων.
1461 2071 1585 2121 κυρίως
1601 2070 1855 2121 δὲ-πολεμίων
1871 2071 1909 2108 τὸ
1927 2070 2207 2108 ἐπεισπέπαικεν.

117 2131 256 2178 bitror,
277 2130 334 2168 διὰ
356 2130 458 2182 βόλου
476 2129 627 2183 καρύων,
642 2136 789 2179 sparsIs,
812 2132 883 2177 vel,
898 2136 1012 2178 jactis
1031 2137 1134 2167 nuci·
1194 2130 1245 2166 διὸ
1265 2129 1452 2178 ἐπήνεγκεν
1471 2130 1602 2173 παίζων
1623 2129 1717 2167 οὐδὲν
1741 2129 1958 2175 ἠδικηκόσιν.
1989 2128 2134 2170 Ἄλλως.
2158 2129 2212 2165 δι-

121 2190 209 2234 ὖιιες
230 2191 294 2226 hic
311 2198 435 2226 autem
461 2189 517 2226 διὰ
535 2189 592 2226 τὸν
610 2190 722 2226 αὐτῶν
746 2189 867 2238 βόλον,
889 2199 929 2226 ut
947 2190 1135 2227 referatur
1194 2187 1300 2229 καίως
1322 2186 1504 2237 βεὸιωκόσι
1525 2188 1576 2237 (δ.
1603 2191 1634 2237 β.
1655 2202 1728 2225 om.
1751 2188 1825 2232 G.).
1845 2188 1977 2231 παίζων
1998 2185 2032 2224 δὲ
2051 2180 2143 2223 εἶπεν
2163 2185 2214 2224 ὅτι

118 2248 167 2285 ad
205 2249 249 2284 τὰ
289 2246 547 2298 καταχύσματα
567 2277 577 2294 ,
617 2256 849 2296 postremam
888 2250 1135 2297 praecedentis
1195 2244 1228 2288 ἐξ
1250 2245 1382 2286 ἀδικίας
1404 2244 1530 2287 πάντες
1551 2245 1749 2282 ἐπλούτουν.
1780 2249 1823 2282 In
1847 2247 1918 2294 Θ.,
1947 2244 2214 2290 εἰσεπήδησεν-

119 2306 254 2344 scholii
274 2319 406 2342 vocem
423 2321 430 2342 :
447 2306 519 2342 nisi
538 2306 687 2355 planius
704 2306 891 2352 videatur,
914 2307 968 2344 διὰ
991 2307 1048 2345 τὸν
1069 2322 1136 2343 κα-
1196 2303 1384 2352 πολεμίων.
1407 2304 1538 2347 παίζων
1560 2302 1956 2341 τοῦτο-πλουτούντων.
1983 2323 2033 2331 -
2057 2309 2106 2352 49
2124 2302 2213 2340 ὥστε

121 2362 208 2416 ρύων
234 2362 348 2413 βόλον.
373 2361 480 2405 Βόλος
500 2372 556 2399 est
572 2369 709 2410 sactus,
725 2364 829 2400 velut
852 2364 1003 2409 δικτύου,
1018 2364 1134 2402 κύὸων
1195 2365 1260 2408 R.‚
1291 2375 1336 2397 ex
1367 2375 1444 2411 quo
1467 2362 1596 2399 addita
1618 2362 1676 2399 καὶ
1707 2370 1743 2398 et
1774 2361 1893 2411 μόνης.
1916 2384 1963 2390 -
1985 2361 2029 2397 51
2054 2366 2216 2412 στρατιᾶς

122 2421 238 2472 βολος·
257 2422 426 2458 fortassis
447 2421 668 2471 utrobique,
689 2435 747 2458 me
773 2436 848 2458 non
872 2424 1014 2470 invito,
1031 2424 1133 2460 desi·
1196 2419 1330 2456 Suidas
1350 2433 1377 2456 S·
1406 2418 1656 2456 Εἷσπέπαικεν.

121 2480 230 2517 deret
257 2479 395 2528 aliquis
429 2479 656 2516 vocabulum
683 2481 858 2517 usitatius
889 2481 1005 2531 βολήν.
1040 2486 1134 2519 Pro·
1250 2478 1337 2523 806,
1356 2478 1374 2513 3
1394 2491 1447 2527 sq.
1463 2478 1626 2522 Iambus,
1648 2479 1795 2527 inquit,
1813 2483 2028 2526 aproximis
2041 2480 2216 2514 dissidens

121 2538 582 2588 ptereaverolargitiones
598 2539 686 2574 istas
706 2551 922 2588 sparsarum
939 2553 1077 2576 nucum
1098 2542 1136 2577 οὐ
1196 2538 1416 2571 commodum
1438 2539 1654 2572 intellectum
1671 2550 1740 2571 non
1760 2536 1873 2572 habet
1886 2551 1896 2571 .·
1918 2546 1982 2572 aut
2001 2536 2215 2582 referendus

123 2594 179 2633 διὰ
198 2598 266 2632 τῶν
291 2598 452 2647 χορηγῶν
471 2595 626 2645 γίνεσθαι
644 2597 814 2641 monuit,
843 2598 946 2647 quod
966 2599 1134 2648 alioquin
1195 2603 1251 2630 est
1263 2596 1316 2629 ad
1327 2597 1392 2629 illa
1405 2598 1604 2642 superiora,
1625 2594 1693 2631 Καὶ
1708 2598 1817 2631 ταῦτα
1830 2604 1910 2639 Βία,
1925 2597 2080 2642 indeque
2093 2608 2216 2630 arces-

123 2667 254 2691 eorum
275 2663 372 2691 esset
391 2667 529 2691 munus
552 2668 682 2691 omnes
706 2663 851 2691 sumtus
872 2657 996 2705 poetis
1022 2656 1135 2693 fabu-
1196 2654 1309 2688 semla
1337 2658 1415 2699 esus
1437 2656 1653 2701 explicati05
1682 2667 1767 2688 nam
1788 2658 1838 2689 sic
1856 2655 2014 2697 demum,
2045 2657 2076 2688 si
2100 2656 2217 2688 nullos

123 2713 321 2760 larumque
334 2712 460 2749 choris
481 2712 669 2761 praebere:
682 2713 838 2763 insignis
854 2728 896 2750 ea
912 2714 958 2750 de
974 2727 1014 2750 re
1032 2715 1137 2751 locus
1197 2720 1334 2746 sumtus
1348 2712 1459 2758 fieri,
1484 2712 1575 2746 nihil
1593 2711 1724 2757 efferri
1746 2713 1849 2747 domo
1868 2716 1914 2747 sit
1929 2724 2089 2754 necesse,
2110 2724 2217 2746 suave

123 2770 373 2818 Antiphontis
392 2770 480 2821 Περὶ
504 2785 581 2822 χορ.
601 2785 638 2821 p.
667 2778 750 2816 142,
774 2774 834 2809 3ο,
852 2790 866 2804 υ
882 2774 1131 2809 HE115T.—51
1196 2779 1252 2804 est
1277 2773 1312 2803 in
1341 2772 1511 2816 opulenta
1544 2769 1718 2805 bonarum
1750 2783 1869 2804 rerum
1906 2773 2009 2816 copia
2038 2773 2182 2803 versari
2203 2782 2215 2801 .·

124 2829 186 2865 οὐκ
208 2826 273 2864 εἶσὶ
297 2831 344 2864 R.
365 2828 450 2864 AJd.
465 2827 540 2865 οὔτε
561 2838 597 2865 et
623 2829 669 2865 52
696 2830 855 2866 δοῦλοι-
865 2830 1046 2879 θεωμένοις
1068 2832 1136 2868 ad-
1197 2829 1268 2865 nisi
1289 2837 1411 2864 tamen
1432 2829 1510 2864 haec
1528 2843 1604 2865 non
1621 2829 1668 2866 ab
1690 2843 1786 2875 uno,
1809 2828 1874 2865 sed
1892 2841 1913 2864 a
1929 2827 2080 2863 duobus
2096 2839 2216 2875 gram-

126 2886 206 2922 dita
226 2898 272 2921 ex
296 2888 340 2921 V.
362 2884 520 2936 φαίνεται
543 2885 604 2935 μὲν
621 2888 666 2925 Θ.
683 2909 732 2915 —
750 2888 795 2924 53
818 2888 1058 2925 scribebatur
1074 2905 1139 2940 χο-
1200 2887 1343 2921 maticis
1358 2913 1366 2927 ‚
1395 2887 1498 2934 quod
1526 2887 1651 2935 potius
1680 2887 1795 2923 credo
1809 2915 1818 2930 ‚
1850 2886 1990 2922 fuerint
2018 2885 2189 2934 profecta
2205 2913 2214 2929 ,

128 2945 242 2995 Ρηγῶν
267 2940 432 2991 γίνεσθαι.
457 2942 610 2991 γίνεσθαι
633 2957 706 2980 om.
719 2948 778 2991 V.‚
795 2959 840 2982 ex
862 2960 938 2995 quo
962 2947 1007 2990 54
1031 2948 1139 2984 addi-
1198 2957 1360 2993 quorum
1391 2944 1496 2992 prior
1519 2958 1671 2980 versum
1693 2944 1908 2988 damnavit,
1935 2944 2028 2979 alter
2051 2942 2216 2978 enodare

128 3011 206 3038 tum
226 2999 417 3050 γινόμενον.
441 3017 456 3032 «
480 3003 565 3037 Non
585 3001 781 3050 probanda
810 3004 964 3040 videtur
986 3005 1139 3042 Dobraei
1200 3007 1270 3042 fuit
1303 3013 1470 3041 conatus.
1503 3007 1644 3042 Hmtsr.
1672 3028 1722 3034 —-
1757 3007 1777 3042 5
1808 3004 2058 3054 ἐξενεγκόντες,
2097 3007 2119 3042 6
2150 3003 2214 3050 ἡδὺ

127 3057 346 3107 conjectura
364 3056 521 3108 φαίνεται
538 3056 655 3106 μέντοι
676 3059 715 3096 τὸ
735 3064 885 3098 τοιοῦτον
908 3061 962 3097 διὰ
984 3064 1052 3098 τῶν
1072 3078 1139 3112 χο-
1198 3063 1344 3115 πρᾶγμά
1360 3064 1433 3100 ἐστι
1450 3063 1490 3100 τὸ
1507 3067 1549 3099 V.

129 3117 242 3169 ρηγῶν
265 3113 438 3165 γενέσθαι,
459 3114 535 3150 ἀλλ’
561 3117 599 3152 οὐ
617 3116 724 3154 δι’-.
739 3138 751 3149 -
771 3122 890 3154 Dmn.
915 3121 961 3160 ὡς
977 3119 1034 3156 καὶ
1052 3121 1137 3159 Ald.
1253 3123 1323 3167 807
1347 3123 1398 3158 sic
1423 3122 1461 3157 in
1480 3125 1540 3165 V„
1560 3124 1581 3166 ἡ
1603 3121 1789 3172 ἀρτοθῆκη.
1812 3120 1926 3158 πάντα
1946 3120 1982 3158 δὲ
2002 3125 2113 3159 ταῦτα
2132 3121 2216 3171 πρὸς

127 3193 169 3201 —-
197 3187 212 3208 1
242 3172 321 3222 ἐμοὶ
348 3172 424 3216 δηλ.
453 3173 588 3209 referri
612 3184 766 3222 oportet
791 3177 836 3212 ad
855 3178 903 3225 τῷ
929 3176 1138 3229 διδασκάλῳ.
1199 3179 1335 3231 τῷ(τ“ο9[
1353 3181 1386 3216 ἓν
1400 3178 1524 3230 Ἰνοίγῳ
1536 3177 1763 3230 Σοφοκλέους,
1775 3176 1951 3216 ὅτιπάντα
1963 3178 2072 3229 μεστὰ
2085 3178 2215 3229 γίνεται

128 3234 275 3268 HEMST.
298 3230 460 3279 Regius:
483 3231 596 3267 Τοῦτο
617 3234 666 3282 τῷ
691 3231 751 3280 μὲν
776 3231 970 3284 φαινομένῳ
994 3234 1062 3270 ἀπὸ
1083 3239 1140 3272 τοῦ
1200 3237 1334 3282 (πάντα
1356 3224 1576 3287 μετα-γίνεται
1601 3236 1668 3284 G.)
1692 3241 1751 3274 τοῦ
1772 3235 1851 3279 Διὸς
1870 3237 2091 3281 εἰσελθόντος.
2118 3239 2157 3274 ἐκ
2179 3235 2214 3273 δὲ

130 3287 292 3329 Πλούτου
310 3287 401 3324 ἐστὶν
417 3287 608 3338 εἰρημένον,
623 3291 666 3339 τῇ
690 3289 718 3325 δ’
734 3291 788 3326 ἀλ.
805 3289 900 3341 παρὰ
924 3295 981 3326 τοῦ
996 3297 1140 3337 ποιητοῦ
1199 3298 1258 3340 τῆς
1289 3297 1356 3331 τῶν
1387 3294 1581 3344 ἀναγκαίων
1616 3293 1774 3345 εὐπορίας
1806 3295 2002 3345 ἀπείργεται
2032 3297 2093 3340 τῆς
2123 3293 2214 3331 κατὰ

129 3344 207 3389 τοὺς
235 3345 357 3388 θεατὰς
375 3346 626 3397 κωμῳδοῦντος
643 3346 806 3388 τοιούτοις
830 3347 1035 3399 χαίροντας,
1059 3348 1141 3392 ἴσως
1199 3351 1308 3401 τύχην
1325 3352 1539 3403 ἀφηγήσεως.
1558 3350 1703 3402 προύχει
1724 3351 1758 3388 δὲ
1778 3353 1820 3388 τὰ
1838 3339 1943 3390 λευκιὲι
1960 3355 2027 3392 τῶν
2045 3352 2210 3404 ἀλφίτων.

133 3403 168 3440 δὲ
191 3403 249 3441 καί
270 3419 364 3445 τινας
382 3405 450 3440 τῶν
476 3406 628 3446 ποιητῶν
649 3409 789 3441 τοιαῦτα
809 3411 878 3447 τοῖς
902 3408 1036 3447 Θεαταῖς
1054 3421 1140 3456 προ·
1199 3430 1250 3437 -
1273 3409 1294 3443 8
1314 3418 1400 3445 antc
1426 3410 1530 3454 σιπύη
1562 3410 1756 3459 legebatur
1782 3411 1820 3447 ἐκ
1848 3413 1909 3454 τῖς
1928 3413 1994 3446 τῶν
2016 3409 2210 3459 ἀναγκαίων
