2517 3792
1096 154 1258 192 PLUTI.

144 239 361 290 opinionem
378 239 513 276 eximie
537 239 702 275 suffulcit
723 239 906 288 Stephani.
934 242 969 276 iu
998 243 1158 292 Παρνασ-

143 296 221 340 σὸς,
247 311 322 334 non
351 298 478 333 deesse
506 297 688 339 referens,
713 297 852 345 quihus
875 300 992 335 monti
1020 313 1156 336 nomen

145 354 303 391 inditum
330 355 475 404 placcat
499 366 544 390 ex
559 357 741 390 Parnasso
771 356 955 403 quodam,
988 359 1051 405 qui
1078 357 1156 406 pri-

145 424 226 448 mus
246 412 418 460 Pythone
445 412 558 446 suerit
587 412 832 453 vaticinatus,
864 414 908 454 ὡς
942 412 1159 463 Ἀλέξανδρος

144 484 247 520 φησιν
281 471 314 505 ἐν
345 468 473 520 πρώτῳ
502 468 579 518 περὶ
601 471 660 504 τοῦ
699 469 732 504 ἐν
759 471 903 521 Δελφοῖς
934 471 1157 522 χρηστηρίου.

144 528 313 563 Eundem
336 540 415 563 esse
428 554 436 570 ,
454 527 519 575 qui
537 526 584 561 ab
599 527 679 562 aliis
703 528 968 565 Alexandridcs
989 538 1159 572 vocatur,

143 597 255 621 nemo
272 584 441 629 dubitet,
472 585 535 633 qui
554 584 639 620 libri
667 586 814 621 titulum
835 586 1056 629 attenderit3
1084 586 1160 622 six-e

142 642 205 678 illa
226 641 370 678 librarii
389 642 434 678 sit
453 642 562 691 culpa
580 643 832 679 Alexandrum
853 643 1051 679 scribentis
1065 672 1074 688 ,
1095 642 1159 679 ubi

143 699 328 736 debuerat
352 699 624 752 Ἀλεξανδρίδης,
649 708 689 736 ut
712 714 780 749 pro
811 701 1081 737 Anaxauclride
1106 702 1160 736 lc-

143 757 536 809 ςεὺᾶῐυΓἈλεξοίνδρου
552 772 611 808 ap.
631 760 785 795 Aristot.
808 759 918 794 Rhet.
940 761 973 802 3,
998 772 1055 799 10,
1077 759 1097 806 §
1118 759 1159 803 33

142 829 335 866 quamque
356 817 513 854 eandem
536 819 720 854 maculam
741 817 918 854 insedisse
933 817 1103 855 Zenobio
1122 818 1158 863 6,

148 889 162 911 1
176 889 207 922 1,
224 877 302 913 fere
318 890 538 926 persuasum
556 877 646 913 mihi
664 886 737 919 est3
755 877 834 912 sive
849 877 1059 913 communis
1075 890 1161 913 con-

143 935 306 971 suetudo
331 935 612 984 primitivorum
634 934 1061 984 patronymicorumque
1088 948 1160 970 no-

143 993 289 1030 minum
314 993 605 1037 commiscendi,
635 993 682 1028 de
711 1006 787 1041 quo
815 1005 952 1041 genere
980 994 1162 1029 nonnulla

143 1051 358 1087 notavimus
380 1050 427 1086 ad
447 1051 600 1086 Lucian.
624 1050 719 1085 Tim.
744 1063 779 1099 p.
806 1050 888 1094 157.
910 1050 971 1086 Sic
986 1050 1163 1086 Lacedae—

143 1109 357 1144 moniorum
368 1107 544 1156 Ephorus
555 1105 750 1158 Κλέανδρος
765 1115 800 1142 et
815 1107 1048 1158 Κλεανδρίδης
1059 1108 1160 1157 apud

143 1166 261 1202 schol.
276 1165 472 1214 Aristoph.
489 1164 537 1201 ad
554 1165 652 1202 Nub.
666 1179 701 1201 v.
719 1166 807 1211 857.
826 1166 1035 1203 Archontes
1050 1167 1163 1204 Athe—

144 1225 202 1261 nis
220 1224 428 1275 Φρασικλῆς
448 1232 485 1260 et
510 1223 789 1275 Φρασικλείδης,
820 1224 875 1260 uti
904 1224 1103 1274 legendum
1125 1225 1162 1260 in

143 1281 317 1319 Diodoro
340 1282 413 1319 Sic.
448 1295 484 1330 9,
510 1294 547 1331 p.
574 1282 661 1328 28¹,
682 1285 727 1318 D.
752 1280 926 1323 Εὔῧουλος
949 1283 1049 1332 apud
1076 1285 1162 1331 Lys.

144 1354 182 1390 p.
209 1340 295 1386 154,
323 1353 393 1384 273
422 1347 460 1376 et
487 1338 720 1385 Εὖὸουλίδης·
742 1353 860 1389 quare
880 1341 973 1376 nihil
993 1350 1072 1377 erat
1097 1355 1164 1377 cur

143 1401 202 1434 Jo.
226 1399 417 1435 Meursius
444 1398 710 1446 Lysimachum
737 1406 898 1434 mutaret
924 1399 962 1434 in
990 1400 1163 1447 Lysima-

144 1455 292 1493 chidem
323 1459 367 1492 A.
388 1459 432 1493 L.
453 1461 489 1499 4,
516 1457 575 1492 31.
607 1457 689 1493 Bias
710 1456 895 1506 Τευτάμου
925 1457 1084 1506 Diogeni
1107 1461 1163 1503 L.,

144 1513 366 1563 Τευταμίδου
384 1513 536 1552 Stobaeo
559 1529 566 1550 :
586 1517 803 1564 Protagora}
827 1523 934 1564 pater
949 1515 1164 1567 Μαίανδρος,

145 1574 378 1626 Μαιάνδριος,
402 1582 438 1610 et
457 1574 715 1625 Μαιανδρίδης·
737 1575 931 1611 Theocriti
953 1574 1101 1625 Σίμιχος
1128 1583 1164 1611 et

145 1631 356 1683 Σιμιχίδης,
380 1631 426 1668 de
450 1644 526 1680 quo
559 1631 677 1669 schol.
708 1632 754 1668 ad
792 1631 850 1670 Id.
886 1645 923 1681 7,
954 1645 1012 1668 21.
1042 1636 1164 1678 Quem

145 1690 356 1740 Thespium
376 1697 487 1726 vocat
503 1689 678 1738 Thespiae
698 1690 932 1726 conditorem
952 1693 1109 1726 Pausan.
1130 1705 1165 1739 9,

147 1749 211 1794 26,
233 1754 269 1794 4,
289 1748 320 1784 is
351 1746 555 1792 Θεσπιάδης
572 1747 713 1784 dicitur
736 1761 757 1784 a
777 1749 990 1798 Stephano,
1011 1757 1044 1785 et
1064 1749 1165 1798 apud

146 1807 302 1845 Suidam
320 1806 360 1842 in
377 1804 606 1849 Ἐξαναστάς.
627 1806 885 1856 Corrigendus
902 1808 1015 1843 talem
1030 1808 1066 1843 in
1083 1821 1167 1843 mo-

145 1865 239 1902 dum
260 1864 473 1914 Hesychius
494 1879 502 1900 z
526 1864 796 1913 Φιλομηλιάδης
821 1866 892 1914 (vel
912 1866 1038 1915 potius
1054 1867 1167 1903 Φιλο-

147 1923 331 1974 μηλείδης·
355 1923 524 1974 pertinet
543 1924 643 1960 enim
669 1924 747 1960 haec
772 1924 990 1961 observatio
1017 1925 1065 1962 ad
1085 1928 1167 1961 Ho—

146 1996 240 2020 mer.
261 1983 329 2020 Od.
357 1983 404 2027 Δ,
427 1984 521 2028 343;
546 1984 586 2029 P,
617 1981 703 2032 134)
738 1984 768 2019 οἵ
802 1982 864 2033 μὲν
894 1982 1010 2035 κύριον
1031 1983 1164 2034 ὄνομα·

146 2040 315 2082 πολλάκις
327 2040 402 2091 ’γὰρ
422 2041 683 2092 πατρωνυμικῷ
714 2039 810 2093 τύπῳ
832 2040 948 2092 κύριον
982 2042 1166 2087 δηλοῦται,

147 2101 192 2140 ὡς
214 2097 426 2150 Εὐριπίδης,
448 2097 697 2148 Ἡρακλείδης·
723 2107 764 2134 ut
782 2107 986 2148 utrumque
1004 2100 1168 2149 exempli

147 2157 230 2193 vice
248 2165 414 2206 ponatur
435 2170 442 2190 :
462 2156 535 2192 nisi
565 2156 690 2201 malis,
715 2157 760 2197 ὡς
789 2156 962 2207 Εὐριπίδῃ
982 2156 1169 2208 Ἡρακλεί-

149 2215 227 2260 δης,
247 2214 346 2250 sicut
365 2212 413 2249 ab
430 2213 613 2261 Euripide
628 2214 807 2250 Hercules
825 2215 1042 2263 appellatur
1061 2214 1169 2266 Ἥρα-

149 2271 296 2317 κλείδης.
316 2271 401 2308 Pari
427 2284 518 2320 ergo
539 2270 627 2319 jure
644 2271 680 2306 in
708 2279 809 2307 tanta
839 2272 1022 2320 ejusmodi
1043 2274 1168 2309 nomi—

149 2344 243 2367 num
268 2329 480 2366 variatione
508 2328 723 2365 Alexander
744 2328 818 2366 dici
841 2331 1028 2378 potuerit,
1057 2339 1170 2380 atque

150 2387 435 2426 Alexandrides.
463 2388 531 2424 His
554 2387 665 2423 rebus
688 2388 863 2437 expensis
877 2417 885 2433 ,
904 2389 968 2425 ἡκ
988 2389 1082 2426 mihi
1100 2390 1171 2426 du-

149 2447 254 2484 bium
279 2455 354 2491 est,
377 2446 467 2495 quin
500 2445 670 2482 eruditus
692 2445 811 2481 lector
837 2445 884 2482 de
912 2447 1170 2484 Alexandride

151 2506 334 2542 historico
378 2503 589 2541 secundum
631 2517 691 2540 me
741 2504 788 2540 sit
840 2506 1170 2553 pronunciaturus.

151 2568 298 2602 Htms'r.
324 2589 364 2594 —
398 2564 444 2605 34
479 2561 751 2612 βαλσαμέλαιον.
790 2563 961 2599 Eandem
999 2563 1170 2601 vocabuli

152 2621 285 2674 σίλφιον
302 2621 339 2658 in
359 2621 480 2657 Gloss.
499 2633 584 2656 mss.
601 2619 896 2669 explicationem
911 2622 1054 2670 reperi,
1069 2631 1171 2659 certe

153 2693 289 2729 parum
310 2678 636 2716 accommodatam
658 2692 666 2713 :
684 2685 937 2727 praeterquam
953 2680 1052 2716 enim
1067 2680 1171 2729 quod

152 2738 191 2774 in
210 2738 367 2774 Comico
383 2738 463 2786 ipse
480 2737 664 2785 laserpitii
683 2736 884 2785 Cyrenaici
901 2737 1026 2774 frutex
1044 2739 1092 2774 sit
1109 2739 1171 2774 in-

156 2796 401 2845 telligendus,
433 2796 594 2832 multum
622 2796 763 2832 distant
793 2797 900 2843 laser,
932 2798 1010 2833 sive
1042 2797 1172 2848 silphii

155 2868 310 2901 succus,
329 2861 366 2889 et
385 2852 630 2902 ὀποὸάλσαμον
644 2881 652 2897 ,
675 2861 762 2899 aut,
782 2856 888 2903 quod
907 2869 927 2892 a
948 2856 1172 2892 recentiori—

154 2913 226 2950 bus
245 2911 482 2962 potissimum
502 2919 719 2960 usurpatur,
737 2912 1008 2962 βαλσαμέλαιον.
1028 2917 1172 2950 HEMST.

155 2969 195 3008 τὸ
216 2968 400 3018 λεγόμενον
429 2968 607 3018 βάλσαμον
626 2969 673 3006 Θ.
691 2972 783 3019 Reg.
801 2997 841 3002 —
863 2972 909 3006 36
932 2970 1094 3021 Κυρήνην
1110 2971 1172 3016 τὴν

155 3027 215 3065 καὶ
231 3025 453 3065 Πεντάπολιν
474 3026 508 3062 ἐν
531 3024 696 3077 Αἰγύπτῳ
709 3057 718 3073 ,
741 3029 790 3076 39
813 3028 979 3073 ἐποίησαν
1000 3032 1091 3078 Reg.

211 3086 286 3134 928
317 3083 421 3133 quod
458 3083 497 3119 in
530 3086 648 3120 Dorv.
682 3097 795 3134 supra
828 3085 1045 3137 προσελθέτω
1076 3086 1172 3123 scri-

158 3151 267 3192 ptum
299 3150 376 3184 est,
408 3139 617 3190 ἔμπροσθεν,
649 3143 740 3190 quid
772 3144 909 3179 efficiat
940 3156 1016 3179 non
1045 3144 1174 3189 video,

159 3199 231 3237 nisi
255 3197 339 3249 τςρὸς
366 3196 427 3246 ἐμὲ
445 3198 607 3234 voluerit
629 3213 821 3249 exponere
852 3199 1043 3251 ἔμπροσθεν
1076 3202 1172 3250 ἐμοῦ.

159 3261 309 3296 Hans-r.

213 3330 301 3367 929,
319 3323 367 3365 49
384 3314 487 3367 φησὶν
503 3328 575 3351 om.
595 3319 637 3352 V.
652 3316 884 3365 τοῦτο-λέγεν.
902 3331 977 3353 om.
1001 3319 1113 3354 etiam
1128 3318 1172 3355 Θ.

263 3389 433 3416 Auis-rom.
456 3387 564 3415 Senot..

2158 166 2231 197 593

1277 241 1364 289 930,
1382 243 1426 277 :33
1447 241 1536 278 Ἀντί
1557 263 1602 269 -
1624 242 1736 293 ἡμέρα
1766 255 1837 279 om.
1859 245 1904 281 Θ.
1931 244 2131 294 Excerpsit
2146 246 2235 282 Sui-

1220 298 1285 334 ‹las
1306 313 1332 337 s.
1357 300 1441 335 Μεθ’
1462 299 1609 350 ἡμέραν.
1632 298 1665 336 δὲ
1682 300 1852 337 additum
1879 316 1922 337 cx
1943 305 1985 338 R.
2002 326 2042 332 —
2062 302 2105 344 54
2133 317 2236 350 φησιν

1220 361 1264 392 Y.
1281 382 1319 386 —
1340 359 1361 391 (ἱ
1380 359 1447 392 τῶν
1472 356 1654 407 λοχιίνιτων
1673 358 1777 403 hum,
1799 368 1837 394 ut
1856 359 2075 408 oportebat,
2092 363 2181 409 ch.

1274 417 1361 462 931,
1390 429 1432 450 io
1457 415 1584 455 δίκαιος
1607 416 1738 452 codex.
1756 441 1795 446 —
1821 430 1862 452 12
1893 415 1913 461 ἢ
1938 419 2080 453 ἀπατῶν
2103 418 2236 454 codex.

1273 475 1362 519 9¹53,
1389 473 1431 508 15
1450 468 1533 508 Οἵδε
1551 476 1596 509 (·).
1614 495 1652 501 -—
1679 476 1720 508 16
1739 473 1939 524 μῆ-πάῡῃ
1957 489 2031 511 om.
2051 479 2165 512 DorV.
2188 474 2236 524 μὴ

1220 531 1237 565 ὃ
1255 531 1349 565 vict.
1367 529 1522 566 πείσεται
1539 532 1585 567 Θ.

1274 589 1346 635 937
1368 601 1442 624 om.
1457 590 1502 623 (-).
1523 615 1562 620 .-
1584 590 1630 623 26
1652 594 1719 624 πᾶν
1738 589 1776 626 τὸ
1796 593 1840 625 R.
1862 599 1898 626 ct
1915 591 2051 628 Suidas
2071 606 2097 628 s.
2118 590 2235 643 Ἱερόν.

1220 644 1258 680 τὸ
1273 658 1346 681 om.
1372 649 1415 680 Υ.
1437 645 1521 681 Ald.

1276 702 1363 750 938,
1384 705 1430 738 30
1450 702 1629 747 τεθήσεται
1643 705 1688 740 Θ.

1274 761 1363 807 939.
1390 760 1528 795 Passim
1548 762 1781 809 grammatici
1807 763 2111 812 conjunctionem
2133 764 2154 810 ἢ
2173 778 2239 802 ex-

1222 816 1362 864 plicant
1387 829 1456 865 per
1476 817 1576 867 παρό.
1600 818 1686 854 Vid.
1718 822 1878 869 Gregor.
1903 822 2076 858 Corinth.
2103 835 2141 871 p.
2168 825 2237 858 103

1222 873 1280 910 ed.
1306 874 1406 923 Lips.
1429 876 1620 911 SCHAEFER.

1275 932 1363 980 943.
1385 935 1512 969 Fuisse
1526 939 1620 969 eitra
1642 939 1776 983 templa
1795 937 1944 973 arbores
1962 952 2100 982 sacras,
2115 938 2241 987 quibus

1221 991 1459 1026 anathemata
1487 995 1808 1040 suspenderentur,
1847 996 2002 1044 prolatis
2032 997 2242 1034 scholiastae

1223 1047 1350 1084 verbis
1370 1049 1533 1085 ostendit
1551 1053 1638 1087 Des.
1662 1052 1813 1088 Herald.
1842 1054 1877 1089 in
1904 1055 2062 1103 Apolog.
2085 1056 2240 1091 Tertull.

1223 1120 1262 1156 p.
1293 1107 1354 1143 58.
1376 1103 1519 1159 ζὨο-ττερ
1548 1109 1672 1160 κοτίνῳ
1702 1111 2022 1161 προσπατταλεύσω
2046 1113 2145 1149 unde
2167 1113 2242 1149 du·-

1224 1173 1326 1202 ctum
1359 1165 1424 1211 sit,
1461 1166 1599 1216 triplex
1637 1168 1796 1203 affertur
1825 1169 2029 1217 explicatio
2063 1184 2070 1204 :
2101 1170 2244 1206 scholia

1224 1224 1300 1260 duo
1322 1224 1467 1273 priora,
1497 1226 1668 1273 quamvis
1694 1226 1880 1262 diversam
1911 1228 2097 1263 rationem
2122 1228 2243 1264 conti—

1224 1291 1338 1318 neant
1352 1309 1360 1324 ‚
1380 1282 1552 1332 adeoque
1580 1283 1678 1320 bene
1699 1292 1935 1333 separentur,
1958 1285 1995 1320 in
2014 1298 2131 1321 unum
2153 1299 2245 1321 con-

1225 1340 1327 1377 flavit
1340 1341 1444 1377 Suid.
1468 1342 1503 1377 in
1525 1341 1878 1394 Προσπατταλεύσωτ
1905 1343 2045 1379 εἰώθασι
2065 1342 2129 1395 γὰρ
2147 1344 2245 1381 xori-

1224 1414 1272 1450 νῳ
1292 1398 1349 1435 καὶ
1371 1398 1488 1442 ἄλλοις
1519 1400 1666 1451 δένδροις
1691 1399 2012 1451 προσπατταλεύειν
2040 1401 2247 1450 ἀναθήματα

1225 1457 1283 1494 καὶ
1307 1456 1420 1500 κωλὰς
1437 1457 1496 1495 καὶ
1517 1459 1643 1511 κρανία
1671 1459 1755 1511 πρὸς
1776 1458 1976 1510 ἀποτροπὴν
2008 1463 2197 1510 βασκανίας
2217 1463 2247 1498 οἱ

1225 1516 1392 1567 γεωργοὶ,
1420 1516 1478 1553 καὶ
1495 1517 1579 1569 προς
1594 1517 1632 1554 τὸ
1653 1516 1700 1567 μὴ
1721 1517 1925 1568 ξηρανθῆναι
1942 1516 1985 1554 τὰ
2004 1519 2115 1555 αὐτῶν
2136 1534 2247 1570 γεωρ-

1226 1573 1380 1624 γήματα.
1409 1575 1581 1612 Tertium
1605 1576 1651 1612 de
1681 1589 1789 1612 more
1822 1584 2064 1623 venatorum,
2098 1579 2163 1627 qui
2184 1592 2248 1614 ca-

1227 1641 1349 1682 pturae
1363 1633 1542 1683 primitiis
1555 1634 1646 1670 deos
1663 1634 1956 1675 venerabantur,
1971 1635 2085 1671 latine
2095 1634 2247 1672 versum

1226 1691 1401 1727 invenies
1424 1692 1524 1740 apud
1555 1692 1758 1741 Spanhem.
1782 1691 1829 1727 ad
1859 1692 2075 1730 Callimach.
2099 1707 2136 1742 p.
2164 1694 2247 1730 205.

1227 1752 1372 1785 Hmisr.
1401 1750 1506 1798 Regii
1539 1751 1709 1786 scholion
1746 1750 1817 1786 tale
1835 1758 1919 1786 est:
1941 1750 2083 1794 Κότινος
2112 1751 2249 1801 λέγεται

1229 1805 1291 1856 μὲν
1311 1806 1371 1843 καὶ
1389 1807 1472 1843 αὐτὸ
1490 1806 1528 1844 τῖ)
1544 1807 1679 1859 δένδρον
1691 1837 1701 1857 ,
1720 1806 1740 1844 ὅ
1753 1823 1855 1859 φασιν
1875 1809 2073 1859 ἀγριελαίαν
2088 1824 2094 1830 ·
2113 1809 2250 1859 λέγεται

1228 1863 1262 1902 δὲ
1282 1864 1341 1901 καὶ
1356 1867 1373 1902 ὃ

1395 1863 1422 1878 :7⁶
1470 1865 1479 1878 3
1508 1867 1529 1875 ω
1614 1865 1622 1877 Ι
1762 1867 1772 1879 2
1838 1870 1857 1877 rx-
1927 1864 1954 1879 κῖ
2004 1866 2010 1875 =
2043 1866 2076 1878 ‘xl
2102 1868 2116 1879 κ
2192 1869 2203 1878 ³
2223 1867 2232 1878 ι

1390 1880 1422 1908 Ξζ
1442 1880 1547 1909 utun:
1563 1880 1738 1916 G'tzsscmog.
1757 1869 1902 1903 &ammom
1923 1881 1959 1903 ΟΞ
1981 1882 2020 1904 τί)
2040 1882 2175 1919 ΟΞῚΟρῠν
2194 1881 2250 1904 ΛΞ-

1227 1938 1291 1972 γει.
1311 1922 1451 1960 εἰώθασι
1468 1922 1503 1960 δὲ
1524 1925 1553 1960 οἱ
1575 1924 1718 1976 γεωργοὶ
1737 1925 2124 1975 πασσαλουςκρανείους
2137 1941 2249 1979 προσ-

1227 1982 1332 2026 ηλοῦν
1357 1986 1433 2023 ταῖς
1451 1981 1662 2034 οἷγριελαίαις
1685 1982 1768 2034 πρὸς
1782 1982 1984 2033 ἡμερότητα
2002 1983 2128 2026 ταύτας
2146 1984 2247 2033 usti<

1228 2055 1357 2088 γοντες.
1379 2041 1409 2076 οἳ
1429 2039 1467 2076 δέ
1490 2055 1574 2092 φασι
1592 2040 1676 2091 πρὸς
1696 2039 1897 2092 ἀποτροπὴν
1920 2042 2109 2090 βασκανίας
2126 2042 2247 2092 περιοί<

1229 2113 1324 2134 πτειν
1337 2096 1414 2139 τοὺς
1427 2097 1598 2149 γεωργοὺς
1616 2103 1691 2140 ταῖς
1704 2098 1978 2149 αγρίαιςέλαίαις
1992 2098 2068 2140 τοὺς
2082 2100 2252 2142 τοιούτους

1230 2156 1439 2197 πασσάλους.
1462 2180 1501 2186 -
1526 2157 1572 2192 38
1599 2155 1665 2206 γὰρ
1691 2156 1775 2207 πρὸς
1801 2162 1868 2197 τοῖς
1888 2160 1929 2193 V.
1958 2158 1991 2192 ἐν
2012 2162 2080 2198 τοῖς
2106 2159 2190 2195 Ald.
2212 2184 2251 2189 —

1233 2217 1280 2262 39
1302 2214 1557 2251 πατταλεύουσι
1585 2217 1642 2257 V„
1669 2215 1734 2263 qui
1767 2216 1963 2263 sequentia
1995 2215 2138 2257 Ἄλλως.
2164 2215 2251 2253 αὐτά

1231 2274 1266 2322 (l.
1291 2274 1352 2321 42)
1377 2282 1464 2322 post
1494 2271 1690 2324 Ἀρτέμιδος
1710 2273 1734 2308 l.
1755 2274 1802 2316 45
1828 2273 1947 2322 ponit.
1965 2298 2006 2304 —
2026 2279 2073 2317 40
2087 2275 2151 2325 γὰρ
2169 2273 2252 2324 πρὸς

1230 2336 1300 2372 τοῖς
1328 2334 1371 2369 V.
1398 2329 1510 2372 κωλὰς
1531 2332 1575 2369 Θ.
1600 2339 1636 2366 et
1658 2331 1805 2368 Suidas.
1835 2331 1949 2372 κῶλας
1974 2335 2039 2377 V.;
2067 2331 2131 2367 sed
2155 2333 2250 2368 κῶλα

1231 2394 1276 2427 G.
1300 2420 1337 2425 ..
1360 2396 1405 2433 42
1427 2388 1498 2430 ἔθος
1521 2388 1588 2441 γὰρ
1609 2383 1649 2435 ἦν
1670 2390 1715 2427 Θ.
1750 2405 1782 2425 τι
1801 2393 1867 2436 V„
1889 2403 1935 2426 ex
1965 2404 2041 2439 quo
2068 2392 2113 2434 43
2139 2390 2160 2436 ἢ
2188 2390 2249 2435 τὴν

1231 2450 1399 2486 accessit.
1419 2473 1459 2478 —
1482 2454 1525 2493 47
1547 2447 1826 2499 προσκαρφιίπω.
1848 2448 2000 2484 Inferioi
2013 2447 2045 2485 is
2065 2450 2250 2485 Graecita-

1232 2509 1280 2545 tis
1290 2506 1519 2544 vocabulum
1535 2535 1544 2553 ,
1559 2505 1606 2542 de
1620 2519 1697 2555 quo
1718 2505 1792 2542 vid.
1809 2509 1905 2542 Bast.
1922 2506 1968 2542 ad
1987 2510 2144 2556 Gregor.
2164 2509 2249 2543 Cor.

1258 2595 1266 2602 .
1283 2566 1369 2611 575.
1389 2568 1507 2602 D1xn.

1230 2579 1255 2616 p
1284 2625 1371 2672 946,
1389 2624 1434 2660 53
1453 2621 1510 2659 τὸν
1524 2623 1601 2660 otae.
1620 2623 1667 2658 V.
1688 2647 1728 2653 -—
1744 2623 1790 2666 54
1808 2621 2028 2673 καὶ-ἅνωφ,
2048 2635 2121 2658 om.
2139 2623 2249 2658 etiam

1231 2682 1292 2727 Θ.,
1310 2681 1425 2718 habet
1445 2683 1536 2730 Reg.
1555 2688 1592 2716 et
1610 2683 1729 2717 DorV.
1745 2706 1786 2711 —
1807 2694 1826 2716 2
1846 2679 1902 2716 τὸν
1924 2694 1998 2716 om.
2013 2683 2072 2726 V.,
2087 2681 2151 2729 qui
2167 2694 2253 2729 per-

1232 2740 1286 2788 git
1305 2737 1534 2789 συκοφάντην.
1555 2734 1698 2779 Ἄλλως.
1719 2740 1838 2775 τοῦτον
1861 2737 1918 2774 τὶν
1944 2737 2085 2788 ἰσχυρὸν
2104 2737 2176 2774 θεὸν
2194 2737 2250 2774 τὸν

1231 2799 1389 2836 Πλοῦτον
1421 2794 1530 2845 με’-(αν
1549 2794 1570 2839 ἢ
1591 2794 1648 2831 τὸν
1670 2797 1806 2840 ἀσθενῆ.
1830 2794 1937 2836 δειλὸς
1957 2794 2022 2846 γὰρ
2038 2797 2055 2831 ὃ
2082 2795 2249 2837 Πλοῦτος.

1234 2852 1504 2903 κεκαλυμμένως
1523 2851 1557 2888 δὲ
1577 2853 1645 2902 ε’ρεῖ
1665 2852 1733 2889 ἀπὸ
1750 2855 1810 2896 τῆς
1831 2854 1936 2896 συκῆς
1958 2851 2192 2902 σχηματίσας,
2211 2878 2252 2883 -

1233 2913 1254 2948 5
1276 2911 1362 2948 διότι
1377 2911 1469 2947 ἐστὶν
1488 2913 1631 2946 Hemst.

1285 2976 1374 3019 949,
1402 2970 1445 3004 15
1465 2968 1500 3005 δὲ
1515 2971 1556 3017 τῇ
1575 2970 1606 3017 β.
1624 2967 1732 3014 δόξει,
1757 2969 1799 3003 16
1821 2970 1880 3004 τοῦ
1901 2966 2054 3003 ἐναντίου
2067 2967 2150 3004 Ald.

1287 3029 1374 3077 950,
1399 3040 1447 3063 22
1475 3025 1638 3062 δεικνύειν
1667 3029 1784 3071 τοῦτο,
1807 3026 1863 3061 vel
1895 3028 2028 3073 ταῦτα,
2056 3027 2099 3075 τῇ
2122 3026 2248 3076 βουλῇ,

1233 3079 1306 3123 εἶτα
1330 3091 1399 3127 τοῖς
1419 3089 1550 3135 κριταῖς
1568 3086 1711 3119 Hemst.
1730 3083 1873 3131 Regius
1893 3097 1900 3117 :
1919 3080 2024 3124 Ἔθος
2038 3076 2080 3127 ἦν
2098 3084 2131 3119 ἐν
2149 3083 2247 3132 δημ.,

1232 3143 1312 3181 ὅταν
1339 3141 1501 3194 ψήφισμά
1530 3156 1580 3182 τις
1597 3140 1702 3177 ἐτίθει
1722 3140 1802 3191 περί
1829 3155 1936 3187 τινος,
1957 3142 2091 3192 πρῶτον
2121 3139 2181 3188 μὲν
2205 3142 2250 3190 τῇ

1236 3203 1341 3251 βουλῇ
1358 3203 1458 3237 τοῦτο
1477 3199 1643 3235 ἐδείκνυεν
1656 3226 1665 3243 ,
1684 3191 1758 3234 εἶτα
1779 3203 1849 3241 τοῖς
1866 3197 2128 3243 ἐκκλησιάζουσι
2146 3199 2246 3234 δικα-

1234 3265 1350 3304 σταῖς,
1375 3257 1433 3294 καὶ
1458 3258 1651 3293 τελευταῖον
1668 3257 1717 3306 τῷ
1743 3254 1855 3307 δήμῳ.
1876 3257 1904 3292 εἷ
1932 3249 1989 3292 οὖν
2008 3254 2137 3297 τούτοις
2163 3260 2246 3291 πᾶσι

1232 3315 1337 3353 καλὸν
1356 3314 1480 3361 ἐδόκει,
1503 3312 1618 3364 κύριον
1636 3308 1694 3349 JV.

2087 3383 2122 3413 38
