2485 3808
957 242 1214 282 SCHOLIA
1251 241 1315 280 IN
1351 241 1559 282 PACEM.

242 349 305 374 990.
333 333 385 373 Τὸ
403 348 428 384 χ
442 331 494 370 ὅτι
511 332 548 369 οὗ
566 332 744 384 συμφωνεῖ
761 330 830 372 τοῖς
845 330 981 382 χρόνοις
999 329 1020 367 ἃ
1037 329 1145 381 λέγει.
1165 328 1225 366 καὶ

190 396 225 432 ἔν
243 394 312 436 τοῖς
331 392 533 443 Ἀχαρνεῦσι
554 390 634 440 [206]
653 388 736 441 φησὶ
758 407 771 422 τι
793 388 880 426 ἕκτι)
901 391 932 426 σ’
953 388 1020 426 ἔτει
1046 389 1226 439 προσεῖδον

190 454 238 495 εἰς
252 451 295 490 τὰ
285 449 435 510 χωρία.
456 468 469 482 υ
489 448 578 486 ἀλλὰ
595 448 654 485 καὶ
672 450 689 485 ὁ
707 447 800 486 Φιλ
774 462 902 500 οχορος
920 447 987 484 ἀπὸ
1007 446 1227 517 Πυθοδώρου,

189 508 248 561 ἀφ’
267 511 305 546 οὓ
331 510 351 553 ἡ
381 505 472 558 ἀρχὴ
496 509 556 542 τοῦ
582 504 734 555 πολέμου
761 505 852 542 δοκεῖ
878 507 1100 555 γεγενῆσθαι,
1127 504 1229 555 μέχρι

155 565 353 618 5’16039706
373 562 691 615 καταριθμούμενος
712 563 758 605 εἰς
776 562 818 599 τὰ
838 563 878 612 ιγ’
901 562 961 608 ἔτη
988 562 1126 612 συνάγει
1152 577 1230 604 τους

190 624 344 677 χρόνους.
370 622 475 660 πάλιν
499 620 736 670 Θουκυδίδης,
764 620 856 657 κατὰ
882 619 942 663 τὰς
961 636 1028 658 των
1049 619 1230 672 χειμώνων

191 682 252 720 καὶ
279 680 404 752 θερέων
433 679 591 722 εἰσὸολὰς
616 678 674 716 τὸν
700 677 852 728 πόλεμον
878 680 1082 728 γεγενῆσθαι
1109 675 1158 714 λέ·
1134 692 1231 747 εγων,

192 738 269 778 οὐδὲ
290 737 391 780 αὐτὸς
414 739 461 780 εἷς
476 740 594 774 τοῦτον
617 737 675 774 τὸν
699 736 842 788 ἀριθμὸν
869 735 1024 787 ἔρχεται,
1047 735 1122 771 ἀλλ’
1145 736 1231 771 ἀπο-

192 796 350 835 λείπεται
370 794 466 847 παρὰ
483 795 526 832 τὰ
543 798 570 832 θ’
593 794 664 841 ἔτη.
687 793 824 831 λεκτέον
847 794 958 831 τοίνυν
978 792 1030 830 ὅτι
1047 791 1147 834 αὐτὸς
1167 793 1233 828 αὑ-

144 874 177 899 10
194 859 255 893 τοῦ
273 857 291 892 ὁ
307 852 552 906 Ἀριστοφάνης
569 852 607 889 τὸ
625 851 801 901 ἐνδόσιμον
819 851 976 894 δεδωκὼς
995 853 1045 902 πῇ
1067 849 1127 899 μὲν
1149 848 1233 886 ἀνά-

193 914 332 951 παυλαν
352 915 402 961 πῇ
422 912 458 948 δὲ
480 910 632 959 πόλεμον
658 909 833 960 γενέσθαι,
855 912 900 951 ὡς
920 907 1008 959 μηδὲ
1033 907 1096 953 τὴν
1123 907 1234 959 ἀρχὴν

197 970 341 1022 βεὸαίαν
369 964 455 1006 εἶναι
481 967 569 1018 μήτε
600 971 659 1004 τοῦ
691 966 847 1016 πολέμου
875 966 963 1016 μήτε
988 968 1049 1011 τῆς
1081 965 1234 1017 εἰρήνης,

195 1027 286 1066 ὥστε
314 1029 350 1064 αἱ
381 1025 561 1077 διαφωνίαι
591 1027 659 1062 τῶν
687 1023 905 1076 πραγμάτων
938 1024 1022 1061 εἰσὶν
1059 1022 1233 1072 ἀνόμοιαι.

195 1086 340 1128 Ἄλλως.
361 1085 400 1122 τὸ
424 1100 450 1135 χ
473 1083 525 1121 ὅτι
551 1084 588 1120 οὖ
617 1085 797 1135 συμφωνεῖ
813 1083 884 1126 τοῖς
908 1082 1057 1134 χρόνοις.
1080 1081 1149 1118 ἀπὸ
1168 1096 1235 1133 γαρ

146 1162 178 1186 15
198 1142 406 1204 Πυθοδώρου
435 1140 539 1193 μέχρι
561 1140 722 1178 Ἀλκαίου
744 1140 770 1178 θ
773 1139 875 1200 ιυὲτη.
900 1139 959 1177 καὶ
980 1141 1013 1176 ἐν
1033 1139 1237 1190 Ἀχαρνεῦσι

195 1200 231 1240 δὲ
251 1206 346 1239 εἶπεν
364 1199 416 1237 ὅτι
435 1195 467 1243 ς’
487 1198 551 1245 ἔτη
572 1198 656 1235 εἰσὶν
678 1198 735 1251 ἀφ’
756 1202 794 1236 οὑ
815 1201 832 1236 ὃ
851 1198 1012 1248 πόλεμος.
1034 1197 1102 1234 ἀπὸ
1124 1196 1159 1234 δε
1177 1213 1238 1243 τ·Γ,ς

193 1261 262 1298 τῶν
282 1256 474 1310 Ἀχαρνέων
495 1256 719 1300 διδασκαλίας
737 1257 766 1307 γ’
789 1256 848 1303 ἔτη
870 1256 970 1294 εἰσίν.
992 1258 1023 1294 οἵ
1041 1255 1076 1293 δὲ
1093 1255 1237 1302 ποιηταὶ

194 1316 360 1360 πολλάκις
374 1315 684 1367 ἀποσχεδιάζουσιν
701 1316 747 1358 εἰς
759 1314 838 1358 τοὺς
845 1330 870 1366 7
874 1314 1000 1367 ρόνους.
1057 1318 1156 1351 τοῦτο
1170 1313 1239 1351 πά-

194 1377 249 1413 λιν
267 1374 306 1412 τὸ
329 1372 539 1425 μονόμετρον
572 1371 707 1423 βέλτιον
733 1371 824 1410 κατὰ
849 1372 1040 1425 παράθεσιν
1065 1370 1238 1422 ἀναγινώ-

143 1454 179 1479 20
197 1448 291 1471 σκειν
310 1430 522 1484 τριακαίδεκ’
539 1429 613 1476 ἔτη.
631 1438 672 1467 V.

251 1505 313 1530 991.
343 1487 553 1543 κορκορυγὰς
572 1502 580 1528 :
599 1487 673 1532 Τὰς
695 1487 794 1540 βοὰς,
815 1487 876 1532 τὰς
894 1486 1070 1542 ταραχὰς,
1087 1487 1168 1532 τοὺς
1187 1491 1240 1525 θο-

201 1548 336 1602 ρύὸους.

253 1621 316 1647 992.
348 1606 492 1650 ἀστείως
511 1606 676 1654 συνέθηκε
692 1605 754 1653 τὴν
774 1605 863 1651 λέξιν
883 1605 981 1659 παρὰ
997 1606 1035 1644 τὸ
1053 1608 1158 1645 λῦσαι
1176 1606 1239 1653 τὴν

201 1666 333 1718 μάχην.
352 1673 389 1703 Β.
406 1673 446 1703 V.

145 1748 180 1774 25
251 1738 315 1764 993.

199 1781 272 1826 δαίς.

251 1854 316 1880 995.

344 1725 505 1767 ὑπονοίας
522 1736 530 1763 :
546 1723 622 1763 Ἵνα
638 1722 686 1774 μὴ
701 1725 873 1761 ὖπονοῶσι
886 1722 948 1766 τὰς
962 1722 1125 1770 ἀλλήλων
1141 1739 1242 1761 σπον·

349 1839 426 1877 ἀντὶ
446 1842 506 1877 τοῦ
527 1840 758 1892 φλυαροῦμεν.
778 1847 817 1876 Β.

251 1912 316 1938 996.
348 1897 445 1949 μίξον
466 1898 495 1935 δ’
514 1900 608 1947 ἡμᾶς
629 1910 638 1936 :

251 1970 315 1996 997.
344 1955 459 2008 φιλίας
480 1957 578 2009 χυλῷ
602 1969 611 1995 2

146 2036 182 2062 30
199 2015 249 2067 τῷ
266 2013 454 2067 ῥοφήματι.

252 2086 315 2112 999.
345 2073 428 2123 ἡμῖν
452 2074 588 2122 ἀγαθῶν
615 2085 624 2111 1
652 2071 840 2111 Τουτέστιν
865 2072 1027 2125 ἀφθονίαν
1047 2075 1114 2111 τῶν
1135 2072 1244 2111 ὠνίων

201 2132 285 2182 ἡμῖν
306 2130 495 2182 παράσχες.
516 2129 680 2183 ἁρμόδιον
701 2128 737 2167 δὲ
756 2133 858 2167 τοῦτο
877 2133 920 2180 τῇ
941 2130 1073 2183 εἰρήνῃ.

257 2203 334 2228 1000.
364 2187 416 2226 ὅτι
440 2187 484 2226 τὰ
503 2188 651 2241 σκόροδα
668 2190 707 2226 ἐκ
728 2190 790 2234 τῆς
809 2188 1022 2240 Μεγαρίδος,
1044 2189 1108 2241 ἔφη
1132 2189 1191 2227 καὶ
1211 2191 1245 2226 ἐν

202 2247 272 2290 τοῖς
294 2245 555 2299 προειρημένοις
577 2246 680 2298 [w2],
707 2245 818 2297 λέγων
846 2264 861 2279 «
887 2248 1019 2299 πρῶτοι
1045 2247 1112 2300 γὰρ
1139 2247 1245 2293 αὐτὴν

150 2323 184 2349 ³5
203 2310 274 2347 τοῖς
294 2304 468 2356 σκορόδοις
485 2303 703 2356 ἠλείψατε.»
726 2311 767 2340 V.

259 2376 338 2401 1001.
369 2361 497 2399 σικύων
516 2361 673 2436 πρις3οινὲ
699 2361 762 2400 Ἐν
784 2360 903 2414 εἰρήνῃ
923 2361 1076 2399 πολλα
1058 2364 1101 2399 σι’
1121 2362 1246 2412 ἐπιμέ-

202 2421 298 2459 λειαν
318 2436 378 2458 και
401 2423 502 2473 πρῷα
523 2424 629 2471 εἰχον.
651 2419 703 2458 ὅτι
726 2419 761 2457 δὲ
787 2420 888 2458 καλοὶ
908 2422 938 2458 οἱ
957 2420 1110 2473 πρώϊμοι
1130 2421 1247 2459 σικύαι

203 2478 264 2516 καὶ
283 2481 302 2525 ἡ
321 2478 493 2531 παροιμία
513 2479 613 2525 δηλοῖ
632 2497 647 2512 ιι
668 2478 870 2531 ἀρχομένων
892 2477 1019 2516 σικύων
1039 2479 1098 2517 καὶ
1120 2481 1247 2531 ληγου-

203 2538 272 2574 σῶν
291 2539 516 2576 κολοκυντῶν.
538 2554 553 2570 »

150 2619 187 2646 40
256 2593 296 2632 τὸ
323 2594 450 2648 πρῴων
475 2594 560 2647 πρὸς
592 2593 632 2633 τὸ
658 2593 803 2632 σικύων·
830 2595 865 2632 ἐν
891 2593 952 2632 δύο
983 2594 1018 2632 δὲ
1042 2595 1244 2639 συλλαὸαῖς.

204 2654 250 2696 ὡς
268 2651 329 2690 καὶ
352 2655 420 2690 τῶν
437 2652 565 2691 σικύων
591 2651 626 2690 δὲ
645 2653 782 2690 πολλῶν
802 2652 910 2690 ὄντων
933 2654 968 2690 ἐν
994 2652 1168 2705 Μεγαρίδι
1187 2653 1247 2691 καὶ

206 2709 402 2763 φερομένων
427 2712 554 2749 ἐκεῖθεν
579 2713 626 2755 εἷς
644 2710 708 2758 τὴν
736 2709 908 2758 Ἀττικὴν,
936 2713 982 2754 ὡς
1005 2711 1064 2749 καὶ
1087 2710 1187 2755 αὐτὸς
1212 2713 1246 2749 ἐν

205 2767 410 2820 Ἀχαρνεῦσι
426 2769 508 2820 [520]
527 2769 642 2822 φησίν.
660 2771 691 2807 οἷ
709 2767 745 2806 δὲ
761 2768 916 2822 πρώϊμοι
934 2768 1052 2807 σικύαι
1069 2769 1171 2807 καλοὶ
1186 2769 1247 2807 καὶ

208 2824 423 2869 ἆὸλαὸεἷς.
404 2843 443 2887 4,-
443 2826 496 2864 ὅτι
512 2830 542 2865 οἱ
560 2829 595 2866 ἐν
613 2826 729 2880 εἰρήνῃ
747 2826 840 2870 ὄντες
856 2826 1008 2865 πολλὰ
989 2833 1032 2865 σι’
1049 2827 1247 2878 ἐπιμελείας

155 2911 191 2936 45
210 2881 272 2921 καὶ
289 2885 392 2955 πρῷα
411 2888 515 2936 εἰχον.
548 2904 556 2922 ·.
572 2921 574 2923 ,

261 2941 388 2995 πρῴων
419 2955 428 2980 :
456 2944 537 2980 Των
561 2942 629 2995 πρὸ
653 2945 774 2995 καιροῦ
801 2934 1030 2996 φαινομένων.
1061 2942 1117 2981 δια
1145 2943 1182 2983 δὲ
1209 2944 1248 2983 τὸ

210 2999 311 3048 ἀηδὲς
329 3001 423 3046 τῆς’
409 2999 580 3050 εργασίας.
599 3009 640 3038 V.

264 3071 344 3096 1003.
374 3059 443 3095 κάκ
462 3059 622 3095 Βοιωτῶν
641 3071 707 3108 γε;
727 3056 813 3097 εὈτι
833 3058 1104 3131 ὂρνιθοτρόφος
1086 3077 1107 3107 η
1132 3062 1247 3099 Βοιω-

209 3115 285 3162 τία,
307 3115 367 3153 καὶ
390 3116 424 3152 ἐν
449 3114 651 3167 Ἀχαρνεῦσι
676 3116 758 3166 [876]
780 3116 883 3168 φησὶν
906 3134 921 3149 «
945 3117 1095 3169 ωσπερεὶ
1114 3133 1247 3168 χειαων

157 3203 193 3228 50
213 3192 228 3208 ιι
250 3168 351 3220 ἠλθες
371 3171 518 3224 ὀρνιθίας
536 3173 581 3215 εἷς
603 3187 664 3217 τήν
688 3172 815 3224 ἀγοραν
838 3173 963 3226 φέρων,
989 3192 1004 3207 »
1027 3174 1083 3212 ὅτε
1106 3176 1163 3212 ἐπὶ
1186 3191 1245 3213 του

210 3233 364 3271 Βοιωτοῦ
386 3229 493 3280 λέγει.

265 3303 343 3328 1005.
375 3284 522 3330 Κωπαῒς
542 3286 648 3337 λίμνη
670 3287 884 3335 Βοιωτίας,’
870 3305 905 3326 εν
926 3293 948 3340 ᾑ
973 3290 1124 3341 μεγάλαι
1147 3290 1246 3343 ἐγχέ-

209 3350 280 3391 λεις
295 3346 468 3397 γίνονται,
491 3361 537 3388 ως
553 3360 611 3382 και
633 3346 667 3381 ἐν
690 3344 893 3398 Ἀχαρνεῦσι
910 3347 992 3397 [883]
1016 3361 1099 3400 φησι
1122 3367 1136 3381 ιι
1157 3348 1248 3402 πρέ-

212 3406 333 3457 σίῗειρα
348 3404 564 3451 πεντήκοντα
581 3398 778 3442 Κωπαιδων
795 3410 913 3456 κορᾶν.
932 3422 946 3438 ιι

664 1899 724 1941 Εἰς
740 1896 856 1950 φιλίαν
877 1895 951 1948 ἄγε.

639 1955 702 1999 Ὡς
727 1955 785 1993 ἐπὶ
805 1955 1041 2007 κακουμένων.
1068 1956 1166 2009 χυλῷ
1185 1950 1242 1994 οὖν

2252 248 2323 281 201

1346 342 1423 367 1007.
1454 329 1622 381 εὐκαίρως
1637 327 1676 366 τὸ
1693 329 1909 381 ὀψωνοῦντας
1924 327 2117 381 προσέθηκε
2135 327 2219 381 πρὸς
2236 329 2329 366 ἀντι-

1289 386 1474 432 διαστολὴν
1490 391 1551 424 τοῦ
1567 385 1721 435 πολέμου
1732 416 1741 432 ,
1760 388 1794 423 ἐν
1811 380 1838 437 ᾧ
1856 388 2029 438 δυσχερῶς
2045 384 2221 438 ὠψώνουν,
2239 388 2330 433 ἀπη-

1290 445 1530 496 σχολημένοι’
1515 461 1549 482 εν
1563 448 1633 488 τοῖς
1649 445 1803 497 θορύὸοις
1820 447 1923 482 αὐτοῦ
1941 445 2000 482 καὶ
2014 445 2082 487 τοῖς
2095 460 2223 488 κακοις.
2241 453 2276 482 Β.
2291 453 2331 482 V.

1289 501 1432 545 ’.Αλλως
1455 503 1493 540 τὸ
1515 504 1731 554 ὀψωνοῦντας
1747 502 1942 553 προσέθηκε
1962 502 2046 562 πρὸς
2069 501 2330 548 ἀντιδιαστολὴν

1290 565 1349 599 τοῦ
1375 560 1543 610 πολέμου.
1571 575 1630 596 και
1652 575 1718 610 γαρ
1738 559 1815 596 τότε
1840 559 1975 610 ἀνάγκη
1994 563 2035 605 ἠν
2059 562 2105 602 εἰς
2122 560 2161 597 τὸ
2181 575 2272 598 συνει
2265 560 2331 597 ’ναι
2351 574 2368 599 5

1293 618 1433 665 αὐτους,
1454 618 1486 655 εἴ
1506 616 1589 654 ποτέ
1609 632 1660 659 τις
1678 616 1816 669 ταραχὴ
1837 617 1989 667 γένοιτο,
2010 617 2100 654 κατὰ
2121 617 2231 664 ειλας,
2250 634 2334 656 του-

1291 675 1385 713 τέστι
1414 674 1505 713 κατὰ
1532 674 1742 725 συστήματα
1770 674 2031 727 συστρέφεσθαι.
2059 676 2118 712 καὶ
2144 677 2178 713 ἐν
2208 677 2334 728 Ἀχαρ-

1292 737 1386 772 νεῦσι
1414 734 1509 784 [898]
1535 733 1622 787 φησὶ
1649 751 1665 766 ιι
1694 731 1782 783 μηδὲ
1809 731 1876 785 γὰρ
1903 731 2012 770 θανών
2038 748 2099 770 σου
2127 734 2233 787 χωρὶς
2262 734 2334 781 εἴην

1292 790 1389 830 ποτέ.
1411 809 1425 824 »
1442 799 1483 828 V.

1349 864 1427 889 1008.
1459 848 1621 933 Μορύχιρ
1646 848 1761 901 Τελέᾳ
1795 862 1803 888 :
1839 848 1911 887 Καὶ
1942 848 2082 892 τούτους
2112 849 2165 887 ἀεὶ
2198 852 2335 889 ἀπεῖναι
2359 867 2391 892 10

1297 907 1458 959 βούλεται
1485 924 1553 945 των
1586 907 1693 960 ὄψων,
1728 906 1785 944 διὰ
1810 907 1932 945 τούτου
1963 906 2084 950 αὐτους
2112 908 2265 953 κολοίζων
2293 912 2338 953 ὡς

1294 965 1591 1019 γαστριμάργους,
1609 982 1654 1009 ως
1670 980 1774 1018 φησιν
1791 981 1824 1002 εν
1840 971 1910 1008 τοῖς
1927 965 2151 1017 Ἀχαρνεῦσιν
2167 966 2261 1017 [887]
2278 971 2337 1004 νῦν

1296 1026 1324 1064 δ’
1342 1027 1404 1063 οὐκ
1421 1027 1516 1072 οἰδα,
1534 1025 1626 1068 ὅπως
1648 1041 1687 1062 το
1711 1024 1862 1062 ἐναντίον
1889 1024 2004 1076 ..ησίν.
2027 1024 2109 1068 ἴσως
2125 1029 2182 1063 οὖν
2204 1029 2248 1078 τῇ
2271 1042 2339 1064 πα-

1298 1084 1418 1136 ρουσία
1440 1083 1522 1122 τού·
1510 1100 1569 1121 ων
1579 1082 1787 1144 Μελάνθιον
1808 1085 1964 1129 λυπησαι
1992 1082 2196 1156 βούλεται”
2176 1100 2260 1122 οντα
2280 1085 2339 1122 καὶ

1298 1141 1400 1180 αὐτὸν
1426 1141 1556 1193 λίχνον.
1577 1145 1619 1189 ἠν
1644 1140 1680 1178 δὲ
1703 1140 1900 1193 τραγωδίας
1924 1140 2088 1188 ποιητὴς,
2111 1158 2156 1185 ως
2177 1142 2334 1196 προείρη-
2362 1154 2394 1179 15

1297 1216 1367 1239 ται.
1386 1208 1422 1238 Β.
1437 1208 1477 1237 V.

1354 1272 1431 1297 1000.
1457 1256 1534 1295 ἀντὶ
1550 1260 1610 1295 τοῦ
1626 1257 1768 1309 λίχνοις.
1791 1256 1919 1295 τένδειν
1941 1255 2009 1309 γὰρ
2035 1256 2074 1294 τὸ
2097 1256 2238 1295 ἐσθίειν·
2257 1277 2272 1291 ιι
2290 1258 2340 1296 ὅτ’

1299 1316 1457 1360 ἀνόστεος
1485 1315 1521 1354 ὃν
1544 1315 1634 1353 πόδα
1662 1315 1785 1354 τένδει.
1807 1334 1822 1348 ¹¹
1855 1314 2014 1358 Ἡσίοδος
2042 1320 2127 1363 [Op.
2150 1321 2229 1362 522].
2257 1318 2339 1355 RV.

1298 1374 1442 1418 Ἄλλως.
1462 1374 1518 1417 οὒς
1537 1377 1638 1424 ἡμεῖς
1659 1373 1887 1425 σιναμώρους.
1906 1373 1966 1411 καὶ
1986 1374 2068 1425 παρ’
2087 1373 2238 1427 “Ησιόδῳ
2257 1374 2343 1419 τινὲς

1300 1435 1405 1485 ὀρθῶς
1421 1435 1560 1471 δοκοῦσι
1579 1432 1722 1485 γράφειν
1742 1450 1756 1466 ιι
1777 1431 1824 1470 ὅτ’
1848 1431 2006 1476 ἀνόστεος
2033 1431 2069 1469 ὃν
2092 1432 2183 1471 πόδα
2205 1432 2340 1470 τένθειιι
2361 1444 2396 1469 2ο

1301 1490 1356 1529 διὰ
1373 1496 1431 1529 τοῦ
1451 1495 1479 1529 θ.
1501 1499 1543 1528 V.

1355 1563 1432 1587 1011.
1464 1551 1581 1620 θρηνε
1569 1565 1612 1587 ιν.
1638 1556 1674 1586 R.
1688 1555 1728 1586 V.

1368 1620 1446 1646 1012.
1477 1608 1516 1644 ἐκ
1534 1606 1717 1652 Μηδείαςε
1742 1605 1929 1652 Μήπατε’
1914 1622 1953 1644 εκ
1972 1623 2032 1653 της
2052 1607 2238 1678 Εὖριπίδρυ
2259 1609 2345 1654 Μη-

1302 1665 1393 1709 δείας
1416 1669 1476 1711 [96]
1502 1679 1599 1716 παρα
1601 1679 1725 1716 γραοει
1752 1665 1865 1702 εκεῖνα
1886 1683 1901 1697 «
1917 1681 1945 1702 ω
1968 1663 2131 1710 δύστηνος
2151 1665 2241 1714 ἐγω,
2238 1665 2343 1703 μελέα

1301 1739 1338 1761 τε
1358 1723 1484 1769 πόνων,
1498 1724 1571 1765 πῶς
1591 1738 1632 1759 αν
1653 1722 1845 1772 ὀλοίμαν.»
1867 1722 1954 1772 (οἱ
1936 1721 1971 1759 οὲ
1992 1723 2096 1759 αὐτοῦ
2120 1726 2179 1760 τοῦ
2200 1725 2278 1762 Me)
2281 1740 2343 1762 αν-
2363 1739 2397 1763 25

1303 1781 1374 1819 θίου
1391 1796 1494 1832 φασιν
1509 1795 1596 1818 ειναι
1615 1780 1814 1826 Μήδειαν,’
1800 1779 1834 1824 εξ
1850 1784 1890 1826 ἧς
1909 1781 2053 1829 ταῦτα.)

1359 1852 1437 1878 1014.
1469 1837 1751 1890 (λογευουέναςῑ
1774 1838 1880 1877 Και
1867 1854 1900 1876 εν
1925 1839 1994 1881 τοῖς
2012 1838 2233 1891 Ἀχαρνεῦσιν
2260 1841 2344 1893 [894]

1304 1898 1434 1950 ἔφαμεν
1453 1896 1531 1940 τοὺς
1549 1896 1733 1949 μαγείρους
1761 1896 1849 1947 μετὰ
1868 1896 2019 1934 τεύτλων
2044 1897 2137 1950 ἕψειν
2156 1898 2217 1942 τὰς
2239 1900 2344 1951 ε’γχέ-

1303 1958 1383 1999 λεις.
1405 1955 1521 2000 ἔπαιξε
1542 1954 1578 1992 δὲ
1599 1954 1704 1993 εἰπὼν
1723 1955 1958 2007 λοχευομένας
1977 1955 2054 1993 ἀντὶ
2074 1960 2134 1994 τοῦ
2161 1957 2341 2010 ἑψομένας.

1304 2014 1426 2062 ἡδίστη
1445 2013 1480 2052 δὲ
1500 2017 1521 2060 ἡ
1540 2012 1683 2065 ἔγχελυς
1702 2015 1737 2051 ἐν
1756 2013 1907 2056 τεύτλοις
1924 2013 2050 2065 ἐστίν.)
2364 2026 2399 2052 30

1360 2087 1438 2111 1015.
1468 2071 1545 2115 τοὺς
1565 2073 1593 2109 δ’
1618 2071 1819 2124 ἀνθρώπους
1844 2071 2036 2124 ἐπιχαίρειν

1306 2131 1496 2183 ἐπιχαίρειν
1517 2132 1611 2183 αὐτῷ
1631 2134 1823 2182 θρηνοῦντι.

1361 2202 1438 2227 1016.
1469 2189 1572 2233 διπλῆ
1590 2188 1649 2225 καὶ
1667 2187 1797 2231 ἔκθεσις
1814 2189 1861 2231 εἰς
1876 2187 2024 2238 ἰάμὸους
2039 2189 2241 2243 τριμέτρους
2256 2193 2345 2230 ἀκα-

1305 2246 1496 2293 ταλήκτους
1516 2245 1555 2290 ζ’.
1576 2254 1617 2284 V.

1359 2304 1411 2341 ὅτι
1428 2303 1593 2349 ἐξεὸλήθη
1613 2303 1651 2341 τὸ
1669 2320 1704 2350 η.
1725 2311 1766 2341 V.
2362 2324 2398 2349 35

1362 2376 1441 2401 1019.
1471 2363 1536 2414 οὐχ
1554 2362 1676 2408 ἥδεται
1705 2364 1859 2400 εΤαῦτα
1879 2361 1965 2414 πρὸς
1992 2361 2031 2400 τὸ
2057 2361 2145 2405 ἔθος·
2166 2364 2250 2416 φασὶ
2277 2365 2345 2420 γὰρ

1307 2423 1348 2472 τῇ
1376 2423 1444 2458 τῶν
1466 2420 1687 2458 συνοικεσίων
1716 2422 1817 2472 ἑορτῇ
1849 2419 1969 2457 θυσίαν
2001 2421 2173 2458 τελεῖσθαι
2195 2423 2346 2476 Εἰρήνῃ,

1306 2478 1363 2516 τὸν
1384 2479 1418 2516 δὲ
1441 2478 1558 2530 βωμὸν
1577 2478 1625 2529 μὴ
1643 2480 1894 2528 αιματοῦσθαι,
1915 2478 2223 2529 ζΕκαϊομὸαιιι’“3νος
2239 2483 2347 2532 μηνὸς

1309 2536 1406 2588 (ἕκτῃ
1432 2516 1489 2574 έπὶ
1506 2535 1601 2574 δέκα.
1623 2535 1710 2579 τινὲς
1730 2535 1767 2574 δέ
1786 2551 1889 2584 φασιν
1908 2537 1947 2573 ἐκ
1964 2539 2025 2582 τῆς
2040 2537 2218 2590 παρούσης
2234 2540 2346 2586 αἰτίας

1307 2594 1413 2638 οὕτως
1426 2596 1513 2646 αὐτῇ
1530 2593 1633 2641 θύειν,
1651 2593 1797 2644 αἵματος
1808 2592 1931 2636 αὐτοὺς
1948 2594 2213 2639 ἀπαλλάξασαν.
2269 2597 2346 2637 Ἀλ-
2364 2612 2398 2638 40

1307 2654 1386 2696 λως.
1418 2653 1503 2706 πρὸς
1532 2652 1710 2705 σύγκρισιν
1736 2656 1794 2690 τοῦ
1827 2651 1980 2702 πολέμου
2009 2655 2124 2697 καλῶς
2154 2654 2261 2708 ἔφησε
2295 2659 2344 2708 μὴ

1306 2711 1440 2764 χαίρειν
1468 2710 1531 2758 τὴν
1556 2710 1708 2763 Εἰρήνην
1735 2713 1901 2763 σφαγαῖς·
1923 2710 2021 2761 μόνοι
2045 2710 2111 2764 γὰρ
2135 2714 2165 2751 οἱ
2184 2715 2345 2766 πολέμιοι

1308 2767 1431 2819 αἵματι
1448 2768 1507 2806 καὶ
1525 2768 1638 2822 φόνοις
1653 2768 1838 2820 χαίρουσι.)

1362 2841 1440 2865 10-20.
1471 2826 1531 2864 καὶ
1549 2830 1650 2864 τοῦτο
1668 2825 1753 2879 πρὸς
1773 2825 1952 2879 σύγκρισιν
1968 2830 2028 2864 τοῦ
2044 2826 2218 2878 πολέμου,
2235 2828 2269 2873 ὃς
2288 2830 2345 2868 αἴ-

1309 2900 1394 2934 μασι
1413 2884 1541 2936 χαίρει.
2362 2899 2397 2925 45

1363 2943 1444 2993 (οὐδ’
1465 2945 1701 2991 αιματοῦταιζ

2058 2086 2066 2112 :
2089 2071 2179 2117 Τοὺς
2196 2076 2346 2126 ὁρῶντας

1723 2941 1784 2980 Ἐν
1804 2941 1871 2993 γὰρ
1890 2943 1933 2993 τῇ
1949 2943 2016 2979 τῶν
2034 2943 2253 2981 συνοικεσίων
2271 2947 2344 2998 ἑορ-

1306 3002 1348 3051 τῇ
1369 3002 1399 3037 οἷ
1421 2999 1482 3049 μέν
1505 3014 1607 3049 φασιν
1629 2997 1761 3050 Εἰρήνῃ
1780 2997 1899 3035 θυσίαν
1915 2999 2106 3046 τελεῖσθαι,
2124 3005 2164 3047 ἧς
2187 3003 2204 3039 ὁ
2229 3004 2344 3054 βωμὸς

1307 3059 1372 3109 οὐχ
1394 3059 1614 3107 αιματοῦται.
1635 3058 1666 3092 οἱ
1687 3055 1721 3092 δὲ
1743 3058 1916 3093 εστιῶσιν·
1934 3058 1978 3099 ὡς
1999 3056 2066 3109 ἄρα
2085 3057 2163 3097 τότε
2183 3060 2341 3106 σώζεται

1307 3116 1366 3153 καὶ
1387 3114 1479 3157 ἰδίως
1496 3112 1668 3164 ἀναιμωτι
1690 3113 1822 3164 Εἰρήνῃ
1840 3112 1970 3152 θύουσι.
1975 3115 1988 3165 )

1362 3187 1441 3211 1022.
1469 3172 1584 3224 ’χοῦτω
1605 3172 1643 3209 τὸ
1659 3170 1863 3222 πρόὸατονε
1883 3171 1950 3210 Διὰ
1965 3173 2004 3210 τὸ
2023 3172 2070 3223 μὴ
2089 3173 2258 3213 θύεσθαι’
2243 3192 2277 3214 εν
2293 3180 2342 3215 ‘tt-“3
2361 3194 2395 3219 50

1307 3230 1457 3283 θεάτρω,
1480 3228 1569 3267 ἀλλα
1590 3229 1647 3266 τὸν
1661 3229 1816 3303 χορηγὸν
1836 3245 1886 3266 τω
1907 3230 2017 3268 δοκεῖν
2035 3231 2160 3269 θύειν’
2141 3236 2343 3286 αποκερδαί-

1307 3306 1408 3328 νοντα
1436 3290 1474 3326 τὸ
1503 3292 1608 3338 θῦμα.
1637 3303 1705 3325 των
1734 3288 1800 3340 γὰρ
1821 3289 2000 3327 ἐντοσθίων
2028 3291 2218 3342 αἰρομένων
2246 3294 2342 3346 παρα

1308 3363 1376 3384 των
1407 3346 1570 3395 θυόντων,
1599 3344 1638 3383 τὸ
1665 3345 1784 3383 λοιπὸν
1815 3348 1919 3396 σῶμα
1949 3347 2142 3394 σωθήσεται
2168 3351 2218 3401 τῷ
2242 3353 2342 3404 ἱερεῖ,

1311 3404 1397 3442 ἐπὰν
1418 3403 1576 3442 θύσωσιν.
