2533 3808
214 224 287 258 398

215 300 365 341 Arcadii
386 298 561 347 Epitome
579 308 615 343 p.
635 305 720 338 172,
740 304 786 336 27
823 289 904 340 (ubi
925 296 1103 337 corrupte
1125 287 1225 338 βαθί)

214 369 298 408 etp.
321 358 404 404 148,
423 355 470 390 26
488 351 568 403 (ubi
583 349 665 387 cod.
683 350 799 386 Paris.
818 346 893 399 φθὲ,
910 346 1134 383 Havniensis
1148 344 1225 397 φθὶ,

214 419 236 454 1.
250 430 280 452 e.
297 413 391 466 φαθί)
404 418 573 461 apparet,
587 416 796 456 oxytonum
816 419 884 442 11511
904 404 1106 441 invaluisse
1124 403 1225 439 dicit.

214 478 384 522 Apparet
402 483 447 506 ex
464 469 522 504 his
538 466 770 503 consensisse
791 463 1033 514 Apollonium
1051 470 1087 497 et
1103 464 1227 497 Hero-

215 531 365 566 dianum
386 527 431 563 de
468 525 660 574 analogia,
681 536 765 573 quae
791 522 872 574 φάθι
907 519 1228 569 barytonum'po-

215 588 338 623 stulet.
361 589 417 621 De
437 584 625 633 scriptura
645 590 768 618 autem
788 582 818 617 si
837 581 934 616 forte
951 579 1229 622 dissenserunt,

217 646 325 692 longe
357 643 502 679 facilius
537 640 786 691 Apollonium
823 651 934 688 quam
970 636 1229 673 Herodianum

217 701 358 750 aliquid
391 713 551 737 novasse
583 699 745 742 credam.
780 696 838 733 Al)
873 696 943 732 hac
976 695 1090 743 igitur
1122 701 1230 743 parte

216 767 396 809 praestare
423 759 593 796 videatur
617 756 755 793 codicis
783 755 915 791 Veneti
941 753 1142 803 scriptura.
1168 751 1231 788 Ni-

217 819 424 855 hilominus
441 817 632 865 vulgatam
650 815 879 864 scripturam
895 812 1052 856 retinui,
1069 822 1232 860 quacum

219 878 412 927 conspirat
443 875 709 926 grammaticus
744 874 783 910 in
823 872 993 909 Crameri
1026 869 1233 907 Anecdotis

221 937 295 972 vol.
323 949 343 970 2
356 964 365 980 ,
398 949 435 984 p.
470 935 564 981 468,
600 941 636 969 et
666 946 779 981 quam
815 931 1009 981 postulant
1041 928 1235 977 sequentia

221 993 337 1030 verba
351 992 557 1044 παραλόγως
571 990 635 1043 γὰρ
653 989 844 1036 ὀξύνεσθαι,
861 1002 945 1038 quae
962 1001 1036 1024 om.
1051 991 1096 1024 V.
1114 990 1234 1023 DiNn.

275 1058 321 1095 24
333 1081 342 1097 ,
360 1053 404 1096 37
425 1051 505 1087 ἁπτ.
523 1049 561 1085 τὸ
578 1049 703 1085 αἰδοῖον
723 1052 810 1086 R.—-
829 1049 877 1096 39
891 1045 1123 1097 τὴν-ἔκκρισιν
1141 1057 1229 1080 ano-

222 1122 370 1157 nymus.
396 1106 544 1158 ἔγκρίσει
566 1107 614 1144 R.

276 1179 337 1212 27,
367 1165 414 1209 45
439 1164 635 1214 legebatur
663 1157 704 1209 ἦν
726 1163 785 1200 καὶ
804 1163 843 1199 τὸ
869 1160 942 1212 (καὶ
966 1159 1041 1202 τοὺς
1060 1161 1120 1208 Θ.)
1144 1161 1240 1209 παρὰ

221 1225 308 1266 τούς.
340 1225 483 1262 Addidi
513 1224 666 1265 δούλους.
697 1221 788 1265 Τοὺς
817 1221 956 1264 δούλους
985 1228 1073 1271 post
1105 1218 1239 1269 φεύγειν

223 1282 385 1320 addebat
404 1295 629 1331 anonymus.
648 1285 765 1318 Dmn.
783 1305 823 1311 -
843 1281 889 1324 46
909 1295 943 1316 τι
972 1292 1045 1315 0111.
1064 1280 1108 1314 V.
1131 1298 1172 1307 -·
1194 1280 1239 1320 47

223 1343 318 1393 παρὰ
336 1344 394 1378 τοῦ
413 1342 459 1379 Θ.
479 1366 518 1371 -
544 1341 585 1376 51
613 1339 916 1388 ἀποδοκιμάσουσι
934 1337 995 1383 τὴν
1015 1339 1060 1373 V.
1078 1360 1115 1366 ,-
1134 1333 1180 1369 52
1196 1336 1240 1369 V.

223 1400 336 1437 habet
353 1400 512 1448 glossam
536 1403 689 1447 σημεῖον.

280 1459 325 1494 32
340 1487 349 1504 ‚
369 1463 412 1501 14
444 1455 495 1493 ὅτι
512 1464 548 1492 et
566 1455 605 1492 ἂν
624 1469 698 1491 0111.
720 1458 764 1492 R.
781 1478 821 1485 -
837 1467 971 1501 17-19
997 1450 1112 1495 θεούς;
1150 1464 1243 1501 μαρ-

224 1516 348 1569 τυρίῳ,
365 1514 632 1567 παραδείγματι.
646 1512 785 1559 πείθεις,
799 1516 975 1563 παραινεῖς
986 1514 1084 1548 V.-
1100 1522 1147 1557 19
1163 1507 1243 1545 παί-

225 1578 292 1619 ζεις
313 1576 342 1612 δ.
364 1578 409 1612 R.

280 1634 400 1680 38,32
413 1630 621 1668 δεικνύουσιν
638 1633 722 1680 ἡμῖν
751 1643 848 1682 φησι,
871 1629 918 1665 33
945 1625 1000 1665 ἐὰν
1026 1625 1176 1678 χαίρωσι
1202 1628 1245 1661 R.

283 1693 332 1740 39
346 1723 356 1738 ‚
378 1691 426 1727 36
446 1688 569 1742 μέτρον
587 1687 666 1729 ἔπος
690 1687 897 1726 Franckius
917 1687 956 1723 in
973 1685 1073 1722 libro
1092 1684 1137 1721 de
1158 1684 1244 1722 Cal-

226 1750 305 1787 11110
330 1763 356 1799 p
391 1750 453 1786 82.
472 1752 518 1785 V.
545 1748 591 1785 Θ.
614 1746 698 1785 Α111.
722 1745 800 1787 ἔπος
821 1743 959 1796 μέτρον.
987 1743 1095 1782 Conf.
1125 1742 1245 1779 schol.

227 1807 459 1856 Thesmoph.
493 1812 589 1851 412,
609 1804 714 1854 quod
739 1803 914 1841 Franckii
942 1801 1245 1839 emendationem

230 1866 441 1903 confirmat.

286 1931 352 1970 41,
372 1928 419 1967 44
440 1935 494 1972 sq.
514 1920 571 1959 τὸν
591 1919 722 1973 πρόπον
740 1919 896 1956 accessit
914 1932 959 1955 ex
977 1919 1022 1955 R.
1042 1914 1248 1967 κυαμοτρὼξ

229 1982 345 2034 ἄγριος
359 1984 402 2020 V.
420 2005 461 2012 —
482 1981 530 2024 48
548 1980 672 2022 ἄλλως.
690 1977 886 2019 δικαστικὸς
902 1978 945 2014 V.
964 2002 1003 2006 —
1022 1976 1069 2012 52
1090 1974 1156 2012 ὑπὸ
1178 1977 1246 2011 τῶν

230 2041 374 2090 κυάμων
393 2038 598 2091 τρεφόμενος
613 2042 658 2075 R.
674 2036 881 2089 τρεφόμενος
894 2035 960 2072 ὑπὸ
976 2033 1120 2084 κυάμων
1144 2034 1246 2072 811111.

229 2112 258 2135 5.
280 2096 511 2148 Κυαμοτρώξ.
535 2096 681 2133 Deinde
700 2094 768 2147 πρὸ
783 2095 848 2146 γὰρ
863 2096 923 2139 τῆς
938 2091 1101 2145 εὑρέσεως
1116 2094 1184 2129 τῶν
1203 2096 1247 2129 R.

230 2165 267 2194 et
287 2156 433 2194 Suidas.
454 2154 527 2193 ἐπεὶ
550 2154 624 2192 ἀντὶ
641 2153 728 2207 ψήφ.
746 2153 830 2190 Ald.
848 2177 887 2183 —-
910 2153 954 2196 54
972 2153 1016 2193 ὡς
1035 2150 1094 2188 καὶ
1110 2155 1155 2189 R.
1172 2176 1212 2183 --
1226 2164 1246 2187 2

231 2212 444 2266 11051,πλέον
467 2214 601 2251 Suidas
619 2214 670 2249 ita
689 2212 812 2262 pergit
832 2226 839 2246 :
864 2210 922 2248 καὶ
941 2203 1056 2256 αὖθις,
1078 2211 1195 2261 Κρινεῖ
1214 2209 1250 2245 δὲ

231 2272 368 2315 τούτους
406 2274 443 2309 οὔ
487 2269 693 2324 κυαμοτρὼξ
733 2269 883 2311 Ἀττικὸς
896 2298 905 2314 ,
942 2282 1057 2318 quem
1099 2281 1248 2304 versum

232 2332 414 2382 Bergkius
440 2331 666 2381 (emm-nent.
693 2343 731 2379 p.
761 2330 850 2375 428)
871 2341 986 2377 (11111111
1005 2327 1251 2376 Aristophani

233 2392 441 2436 tribuisset,
455 2391 678 2427 Dindorfius
692 2389 878 2425 intellexit
893 2388 1012 2424 multo
1030 2400 1110 2422 esse
1124 2399 1253 2423 recen-

234 2451 381 2486 tiorem.
400 2448 507 2485 Pauli
524 2447 715 2484 Silentarii
735 2460 815 2483 esse
835 2446 965 2482 docuit
985 2444 1252 2482 Boissonadius

235 2509 273 2544 in
304 2506 521 2555 HStephani
553 2505 664 2541 Thes.
694 2518 730 2540 v.
760 2501 987 2554 Κυαμοτρώξ.

292 2569 363 2612 42,
390 2569 437 2605 14
462 2561 644 2614 ὑπόκωφον
675 2560 711 2598 δὲ
739 2554 832 2598 εἶπεν
860 2560 916 2597 τὸν
943 2561 1051 2609 δῆμον
1073 2558 1126 2596 ὅτι
1146 2563 1191 2596 V.
1218 2559 1253 2596 δὲ

237 2634 311 2657 om.
325 2624 371 2657 R.
384 2644 424 2650 —
444 2634 456 2655 1
467 2620 486 2655 5
503 2618 554 2656 ὅτι
567 2618 735 2660 πολλάκις
752 2617 884 2654 ἀκούων
900 2618 937 2653 οὐ
954 2622 1192 2667 προσεποιεῖτο
1207 2621 1252 2654 R.

292 2682 353 2727 43,
376 2694 420 2728 19
437 2676 489 2715 ὅτι
503 2681 549 2720 εἷς
562 2677 621 2720 τὰς
645 2677 828 2727 νεομηνίας
844 2676 902 2714 καί
921 2678 950 2713 οἳ
971 2679 1016 2713 R.

298 2745 345 2784 44
377 2742 422 2775 R.
446 2737 562 2774 habet
587 2735 643 2773 διὰ
674 2734 712 2772 τὸ
733 2733 916 2787 ἐμὲρέχειν
937 2732 979 2770 τὰ
1001 2732 1155 2785 δέρματα
1184 2733 1257 2770 δια-

239 2796 360 2834 6άλλει
376 2797 421 2837 ὡς
442 2793 614 2844 δύσοσμον
628 2824 637 2840 ,
658 2792 716 2830 καὶ
745 2793 803 2844 ἀφ’
825 2793 898 2834 οἵας
921 2791 1030 2843 τύχης
1058 2789 1257 2843 ὁρμώμενος

240 2852 412 2907 ἐπρώτευε
428 2855 496 2890 τῶν
518 2851 717 2898 Ἀθηναίων.
745 2877 785 2883 -
804 2853 850 2888 23
877 2849 964 2888 αὐτὰ
992 2849 1138 2901 ἡμέραις
1151 2853 1197 2885 V.
1217 2874 1257 2879 —

243 2914 290 2949 25
312 2910 553 2962 μολυνομένων
569 2910 703 2948 81111135
721 2923 750 2946 5.
770 2908 990 2961 Βυρσαίετος.
1011 2911 1069 2945 Ex
1085 2920 1162 2957 quo
1185 2907 1259 2943 ad-

242 2971 362 3007 ditum
378 2969 558 3006 διαὸάλλει
573 2962 629 3006 οὖν
645 2971 689 3011 ὡς
704 2967 889 3017 δύσοσμον.
907 2968 954 3004 26
973 2967 1072 3004 idem
1085 2963 1215 3006 δεικνὺς
1227 2980 1257 3001 τ.

298 3029 346 3070 46
368 3031 411 3064 R.
433 3028 548 3064 habet
567 3027 623 3064 ἐπὶ
642 3026 786 3077 διαὸολῇ
813 3025 872 3063 καὶ
898 3025 1048 3077 πονηρίᾳ
1069 3026 1099 3061 οἱ
1116 3021 1258 3061 παλαιοὶ

243 3085 349 3138 χωρὶς
362 3088 422 3130 τῆς
436 3086 525 3123 κατά
542 3087 672 3135 γνῶναι
690 3085 729 3123 τὸ
746 3088 880 3135 μαθεῖν.
906 3109 939 3112 -
962 3085 1009 3121 35
1027 3099 1079 3134 γν.
1093 3081 1159 3134 γὰρ
1178 3086 1222 3119 V.

301 3149 361 3192 49,
383 3144 429 3179 52
450 3143 711 3192 κασσυματίων.
727 3142 978 3193 κασσυματίοις
998 3143 1043 3179 Θ.

291 3201 364 3245 61,
392 3200 412 3236 5
430 3199 510 3237 ὅλου
526 3204 568 3237 V.
587 3227 628 3232 —
647 3203 668 3237 6
695 3201 843 3238 παλαιὸν
864 3204 907 3237 V.
929 3201 975 3237 Θ.
1003 3197 1079 3236 ἀλλ’
1094 3199 1157 3235 ἐῶν
1173 3199 1258 3236 Ald.

248 3257 354 3305 πάλιν
370 3261 419 3294 Μ.
430 3272 504 3307 -9
519 3258 769 3296 ἀποστέλλεται
786 3260 831 3297 Θ.
849 3256 1078 3296 ἀποστέλλετε
1110 3259 1152 3292 V.
1177 3256 1258 3293 Ald.

304 3316 351 3352 55
365 3343 374 3361 ,
407 3317 451 3351 16
482 3314 608 3368 ἄλευρα
640 3316 853 3365 μαλάξαντος
884 3315 941 3354 καὶ
972 3313 1261 3366 ἀρτοποιήσαντος

249 3374 398 3412 Α.1(1.--
415 3387 457 3420 17
480 3372 688 3425 κατόρθωμα
704 3373 743 3412 τὸ
758 3376 790 3412 ἐν
812 3373 921 3426 Πύλῳ
937 3374 1021 3411 Α111.
1037 3376 1137 3410 τοῦτο
1158 3370 1194 3409 δὲ
1211 3374 1258 3411 Θ.

996 203 1293 242 ADNOTATIO
1323 202 1375 240 IN
1405 203 1577 242 SCHOL.

1286 288 1367 324 sine
1385 287 1509 329 ἄλλως.
1524 317 1563 322 -
1580 292 1624 325 R.
1651 288 1766 325 habet
1794 290 1811 325 ὃ
1834 287 1955 326 Κλέων
1977 285 2087 331 ἔδοξεν
2113 288 2299 338 κατορθοῦν

1283 345 1387 381 πλέον
1409 344 1647 393 Δημοσθένους
1668 346 1874 398 ὑφαρπάσας
1893 346 1936 383 τὸ
1963 345 2059 388 τέλος
2078 347 2146 382 τῶν
2170 344 2300 382 ἐκείνου

1286 402 1413 440 πόνων.
1438 402 1629 454 στρατηγὸς
1657 402 1722 455 γὰρ
1750 401 1797 440 ὢν
1817 402 2003 449 Ἀθηναίων
2035 405 2053 440 ὃ
2077 400 2303 452 Δημοσθένης

1288 460 1494 502 ἀποσταλεὶς
1516 461 1560 502 εἰς
1581 461 1743 498 Σικελίαν
1763 460 1817 497 διὰ
1836 461 1892 498 τὸν
1914 460 2030 498 αὐτόθι
2049 461 2199 510 πόλεμον
2219 460 2305 497 πολ-

1287 518 1339 556 λοὶ
1370 520 1458 567 (sic,
1489 519 1569 555 sine
1599 520 1741 555 lacunae
1770 519 1914 556 indicio
1948 521 2049 556 inter
2082 519 2234 569 πόλεμον
2267 526 2306 555 et

1288 577 1425 625 πολλοὶ)
1445 579 1512 613 τῶν
1527 576 1812 625 Λακεδαιμονίων
1834 579 1894 613 ἀπ.
1913 578 1946 614 ἐν
1972 580 2014 628 τῇ
2036 593 2072 627 μ.
2092 577 2174 615 ἔνιοι
2197 592 2306 615 κατα-

2289 639 2306 658 τ

1290 670 1497 719 πονούμενοι
1528 668 1718 720 κατέφυγον
1749 670 1794 711 εἷς
1822 669 2043 720 Φακτηρίαν.
2075 669 2177 713 τόπος
2205 669 2241 708 δὲ
2264 685 2306 707 αυ

1291 732 1352 774 τῆς
1368 731 1575 773 Λακωνικῆς
1594 727 1722 771 στενός.
1742 726 1797 769 οὒς
1811 727 2034 773 καταστήσας
2047 729 2093 770 εἷς
2107 728 2307 781 πολιορκίαν

1293 785 1539 838 μετεπέμψατο
1563 784 1728 837 στρατιὰν
1761 785 1829 822 ἀπὸ
1862 788 1930 822 τῶν
1969 785 2170 831 Ἀθηναίων.
2200 790 2218 824 ὃ
2249 781 2307 824 οῧν

1295 843 1417 883 Κλέων
1435 843 1533 894 γνοὺς
1555 843 1676 886 αὐτοὺς
1694 843 1760 880 ὑπὸ
1782 845 1886 894 λιμοῦ
1903 844 1962 881 καὶ
1980 844 2080 896 δίψης
2102 843 2149 892 μὴ
2168 843 2257 888 οἵους
2273 844 2311 881 τε

1294 903 1396 945 ὄντας
1426 902 1580 954 ἀντέχειν
1596 933 1605 950 ,
1630 901 1862 952 ἐπηγγείλατο
1889 904 1918 938 εἷ
1950 902 2052 939 λάὸοι
2068 901 2227 951 ’δύναμιν
2241 932 2250 949 ,
2270 901 2312 947 ἣν

1296 963 1383 997 αἰτεῖ
1419 960 1666 1010 Δημοσθένης,
1699 959 1792 1002 ἐντὸς
1820 959 1930 997 εἴκοσι
1958 961 2099 1011 ἡμερῶν
2120 960 2314 1004 ἀναστῆσαι

1294 1019 1370 1062 τοὺς
1389 1019 1710 1072 πολιορκουμένους.
1741 1018 1933 1062 ἐκπλεύσας
1953 1013 2010 1057 οῧν
2041 1016 2162 1060 αὐτοὺς
2179 1017 2314 1055 ἔλαὸεν.

1296 1102 1337 1109 -
1358 1092 1404 1115 2ο
1426 1082 1483 1116 De
1508 1079 1764 1115 Demosthene
1785 1091 1862 1114 non
1885 1086 1987 1114 recte
2007 1077 2209 1114 scholiasta
2228 1076 2319 1113 Ari-

1299 1137 1425 1186 stoph.
1449 1137 1655 1178 ἀποσταλεὶς
1676 1138 1720 1178 εἷς
1739 1135 1902 1174 Σικελίαν
1924 1135 1980 1172 διὰ
1996 1134 2053 1172 τὸν
2069 1132 2187 1171 αὐτόθι
2208 1133 2319 1171 πόλε-

1301 1211 1375 1246 μον.
1399 1199 1495 1233 Sunt
1516 1204 1553 1231 et
1584 1196 1648 1232 alii
1679 1196 1735 1232 1111
1762 1195 1863 1232 illius
1883 1208 2056 1242 errores,
2076 1193 2196 1230 veluti
2213 1194 2319 1243 quod

1300 1255 1432 1302 Pylum
1455 1254 1654 1290 confundit
1673 1267 1759 1290 cum
1788 1252 1923 1296 Πύλαις
1938 1283 1947 1299 ,
1965 1252 2033 1289 11111
2051 1251 2239 1289 Leonidas
2256 1266 2320 1289 ce—

1302 1311 1417 1355 cidit,
1439 1325 1515 1360 quo
1542 1312 1695 1348 nomine
1725 1311 1839 1348 etiam
1861 1325 1947 1348 eum
1976 1318 2082 1347 notat
2103 1310 2321 1347 Holstenius

1302 1370 1349 1407 ad
1370 1370 1547 1419 Stephan.
1574 1384 1605 1406 v.
1628 1369 1766 1415 Πύλαι,
1787 1378 1824 1406 et
1851 1369 1954 1418 quod
1969 1367 2173 1405 Leonidam
2192 1371 2323 1405 Mace-

1305 1428 1447 1464 donum
1459 1428 1881 1465 etLacedaemoniorum
1898 1440 2025 1476 regem
2038 1434 2159 1464 vocat.
2169 1430 2322 1464 Dumm.

1305 1486 1350 1522 ad
1366 1486 1538 1535 Thucyd.
1559 1492 1597 1536 4,
1616 1500 1650 1523 2.
1666 1511 1704 1516 -
1720 1500 1762 1522 21
1789 1483 1998 1538 προσὸαλὼν
2016 1485 2077 1533 Θ.,
2092 1493 2129 1522 et
2147 1488 2198 1522 M.
2212 1498 2234 1522 a
2250 1498 2323 1522 sec.

1306 1557 1354 1581 m.
1369 1570 1410 1575 —
1434 1558 1482 1580 22
1510 1543 1571 1581 εἴλ.
1594 1543 1808 1596 στρατιώτας
1830 1545 1878 1582 Θ.
1899 1568 1941 1575 -
1969 1549 2016 1587 24
2036 1541 2122 1580 ἄλλο
2148 1544 2195 1581 Θ.
2215 1546 2271 1580 Μ.
2285 1568 2325 1573 -

1306 1603 1354 1638 26
1371 1603 1504 1651 ἀλογῶν
1530 1600 1565 1639 δὲ
1584 1604 1695 1639 αὐτῶν
1713 1603 1759 1640 Θ.
1774 1627 1814 1634 -
1834 1604 1956 1640 30—32
1972 1600 2147 1644 Λεωνίδας
2163 1603 2233 1638 τῶν
2252 1602 2323 1638 Λα-

1305 1661 1533 1712 κεδαιμονίων
1578 1660 1736 1712 βασιλεὺς
1775 1661 1940 1715 πρότερος
1980 1659 2055 1710 ἅμα
2089 1659 2327 1713 Σπαρτιάταις

1307 1720 1432 1766 ἀνέστη
1456 1721 1570 1774 Ξέρξῃ
1591 1725 1640 1774 τῷ
1668 1724 1813 1775 Περσῶν
1842 1723 1956 1759 idem.
1982 1746 2023 1753 —
2056 1723 2104 1765 34
2134 1718 2326 1757 Ἔπιάλτου

1306 1779 1393 1816 Ald.
1412 1804 1453 1811 —
1484 1781 1531 1817 38
1549 1783 1608 1817 τοῦ
1629 1795 1748 1831 στρατ.
1770 1784 1815 1816 V.
1837 1779 1936 1821 αὐτὸς
1956 1777 1991 1815 δὲ
2007 1779 2052 1816 Θ.
2078 1802 2120 1809 -
2145 1783 2192 1821 42
2220 1791 2326 1814 κατε-

1307 1836 1470 1889 μέμψατο
1497 1839 1556 1885 Θ.,
1574 1839 1640 1887 qui
1663 1844 1707 1884 47
1729 1836 1909 1889 παρελθὼν
1930 1845 1967 1874 et
1989 1849 2094 1886 seqq.
2113 1836 2268 1872 omittit.
2286 1861 2328 1868 .-

1310 1897 1357 1940 48
1373 1896 1485 1947 λάὸῃ,
1506 1905 1543 1932 et
1563 1895 1862 1946 κατεπηγγείλατο
1881 1899 1925 1931 V.
1942 1920 1983 1925 —
2003 1900 2052 1943 49
2069 1893 2146 1931 εἴκα
2162 1892 2325 1944 (510)·ἡμ.

1307 1957 1350 1992 V.
1368 1953 1400 1991 κ’
1423 1954 1506 1991 Ald.
1526 1979 1567 1985 —
1586 1954 1631 1990 52
1647 1953 1853 2006 ὑφαρπάσας
1868 1956 1913 1990 V.

1365 2024 1413 2072 59
1429 2053 1438 2070 ‚
1476 2029 1496 2066 4
1534 2021 1726 2072 ἐναλλαγὴν
1765 2020 1935 2072 στοιχείου
1973 2019 2206 2072 ἐργασάμενος
2242 2029 2329 2070 post

1310 2080 1455 2119 Κλέωνα
1473 2081 1578 2118 addit
1596 2081 1698 2127 Ald.‚
1714 2094 1788 2117 orn.
1804 2083 1850 2117 R.
1864 2103 1904 2110 —-
1918 2080 1940 2115 6
1957 2078 2122 2131 μυρρίνην
2137 2076 2227 2128 ἔχων
2242 2079 2329 2115 ἀπο-

1310 2140 1404 2177 σο6εῖ
1417 2138 1477 2182 τὰς
1498 2139 1599 2190 μυίας
1615 2139 1701 2176 Α111.
1723 2138 1786 2180 τὰς
1810 2137 1899 2187 μύας
1916 2141 1961 2174 R.
1977 2136 2052 2178 τοὺς
2075 2135 2163 2186 μύας
2178 2139 2223 2172 V.
2242 2160 2284 2167 -
2298 2149 2326 2182 ·7

1311 2198 1380 2235 ἀπὸ
1396 2202 1455 2235 τοῦ
1472 2197 1620 2250 μυρσίνη
1641 2197 1815 2234 additum
1831 2210 1878 2233 ex
1894 2196 1941 2234 Θ.
1963 2195 2110 2232 Deinde
2128 2192 2238 2243 ταύτῃ
2264 2192 2331 2245 γὰρ

1311 2255 1504 2294 ἀπεσόὸουν
1525 2254 1585 2298 τὰς
1607 2255 1708 2305 μυίας
1731 2254 1788 2291 καὶ
1815 2256 1858 2305 τῇ
1877 2255 1963 2304 αὐτῇ
1993 2253 2128 2291 Suidas
2149 2264 2176 2288 5.
2202 2253 2332 2304 Παρα-

1310 2313 1593 2366 γραμματισμός.

1365 2384 1387 2420 6
1397 2397 1409 2419 1
1424 2413 1433 2430 ,
1446 2398 1460 2419 1
1470 2397 1490 2418 2
1502 2381 1589 2421 εἰκὸς
1603 2385 1804 2419 Kusterus.
1819 2379 1956 2421 εἰκότως
1970 2378 2051 2415 Α111.
2067 2377 2213 2415 Deinde
2224 2375 2332 2429 γέρων

1312 2464 1365 2469 -
1382 2442 1489 2490 δῆμος
1509 2454 1583 2477 0111.
1605 2444 1651 2477 V.
1677 2442 1721 2477 Θ.
1736 2440 1908 2475 Glossam
1927 2440 1944 2475 ὃ
1972 2428 2139 2482 δεσπότης
2159 2434 2332 2473 τουτέστιν

1314 2498 1627 2549 ὃδῆμος113111εῑν.
1638 2501 1712 2533 Pro
1727 2496 1902 2533 versibus
1917 2508 2035 2540 12-17
2049 2493 2162 2530 habet
2175 2497 2221 2530 R.
2241 2508 2334 2544 χρη-

1314 2556 1482 2606 σμολόγος
1501 2554 1566 2607 γὰρ
1591 2559 1612 2601 ἡ
1642 2555 1810 2592 Σίὸυλλα.
1838 2552 2017 2603 σιὸυλλιᾷ,
2037 2552 2207 2602 χρησμῶν
2233 2549 2333 2601 ε’ρᾷἢ

1317 2615 1407 2666 μέγα
1424 2620 1538 2667 φρονεῖ
1565 2614 1622 2651 καὶ
1649 2613 1838 2664 ἐπαίρεται.
1859 2611 1904 2650 eO
1929 2610 2098 2655 δεσπότης
2120 2608 2295 2646 τουτέστιν
2317 2612 2334 2646 ὃ

1317 2674 1434 2722 δῆμος.
1457 2672 1573 2709 Aliud
1599 2671 1772 2708 scholion
1802 2670 1939 2707 Suidas
1960 2682 1986 2705 s.
2015 2667 2187 2719 Σιὸυλλιᾷ
2209 2667 2334 2714 addit,

1316 2730 1337 2775 ἢ
1368 2729 1494 2771 οὕτως·
1517 2729 1739 2781 χρησμῳδεῖ,
1768 2727 1870 2779 φησὶν
1885 2757 1894 2773 ,
1919 2725 2104 2776 ἐπειδήπερ
2127 2723 2189 2770 τὴν
2209 2727 2336 2776 προθε-

1317 2788 1422 2837 σμίαν
1444 2790 1504 2833 τῆς
1523 2785 1731 2836 ἐπαγγελίας
1751 2787 1811 2822 οὐκ
1833 2783 2023 2837 ἐψεύσατο,
2046 2783 2122 2820 ἀλλ’
2137 2784 2171 2820 ἐν
2191 2787 2266 2825 ταῖς
2283 2781 2335 2819 εἴ-

1317 2861 1412 2883 κοσιν
1429 2843 1594 2896 ἡμέραις,
1624 2843 1662 2886 ἃς
1679 2842 1931 2893 ἐπηγγείλατο,
1948 2840 2025 2884 τοὺς
2043 2838 2338 2889 Λακεδαιμονίους

1319 2902 1560 2954 αἰχμαλώτους
1576 2901 1719 2952 ἤγαγεν,
1737 2899 1854 2953 ὥσπερ
1873 2899 2152 2950 μαντευσάμενος
2172 2896 2235 2952 τὴν
2249 2896 2337 2935 ὓπό-

1320 2977 1452 3014 σχεσιν.

1373 3026 1421 3062 62
1435 3054 1444 3072 ,
1481 3025 1526 3060 18
1562 3023 1604 3060 τὰ
1635 3025 1819 3072 μωκοῧντα
1852 3024 2042 3073 φρονοῦντα
2076 3018 2336 3065 ἇνοηταίνοντα.

1322 3082 1428 3134 μωκὼ
1451 3080 1516 3133 γὰρ
1544 3080 1600 3118 καὶ
1621 3080 1731 3131 λωμὼ
1753 3079 1909 3130 ἐγένοντο
1929 3081 1974 3118 Θ.
2002 3077 2130 3128 Λαιμὼ
2157 3076 2291 3114 81111135
2308 3090 2337 3113 5.

1320 3138 1617 3190 Μεμακκοακότα.

1374 3199 1442 3244 615,
1467 3202 1511 3239 24
1546 3195 1629 3233 αὐτὸ
1658 3199 1699 3233 V.
1725 3197 1789 3245 qui
1823 3197 1942 3232 26-28
1977 3190 2340 3243 Ἄλλως-καταψεύ-

1323 3257 1438 3293 δεσθαι
1464 3254 1618 3291 omittit.

1375 3315 1422 3359 67
1443 3314 1487 3355 ὡς
1503 3311 1612 3360 ὄνομα
1632 3315 1677 3347 V.

1335 3419 1343 3422 -
1380 3372 1441 3418 73,
1466 3376 1512 3418 49
1535 3372 1595 3406 τοῦ
1615 3370 1688 3405 αὖτ.
1712 3372 1745 3404 V
