2533 3808
202 218 247 250 24

200 313 271 346 γον,
288 297 320 339 ἐς
337 293 494 347 πρωκτὸν
507 290 604 333 κυνὸς
623 288 740 340 βλέπε.
763 285 951 336 (μέμνηται
969 287 1002 322 ἐν
1018 285 1237 329 Ἐκκλησια-

200 353 336 398 ζούσαις
355 353 437 403 [255]

321 456 421 495 τούτῳ
439 455 491 493 μὲν
505 453 603 490 εἷπον,
621 451 649 486 ἐς
662 449 803 490 πρωκτὸν
820 448 909 484 κυνὸς
927 447 1045 487 βλέπε.)

252 562 316 586 864.
346 549 376 584 οἷ
394 548 549 598 σφῆκεςῑ
569 544 653 581 Ἀπὸ
676 558 735 580 του
761 543 859 592 ἠχεῖν
876 556 953 582 τους
969 537 1160 585 αὐλητὰς<
1143 554 1188 581 ως
1208 540 1238 575 οἱ

165 618 181 642 5
200 621 338 658 σφηκες.
358 603 446 654 μετὰ
462 606 521 640 τοῦ
538 600 701 647 Θηὸαίου
719 598 754 637 δὲ
769 598 891 637 πολλοι
909 596 1058 643 αὖληται
1071 591 1175 642 ἦλθον
1192 598 1239 638 εἰς

200 662 261 705 τὰς
274 661 376 714 θύρας
392 664 451 698 τοῦ
469 656 758 700 Δικαιοπόλιδος.

252 733 315 758 866.
346 719 522 770 Χαιριδεῒς
551 715 759 767 βομὸαύλιοι
784 728 792 753 :
817 712 887 765 (Τὰ
907 716 966 750 τοῦ
992 711 1159 763 Χαίριδος
1177 726 1239 747 πε-

199 775 421 826 παιδευμένοι
432 775 454 820 ἢ
470 776 687 825 μελετωντες
713 773 871 844 Χαῖρις
853 770 888 808 οε
914 769 1068 816 αὐλητὴς
1082 768 1240 816 Θηὸαῖος

199 835 369 886 ἄμουσος,
401 837 439 871 οὓ
460 832 635 883 μέμνηται
652 833 686 869 ἐν
705 832 796 883 ἀργῇ
817 846 874 868 του
896 828 1070 881 δράματος

149 957 183 981 ιι)
323 945 373 976 ὅτε
390 945 426 982 δὴ
442 944 600 984 παρέκυψε
614 944 719 983 Χαῖρις
736 942 784 972 ἐπὶ
800 941 852 973 τὸν
869 941 981 981 ὄρθιον.

189 1037 338 1082 Ἀττικὴ
356 1036 391 1074 δὲ
406 1039 426 1082 ἢ
445 1052 504 1074 συν
508 1035 605 1082 ηθεια
625 1035 664 1072 τὸ
681 1033 770 1072 ου’τω
786 1033 897 1083 λέγειν
913 1031 981 1069 ἀπὸ
995 1046 1056 1068 του
1077 1030 1241 1083 Χαίριδος

180 1096 394 1148 Χαιριδεῗς,
414 1094 473 1132 καὶ
495 1093 564 1131 ἀπὸ
581 1096 643 1139 τῆς
662 1098 866 1145 περιστερᾶς
884 1089 1155 1143 περιστεριδεῒς.)

255 1152 431 1205 (βομὸαύλ
436 1166 501 1191 ιοι;
521 1153 595 1190 Ab).
589 1151 691 1198 ηταί.
702 1151 741 1188 τὸ
758 1150 793 1188 δὲ
810 1148 1026 1201 βομὸύλιος
1012 1164 1045 1186 εν
1060 1145 1241 1199 προσθέσει

200 1215 259 1249 τοῦ
281 1227 302 1248 α
320 1210 383 1263 ἔφη
411 1208 573 1261 βοαὸαυ)
578 1225 623 1252 ιο
633 1209 797 1259 ,παίζων
817 1207 913 1260 παρὰ
932 1207 989 1244 τὸν
1011 1205 1126 1243 αὐλόν.
1151 1207 1239 1255 βομ-

152 1285 183 1309 15
202 1269 316 1312 ἔύλιος
332 1269 367 1307 δὲ
382 1263 466 1311 εἶδος
484 1267 670 1318 μελίσσης,
688 1267 746 1305 καὶ
764 1266 897 1319 εἴρηται
911 1264 1008 1317 παρὰ
1020 1265 1058 1301 τὸ
1071 1263 1238 1316 βομέειν.)

254 1340 316 1366 867.
346 1326 388 1373 νὴ
419 1326 476 1363 τὸν
497 1326 628 1364 Ἰόλαον
651 1338 660 1364 :
697 1324 827 1367 Ἰόλαος
854 1323 948 1376 ἥρως
972 1322 1061 1360 ούτω
1080 1320 1242 1371 τιμώμε-

201 1401 256 1429 νος
271 1384 367 1438 παρὰ
387 1384 570 1431 Θηὸαίοις.
587 1383 625 1421 τὸ
647 1382 682 1420 δὲ
702 1381 840 1420 ὄπισθέν
860 1398 925 1432 μου
946 1396 1052 1433 φησι,
1070 1393 1243 1432 φυσῶντες

201 1445 251 1481 τῶ
273 1443 446 1493 πνεύματι
474 1443 599 1488 αὐτῶν,
627 1457 672 1478 τα
702 1440 787 1486 ἄνθη
816 1443 877 1486 τῆς
863 1439 1079 1490 ςγληχωνος
1108 1436 1241 1474 ἀπέὸα-

201 1482 272 1539 λόν.
291 1500 460 1544 ἐὸάσταζε
475 1499 540 1551 γὰρ
557 1498 693 1551 φορτίον
709 1498 900 1549 γλήγωνος.
919 1497 958 1534 τὸ
976 1496 1011 1533 δὲ
1032 1494 1242 1546 ἐπιχαρίτως

149 1572 184 1596 90
201 1558 276 1596 ἀντὶ
291 1562 349 1596 τοῦ
370 1557 657 1609 x57otptto)y.5'voe3
676 1556 748 1607 (καὶ
768 1554 1029 1608 κεχαρισμένως
1046 1557 1129 1605 ἡμῖν
1151 1552 1241 1590 ἀπό-

201 1616 306 1654 λοιντ’
327 1616 394 1666 ἄν).

253 1688 317 1713 871.
341 1673 682 1726 τετραπτερυλλίδων
706 1686 714 1711 2
736 1674 817 1711 Τῶν
846 1671 1010 1724 ἀκρίδων,
1038 1686 1135 1723 παρα
1155 1685 1194 1707 το
1212 1662 1247 1706 δ

202 1749 217 1770 ε
219 1748 292 1784 [ειν
310 1732 433 1785 πτερά.
457 1731 661 1785 (ὀρταλίχων
681 1730 716 1769 δὲ
733 1733 800 1768 τῶν
820 1729 1057 1781 ἀλεκτρυόνων
1075 1744 1165 1766 κατα
1179 1743 1242 1773 την

201 1808 268 1829 των
286 1793 447 1830 Βοιωτων
469 1790 675 1840 διάλεκτον).

255 1862 318 1887 872.
349 1848 579 1900 κολλικοφάγε
602 1860 610 1885 :
640 1845 769 1890 Κόλλιξ
791 1839 878 1888 εἶδος
896 1860 1002 1897 αρτου
1027 1859 1149 1897 περιφε
1154 1847 1240 1896 ροῦς.

255 1920 318 1946 874.
352 1906 521 1959 (ὀρίγανον
540 1905 575 1943 δὲ
595 1906 751 1951 θηλυκῶς
768 1903 925 1943 Ἀττικοί.

255 1965 378 2016 γλαχώ
396 1979 404 2003 :
431 1965 474 2003 Ἡ
492 1963 615 2016 γλαχὼ
631 1967 692 2010 τῆς
713 1965 876 2016 γληχοῦς.
898 1961 1047 2001 Ἀττικοὶ
1065 1960 1100 1999 δὲ
1119 1962 1242 2012 βληχω

203 2026 336 2076 φασιν.)
775 2040 782 2045 ·

255 2082 385 2133 ψιάθως
413 2094 421 2119 t

151 2163 185 2188 30
202 2138 367 2176 πλέκεται
383 2137 513 2191 ψίαθος.
541 2145 619 2176 Vict.

255 2210 318 2235 875.
351 2195 581 2248 (φαλαρίδαςῑ
598 2197 644 2234 Οἱ
662 2195 723 2246 μὲν
743 2195 837 2246 γένος
855 2194 1009 2248 ὀρνίθων,
1027 2194 1057 2231 οἵ
1076 2192 1111 2231 δὲ
1127 2192 1189 2236 τὰς
1206 2208 1241 2230 εν

201 2257 244 2306 τῇ
269 2254 445 2307 Φαληρίδι
461 2253 645 2306 γενομένας
663 2254 800 2307 ἀφύας.)

254 2326 316 2352 877.
347 2313 524 2366 ὀρνιθίας;
546 2312 705 2356 Οὕτως
692 2330 710 2351 ο
736 2311 880 2365 σφοδρος
896 2310 1043 2363 χειμὼν,
1069 2313 1103 2349 ἔν
1130 2314 1157 2363 ᾧ
1181 2327 1240 2348 και

201 2371 245 2408 τὰ
265 2371 366 2423 ὄρνεα
387 2371 631 2424 διαφθείρεται.
655 2370 744 2409 οὕτω
765 2370 801 2408 δὲ
820 2371 880 2408 καὶ
901 2371 1029 2420 ἄνεμος
1053 2369 1236 2422 ὀρνιθίας
1223 2386 1240 2407 ο

151 2453 185 2477 35
203 2429 260 2466 ἐπὶ
279 2428 341 2475 τὴν
366 2433 429 2480 γ’ἧν
449 2429 493 2466 τὰ
513 2429 613 2481 ὄρνεα
634 2428 812 2481 στορεννὺς
842 2428 920 2478 (ὑπὸ
945 2431 1006 2474 τῆς
1030 2443 1091 2465 του
1111 2443 1242 2479 γυχους

151 1867 185 1891 25

450 2080 588 2123 Ψίαθος
617 2083 639 2127 ἡ
668 2079 846 2132 χαμεύνη,
867 2078 927 2116 καὶ
948 2078 987 2116 τὸ
1014 2077 1118 2131 φυτὸν
1146 2079 1180 2121 53
1203 2092 1241 2114 06

203 2489 337 2537 πνοῆς),
349 2489 366 2523 ὁ
383 2487 417 2524 δὲ
430 2486 625 2537 Σύμμαχος
641 2490 798 2538 χειμῶνα
813 2486 964 2538 ὀρνιθίαν
978 2486 1168 2523 ἀποδιοωσι
1184 2486 1239 2521 δια

203 2544 242 2582 τὸ
263 2547 432 2596 χειμῶνος
450 2544 493 2583 τὰ
518 2545 620 2597 ὄρνεα
644 2549 754 2583 ταῦτα
785 2544 1042 2598 ἐπιφαίνεσθαι,
1071 2545 1117 2585 ὡς
1144 2558 1241 2595 παρα

204 2602 337 2656 Ἀράτῳ
357 2604 470 2654 [1077].

253 2675 320 2700 879.
351 2661 529 2704 σκάλοπας
547 2674 555 2700 :
575 2660 676 2704 Μύας
691 2660 803 2708 τινὰς,
819 2660 876 2703 οὒς
895 2658 1008 2710 φαμὲν
1028 2657 1224 2700 σπάλακας.

254 2733 318 2758 880.
349 2721 376 2769 (ε
362 2719 536 2773 νύδρειςτ
557 2714 658 2763 Εἶδος
678 2718 800 2772 ζῴουζὴ
818 2719 960 2771 ἔνυδρις.
977 2717 1050 2755 ἔστι
1067 2717 1103 2755 δὲ
1120 2719 1175 2768 {AO
1184 2733 1240 2755 60-

203 2776 312 2829 φάγον
326 2779 372 2819 ὡς
391 2779 421 2814 οἱ
440 2776 630 2830 κάστορες.)

257 2833 474 2878 Κωπαιδαςτ
496 2833 644 2880 Κωπαις
665 2835 771 2886 λίμνη
799 2838 833 2873 ἐν
853 2833 1022 2886 Βοιωτία,
1044 2835 1079 2871 ἓν
1096 2837 1118 2884 ᾗ
1135 2834 1240 2884 ἔγχε’-

203 2895 242 2931 λε
229 2908 274 2935 ςις
289 2895 463 2933 πλεῖσται.
483 2894 569 2944 (ἔστι
588 2894 623 2932 δὲ
644 2895 703 2932 καὶ
719 2894 817 2937 πόλις
834 2893 1026 2943 ὁμώνυμος.
1031 2894 1042 2942 )

257 2964 322 2989 882.
354 2951 409 2994 δός
426 2968 484 3001 μοι
501 2958 742 3004 προσειπεῖνε
763 2952 808 2991 Ο
837 2950 1061 2993 Δικαιόπο)ις
1090 2948 1242 2992 ἀκούσας

153 3031 187 3056 45
204 3005 248 3044 τὰ
263 3023 342 3060 περι
359 3011 418 3054 τ’ἧς
435 3009 602 3060 ἓγχέλεως
615 3041 625 3060 ,
646 3009 730 3063 πρὸς
751 3025 809 3047 τον
829 3009 998 3061 Μεγαρέα
1016 3007 1148 3059 λέγει”
1126 3023 1240 3057 ασμε-

205 3080 258 3106 νος
279 3064 342 3114 (ὅτι
358 3069 386 3103 ὠ
403 3068 545 3119 τερπνὸν
559 3068 767 3105 καὶκαλονε
750 3085 801 3118 ημ
801 3069 835 3105 ἵν
848 3067 999 3119 τέμαχος
1017 3066 1164 3117 κομίσας
1177 3082 1238 3112 την

205 3122 378 3174 ἔγχελυν),
401 3124 454 3166 δός
475 3140 532 3174 μοι
549 3125 655 3172 αὐτὴν
676 3132 884 3177 προσειπεῖν.

258 3194 321 3220 883.
341 3181 581 3234 πρέσὸειρανῖ
599 3183 640 3221 Ὁ
655 3184 771 3234 στίχος
788 3184 856 3221 ἀπὸ
870 3183 1044 3235 δράματος
1062 3181 1240 3234 Αἷσγύλου

207 3237 235 3289 (ε’
238 3241 368 3278 Οπλων
391 3239 533 3292 κρίσεως
550 3240 656 3283 ούτι)ς
675 3241 995 3293 ἐπιγεγραμμένου,
1017 3244 1051 3280 ἐν
1068 3245 1096 3293 ᾡ
1117 3243 1240 3278 ἐπικα-

152 2741 187 2766 40

1180 1263 1196 1271 Ν

1114 1300 1119 1314 ι

1420 1439 1429 1453 l

1385 1476 1391 1490 ι

1305 1555 1320 1569 ν

1117 1668 1187 1683 xx

1147 1727 1156 1743 x
1207 1726 1215 1742 ι

1226 1960 1235 1974 t

1164 2071 1242 2093 νῗ
1379 2076 1457 2092 1⁶·

1211 2193 1221 2206 3
1305 2195 1315 2207 ³

1300 2369 1310 2382 5

1070 2426 1155 2456 ω’]

1074 2484 1102 2497 lvx
1223 2483 1231 2499 x

1224 2542 1232 2558 x
1337 2542 1346 2556 t

1328 2657 1337 2670 Ι

1307 2775 1317 2789 s
1383 2773 1391 2787 ι

1337 2893 1346 2907 l

1390 3008 1398 3021 Ι

1388 3096 1403 3104 ..

1300 3124 1309 3138 2

1303 3239 1331 3254 Μ

1299 3254 1335 3277 Οι
1426 3268 1439 3276 .-

1430 3300 1446 3308 ...

1266 3357 1271 3378 Ι

155 3322 189 3345 50
205 3299 317 3335 λεῖται
341 3297 403 3341 τὰς
428 3310 439 3336 1
448 3300 520 3350 ηρε
508 3296 598 3342 ίδας
627 3315 676 3341 τις
697 3299 896 3343 ἐξελθούσας
924 3300 1048 3351 κρῖναι)
1073 3314 1156 3350 προς
1178 3314 1240 3343 τκν
1267 3334 1270 3356 γ

207 3355 310 3394 Θέτιν
331 3356 450 3406 λέγων,

851 199 1100 239 SCHOLIA
1141 199 1199 236 IN
1237 197 1673 237 ACHARNENSES.

1459 282 1605 313 δέσποινα
1619 282 1809 318 πεντήκοντα
1822 281 1970 320 Νηρῄδων
1984 283 2094 320 κορῶν.

1349 355 1413 380 884.
1448 341 1696 394 (κήπιχάριττα
1712 354 1720 380 :
1738 341 1829 380 Ἀντὶ
1846 344 1905 378 τοῦ
1922 340 2131 395 ἐπιχαρίτως
2148 339 2270 386 {xC-0&
2283 343 2332 393 τῷ

1297 398 1406 451 ξένῳ.)

1348 471 1410 495 885.
1436 460 1464 494 ὠ
1481 456 1658 509 φιλτάτη;
1678 456 1723 494 ‘0
1740 458 1965 500 Δικαιόπολις
1981 455 2129 508 εἰληφὼς
2146 455 2208 501 τὴν
2229 456 2333 507 ἔγχε-

1295 515 1369 559 λυν,
1389 513 1522 564 λέγει
1504 513 1662 563 ασμένως
1681 513 1789 558 αὐτὴν
1811 516 1907 565 ὁρᾶν.
2356 524 2371 547 5

1350 585 1413 609 886.
1445 573 1617 608 ἐσιτοῦντο
1637 570 1704 622 γὰρ
1721 586 1752 607 οι
1768 585 1931 621 χορευται
1952 571 2115 623 δημοσία.
2135 581 2172 610 R.

1350 643 1412 667 887.
1442 627 1598 680 Μορύχῳ
1629 641 1637 666 1
1660 628 1704 666 O
1724 628 1922 679 Mdpuypg’
1908 627 1964 665 επὶ
1985 631 2097 682 ὀψοφα
2100 630 2159 682 γία
2193 632 2339 682 ἐκωμῳ-

1298 688 1400 725 δεῖτο.
1430 681 1482 737 (ἦν
1505 685 1540 723 δὲ
1568 686 1628 723 καὶ
1648 701 1715 723 των
1742 685 1853 731 ἡδέως
1884 684 2061 736 βιούντων.
2088 688 2319 741 τραγῳδίας
2301 688 2336 725 οὲ

1297 744 1443 791 ποιητὴς
1463 746 1588 794 ουτος.)
2315 782 2319 785 ,

1350 817 1414 842 888.
1446 802 1508 849 τὴν
1527 802 1682 853 ἐσχάραν
1701 817 1759 852 μοι
1777 815 1785 840 :
1805 801 1989 854 Ἔσχάραν
2006 801 2069 848 τὴν
2084 807 2144 840 ν’ὗν
2161 803 2338 853 καλουμέ-
2358 816 2390 841 10

1298 877 1357 908 νην
1380 861 1565 913 άρουλλαν.
1584 860 1702 913 ῥιπίδα
1724 861 1760 897 δὲ
1777 860 1834 897 τὸν
1852 863 2051 912 φυσητῆρα.

1351 933 1416 958 889.
1462 918 1535 967 (τὴν
1576 917 1719 970 ἀρίστην
1759 918 1904 970 ἐγχέλυν
1940 931 1949 956 z
1988 919 2149 960 Ἀττικῶς
2183 917 2341 969 ἔγχελυν,

1299 976 1446 1016 Βοιωτοὶ
1464 976 1613 1028 ἔγχελιν.
1634 976 1807 1028 σκέψασθε
1820 975 1854 1013 δὲ
1867 975 1942 1013 ἀντὶ
1956 980 2014 1013 τοῦ
2029 975 2213 1022 θεάσασθε,
2228 991 2340 1028 προσ-

1299 1035 1425 1087 έχετε.)

1351 1107 1418 1133 892.
1447 1096 1509 1139 τῆς
1526 1092 1622 1139 ξένης
1637 1092 1740 1145 χάριν
1757 1105 1766 1131 2
1784 1091 1852 1130 Διὰ
1869 1091 1908 1130 τὸ
1922 1091 2180 1136 ἐπιξενίζεσθαι·
2198 1091 2341 1142 (παίζων
2364 1108 2395 1134 15

1299 1151 1335 1189 δὲ
1356 1151 1447 1202 ἔφη).

1352 1222 1415 1248 894.
1445 1209 1623 1246 ἐντετευτ)
1616 1208 1806 1258 ανωμένης

1299 1266 1494 1320 ἑψηθείσης.
1530 1266 1618 1316 μετὰ
1649 1267 1799 1304 τεύτλων
1834 1265 1901 1318 γὰρ
1935 1266 2054 1312 ἤσθιον
2080 1264 2143 1308 τὰς
2172 1265 2339 1317 ἐγχέλεις.

1303 1324 1481 1375 (λέγονται
1508 1323 1574 1376 γὰρ
1605 1323 1759 1367 τεύτλοις
1795 1323 2024 1376 συνεψόμεναι
2056 1322 2196 1369 ἥδισται
2237 1328 2337 1363 εἶναι.

1300 1381 1360 1419 και
1387 1383 1544 1434 ἀλλαχοῦ
1576 1382 1781 1433 [Pac.1014]
1808 1397 1892 1436 φησι
1917 1400 1931 1415 α
1957 1397 2018 1425 τας
2043 1383 2077 1418 ἐν
2102 1380 2256 1425 τεύτλοις
2280 1384 2341 1420 λο-
2363 1397 2397 1421 20

1299 1455 1501 1491 χευομενας.
1520 1440 1551 1490 υ)

1354 1511 1418 1537 895.
1449 1498 1527 1548 ἐμοὶ
1542 1497 1577 1535 δὲ
1593 1497 1680 1548 τιμά
1710 1511 1718 1536 :

1301 1571 1410 1594 εσται.

1353 1627 1417 1653 896.
1449 1616 1577 1667 ἀγορᾶς
1605 1613 1702 1657 τέλος
1725 1627 1735 1654 2

1836 1207 1960 1247 εἈντι
1988 1223 2048 1245 του
2078 1207 2166 1257 μετὰ
2190 1207 2341 1246 τεύτλων

1738 1497 1844 1548 Ἐμοὶ
1861 1495 1953 1535 δὲτὸ
1977 1496 2118 1547 τίμημα
2148 1499 2257 1544 αὖτ’ἥς
2283 1499 2344 1535 ποῖ

1764 1612 1870 1657 ’Έθος
1886 1607 1928 1660 ἦν
1953 1613 1994 1651 τὸ
2019 1612 2181 1661 παλαιὸν,
2211 1616 2257 1656 ὡς
2284 1613 2344 1650 καὶ

1302 1672 1406 1724 μέχρι
1420 1676 1479 1710 τοῦ
1496 1689 1567 1719 νυν,
1584 1688 1662 1715 τους
1678 1674 1712 1709 ἐν
1734 1689 1777 1724 τῃ
1796 1674 1906 1724 ἀγορᾷ
1923 1671 2021 1715 τέλος
2036 1671 2168 1710 διδόναι
2195 1673 2265 1714 τοῖς
2280 1673 2342 1709 λο-
2362 1685 2397 1708 25

1300 1731 1445 1781 γισταῖς.
1469 1730 1508 1767 λέ
1494 1746 1563 1780 γει
1592 1734 1648 1767 οὐν
1678 1733 1696 1767 ὁ
1720 1730 1946 1773 Δικαιόπολις
1971 1729 2022 1767 ὅτι
2044 1729 2143 1773 τέλος
2171 1729 2345 1780 λαμὸάνω

1300 1787 1430 1834 ταύτην
1450 1787 1535 1840 ὑπὲρ
1553 1791 1600 1825 ὧν
1619 1787 1817 1834 ἐπώλησας.

1354 1859 1417 1884 898.
1451 1848 1579 1896 (ἰωγαε
1594 1845 1685 1884 Ἀντι
1702 1850 1762 1883 τοῦ
1780 1845 1848 1896 ἐγὼ
1864 1861 1974 1883 ταυτα
1991 1846 2130 1897 πάντα.)

1347 1917 1410 1942 899.
1443 1904 1544 1953 (κεισ
1560 1903 1648 1947 ἄξεις
1665 1902 1747 1942 ἷώνῑ
1762 1903 1940 1964 Γράφεται
1957 1920 2015 1942 και
2029 1904 2070 1941 ἰώ
2087 1904 2164 1941 ἀντὶ
2179 1920 2239 1942 του
2257 1903 2344 1955 ἐγω,

1301 1976 1360 1998 και
1374 1960 1433 1999 δύο
1447 1961 1591 2012 στιγμαὶ
1609 1963 1643 1999 ἐν
1660 1964 1709 1999 τῶ
1728 1961 1838 2011 ἄξεις,
1857 1966 1933 1998 εἶτα
1950 1962 1989 1999 τὸ
2008 1961 2061 2000 ἷι3.
2066 1963 2076 2012 )

1354 2033 1417 2058 900.
1449 2019 1500 2056 ὅτι
1517 2018 1552 2069 γ’
1573 2019 1643 2057 ἔστ’
1669 2019 1839 2062 Ἀθάναςῖ
1860 2022 2004 2066 Ἰαῧτα,
2023 2034 2140 2071 φησιν,
2163 2017 2345 2070 ὠνήσομαι

1300 2092 1397 2129 παρα
1411 2092 1479 2114 των
1498 2076 1700 2123 Ἀθηναίων,
1723 2076 1811 2128 ἅπερ
1827 2077 1973 2115 Βοιωτοὶ
1988 2078 2051 2115 οὐκ
2067 2076 2200 2128 ἔχουσι.

1353 2148 1416 2174 900.
1442 2133 1554 2187 ἀφύας
1575 2133 1598 2180 ἢ
1613 2133 1765 2186 κέραμον
1784 2148 1793 2173 :
1814 2135 1887 2173 Καὶ
1901 2134 2009 2188 ἀφύαι
2022 2133 2082 2172 καὶ
2095 2133 2245 2186 κέραμοί
2260 2135 2345 2171 εἰσιν

2363 1981 2398 2006 30

1300 2209 1334 2231 εν
1356 2193 1520 2245 Βοιωτίᾳ.
1542 2216 1587 2221 -—
1604 2193 1674 2231 ἐντί
1690 2192 1757 2246 γὰρ
1775 2193 1851 2231 ἀντὶ
1866 2197 1926 2231 τοῦ
1944 2193 2022 2232 εἶσί.
2041 2201 2081 2231 R.

1368 2265 1431 2290 903.
1461 2253 1543 2304 τᾷδε
1565 2264 1573 2290 :
1595 2251 1785 2290 Ἐνταῦθα.
1803 2259 1842 2289 R.
2363 2278 2397 2303 85

1352 2324 1415 2349 904.
1456 2309 1686 2362 (συκοφάντην
1721 2309 1823 2361 ἔξαγε
1859 2322 1869 2348 :
1905 2309 2099 2347 Διαὸάλλει
2130 2309 2235 2346 πάλιν
2267 2307 2344 2352 τοὺς

1306 2368 1498 2416 Αθηναίους
1514 2371 1560 2412 ὡς
1573 2367 1720 2411 πολλοὺς
1734 2367 1876 2420 ἔχοντας
1892 2367 2140 2420 συκοφάντας.)

1352 2442 1416 2466 905.
1445 2426 1495 2464 τὼ
1515 2427 1579 2464 σιώ
1597 2441 1605 2465 2
1622 2426 1711 2469 Τοὺς
1728 2426 1833 2469 θεούς.
1862 2433 1944 2463 Vict.

1352 2500 1414 2524 906.
1445 2485 1592 2535 λάὸοιμι
1613 2484 1675 2534 μέν
1695 2485 1725 2521 τ’
1742 2483 1782 2522 ἂν
1802 2483 1920 2536 κέρδος
1941 2498 1949 2522 z
1971 2483 2136 2536 Εἷληςρὼς
2167 2482 2224 2520 τὸν
2242 2498 2344 2520 συκο-

1299 2558 1430 2594 φαντην
1451 2540 1724 2593 πεπληρωμένον
1748 2541 1919 2594 ἁμαρτίας
1940 2541 1998 2578 καὶ
2013 2541 2182 2586 πωλήσας
2199 2540 2259 2578 ἅτε
2281 2540 2335 2577 πί·
2363 2561 2397 2586 40

1299 2604 1404 2646 θηκον
1434 2599 1572 2650 εὑρήσω
1601 2598 1689 2636 πολὺ
1714 2598 1845 2650 κέρδος.
1878 2602 1989 2636 ταῦτα
2016 2598 2051 2636 δὲ
2080 2600 2344 2650 εἷρωνευομενος

1298 2660 1404 2709 λεγει.

1351 2729 1414 2754 907.
1446 2715 1548 2767 (άπερ
1562 2714 1709 2752 πίθακον
1729 2728 1738 2752 z

1299 2775 1433 2817 αδικιας
1445 2771 1749 2825 πεπληρωμένον.)

1352 2849 1416 2874 908.
1448 2834 1624 2886 Νίκαρχος
1640 2847 1648 2872 :
1668 2833 1714 2872 ‘O
1732 2832 1911 2884 Νίκαρχος
1930 2834 2152 2885 κωμῳδεῖται
2168 2834 2338 2886 ὡςχσυκο-
2359 2857 2394 2883 ⁴5

1299 2909 1441 2946 φαντης.
1463 2895 1578 2945 φανῶν
1597 2891 1633 2930 δὲ
1653 2891 1729 2929 ἀντὶ
1746 2896 1807 2929 τοῦ
1824 2890 2087 2943 κατηγορήσων.

1352 2965 1416 2989 911.
1447 2950 1636 2999 Θείὸαθεν,
1660 2949 1744 2987 ἴττω
1761 2949 1848 2991 Δεύς
1877 2962 1885 2987 :
1913 2949 1980 2989 Ἐκ
2004 2951 2066 2993 τῆς
2084 2946 2234 2997 Θήὸης,
2252 2947 2339 2985 ἴστω

1298 3011 1315 3047 ὁ
1332 3011 1430 3052 Ζευς.
1448 3034 1493 3040 -—
1510 3008 1590 3046 τῶδ’
1610 3007 1678 3058 ἐμά
1697 3008 1873 3049 δεικτικῶς
1893 3006 1967 3044 ἀντὶ
1987 3009 2047 3044 τοῦ
2066 3004 2157 3042 τοῦδ’
2175 3005 2255 3055 ἐμά.
2272 3012 2312 3042 R.

1351 3080 1415 3105 910.
1435 3065 1469 3103 τί
1483 3065 1541 3103 δαὶ
1557 3064 1676 3103 παθών
1695 3078 1704 3104 :
1722 3065 1756 3102 τί
1772 3064 1996 3115 ἠδικημένος;
2011 3072 2049 3102 R.
2063 3062 2171 3102 κακὸν
2186 3062 2307 3101 παθών
2327 3077 2336 3101 ;

1311 3124 1540 3175 Ηδικημένος.
1570 3130 1651 3160 Vice.
2358 3145 2393 3170 50

1352 3195 1416 3221 913.
1446 3179 1698 3234 ὀρναπετίοισιν
1720 3193 1729 3217 ε
1748 3179 1837 3217 Ἀντὶ
1857 3183 1916 3218 τοῦ
1937 3179 2075 3233 ὀρνέοις.
2094 3180 2141 3222 ὣς
2157 3178 2214 3216 ε’πὶ
2233 3178 2336 3215 ἐθνῶν

1322 3256 1334 3262 ·
1363 3239 1467 3290 λέγει.
1501 3237 1558 3275 διὰ
1587 3237 1620 3275 τί
1648 3237 1776 3289 ὀρνέοις
1801 3238 1954 3288 πόλεμον
1974 3239 2099 3284 ποιεῖς,
2129 3236 2212 3274 ὡσεὶ
2240 3235 2337 3286 ἔλεγε

1301 3301 1481 3347 Bou-2⁴:013,
1498 3297 1520 3343 ἤ
1539 3311 1626 3333 τισιν
1648 3295 1766 3339 ἁπλῶς
1783 3295 1911 3340 ἄλλοις.

1352 3370 1416 3394 915.
1447 3357 1514 3392 τῶν
1536 3353 1776 3406 περιεστώτων
1795 3355 1899 3406 χάριν
1920 3368 1927 3392 :
1949 3348 2033 3393 Οἶον
2050 3354 2111 3391 οὐκ
2128 3354 2174 3395 εἷς
2194 3350 2257 3397 σὴν
2273 3350 2334 3402 γά

1756 2714 1896 2766 εὨσπερ
1911 2713 2071 2760 πίθηκον,
2089 2712 2264 2766 ἁμαρτίας
2282 2713 2342 2752 καὶ
