2533 3808
261 209 308 244 16

256 294 307 347 ρὶς
326 293 394 331 τῶν
421 288 616 341 συμμάχων
642 303 701 325 και
731 285 845 331 ξένων.
875 286 1058 337 (χειμῶνος
1081 285 1148 339 γὰρ
1173 286 1294 325 λοιπὸν

253 353 347 395 ὄντος
362 353 407 394 εἷς
424 349 468 387 τὰ
485 347 622 394 Λήναια
641 347 772 391 καθῆκε
791 344 830 382 τὸ
851 345 980 397 δρᾶμα.
998 346 1045 387 εἷς
1065 343 1100 382 δὲ
1112 343 1157 382 τὰ
1173 343 1297 383 Διονύ-

253 426 312 449 σια
329 408 490 448 ἐτετακτο
501 404 661 452 Ἀθηναζε
682 402 834 454 κομίζειν
851 402 913 446 τὰς
927 401 1044 446 πόλεις
1057 401 1134 446 τοὺς
1147 402 1292 456 φόρους,

252 472 297 512 ὡς
314 466 466 508 Εὔπολίς
496 479 599 517 φησιν
619 464 659 500 ἐν·
674 462 857 514 Πόλεσιν.)
1014 473 1018 477 ”

215 540 232 565 5
303 525 382 564 οὑπὶ
399 522 543 575 Ληναίῳ
559 522 588 560 τ’
609 523 701 572 ἀγών
719 535 727 560 :
750 521 795 560 Ὁ
814 523 882 559 τῶν
902 519 1090 559 Διονυσίων
1114 517 1207 571 ἀγὼν
1225 520 1295 557 ἐτε-

249 585 380 623 λεῖτο
362 583 411 626 οὶς
427 586 485 620 τοῦ
503 581 615 628 ἔτους,
633 580 672 618 τὸ
692 579 754 631 μὲν
775 595 910 632 πρωτον
931 578 1030 631 ἔαρος
1052 580 1086 616 ἐν
1104 577 1220 625 ἄστει,
1237 576 1294 615 ὅτε

248 659 308 681 και
330 644 360 680 οἱ
389 642 486 695 φόροι
521 639 702 686 Ἀθήνησιν
727 637 908 691 ἐφέροντο,
939 637 978 674 τὸ
1007 635 1042 674 δὲ
1073 634 1228 688 δεύτερον
1258 636 1292 672 ἐν

248 703 380 754 ἀγροῖς,
405 703 422 738 ὃ
451 699 508 738 ἐπι
534 698 679 751 Ληναίῳ
707 696 909 748 λεγόμενος,
935 711 992 733 οτε
1015 694 1101 740 ξένοι
1127 695 1163 731 οὐ
1183 695 1295 746 παρῆ-

248 776 312 810 σαν
329 759 503 806 Ἀθήνησι.
523 755 654 809 χειμὼν
670 755 762 815 γὰρ
755 755 874 793 λοιπὸν
893 759 946 802 ἠν.

302 832 366 857 507.
382 815 690 870 περιεπτισμένοι;
712 817 796 853 Οἵον
813 813 922 858 ξένων
940 809 1208 861 ἀπη7λαγμένοι
1233 825 1293 848 και

246 876 392 929 καθαροὶ
423 875 533 913 ἀστοί.
562 873 687 927 κυρίως
706 872 863 910 πτίσσειν
881 870 953 908 ἐστι
973 870 1012 908 τὸ
1031 868 1185 922 κριθὰς
1167 886 1188 915 η
1207 868 1292 906 ἄλλο

244 952 279 974 τι
300 934 448 979 λεπίζειν
469 950 528 972 και
548 936 803 984 καθαροποιεῖν.
826 930 916 968 ἔνθεν
936 944 996 967 και
1021 928 1185 974 πτισάνη.

298 1009 363 1033 508.
395 992 494 1045 μέρος
509 991 576 1044 γάρ
591 993 665 1029 ἐστι
683 1006 750 1028 των
770 990 921 1027 πολιτων
942 990 972 1026 οἱ
991 987 1143 1039 μέτοικοι
1160 985 1293 1030 εὐτελὲς

195 827 229 853 ῙΟ

252 1056 262 1069 (

244 1070 291 1098 ως
308 1053 352 1091 τὰ

298 1126 364 1151 510.
393 1110 472 1149 οὑπι
491 1108 658 1162 Ταινάρῳ
677 1107 780 1151 θεός;
805 1106 863 1158 (Ὁ
889 1107 1000 1144 αὐτων
1024 1107 1092 1143 τῶν
1112 1105 1291 1144 Λακεδαι-

247 1170 386 1222 μονίων.
389 1168 586 1220 )Ταίναρον
601 1167 668 1237 γάρ
682 1168 825 1211 εστιτῆς
840 1165 1075 1210 Λ·ακωνικΓ,ς’
1057 1163 1290 1223 ακρωτ·Γ’,ριον,

246 1232 280 1268 ἐν
298 1234 326 1268 ὡ
347 1228 488 1278 στόμιον
508 1230 550 1273 ἠν
568 1224 660 1263 κατά
663 1240 721 1275 γον
743 1227 789 1267 εἷς
807 1223 923 1262 Αδου.
953 1224 1136 1260 ἐνταυθα
1119 1238 1153 1259 οε
1169 1225 1210 1268 ἠν
1231 1221 1290 1258 καὶ

247 1289 464 1329 Ποσειδωνος
492 1283 580 1358 ἱερὸν
603 1282 818 1336 Ἀσφα7είου.
840 1297 940 1320 τουτο
970 1281 1006 1318 δὲ
1036 1285 1142 1328 εἶπεν,
1169 1278 1288 1325 ἐπειδὴ

245 1363 323 1390 τους
345 1345 489 1388 εἵλωτας
507 1343 641 1386 οἰκέτας
658 1340 883 1382 καθεσθέντας
909 1341 942 1376 ἐν
958 1341 1008 1376 τῶ
1026 1340 1108 1390 ἱερῶ
1132 1353 1190 1375 του
1214 1340 1290 1376 Πο-

192 1417 226 1442 20
247 1407 403 1448 σειδῶνος
420 1408 480 1441 τοῦ
497 1401 686 1454 Ταιναρίου
704 1400 799 1438 οὐδὲν
824 1398 996 1440 δείσαντες
1016 1413 1073 1434 ανε
1061 1378 1112 1434 εἷ7
1115 1412 1149 1434 ον
1171 1400 1288 1435 Λακε-

245 1464 435 1514 δαιμόνιοι,
456 1462 515 1500 καὶ
536 1460 591 1498 διὰ
611 1463 711 1498 τοῦτο
728 1457 865 1496 ἐδόκουν
885 1458 944 1493 ἒνα
947 1471 1017 1506 γεις
1034 1459 1132 1493 εἶναι.

214 1518 217 1519 ⁷
297 1535 359 1560 512.
376 1523 422 1564 ὡς
437 1520 496 1558 καὶ
510 1519 609 1562 αὐτος
627 1519 696 1561 τοῖς
714 1517 931 1569 Ἀχαρνευσι.
948 1522 987 1552 R.

296 1596 360 1620 517.
391 1576 716 1632 παρακεκομμέναζ
737 1574 871 1625 (Μηδὲν
896 1572 1026 1616 ἐντελὲς
1049 1572 1187 1624 ἔχοντα.
1193 1572 1239 1622 )
1221 1570 1290 1609 απὸ

245 1655 440 1693 μεταφορας
456 1639 523 1675 τῶν
539 1635 713 1686 ἀδοκίμων
727 1632 964 1684 νομισμάτων,
984 1631 1074 1684 ἅπερ
1094 1647 1144 1668 πα
1152 1645 1289 1668 οατυπα

191 1710 224 1737 25
243 1698 381 1750 7έγεται
401 1713 461 1735 και
476 1692 787 1748 παρακεκομμένα
807 1691 866 1729 καὶ
886 1694 943 1728 νῦν
959 1689 994 1727 δὲ
1013 1689 1156 1727 εἰώθασι
1175 1687 1289 1738 λέγειν

243 1755 525 1810 παραχαράκτας
555 1768 632 1795 τους
662 1749 962 1803 παρακόπτοντας.
985 1747 1059 1786 οθεν
1087 1746 1170 1799 παρ’
1192 1746 1291 1793 Ἀθη-

243 1816 348 1859 ναίοις
367 1814 426 1852 καὶ
446 1811 655 1865 παράσημος
677 1809 805 1862 ρήτωρ.

297 1887 361 1913 519.
392 1870 582 1923 Μεγαρέων
611 1886 655 1906 τα
678 1867 866 1919 χλανίσκια
893 1879 902 1905 z

245 1933 394 1975 αὐτους
383 1928 670 1983 παραγενόμενοι.
687 1926 709 1973 ἢ
723 1925 858 1964 τοιοῦτό
872 1940 905 1962 τι
920 1923 971 1962 λε’
961 1939 1024 1991 γ.ει
1040 1922 1290 1975 ἐσυκοφάντουν

190 2006 225 2032 30
244 1995 281 2031 06
309 1991 409 2042 μόνον
436 1987 642 2062 Μεγαρέας,
666 1984 756 2023 ἀλ7ὰ
783 1984 842 2022 καὶ
867 2000 911 2021 τα
936 1981 1124 2034 χλανίσκια
1150 1983 1288 2031 αῧτι)ν,)

245 2052 320 2089 ἀντὶ
345 2066 424 2097 του,
444 2048 507 2095 τὴν
531 2045 688 2099 ὕπαρξιν,
709 2044 770 2090 τὴν
796 2043 926 2082 οὐσίαν.
953 2042 990 2094 (ἢ
1014 2043 1292 2094 περιφραστικῶς

242 2110 320 2154 τοὺς
338 2107 549 2161 Μεγαρέας.)

297 2183 361 2207 520.
394 2167 509 2205 σίκυον
533 2178 541 2204 :
560 2164 644 2203 Ἀπὸ
665 2162 796 2205 εὐθείας
813 2162 908 2207 τῆςὸ
928 2159 1053 2202 σίκυος.

296 2242 359 2267 52Ι.
392 2227 424 2277 (ἢ
441 2225 604 2277 χόνδρους
624 2222 733 2265 ἁλας;
749 2219 869 2263 Οὕτως
884 2221 913 2257 οἱ
931 2216 1090 2258 Ἀττικοί.
1112 2216 1235 2254 πολλοὶ
1255 2216 1290 2255 δὲ

190 2301 224 2327 35
242 2282 331 2335 ῆσαν
351 2301 448 2338 παρα
468 2284 688 2334 Μεγαρευσιν
706 2280 809 2329 ἅλες.)

298 2359 360 2383 522.
391 2342 486 2381 ταυτ’
518 2345 560 2388 ἠν
601 2337 825 2390 Μεγαρικά·
817 2368 825 2376 .
857 2339 982 2375 Ταῦτα
1012 2333 1169 2386 λέγοντες
1203 2328 1290 2371 εἶναι

245 2400 433 2454 Μεγαρικὰ
455 2399 573 2437 πάντα
597 2397 782 2449 διήρπαζον
802 2394 868 2432 ὑπὸ
888 2397 955 2431 τῶν
984 2391 1289 2446 συκοφαντούντων

368 1053 482 1104 ἄχυρα
499 1054 566 1089 τῶν
586 1052 724 1102 κριθῶν.
745 1057 783 1087 R.

194 1123 225 1148 15

929 1864 1089 1915 (Οἳονεὶ’
1075 1879 1108 1908 ες
1093 1863 1289 1902 ετίνασσον

245 2462 304 2499 καὶ
321 2464 379 2499 τοῦ
395 2456 540 2511 μικρολ’
514 2472 616 2506 ιογου.

299 2532 364 2557 524.
394 2517 523 2568 πόρνη
507 2513 579 2552 νδὲ
609 2512 815 2562 Σιμαίθαν·
806 2541 815 2549 .

191 2594 227 2619 40
246 2575 451 2629 Μεγαρικὴν
470 2575 616 2625 γυναῖκα
639 2571 803 2622 ηρπασαν
826 2568 1012 2618 Σιμαίθαν.
1035 2566 1289 2619 (Δωρικώτερον

245 2636 281 2674 δὲ
302 2640 376 2673 εἰπε
396 2631 584 2683 Σιμαίθαν.
607 2629 733 2675 ταύτης
754 2627 790 2665 δὲ
810 2642 870 2664 και
893 2625 1112 2671 Ἀλκιὲιάδης
1131 2624 1290 2677 ηράσθη,

245 2694 280 2738 ὃς
298 2710 357 2732 και
382 2694 477 2730 δοκεῖ
495 2686 764 2728 ἀναπεπεικέναι
790 2684 885 2728 τινὰς
903 2683 1099 2737 ηρπακέναι
1124 2682 1186 2729 την
1204 2684 1290 2736 πόρ-

245 2754 334 2803 νην.)

298 2824 360 2848 525.
389 2804 721 2859 (μεθυσοκότταὲοιε
737 2801 857 2846 Λάταξ
843 2831 875 2848 ,
894 2803 1011 2854 χαλκῆ
1028 2799 1187 2852 φιάλη,
1167 2814 1209 2846 ην
1227 2815 1289 2849 με-

192 2882 227 2907 45
246 2867 328 2912 ταξυ
356 2871 415 2905 τοῦ
439 2866 576 2904 δείπνου
605 2864 759 2903 ἐτίθεσαν
782 2861 872 2900 οἴνου
894 2858 1186 2912 πεπληρωμένην·
1214 2853 1289 2897 εἶτα

247 2927 292 2968 εἷς
309 2941 438 2978 σμικρα
458 2924 607 2976 ποτήρια
630 2920 766 2972 ἐμὸαλ’
749 2936 841 2964 οντες
857 2919 986 2965 ταύτην
1007 2917 1167 2970 ἔρριπτον
1189 2918 1236 2960 εἷς
1251 2916 1290 2954 τὸ

246 2983 354 3063 ψόφον
374 2982 569 3028 ἐκτελέσαι,
596 2981 630 3023 ὃς
653 2979 808 3018 ἐκαλεῖτο
825 2976 1005 3019 κότταὸος.
1032 2977 1191 3027 ἐπῃνεῖτο
1216 2974 1251 3012 δὲ
1272 2977 1289 3013 ὁ

248 3041 386 3090 μείζονα
404 3039 511 3091 ψόφον
532 3039 665 3088 ποιῶν.)

300 3111 363 3136 526.
392 3096 692 3149 πεφυσιγγωμένοι
729 3108 738 3134 z
767 3093 920 3146 (Φῧσιγξ
950 3092 1088 3144 Λέγεται
1123 3108 1163 3130 το
1193 3090 1290 3134 ἐκτὸς

194 3170 229 3197 bo
246 3155 403 3204 λέπισμα
419 3170 486 3192 των
512 3153 696 3205 σκορόδων,
719 3156 740 3199 ἡ
764 3151 924 3223 φυσίγγη.
952 3149 1088 3194 ἔπαιξεν
1108 3154 1166 3188 οὖν
1188 3153 1289 3187 τοῦτο

247 3216 293 3258 εἷς
307 3212 507 3265 Μεγαρέας,
519 3227 570 3249 οτι
584 3210 698 3248 πολλὰ
715 3210 863 3261 σκόροδα
881 3209 1029 3260 ἔχουσιν.
1046 3207 1068 3253 ἢ
1082 3206 1289 3257 πεπλησμέ-

246 3274 328 3322 νοι,)
350 3271 418 3308 ἀπὸ
439 3275 632 3322 μεταφορᾶς
651 3271 718 3306 τῶν
734 3267 789 3305 τὸν
813 3267 937 3316 ἄνεμον
955 3265 1150 3318 δεχομένων
1171 3267 1286 3303 ἀσκῶν

840 2511 886 2549 Οἱ
912 2510 980 2548 ἀπὸ
1004 2525 1072 2546 των
1102 2507 1289 2555 Ἀθηναίων

248 3330 270 3377 ἢ
290 3328 455 3383 φυσῶν.ἢ
476 3327 740 3377 ἕκκεκαυμένοι,
761 3327 940 3368 οἶδοῧντες.

301 3401 364 3428 527.
396 3385 583 3430 Ἀσπασίας
596 3385 705 3438 πόρνα
720 3383 779 3422 δύο
794 3397 803 3423 2
818 3386 874 3435 Τῆ
893 3389 956 3436 μιᾷ
975 3382 1104 3421 τούτων
1118 3381 1286 3434 ἐκέχρητο

1321 319 1331 402 ἱ

908 198 1165 239 SCHOLIA
1200 200 1262 240 IN
1300 199 1689 242 ACHARNENSE
1700 201 1740 242 S.

1352 289 1370 324 ὁ
1388 289 1573 341 Περικλῆς·
1591 289 1632 326 δι’
1652 289 1695 336 ἣν
1708 288 1876 342 ὀργισθεὶς
1894 288 2024 343 ἔγραψε
2042 289 2082 328 τὸ
2094 288 2185 328 κατὰ
2202 290 2395 344 Μεγαρέων

1351 345 1537 398 ψηφισμα,
1558 349 1631 385 ἀπα
1633 363 1772 418 γορευον
1791 347 1951 399 δέχεσθαι
1968 347 2090 392 αὐτους
2104 350 2151 392 εἷς
2165 348 2228 393 τὰς
2240 349 2395 396 Αθήνας.

1351 402 1461 441 ὅθεν’
1446 410 1568 443 εκεῖνοι
1597 407 1788 458 εἰργόμενοι
1815 408 1883 443 τῶν
1910 406 2058 453 Ἀθηνῶν
2087 406 2303 468 προσέφυγον
2327 413 2398 451 τοῖς

1352 462 1651 513 Λακεδαιμονίοις.
1665 467 1687 510 ἡ
1699 463 1735 501 δὲ
1747 464 1919 502 Ἀσπασία
1933 464 2174 518 Περικλέους’
2157 481 2198 512 ην
2215 465 2398 518 σοφία-τρια

1351 518 1411 557 καὶ
1434 519 1642 564 διδάσκαλος
1658 520 1769 573 λόγων
1793 524 1994 575 ῥητορικῶν·
2015 523 2156 576 ὕστερον
2185 523 2222 561 δὲ
2243 523 2303 562 καὶ
2328 534 2433 575 yet-6

1352 577 1439 628 μετ-7,
1460 578 1591 630 γέγονε.

1404 650 1468 676 528.
1499 639 1683 676 κάντεῦθεν
1697 637 1789 691 ἀρχὴ
1806 641 1866 677 τοῦ
1882 639 2037 690 πολέμου
2058 653 2068 680 2
2084 640 2259 680 Ἐνταῦθα
2277 642 2324 685 εἷς
2340 640 2398 679 τὸν

1351 695 1526 748 Περικλέα
1555 696 1718 748 βούλεται
1741 699 1882 748 ἀγαγεῖν
1907 697 1969 744 τὴν
2000 698 2113 736 αἰτίαν
2138 702 2198 737 τοῦ
2222 699 2398 751 πολέμου,

1351 755 1413 792 οὐκ
1432 755 1588 807 εὐπρεπῆ
1604 756 1699 806 αὐτῷ
1715 755 1927 806 προσάπτων
1947 756 2132 809 πρόφασιν.
2317 765 2326 772 ‘

1404 826 1466 851 529.
1485 814 1721 865 λαικαστριῶν
1745 827 1754 852 :
1774 816 1933 867 Πορνῶν.
1959 821 2046 852 Vict.

1403 885 1468 910 530.
1501 871 1708 923 (Περικλέης
1724 871 1916 923 οὑλύμπιος
1933 885 1942 912 :
1961 875 2106 925 Πρῶτος
2122 871 2329 924 Ὀλύμπιος.
2347 872 2400 912 ὅτι

1350 931 1367 967 ὃ
1397 928 1484 972 Ζεὺς
1509 929 1704 980 Ὀλύμπιος
1732 932 1910 979 καλεῖται,
1938 931 2091 984 ἐπήγαγε
2123 930 2162 970 τὸ
2187 931 2400 986 ἤστραπτεν,

1351 987 1508 1041 ἐὸρόντα.
1526 988 1680 1033 Εὔπολις
1696 989 1840 1040 Δήμοις·

2420 829 2453 854 10

1473 1088 1633 1130 κράτιστος
1650 1089 1738 1126 οὗτος
1755 1089 1865 1129 ἐγένετ’
1883 1089 2050 1130 ἀνθρώπων
2066 1089 2176 1130 λέγειν.

1474 1135 1566 1166 ὁπότε
1579 1136 1721 1176 παρέλθοι
1738 1136 1763 1167 δ’
1774 1160 1782 1174 ,
1799 1136 1904 1176 ὥσπερ
1918 1137 2026 1176 ἁγαθοὶ
2040 1136 2170 1176 δρομῆς,

1473 1182 1508 1213 ἐκ
1525 1182 1600 1213 δέκα
1610 1182 1714 1212 ποδῶν
1727 1182 1791 1222 ᾔρει
1802 1183 1899 1222 λέγων
1909 1183 1979 1218 τοὺς
1990 1183 2129 1223 ῥήτορας·

1472 1229 1567 1269 ταχὺς
1578 1229 1674 1268 λέγειν
1693 1229 1758 1269 μὲν,
1772 1230 1847 1269 πρὸς
1861 1230 1893 1260 δέ
1904 1230 1933 1269 γ’
1946 1230 2041 1260 αὐτοῦ
2054 1232 2098 1270 τῷ
2114 1228 2202 1270 τάχει

1474 1276 1571 1306 πειθώ
1587 1287 1631 1311 τις
1649 1276 1823 1312 ἐπεκάθιζεν
1836 1277 1886 1307 ἐπὶ
1900 1279 1962 1312 τοῖς
1975 1276 2121 1317 χείλεσιν.

1472 1322 1569 1357 οὕτως
1581 1322 1679 1359 ἐκήλει
1691 1345 1699 1360 ,
1715 1323 1768 1352 καὶ
1787 1321 1876 1362 μόνος
1886 1326 1948 1353 τῶν
1963 1322 2098 1363 ῥητόρων

1471 1369 1506 1400 τὸ
1517 1369 1638 1410 κέντρον
1655 1369 1835 1409 ἐγκατέλιπε
1848 1372 1910 1405 τοῖς
1927 1368 2160 1410 ἀκροωμένοις.)

2420 1145 2453 1171 15

2417 1381 2454 1407 20

1402 1467 1464 1492 532.
1490 1454 1592 1492 ἐτίθει
1619 1453 1743 1504 νόμους
1768 1467 1776 1493 2
1811 1453 2048 1505 (Μιμούμενος
2071 1454 2129 1492 τὸν
2157 1456 2224 1492 τῶν
2251 1455 2398 1493 σκολιῶν

1348 1512 1496 1559 ποιητήν
1485 1514 1520 1563 Γ.)
1545 1513 1750 1565 Τιμοκρέων
1771 1512 1807 1550 δὲ
1833 1515 1850 1550 ὁ
1875 1512 2010 1557 Ῥόδιος
2041 1512 2223 1563 μελοποιὸς
2246 1516 2399 1552 τοιοῦτον

1349 1570 1480 1643 ἔγραψε
1497 1571 1633 1610 σκολιὸν
1647 1570 1739 1609 κατα
1753 1586 1813 1609 του
1827 1570 1996 1620 πλούτου,
2013 1576 2053 1610 οὓ
2066 1573 2123 1619 ἠ’
2103 1570 2195 1624 αρχὴ
2218 1589 2233 1606 «
2252 1571 2399 1625 ὤφελες,

1351 1649 1365 1664 «
1382 1647 1410 1668 ι)
1431 1628 1537 1683 τυφλέ
1564 1632 1719 1677 Πλοῦτε,
1770 1630 1776 1682 Ι
1823 1629 1911 1681 μήτε
1932 1633 1977 1682 γῆ
2007 1630 2090 1681 μήτ’
2115 1633 2150 1669 ἐν
2174 1629 2327 1682 θαλάττῃ
2369 1631 2377 1682 Ι

1350 1687 1431 1738 μητ’
1451 1690 1485 1725 ἐν
1502 1687 1637 1741 ἠπείρῳ
1659 1691 1827 1740 φανῆναι,
1866 1688 1871 1740 Ι
1911 1687 2002 1726 ἀλλὰ
2022 1688 2207 1761 Τάρταρόν
2235 1704 2273 1726 τε
2291 1688 2398 1727 ναίειν
2418 1707 2453 1733 25

1350 1765 1366 1780 «
1409 1746 1414 1797 Ι
1450 1746 1658 1799 καχέροντα.
1692 1746 1748 1784 διὰ
1777 1745 1815 1785 σὲ
1846 1746 1923 1821 γὰρ
1963 1747 1968 1798 Ι
2018 1746 2120 1785 πάντ’
2146 1749 2180 1785 ἐν
2207 1746 2399 1800 ἀνθρώποις

1351 1823 1365 1839 α
1385 1804 1490 1843 κακά.
1515 1823 1529 1839 »
1550 1804 1680 1849 τούτοις
1700 1805 1789 1843 ἔοικε
1808 1806 1868 1843 καὶ
1887 1805 1932 1844 τὰ
1947 1805 2012 1844 ὑπὸ
2032 1804 2261 1866 Περικλέους
2257 1807 2401 1856 εἰσηγη-

1350 1863 1467 1911 θέντα,
1489 1863 1563 1902 ἐπεὶ
1583 1866 1601 1902 ὃ
1621 1865 1797 1916 Περικλῆς
1815 1864 1957 1917 γράφων
1984 1864 2022 1902 τὸ
2043 1864 2209 1917 ψήφισμα
2229 1868 2303 1902 εἰπε
2322 1866 2399 1903 Με-

1349 1921 1498 1974 γαρέας
1494 1938 1581 1968 μητε
1599 1924 1750 1973 αγορᾶς
1745 1938 1832 1968 μητε
1846 1922 2019 1968 θαλάττης
2037 1922 2118 1972 μήτ’
2135 1921 2278 1975 ἠπείρου
2297 1921 2401 1972 μετέ-

1349 1995 1438 2031 γειν.
1467 1980 1542 2018 ἐπεὶ
1570 1984 1628 2018 οὖν
1657 1979 1761 2030 ομοια
1794 1986 1865 2024 τοῖς
1891 1979 2144 2033 Τιμοκρέοντος
2171 1979 2318 2033 ἔγραψε,
2342 1979 2398 2019 διὰ
2416 1998 2454 2024 30

1350 2055 1449 2077 τουτο
1465 2043 1557 2077 εἶπεν
1579 2038 1631 2076 ὅτι
1646 2038 1748 2077 ἐτίθει
1768 2038 1891 2088 νόμους
1915 2037 2034 2091 ὥσπερ
2054 2037 2177 2076 σκολιὰ
2195 2037 2400 2091 γεγραμμέ-

1349 2113 1435 2141 νους.
1456 2097 1649 2148 (ἐνεκάλεσε
1665 2096 1701 2135 δὲ
1715 2100 1732 2135 ὃ
1749 2098 1925 2150 Περικλῆς
1938 2102 2010 2140 τοῖς
2027 2099 2248 2149 Μεγαρεῦσιν
2265 2095 2318 2134 ὅτι
2333 2095 2396 2144 τὴν

1350 2155 1445 2208 ἱερὰν
1461 2159 1526 2207 γῆν
1545 2155 1607 2202 τὴν
1627 2155 1758 2208 ὀργάδα
1773 2155 2024 2208 ἐγεώργησαν.)

1402 2229 1466 2254 535.
1497 2214 1552 2253 ὅτε
1568 2214 1609 2261 δὴ
1624 2214 1762 2252 ’πείνων
1779 2227 1788 2252 :
1806 2213 1898 2254 Ἀντὶ
1915 2217 1975 2251 τοῦ
1990 2212 2196 2265 ἓλίμωττον,
2213 2212 2279 2251 ὑπὸ
2292 2214 2396 2264 λιμοῦ

1349 2273 1587 2326 διεφθείροντο.
1611 2272 1735 2324 (βάδην
1749 2272 1784 2310 δὲ
1801 2272 1874 2310 ἀντὶ
1890 2276 1950 2310 τοῦ
1964 2271 2056 2310 κατὰ
2073 2270 2186 2325 βραχὺ
2201 2270 2396 2322 αὖξανομέ-
2415 2293 2450 2319 35

1349 2348 1407 2370 νου
1425 2337 1485 2371 τοῦ
1501 2334 1604 2383 λιμοῦ
1625 2332 1684 2370 καὶ
1704 2331 1859 2370 ἐπίδοσιν
1877 2331 2142 2381 λαμὸάνοντος.)

1401 2405 1465 2430 540.
1496 2393 1534 2444 (3
1528 2392 1579 2430 ,οεῒ
1601 2406 1669 2438 τις,
1690 2392 1728 2428 06
1750 2393 1840 2443 χρῆν
1871 2390 1979 2429 :Koa
2003 2405 2104 2427 τουτο
2137 2388 2206 2427 ἀπὸ
2234 2389 2396 2442 Τηλέφου

1351 2449 1554 2502 Εὐριπίδου.
1575 2451 1646 2501 ἐρεῖ
1657 2464 1707 2492 τις
1723 2448 1774 2486 ὅτι
1792 2450 1854 2487 οὐκ
1867 2450 1973 2500 ἐχρῆν
1993 2447 2145 2497 πόλεμον
2163 2449 2302 2493 κινῆσαι
2317 2446 2397 2491 τοὺς

1348 2507 1656 2558 Λακεδαιμονίους.
1671 2506 1706 2544 τί
1719 2510 1777 2543 οὖν
1796 2523 1811 2543 ε
1812 2522 1837 2557 7
1841 2509 1902 2558 ρῆν
1916 2504 2038 2548 αὐτους
2056 2505 2178 2552 ποιεῖν,
2193 2504 2342 2555 εἴπατε.)

1402 2580 1465 2604 541.
1497 2565 1569 2618 φέρ’
1586 2567 1614 2602 εἰ
1643 2564 1702 2602 καὶ
1725 2563 2012 2613 Λακεδαιμονίων
2034 2576 2042 2602 :
2065 2562 2131 2606 εΩς
2154 2561 2338 2613 γυμνάζων
2354 2561 2395 2601 τὸ
2412 2581 2450 2608 40

1349 2623 1498 2676 πρᾶγμά
1519 2639 1634 2676 φησιν,
1655 2622 1687 2660 εἴ
1707 2638 1758 2665 τις
1778 2624 1845 2659 τῶν
1870 2619 2156 2671 Λακεδαιμονίων
2175 2619 2330 2663 πλεύσας
2348 2623 2396 2665 εἷς

1349 2682 1510 2735 Σέριφον,
1533 2697 1592 2719 και
1619 2681 1659 2718 τὸ
1691 2680 1794 2732 τυχὸν
1828 2678 1949 2722 αὖτοὺς
1978 2678 2164 2725 ἀδικησας,
2193 2678 2252 2716 καὶ
2273 2678 2394 2716 λαὸων

1348 2740 1430 2791 παρ’
1448 2741 1560 2777 αὐτῶν
1578 2742 1677 2776 τοῦτο
1692 2737 1860 2784 ἀπέδοτο,
1880 2731 1986 2775 εἶτα’
1971 2742 2093 2775 εκεῖνοι
2106 2735 2298 2788 κατέφυγον
2307 2735 2395 2788 πρὸς

1349 2800 1439 2848 ὑμας
1456 2797 1610 2848 δεόμενοι
1633 2795 1808 2847 βοηθείας,
1827 2796 1929 2847 ἤγετε
1947 2795 2015 2848 ἄρα
2036 2793 2205 2846 ἡσυχίαν·
2227 2792 2362 2844 λέγει“’
2340 2809 2393 2832 οτι

1348 2857 1525 2906 οὐδαμῶς,
1555 2853 1644 2892 ἀλλὰ
1675 2853 1766 2892 κατὰ
1794 2853 1900 2905 τάχος
1923 2853 2098 2899 ἐὸοηθεῖτε
2124 2851 2179 2890 ἄν.
2201 2850 2307 2898 ταύτὸ
2332 2851 2392 2890 καὶ
2409 2865 2444 2890 45

1348 2913 1619 2964 Λακεδαιμόνιοι
1636 2912 1815 2959 ἐποίησαν,
1839 2911 2048 2949 διοικούντων
2073 2913 2174 2960 ἡμῶν
2193 2909 2394 2982 Μεγαρέας

1350 2974 1527 3026 (πικρῶς
1509 2972 1543 3009 03
1559 2973 1620 3009 οὐκ
1639 2975 1744 3016 εἶπεν,
1762 2970 1794 3007 εἴ
1807 2986 1857 3012 τις
1854 2968 2139 3041 συκοφαντήσας
2159 2967 2345 3006 ἄπέδοτο’
2325 2967 2396 3006 απὸ

1346 3034 1414 3069 τῶν
1445 3029 1633 3076 Ἀθηναίων
1657 3027 1790 3075 λαὸὼν,
1815 3043 1916 3065 τουτο
1941 3042 2008 3079 γαρ
2037 3025 2134 3064 οὐδὲν
2155 3024 2246 3076 μέγα
2276 3025 2390 3063 αὐτῶν

1346 3104 1422 3126 τινα
1439 3088 1498 3126 καὶ
1513 3088 1559 3130 εἷς
1576 3086 1615 3124 τὸ
1631 3085 1814 3137 ἐλάχιστον
1831 3083 2054 3134 ἀδικούμενον
2069 3082 2283 3133 ἀμύνασθαι,
2298 3081 2391 3120 ἀλλά

1347 3149 1461 3200 φησιν)
1487 3146 1539 3183 ὅτι
1559 3148 1619 3191 τῆς
1605 3143 1813 3195 ςΣερίφου,
1839 3145 1900 3188 τῆς
1922 3119 2170 3187 εύτελεστάτης
2191 3140 2298 3187 νησου
2320 3142 2389 3178 τῶν
2407 3159 2442 3184 50

1346 3204 1545 3252 Ἀθηναίων·
1571 3202 1631 3241 καὶ
1649 3201 1745 3253 οὐχι,
1767 3204 1796 3239 εἷ
1818 3200 1941 3239 ἔλαὸέν
1958 3216 1990 3238 τι
2011 3198 2104 3244 ἄξιον
2124 3198 2228 3250 λόγου
2249 3200 2388 3249 κτῆμα,

1346 3262 1437 3302 ἀλλὰ
1449 3262 1608 3308 κυνίδιον,
1623 3259 1846 3311 ἧνέσΛεσθε”
1825 3276 1878 3298 αν.

1398 3335 1460 3360 542.
1477 3320 1619 3374 (φήνας.
1635 3315 2133 3389 Συκοφαντῆσας,φενακίσας.
2158 3313 2228 3362 ἡδὲ
2240 3312 2388 3367 Σέριφος

1344 3379 1444 3427 νῆσός
1458 3395 1576 3418 εστινε
1564 3379 1722 3417 εὐτελεστ
1711 3376 1790 3424 άτη
1807 3375 1892 3429 πρὸς
1907 3378 1950 3428 τῇ
1969 3373 2109 3428 Θράκῃ.
2098 3386 2127 3436 .)
