2533 3808
203 870 233 893 10

204 1158 232 1180 15

198 1445 230 1467 211

196 2321 228 2346 35

196 2608 230 2633 40

197 3189 230 3211 :30

265 252 362 282 135>-
1020 236 1284 273 SCHOLIA
1323 236 1384 273 IN
1419 237 1614 277 NUBES.

258 332 315 365 τοῦ
336 326 538 374 Δλικυμνίου.
566 322 702 372 λέγεται
732 321 766 358 δὲ
794 321 849 358 ὑπ’
877 320 1072 370 Ἀλκμήνης
1102 321 1291 371 Λικύμνιον

257 403 272 409 ⁴
261 384 451 430 ,ΞΟΓηκέναι
471 381 536 418 ὑπὸ
553 379 796 429 Τληπολέμου.
820 379 871 417 διὸ
891 379 949 417 καὶ
972 381 1071 431 ἐπιφε
1076 395 1126 431 ρει
1144 398 1158 413 ‹
1179 379 1211 417 τί
1235 380 1292 416 δαί

258 465 267 473 ιι
296 458 331 479 σε
359 438 588 488 ἰληπόλεμός
613 439 689 475 ποτ’
702 437 894 493 εἴργασται
919 437 1044 484 κακόν,
1066 455 1081 471 »
1103 437 1291 490 Εὐφρόνιος

255 500 349 550 παρὰ
370 499 534 536 Ξενοκλεῖ
553 512 656 566 φησιν
675 492 761 533 εἰναι
780 496 819 533 τὸ
838 496 1088 548 χρυσάντυγες,
1109 496 1143 540 ἐξ
1166 500 1204 534 οὑ
1222 512 1287 533 πα-

257 559 509 608 ραπεποιῆσθαι
537 554 576 592 τὸ
596 554 858 606 θραυσάντυγες.
887 558 1003 601 τοῦτο,
1025 554 1100 591 ἐπεὶ
1134 554 1289 604 {tm-foen

254 618 357 652 αὐτοῦ
377 614 446 652 ἀπὸ
465 617 523 652 τοῧ
543 612 681 665 πατρός.
728 611 882 665 [Ἄλλοι
905 614 939 650 δὲ
963 613 1126 665 τραγικὸν
1148 616 1291 665 ὑποκρι-

253 675 313 719 τὴν
327 668 413 711 εἶναι
429 672 486 710 τὸν
505 671 750 721 Τληπόλεμον,
769 674 921 723 συνεχῶς
938 672 1205 724 ὑποκρινόμενον
1222 674 1289 711 Σο-

254 733 383 784 φοκλεῖ.
406 730 543 774 εἰκότως
559 730 593 768 δὲ
612 729 740 773 τούτοις
757 733 774 768 ὁ
795 731 973 777 δανειστὴς
989 734 1129 784 χρῆται.
1150 731 1206 768 διὰ
1222 731 1289 784 γὰρ

252 788 482 841 ἱπποτροφίαν
513 788 744 839 ἐπτώχευσεν.
767 812 817 817 --
843 788 1094 841 Θραυσάντυγες
1118 802 1126 827 :
1150 786 1288 837 Ἄντυξ,

254 848 406 899 ἅρματος
420 846 636 907 περιφέρεια.
663 847 766 920 lica]
950 899 971 907 Ν
1012 901 1033 909 Ν

589 899 637 943 Ω
659 921 717 952 συ,
741 909 769 943 ὠ
792 907 928 958 ἓταῗρε,
946 909 974 944 ὠ
995 911 1108 954 οὗτος,
1128 924 1156 945 ω
1174 908 1290 958 μακά-

1276 968 1283 982 x

254 980 340 1016 ριος,
358 963 547 1015 πρόσρημα
569 966 755 1014 τιμῃητικῆς
779 963 835 1001 λέῖ
821 980 917 1008 ς·εως
937 964 1073 1014 λέγεται
1097 964 1132 1003 δὲ
1151 967 1211 1004 καὶ
1231 969 1288 1005 ἐπι

253 1021 409 1073 εἰρωνεία
422 1021 600 1063 πολλάκις.
624 1028 705 1058 Vicc.

310 920 385 945 1267.
416 922 444 942 ω
476 905 570 944 τανῖ

309 1093 383 1117 1269.
413 1078 523 1116 λείπει
539 1078 577 1115 τὸ
594 1078 681 1129 ἐμοί.
699 1082 814 1123 κακῶς
831 1093 839 1118 :
859 1082 1006 1131 ἀτυχῶς.
1025 1083 1060 1112 R·

309 1151 387 1176 1271.
418 1139 534 1180 κακῶς
551 1137 604 1189 ἄρ’
622 1131 711 1188 εἶχες
728 1151 736 1176 :
754 1137 821 1175 Διὰ
834 1138 872 1175 το
888 1138 959 1175 ἄνω
974 1138 1159 1191 εἰρηκέναι,
1173 1139 1213 1177 ἰώ
1230 1140 1288 1190 μοί

253 1212 329 1245 μοι,
346 1196 425 1245 καὶ,
445 1195 530 1247 ἀνὴρ
545 1195 780 1245 κακοδαίμων,
795 1197 949 1247 ἐπήγαγε
963 1197 1002 1234 τὸ
1019 1198 1136 1241 ὄντως.

307 1269 385 1292 1272.
417 1253 576 1297 ἐξέπεσον
606 1268 614 1292 :

251 1312 329 1363 περὶ
354 1311 500 1358 ἱππικὴν
521 1312 623 1362 ἔχων.
646 1319 682 1348 R.
701 1319 741 1348 V.
770 1311 919 1363 [ἵππους
944 1314 975 1363 γ’
1001 1314 1152 1351 ἐλαύνων
1179 1329 1188 1354 :

642 1257 722 1292 Τῶν
743 1255 947 1305 χρημάτων.
976 1251 1016 1302 ἦν
1046 1255 1080 1294 δὲ
1107 1258 1166 1294 καὶ
1193 1252 1288 1301 οὗτος

1216 1316 1287 1354 Καὶ

286 1376 306 1382 ικ-
372 1373 380 1384 ¹)
527 1370 555 1384 Nl
630 1369 645 1384 c!
738 1369 745 1384 λ
810 1370 817 1383 λ
864 1372 874 1383 7
904 1371 912 1383 W
951 1374 960 1386 Ε
1131 1376 1151 1384 Ν
1194 1374 1224 1387 Ίῦ

250 1387 349 1409 τουτο
367 1387 404 1408 εκ
419 1380 608 1422 παρῳοιας.
625 1386 698 1420 αμα
713 1371 749 1407 δε
763 1386 822 1407 και
837 1386 938 1414 αυτος
953 1387 1173 1425 ιπποτροφων
1189 1388 1288 1411 εουσ-

250 1429 459 1481 πράγησεν]

306 1501 382 1526 1273.
413 1486 531 1539 ὥσπερ
548 1487 608 1523 ἀπ’
624 1486 701 1524 ὄνου
722 1500 730 1524 :
752 1486 845 1538 Πρὸς
861 1486 900 1524 τὸ
917 1487 985 1524 ἀπὸ
1001 1487 1107 1525 ἵππου
1126 1488 1193 1526 ἀπὸ
1210 1489 1287 1527 ὄνου

250 1540 323 1582 εἶπε
337 1545 396 1582 καὶ
415 1544 489 1594 ἅμα
505 1544 589 1596 πρὸς
607 1544 645 1582 τὸ
662 1545 789 1596 ληρεῖς.
808 1545 864 1582 ἐπὶ
880 1545 946 1598 γὰρ
962 1548 1029 1583 τῶν
1047 1546 1136 1583 κατὰ
1155 1548 1286 1597 μηδένα

249 1603 347 1653 λόγον
365 1602 585 1655 πραττόντων
606 1602 746 1640 εἰώθασι
765 1602 803 1640 τὸ
824 1603 892 1640 ἀπὸ
912 1603 988 1641 ὄνου
1005 1603 1116 1653 λέγειν
1136 1605 1198 1651 τὴν
1219 1621 1286 1643 πα-

251 1660 400 1713 ροιμίαν.
421 1659 508 1703 τινὲς
524 1660 558 1698 δὲ
581 1660 648 1698 ἀπὸ
664 1665 720 1698 νοῧ
737 1662 903 1712 λέγουσιν.
921 1669 958 1699 R.
975 1670 1013 1698 V.
1031 1662 1106 1714 [ἐπὶ
1122 1666 1189 1701 τῶν
1207 1664 1286 1701 ἀλό-

215 1741 225 1760 ,-
249 1736 315 1770 γως
337 1718 558 1771 πραττόντων
579 1722 600 1765 ἡ
625 1719 797 1772 παροιμία
818 1719 877 1757 καὶ
904 1719 952 1770 μὴ
975 1721 1173 1771 δυναμένων
1201 1721 1289 1765 ὄνοις

248 1781 398 1829 χρῆσθαι
409 1807 418 1823 ,
437 1777 521 1824 μήτι
537 1792 575 1826 γε
593 1776 632 1822 δὴ
647 1776 777 1820 ἵπποις.
794 1780 810 1814 ὃ
826 1777 942 1826 μέντοι
962 1778 1114 1817 Πλάτων
1131 1780 1166 1816 ἐν
1181 1779 1287 1832 τρίτῳ

250 1836 378 1885 Νόμων
395 1836 442 1885 [p-
461 1849 524 1882 701,
544 1836 576 1885 C]
591 1834 653 1881 τὴν
671 1835 871 1872 τελευταίαν
888 1843 1042 1889 περισπᾷ
1063 1837 1131 1875 ἀπὸ
1153 1842 1208 1875 νοῦ
1226 1837 1287 1875 λέ-

249 1910 317 1943 γων
338 1893 443 1936 οὕτως
463 1912 477 1927 «
500 1893 560 1930 καὶ
587 1893 634 1943 μὴ
658 1893 814 1945 καθάπερ
835 1895 999 1963 ἀχάλινον
1019 1895 1229 1945 κεκτημένον
1248 1896 1288 1934 τὸ

250 1972 263 1985 ιι
286 1952 418 2002 στόμα,
445 1952 539 2003 βίαε
527 1967 594 1988 υπο
610 1967 668 1989 του
689 1951 792 2002 λόγου
816 1952 1001 2003 φερόμενον
1023 1952 1114 1990 κατὰ
1135 1954 1197 2000 τὴν
1214 1970 1287 1991 πα-

251 2029 263 2043 «
291 2010 440 2061 ροιαίαν,
459 2009 527 2046 ἀπο
541 2024 598 2046 νου
613 2010 744 2052 πεσεῖν,
760 2028 774 2042 1)
790 2027 811 2055 Γ,
827 2009 945 2054 ἔπαιξε
958 2026 1043 2071 προς
1058 2011 1096 2048 τὸ
1110 2011 1167 2049 ὑπ’
1183 2029 1286 2050 αυτου

250 2068 441 2120 εἰρημένον,
459 2068 518 2104 καὶ
535 2066 607 2105 δέον
624 2068 730 2105 εἰπεῖν
746 2068 814 2106 ἀπὸ
830 2084 888 2105 του
903 2085 979 2115 νου,
995 2073 1104 2119 εἶπεν,
1119 2070 1178 2107 ἀπ’
1195 2087 1285 2110 ονου.

248 2126 390 2169 Αλλως.
411 2125 580 2177 γράφεται
600 2125 660 2163 καὶ
678 2127 738 2162 ἀπ’
758 2126 834 2163 ὄνου
854 2142 914 2163 και
934 2126 1002 2164 ἀπο
1023 2143 1093 2167 νου.
1121 2131 1232 2166 κεῖται
1252 2129 1287 2167 οε

248 2184 419 2236 παροιμία
437 2185 495 2220 ἀπ’
511 2183 600 2222 ὄνου.
617 2184 704 2236 φασὶ
718 2183 784 2236 γὰρ
803 2184 855 2222 ὅτι
874 2184 932 2222 δύο
948 2183 1035 2228 τινὲς
1047 2186 1288 2238 περιτυχόντες

247 2243 314 2295 ὄνῳ
335 2245 368 2280 ἐν
389 2242 535 2294 ἐρημίᾳ,
554 2244 821 2294 φιλονεικοῦντες
840 2242 924 2295 πρὸς
944 2244 1114 2289 ἀλλήλους
1132 2245 1211 2297 περὶ
1228 2250 1288 2284 τοῦ

248 2301 296 2343 τίς
320 2300 421 2338 αὐτὸν
442 2300 611 2353 λήψεται,
630 2300 750 2338 ἔλαθεν
777 2300 900 2343 αὐτοὺς
919 2301 1024 2354 ἄμφω
1050 2303 1289 2348 ἀπολέσαντας

249 2359 363 2396 αὐτόν.
380 2358 508 2396 τούτων
525 2359 592 2410 γὰρ
610 2358 817 2409 μαχομένων
835 2359 1035 2412 ἀνεχώρησε
1052 2360 1092 2398 τὸ
1109 2362 1227 2414 ζῷον]

303 2431 380 2455 1277.
410 2416 734 2468 προσκεκλήσεσθαι
761 2430 769 2455 :

250 2475 485 2527 ἀχθήσεσθαι.)
503 2477 549 2517 εἷς
562 2491 599 2513 το
617 2475 836 2528 δικαστήριον
850 2476 1096 2522 κληθήσεσθαι.
1115 2478 1194 2528 (ἀπὸ
1211 2495 1287 2517 κοι-

799 2417 902 2467 (Ἀντὶ
930 2421 988 2455 τοῦ
1017 2417 1073 2455 διὰ
1103 2420 1286 2472 μαρτύρων

249 2538 305 2571 νοῦ
323 2533 357 2570 δὲ
373 2533 447 2570 τὸ
429 2548 549 2575 οοκεις.
553 2535 563 2582 )

305 2604 382 2630 1279.
411 2590 527 2628 καινὸν
546 2590 613 2628 αἷει
629 2607 687 2628 τον
704 2590 795 2630 Ma:
811 2591 952 2644 [Ns'ov'
935 2594 1025 2644 υδωρ
1040 2592 1110 2630 ὕειν
1127 2594 1286 2645 νομίζεις,

249 2665 364 2702 φησιν,
388 2666 410 2695 Γ,
435 2650 540 2686 πάλιν
568 2649 845 2700 ἀντεπαγόμενον
874 2650 957 2687 αυτὸ
984 2651 1050 2688 υπὸ
1070 2667 1128 2688 του
1147 2652 1245 2697 ἡλίου
1257 2653 1286 2705 3]

248 2710 293 2750 ὡς
309 2711 420 2744 ταῦτα
442 2705 559 2756 μαθὼν
580 2706 677 2758 παρὰ
696 2707 906 2759 Σωκράτους
925 2708 1016 2745 κατὰ
1041 2708 1079 2746 τὸ
1096 2709 1284 2760 σκοπώμε-

248 2780 315 2802 νον.
332 2773 372 2802 V.

303 2836 380 2861 1286.
411 2822 445 2859 τί
458 2822 600 2870 θηρίοντ
614 2822 783 2875 [Tuaen-0
801 2823 915 2883 θηρίον
931 2823 1016 2876 πρὸς
1031 2824 1088 2862 τὸν
1104 2825 1284 2872 δανειστὴν

215 2896 225 2916 .-
248 2881 404 2932 λέγουσιν
431 2882 599 2933 εἷρησθαι.
627 2881 703 2919 ἀντι
721 2885 798 2928 τοῦ,
818 2884 846 2919 ὠ
867 2881 994 2934 Οηρίον,
1016 2883 1051 2920 τί
1070 2885 1161 2921 ἐστιν
1185 2886 1202 2920 ὃ
1224 2885 1285 2922 τό-

249 2940 339 2991 κος.];
356 2939 429 2977 ἐπει
446 2939 600 2990 γέννημα
614 2940 727 2992 φαμὲν
743 2939 800 2977 ἐπι
817 2940 932 2992 Θηρίου
951 2956 1008 2978 και
1027 2941 1138 2980 τόκον.

303 3011 380 3035 1299.
410 2998 671 3049 προὸαίνοντος,
689 2999 974 3048 ἀναλισκομένου.
990 3007 1027 3037 R.
1048 3007 1086 3036 V.

304 3069 383 3093 1290.
414 3055 493 3106 ἷῙτὴν
513 3056 686 3094 Θάλατταν
703 3074 710 3094 :
726 3057 772 3094 Τι’
786 3057 873 3102 δῆτά
891 3059 983 3094 ἐστιν
1000 3057 1021 3094 ἃ
1038 3057 1206 3108 νομίζεις;
1226 3057 1286 3095 καὶ

248 3116 348 3150 τοῦτο
361 3112 397 3150 δὲ
414 3113 519 3162 ἔμαθε
534 3114 624 3151 κατὰ
639 3114 677 3152 τὸ
694 3114 953 3166 σιιι)πιι’1μενον.]]

304 3184 382 3208 1292.
413 3172 450 3208 οὗ
467 3173 638 3209 λυσιτελεῖ
655 3174 724 3215 τοῖς
740 3173 795 3209 ἐπὶ
812 3177 874 3223 γῆς
889 3173 1032 3210 πλείονα
1047 3169 1133 3210 εἶναι
1148 3173 1209 3220 τὴν
1227 3173 1285 3210 00}-

249 3222 387 3265 λατταν.
407 3236 491 3265 RN.

304 3300 382 3324 1297.
412 3287 451 3323 τὸ
465 3288 683 3340 ἀμυντήριον.
704 3297 739 3325 R.
758 3297 797 3325 V.

304 3358 380 3381 1298.
411 3338 439 3381 (ἵν
459 3345 622 3396 σαμφόρα
653 3360 661 3383 :
690 3349 814 3385 Ταῦτα
841 3347 985 3385 ἔοικενὸ
1015 3346 1146 3399 μάρτυς
1173 3346 1284 3398 λέγειν

255 3405 301 3452 τῷ
321 3403 491 3448 δανειστῆ.
509 3409 545 3438 R.
566 3410 604 3438 V.
630 3404 704 3440 ἀντὶ
731 3408 790 3441 τοῦ
812 3406 872 3442 οὐκ
897 3406 1103 3456 ἀναχιι1ρεῒς;
1121 3412 1161 3441 V.
1180 3404 1286 3456 [τινὲς

1347 326 1446 381 τοῦτο
1463 323 1698 376 Στρεψιάόου·
1717 324 1804 368 τινὲς
1823 325 1903 363 ὅλον
1920 330 1979 365 τοῦ
1999 329 2184 381 κλητῆρος.
2206 331 2283 368 ἀντὶ
2303 335 2384 381 τοῦ,

1346 382 1374 417 ὠ
1390 382 1530 434 κλῆτορ.
1553 399 1598 425 ως
1614 381 1712 419 ι’ππω
1733 386 1826 436 αὗτῳ
1846 385 1954 423 διαλε
1944 401 2053 436 γεται.
2056 387 2075 440 ]]

1402 452 1478 477 1299.
1510 440 1714 511 σειραφόρον
1741 442 1815 479 ἀντὶ
1841 459 1901 480 του
1927 445 2114 498 παρῃορον.
2136 447 2195 485 καὶ
2215 448 2301 501 πρὸς
2320 448 2384 500 μὲν

1346 496 1384 534 τὸ
1402 497 1459 534 ἐπὶ
1480 497 1571 535 ἅλων
1591 498 1630 535 τὸ
1650 498 1709 545 σύ,
1731 500 1814 550 πρὸς
1831 500 1865 538 δε
1881 501 1919 539 τὸ
1937 504 2071 541 ἐπιαλω
2085 521 2125 542 το
2145 505 2193 543 σε’.
2211 506 2271 543 καὶ
2290 506 2385 545 ἔστιν

1345 558 1366 601 ἡ
1387 571 1502 626 γραφη
1521 556 1640 603 δισσὴ,
1659 557 1715 594 ἐπὶ
1731 557 1822 595 ἅλων
1839 559 1899 596 καὶ
1915 562 2060 600 ἐπιαλω.
2080 578 2139 600 και
2158 564 2243 616 πρὸς
2259 563 2349 624 μὲν*
2341 565 2382 603 τὸ
2400 579 2418 605 5

1344 613 1608 665 περισπώμενον
1631 617 1765 653 ἐπιαλῶ
1785 615 1837 663 είη
1859 616 1898 654 ἂν
1919 620 2152 665 ἀπειλητικῶς
2171 621 2294 672 λέγων,
2313 626 2383 661 οἱον

1346 671 1435 715 ἄξεις
1450 688 1509 709 και
1525 672 1688 725 ὁρμήσεις
1705 675 1848 711 σεαυτὸν
1866 676 2062 724 ἐντευθεν,’
2047 678 2121 716 επεὶ
2137 681 2211 716 ἀλῶ
2228 695 2266 717 σε
2274 679 2384 734 ,ὅπερ

1345 730 1436 767 ἐστὶν
1458 731 1520 767 ἕλ’
1500 746 1573 768 ασω
1593 746 1630 769 σε
1651 731 1710 769 καὶ
1728 731 1837 776 διώξω
1858 748 1896 770 σε
1913 749 2041 772 κεντων
2060 735 2127 773 ὑπὸ
2146 737 2204 774 τὸν
2223 753 2383 790 πρωκτον

1343 787 1461 841 ὥσπερ
1481 788 1587 827 ι’ππον
1614 790 1809 844 παρῄορον·
1814 807 1922 851 προς
1947 792 1982 830 δὲ
2010 792 2073 840 τὴν
2102 794 2220 847 ἑτέραν
2248 794 2384 849 γραφὴν

1344 847 1450 890 οὕτως
1464 850 1592 894 ηθικως
1607 848 1785 920 λέγοντος,
1800 853 1868 887 οἱον
1884 850 2025 894 ἀπάξεις
2045 851 2086 890 σὺ
2107 852 2164 890 τὸν
2183 854 2384 908 σειραφόρον
2406 877 2438 900 10

1344 908 1390 949 εἷς
1405 908 1577 956 αυλῶνα’
1563 923 1619 944 επι
1639 907 1678 944 τὸ
1695 908 1849 955 ἀλοᾶν,’
1831 908 1906 946 αντὶ
1925 924 1985 947 του
2001 909 2117 962 ἄπαγέ
2133 927 2195 949 σου
2209 912 2266 949 τὸν
2282 928 2385 951 ιππον

1344 966 1500 1003 κάκεῖθεν
1528 965 1704 1018 τραφῆσῃ.
1733 982 1803 1003 τινε
1807 983 1821 1009 ς
1852 966 1888 1004 δε
1917 982 2042 1014 ουτως,
2073 968 2161 1013 ἄξεις
2192 969 2383 1010 ἐπιὸαλών.

1344 1023 1506 1076 [Ἄλλως.
1525 1026 1658 1062 ἐπιαλῶ
1676 1024 1812 1074 μέλλων
1839 1025 1908 1063 ἀπὸ
1925 1029 1984 1063 τοῦ
2007 1026 2127 1065 ἰάλλω.
2147 1027 2240 1080 λέγει
2257 1028 2292 1066 δὲ
2311 1031 2387 1067 ἐπι-

1343 1081 1472 1134 πέμψω
1493 1098 1542 1119 σε.
1583 1084 1617 1119 ἐν
1642 1082 1717 1128 ἤθει
1738 1081 1773 1119 δὲ
1792 1083 1831 1120 τὸ
1849 1083 1938 1136 ᾄξεις
1956 1084 2067 1134 λέγει·
2087 1086 2150 1123 οὐκ
2170 1085 2285 1132 ἀπάξη
2302 1086 2387 1124 ποτὲ

1344 1142 1495 1178 ἐντεῦθεν
1513 1139 1573 1177 καὶ
1586 1140 1751 1213 πορεόσῃ.
1766 1140 1805 1178 τὸ
1822 1140 1857 1179 δὲ
1875 1143 2022 1189 ἐπιαλῶ,
2038 1143 2112 1180 ἀντὶ
2125 1147 2185 1181 τοῦ
2197 1143 2384 1197 ἐπιπέμψω
2406 1165 2440 1188 15

1344 1215 1393 1237 σε.
1413 1197 1673 1249 συμοουλεύει
1655 1198 1690 1236 οὲ
1706 1201 1801 1251 αὐτῷ
1819 1199 2020 1238 ἀλοάσαντα
2036 1204 2150 1254 μισθῶ
2164 1202 2387 1275 πορεύεσθαι,

1342 1257 1399 1294 ι’να
1419 1256 1553 1309 τρέφειν
1573 1256 1637 1308 ἔχῃ
1661 1273 1738 1300 τους
1762 1273 1899 1301 ιππους.
1920 1258 2122 1311 σειραφόρος
2139 1258 2223 1306 δὲ,
2209 1276 2227 1297 ο
2243 1259 2308 1303 ἔξω
2328 1264 2387 1297 τοῦ

1343 1318 1381 1360 ζυ
1384 1331 1455 1365 γου.
1496 1314 1668 1358 Ἄλλως.
1654 1315 1713 1352 εαν
1725 1314 1786 1365 μὲν
1802 1320 1899 1359 οὗτος
1910 1319 1927 1354 ὃ
1939 1316 2037 1366 λόγος
2050 1333 2071 1368 Γ]
2087 1317 2249 1363 ἠθικὸς,’
2230 1317 2385 1370 απέρχῃ,

1343 1390 1364 1419 -Γ,
1385 1373 1552 1411 ὓποοαλω
1571 1372 1634 1419 τὴν
1655 1373 1810 1423 μάστιγα
1833 1389 1962 1411 κεντων
1983 1389 2021 1412 σε
2045 1375 2111 1412 ὑπὸ
2136 1375 2194 1412 τὸν
2217 1377 2386 1427 πρωκτὸν,

1342 1434 1388 1475 ὡς
1414 1430 1633 1483 σειραφόρον·
1658 1431 1717 1468 ἐὰν
1744 1430 1780 1468 δὲ
1809 1431 1866 1468 ἐπὶ
1894 1431 1992 1474 ἅλω..
2014 1431 2139 1479 οὕτως,
2164 1433 2302 1486 ἀπέρχῃ
2329 1435 2386 1472 ἐπὶ
2408 1453 2442 1476 24¹

1344 1489 1461 1527 ἅλωνα
1479 1491 1607 1526 κεντῶν
1625 1504 1686 1526 σου
1704 1488 1761 1526 τὸν
1781 1489 1998 1542 σειραφόρον,
2022 1489 2079 1527 ἐπὶ
2103 1490 2143 1527 τὸ
2161 1491 2388 1542 ἐργαζόμενον

1343 1551 1471 1586 ἐκεῖθεν
1497 1551 1669 1600 τραφῆναι
1686 1563 1693 1571 ·
1711 1547 1806 1585 οὐδὲν
1827 1547 1892 1599 γὰρ
1912 1550 2064 1586 ἐντεῦθεν
2089 1549 2198 1600 λήψῃ.
2217 1551 2248 1587 οἱ
2272 1551 2306 1587 δὲ
2327 1549 2389 1587 οὕ-

1343 1623 1420 1650 τως·
1436 1606 1612 1645 ἐπιὸαλών
1627 1622 1680 1643 σοι
1694 1606 1756 1652 τὴν
1771 1607 1927 1658 μάστιγα
1941 1606 2001 1644 καὶ
2018 1606 2126 1659 δέρων
2139 1607 2198 1645 τὸν
2213 1608 2388 1660 πρωκτὸν,

1344 1666 1412 1709 ἄξω
1430 1681 1482 1703 σε.
1509 1664 1578 1702 ἀπὸ
1604 1671 1802 1716 μεταφορᾶς
1821 1667 1890 1702 τῶν
1910 1664 2146 1714 κεντουμένων
2165 1664 2283 1702 ἵππων
2302 1668 2389 1718 βρα-

1343 1724 1426 1761 δέων
1446 1724 1512 1760 ὑπὸ
1535 1725 1602 1760 τῶν
1629 1722 1790 1774 ἡνιόχων.
1815 1744 1861 1748 -
1886 1723 1960 1760 ἐπεὶ
1987 1723 2089 1762 ἁλῶ;
2117 1722 2280 1770 Κινήσω,
2302 1739 2386 1761 συν-
2407 1743 2440 1766 ‘25

1347 1782 1469 1834 τρίψω.
1484 1789 1524 1818 Β.
1544 1789 1584 1817 D.
1603 1781 1790 1833 συντρίψω.
1812 1788 1853 1818 Ε.
1870 1780 1927 1818 ε’πί
1941 1782 1972 1818 σ’
1991 1781 2064 1819 ἁλῶ
2082 1794 2091 1820 :
2111 1781 2308 1834 Συντρίψω.
2334 1782 2389 1834 C.]]

1398 1853 1477 1877 1300.
1510 1839 1589 1888 (ὑπὸ
1609 1838 1667 1876 τὸν
1695 1838 1854 1890 πρωκτὸν
1881 1839 1919 1876 σὲ
1943 1852 1952 1878 :
1982 1839 2131 1885 Μήποτε
2155 1841 2218 1877 οὒκ
2237 1839 2311 1877 ἔστι
2330 1840 2387 1887 σε’,

1344 1896 1432 1934 ἀλλὰ
1450 1895 1508 1933 σύ·
1530 1899 1558 1933 εἷ
1577 1896 1624 1945 μὴ
1645 1897 1711 1948 ἄρα
1729 1896 1839 1947 λέγει,
1859 1896 1948 1941 ἄξεις
1968 1897 2110 1935 σεαυτὸν
2131 1900 2177 1941 ὡς
2194 1897 2253 1936 τὸν
2271 1913 2395 1950 σειρα-

1343 1955 1457 2008 φόρον,
1473 1954 1557 1992 ὅπου
1574 1954 1675 1997 αὐτὸς
1689 1954 1848 2006 ἐργάζῃ.)

1398 2027 1477 2052 1302.
1500 2012 1700 2085 ξυνωρίσινε
1724 2012 1897 2065 Ξυνωρὶς,
1918 2013 2013 2065 ἅρμα
2032 2013 2150 2051 ἵππων
2171 2014 2385 2065 ἐζευγμένον.
2407 2030 2442 2055 3ο

1350 2080 1432 2110 Iicl.
1451 2071 1596 2109 λείπειε
1579 2087 1601 2116 η
1619 2070 1691 2108 σύν.
1711 2075 1748 2104 R.

1398 2143 1479 2168 1303.
1512 2131 1547 2166 ἐν
1568 2128 1713 2166 εἰσθέσει
1729 2129 1826 2166 κωλα
1843 2128 1940 2181 τρία,
1957 2132 2004 2165 ὣν
2023 2128 2063 2166 τὸ
2082 2144 2219 2181 πρωτον
2236 2114 2386 2168 Ἰωνικὸν

1342 2188 1515 2238 ἡμιόλιον
1534 2195 1568 2224 R.
1586 2194 1626 2223 V
1651 2186 1812 2238 [κορωνις
1832 2202 1891 2223 και
1913 2186 2057 2230 εἴσθεσις
2079 2187 2204 2237 μέλους
2231 2187 2388 2232 ἐξιόντων

1342 2247 1535 2297 ὑποκριτῶν
1551 2248 1825 2297 μονοστροφικοῧ
1844 2246 1882 2282 ἐκ
1901 2244 2022 2282 κώλων
2044 2246 2102 2292 ιη’.
2123 2239 2172 2282 ὧν
2191 2245 2231 2283 τὸ
2250 2248 2388 2298 πρῶτον

1343 2302 1503 2354 ἷαμδικὸν
1523 2301 1704 2354 τρίμετρον
1727 2302 2063 2354 βραχυκατάληκτον
2080 2307 2139 2340 τοῦ
2160 2321 2175 2336 «
2192 2303 2356 2356 φλαύρων
2371 2322 2386 2338 u
2406 2318 2436 2346 33

1341 2362 1444 2404 ποδὸς
1461 2361 1532 2398 ἀνθ’
1547 2360 1629 2406 ὅλης
1643 2360 1811 2410 ἷαμέικῆς
1825 2361 1985 2410 κειμένου
2000 2360 2165 2404 διποδίας.
2179 2360 2218 2398 τὸ
2233 2360 2388 2413 δεύτερον

1341 2422 1378 2457 ἐκ
1395 2419 1558 2469 διιάμὸου
1576 2418 1637 2456 καὶ
1657 2419 1813 2457 Ἰωνικοῦ
1831 2419 1892 2456 ἀπ’
1912 2418 2098 2461 ἐλάσσονος
2119 2418 2279 2469 δίμετρον
2299 2421 2388 2456 ἀκα-

1341 2478 1528 2527 τάληκτον,
1546 2476 1567 2523 ἢ
1585 2476 1750 2527 ἷαμὸικὸν
1770 2476 2013 2529 ἑφθημιμερές.
2034 2476 2074 2514 τὸ
2091 2475 2206 2529 τρίτον
2223 2475 2387 2526 ἷαμὸικὸν

1342 2536 1500 2588 δίμετρον
1519 2534 1776 2580 ἀκατάληκτον.
1795 2534 1834 2571 τὸ
1850 2534 2013 2586 τέταρτον
2031 2534 2161 2584 ὅμοιον,
2179 2533 2200 2580 ἢ
2219 2536 2258 2571 ἐκ
2274 2533 2388 2572 παιώ-

1341 2610 1407 2631 νων
1426 2592 1603 2645 δευτέρων.
1618 2592 1657 2629 τὸ
1672 2593 1696 2629 ε’
1712 2592 1944 2643 χοριαμὸικὸν
1958 2591 1992 2636 ἐξ
2007 2591 2189 2644 ἐπιτρίτων
2202 2591 2387 2645 τρίμετρον
2405 2606 2442 2632 4ο

1341 2650 1609 2697 καταληκτικόν.
1635 2650 1674 2687 τὸ
1690 2651 1721 2694 ς’
1742 2650 1927 2701 τροχαϊκὸν
1946 2650 2105 2702 δίμετρον
2126 2650 2384 2696 καταληκτικὸν

1340 2709 1417 2755 ἤτοι
1437 2707 1680 2761 ἑφθημιμερές.
1699 2707 1738 2745 τὸ
1756 2708 1782 2751 ζ’
1804 2708 1933 2757 ὅμοιον,
1949 2707 2130 2761 τρίμετρον
2149 2707 2278 2758 μέντοι.
2295 2708 2334 2747 τὸ
2350 2709 2384 2756 η’

1340 2767 1571 2820 χοριαμὲικὸν
1599 2766 1781 2819 τρίμετρον
1809 2766 2159 2819 βραχυκατάληκτον.
2177 2766 2217 2804 τὸ
2241 2767 2270 2804 θ’
2292 2769 2386 2804 ἀντι-

1341 2825 1531 2863 σπαστικὸν
1553 2823 1586 2868 ἐξ
1610 2824 1784 2875 ἐπιτρίτου
1810 2823 1926 2876 τρίτου
1951 2824 2011 2862 καὶ
2036 2823 2176 2876 πρώτου
2195 2822 2325 2874 ὅμοιον.
2346 2823 2386 2862 τὸ

1341 2883 1482 2921 δέκατον
1512 2881 1676 2932 ἰαμέικὸν
1703 2881 1861 2934 δίμετρον
1891 2881 2242 2934 βραχυκατάληκτον.
2271 2880 2310 2919 τὸ
2337 2881 2383 2918 ια’
2403 2897 2438 2923 45

1339 2958 1399 2980 και
1421 2941 1464 2978 ιδ’
1487 2939 1590 2991 όμοια
1612 2957 1662 2977 τω
1684 2939 1802 2992 τρίτῳ.
1829 2939 1868 2977 τὸ
1890 2940 1934 2991 ιγ’
1955 2939 2185 2993 χοριαμὸικὸν
2209 2942 2383 2987 πενθημι-

1341 3000 1454 3051 μερές.
1473 3001 1501 3036 εἷ
1524 2998 1559 3036 δὲ
1580 2979 1713 3049 βούλει,
1732 2997 1938 3036 δακτυλικὸν
1965 2998 2136 3050 δίμετρον.
2153 2997 2198 3035 τὰ
2214 2999 2290 3043 εςῆς
2305 2996 2384 3049 τρία

1341 3055 1595 3096 ἀντισπαστικὰ
1634 3058 1853 3109 ἑφθημιμερῆ
1894 3056 2157 3110 Φερεκράτεια,
2197 3058 2385 3107 τροχαῖκης

1340 3115 1430 3153 κατὰ
1448 3114 1511 3160 τὴν
1529 3113 1670 3166 πρώτην
1684 3114 1803 3166 χώραν
1821 3114 1982 3164 κειμένης
2000 3112 2240 3157 ταυτοποδίας.
2258 3112 2296 3150 τὸ
2313 3127 2384 3149 πα-

1342 3172 1541 3226 ρατέλευτον
1562 3171 1679 3222 ὅμοιον
1700 3175 1749 3224 τῷ
1766 3172 1888 3225 τρίτῳ·
1909 3173 1983 3223 μεθ’
2000 3171 2018 3210 ὃ
2037 3170 2201 3222 ἷαμὸικὸν
2222 3170 2381 3223 δίμετρον
2402 3185 2436 3209 50

1340 3231 1609 3277 καταληκτικὸν,
1620 3230 1697 3275 ἤτοι
1712 3229 1955 3283 ἑφθημιμερές.
1968 3229 2024 3268 ἐπὶ
2038 3232 2089 3282 τῷ
2102 3228 2193 3267 τέλει
2206 3227 2383 3281 κορωνίς.ᾙ

1343 3283 1422 3338 (οἷον
1440 3288 1478 3325 τὸ
1496 3288 1714 3339 πραγμάτων
1735 3290 1816 3340 ἐρᾶν
1834 3302 1842 3327 :
1861 3288 2058 3327 Αἷνίττεται
2076 3290 2122 3331 εἷς
2136 3287 2193 3324 τὸν
2208 3285 2383 3338 Στρεψιά-

1341 3348 1414 3393 δην,
1442 3346 1500 3383 καὶ
1527 3346 1620 3397 λέγει
1646 3346 1697 3383 ὅτι
1722 3346 1830 3384 δεινόν
1861 3348 1934 3383 ἐστι
1959 3346 2020 3384 καὶ
2048 3343 2149 3392 ἀηδὲς
2173 3344 2212 3382 τὸ
2242 3343 2380 3382 ἀτόπων

1339 3405 1446 3455 ἐρᾶν.)
1467 3404 1577 3441 ἰστέον
1597 3403 1632 3442 δὲ
1648 3404 1700 3441 ὅτι
1717 3406 1839 3442 ἐκεῖνοι
1856 3403 2092 3456 διαλεχθέντες
2107 3402 2377 3450 ἀπεληλύθασιν.
