2517 3792
1064 200 1229 238 PLUTI.

105 305 204 333 recte
223 297 335 333 refert
353 298 396 332 V.
470 295 490 330 3
510 292 588 330 ὅλου
608 292 740 335 codex,
763 291 864 340 quod
892 289 1114 326 Diutlorlius

103 355 269 391 correxit
288 366 334 390 ex
354 352 500 389 scholio
520 352 567 388 Θ.
586 371 626 379 -
643 352 664 386 6
685 348 777 398 τάχα
790 348 920 384 codex.
942 346 1114 385 Correxit

104 412 326 448 Dindorfius
362 424 408 446 ex
431 412 476 447 Θ.
498 411 586 444 Post
617 406 739 455 κόμμα
764 406 867 442 addit
890 409 934 441 V.
966 419 1050 454 quae
1077 405 1114 440 in

104 470 255 506 scholio
271 468 408 505 Aldino
433 468 626 516 leguntur,
649 464 770 506 ἄλλως.
794 463 868 500 ἀντὶ
889 466 947 500 τοῦ
968 465 1116 500 εἰπεῖν-

106 529 124 563 ὁ
140 527 249 576 λόγος.
268 552 307 557 -
323 541 356 572 7.
378 525 555 576 Χάραγμα
566 529 776 573 pecuniam,
791 532 970 558 'minctum
990 526 1115 569 signa-

105 594 179 620 tam
201 589 354 621 Graecos
372 584 571 619 inferiores
588 596 721 618 vocare
737 581 865 617 docuit
883 580 1111 628 Ducangius.

101 642 341 678 Vocabulum
361 641 407 678 ab
432 642 599 690 antiquis
615 641 787 682 ductum,
810 638 948 688 quihus
969 651 1042 673 nnn
1061 651 1116 673 so-

103 700 180 736 lum
200 699 389 750 χαράσσειν
413 713 540 735 numos
560 701 688 735 cudere
702 729 711 746 ,
739 706 775 734 ct
802 695 1087 747 παραχαράσσειν
1107 723 1115 737 ,

103 758 169 794 sed
187 759 299 794 etiam
321 756 502 809 χαρακτὴρ
524 767 608 793 nom
624 786 632 802 ‚
650 762 792 805 signum
819 760 1029 790 auctoritate
1042 768 1115 801 pu—

103 815 196 851 bl1'ca
224 821 381 851 numnn's
412 821 653 864 inzprrssunm
683 814 783 850 unde
800 813 909 849 fluxit
939 811 1116 848 solemnis

104 874 167 910 illa
185 874 368 923 loquendi
391 874 552 910 formula
571 871 769 909 ἐπιὸαλλειν
789 872 1007 921 χαρακτῆρα.
1034 874 1062 905 Α
1071 870 1118 905 ri-

108 939 193 968 stot.
218 933 326 969 Polit.
351 946 382 977 ι,
407 945 437 968 c.
467 932 510 967 6:
530 930 568 967 τὸ
583 928 616 966 δὲ
631 930 823 966 τελευταῖον
838 927 896 964 καὶ
911 929 1117 978 χαρακτῆρα

110 987 367 1026 ἔπιὸαλλόντων
385 1004 391 1011 ·
411 1002 481 1038 pro
503 1002 547 1025 eo
568 987 688 1032 dixit,
718 985 886 1037 ἐπικόψας
911 986 1117 1035 χαρακτῆρα

102 1045 252 1083 OEcon.
273 1061 309 1094 2,
330 1060 361 1083 c.
375 1060 435 1082 2ο.
458 1047 656 1094 Polyaenus
673 1045 711 1080 in
733 1044 846 1089 facto,
865 1043 974 1092 quale
997 1043 1118 1078 fuerat

102 1103 151 1140 ab
169 1105 374 1141 Aristotele
394 1112 608 1148 narratum,
633 1102 745 1152 plane
769 1102 880 1138 simili
902 1101 948 1147 6,
969 1114 1001 1137 c.
1025 1114 1070 1148 9,
1096 1101 1116 1148 ξ

108 1174 140 1206 1,
156 1160 258 1197 ἄλλον
272 1163 479 1213 χαρακτῆρα
494 1158 668 1198 ἐπιὸαλών
680 1175 687 1182 ·
705 1159 819 1196 modo
834 1159 915 1209 pari
932 1166 1118 1207 potestate

104 1228 354 1268 usurpaverat
382 1218 628 1266 μετακόπτειν.
653 1218 816 1254 Dubites
836 1218 982 1266 itaque,
1013 1230 1058 1252 an
1080 1216 1117 1252 in

102 1277 377 1314 Alcidamantis
405 1280 507 1314 Orat.
527 1291 598 1327 pro
620 1278 755 1326 Ulysse
774 1285 905 1312 contra
928 1274 1117 1312 Palamcd.

104 1349 141 1385 p.
169 1337 253 1379 186‚
270 1337 332 1379 36,
348 1337 451 1385 quod
470 1337 585 1385 vulgo
601 1336 756 1385 legitur,
777 1336 971 1373 Phoenices
989 1336 1119 1385 πρῶτοι

108 1395 314 1445 χαρακτῆρα
329 1393 489 1442 ἔὸαλλον,
505 1395 763 1444 rolingendum
782 1395 829 1431 sit
848 1395 886 1430 in
904 1392 1094 1431 ἓπέδαλλον
1112 1408 1118 1415 ·

109 1453 282 1501 quamvis
293 1454 462 1502 alioquin
476 1454 638 1503 simplex
653 1453 812 1490 verbum
823 1453 1024 1502 compositi
1040 1453 1120 1488 vice

104 1511 256 1547 tolerari
286 1513 418 1561 possit.
451 1512 548 1548 Hinc
578 1511 826 1548 illustrandus
856 1519 911 1548 est
937 1512 1120 1547 Arrianus

102 1569 226 1618 Epict.
246 1570 293 1613 3,
315 1583 346 1606 c.
371 1583 418 1606 22
438 1599 448 1616 ,
476 1583 513 1620 p.
542 1572 616 1613 314
638 1584 645 1606 :
666 1568 716 1605 ἰδὲ
743 1568 944 1622 χαρακτήρ·
977 1569 1022 1605 ἴδ’
1045 1570 1120 1605 ἐπι-

100 1625 188 1671 ὅολή
207 1641 214 1649 ·
239 1635 276 1663 et
297 1630 482 1665 Isocrates
499 1628 556 1664 Ad
571 1631 730 1664 Demon.
755 1642 790 1678 p.
813 1629 848 1674 3,
869 1631 924 1664 D:
941 1622 989 1669 οἷς
1006 1628 1120 1678 (Her-

102 1685 178 1720 culi
208 1699 250 1722 ac
275 1685 449 1736 Theseo)
470 1688 491 1731 ἡ
519 1688 587 1722 τῶν
617 1686 753 1738 τρόπων
787 1686 890 1738 ἀρετὴ
917 1687 1119 1731 τηλικοῦτον

103 1741 252 1786 εὐδοξίας
273 1746 483 1795 χαρακτῆρα
500 1749 570 1786 τοῖς
587 1744 697 1797 ἔργοις
717 1745 884 1782 ἐπέὸαλεν
902 1760 909 1767 ·
929 1759 1041 1794 quem
1063 1745 1120 1781 lo—

102 1813 190 1837 cum
225 1802 390 1851 reperies
419 1802 629 1839 adductum
663 1817 683 1840 a
716 1804 835 1841 schol.
865 1804 1045 1853 Sophocl.
1075 1804 1121 1840 ad

102 1858 240 1895 Trach.
267 1873 304 1896 v.
332 1873 415 1910 119.
442 1863 590 1899 Hssmsr.
615 1865 676 1898 τοῦ
714 1861 881 1907 κιὸὃήλου
907 1861 1119 1911 νομίσματος

101 1917 217 1953 Paris.

155 1975 245 2024 869,
268 1989 313 2025 19
331 1976 400 2028 ἄρα
418 1989 492 2014 om.
513 1978 559 2015 Θ.
578 1998 622 2003 —
646 1991 693 2014 2ο
714 1977 771 2014 καὶ
799 1975 855 2014 διὰ
877 1981 978 2016 τοῦτο
1004 1978 1119 2016 πάντα

101 2032 155 2070 ἔπ.
177 2035 292 2073 Paris.
325 2040 330 2045 '

155 2093 246 2139 872,
267 2094 315 2129 26
346 2092 435 2131 ’Ἀντὶ
457 2097 516 2131 τοῦ
549 2093 781 2143 σεσοὸημένος
807 2097 851 2130 R.
867 2119 908 2125 —
928 2108 974 2140 27
1007 2110 1118 2131 κατα-

102 2150 462 2201 μωκώμενος-λέγει
475 2155 523 2187 V.
544 2152 688 2197 «Quod
710 2153 899 2198 comicos,
927 2161 967 2189 ut
995 2156 1118 2190 Dores

101 2208 325 2256 irriderent,
349 2202 377 2245 ὦ
393 2209 558 2260 Δάματερ
584 2209 801 2246 adhibuisse
825 2219 931 2247 notat
954 2211 1119 2248 scholia-

103 2275 177 2304 stes
191 2296 200 2313 ,
222 2268 333 2318 longe
349 2269 494 2305 recedit
513 2268 560 2304 ab
589 2269 750 2305 aliorum
785 2270 1118 2319 grammaticorum

104 2326 292 2362 sententia
307 2355 316 2371 ‚
345 2327 411 2376 qui
431 2327 645 2363 Atticorum
667 2340 774 2376 aeque
797 2341 840 2364 ac.
870 2330 1018 2364 Dorum
1038 2342 1119 2365 eam

103 2384 265 2421 formam
287 2397 368 2421 esse
386 2385 581 2435 propriam
601 2393 771 2421 statuunt
799 2402 806 2422 z
831 2386 918 2422 vide
947 2388 1117 2423 Eustath.

102 2441 149 2478 ad
168 2443 211 2479 Il.
228 2447 269 2488 A,
285 2456 322 2493 p.
346 2456 404 2489 12,
422 2443 459 2489 6,
481 2443 553 2480 Od.
576 2447 621 2488 A,
641 2456 677 2492 p.
705 2444 814 2488 1385,
839 2445 900 2489 53,
921 2453 957 2480 et
978 2458 1024 2483 ex
1044 2446 1118 2481 lle-

102 2501 242 2537 raclide
263 2501 310 2537 ad
333 2500 405 2538 Od.
426 2502 470 2546 Υ,
495 2514 530 2550 p.
559 2503 671 2550 1892,
689 2503 750 2546 43,
767 2501 833 2538 ubi
855 2511 1042 2538 memorat
1062 2503 1118 2540 τὸν

99 2561 162 2595 τοῦ
175 2563 331 2609 κωμικοῦ
351 2560 520 2597 Πλοῦτον.
536 2578 551 2592 »
577 2563 727 2597 ΗΕΜΞΤ.
744 2589 784 2593 —
807 2563 854 2597 28
877 2575 931 2610 sq.
953 2564 969 2597 ὁ
994 2560 1028 2598 δὲ
1045 2565 1119 2604 νοῦς

102 2618 312 2665 -εἷσῆλθεν
333 2626 420 2655 ante
439 2617 746 2668 καταμωκώμενος
766 2620 875 2669 ponit
893 2623 936 2656 V.
964 2620 1119 2672 ἐπηρμέ-

122 2687 140 2707 0

101 2731 167 2758 νως
180 2718 226 2755 Θ.
240 2715 442 2768 ἔπηρμένως
458 2720 504 2754 R.
519 2716 718 2769 ὑπηρμένος
737 2718 821 2755 Ald.

155 2774 243 2820 873.
261 2774 442 2811 Scholion
459 2776 648 2812 recentius
661 2803 669 2819 ,
689 2778 893 2812 confictum
914 2778 1117 2814 maximam

102 2840 250 2881 partem
289 2844 338 2868 ex
370 2834 494 2880 Etym.
530 2836 578 2869 M.
610 2847 638 2869 s.
668 2833 890 2884 Συκοφαντία
930 2844 967 2871 et
1001 2837 1116 2873 Συκο-

102 2889 240 2942 φάνται.
255 2892 376 2925 Dum.
392 2914 429 2921 —
448 2891 495 2926 35
512 2893 644 2942 πικρῶς
666 2895 812 2928 Hemst.
846 2895 1002 2944 σμικρῶς
1030 2895 1115 2931 Ald.

99 2947 252 2998 ἀκριὸῶς
265 2950 358 2996 Reg.
373 2974 413 2979 —
428 2949 475 2984 36
495 2947 595 2997 λόγος
614 2947 681 2985 ἀπὸ
695 2950 741 2987 Θ.
761 2975 797 2981 -
817 2952 861 2996 37
882 2963 940 3000 sq.
966 2951 1027 2997 τὴν
1045 2954 1118 2989 ὀνο-

101 3005 232 3055 μασίαν
252 3005 451 3042 Dobraeus.
482 3005 520 3042 τὸ
539 3006 648 3056 ὄνομα
674 3010 877 3046 Kusterus.
905 3008 961 3045 τὸν
986 3009 1116 3059 ὄνομά-

101 3079 209 3100 σαντα
229 3063 315 3101 Ald.
330 3066 374 3100 In
389 3067 510 3112 Etym.
529 3067 582 3101 M.
606 3064 733 3111 συνέὸη
749 3065 783 3102 δὲ
796 3066 854 3102 καὶ
867 3065 944 3109 τοὺς
958 3069 1114 3105 ὁπωσοῦν

100 3124 378 3173 κατηγοροῦντας
394 3121 482 3163 τινὸς
502 3122 814 3173 φιλαπεχθημόνως
835 3123 925 3160 οὕτω
942 3139 1113 3175 προσαγο-

100 3183 270 3232 ρεύεσθαι.
293 3205 335 3213 --
352 3182 400 3223 48
421 3180 523 3225 δῆλον
548 3193 623 3215 om.
641 3181 687 3218 Θ.
717 3179 832 3230 ἔλεγον
867 3182 1038 3219 additum
1068 3198 1113 3221 ex

101 3242 225 3286 Etym.
245 3242 298 3277 M.
319 3238 463 3276 ἐκάλουν
485 3241 595 3287 Reg„
617 3239 682 3286 qui
702 3244 746 3281 41
769 3252 841 3275 om.
864 3239 1055 3282 συκοὲίους.
1074 3267 1114 3273 -

103 3303 150 3339 42
184 3295 405 3338 συκοσπάδας
435 3296 495 3332 vel
535 3294 769 3336 συκοσπαδίας
798 3299 941 3332 Hernst.
975 3297 1112 3333 collato

100 3354 306 3403 Hesychio,
329 3352 589 3399 Συκοσπαδίας,
608 3358 624 3390 ὁ
646 3351 870 3404 συκοφάντης.
900 3353 1110 3396 συκόπαιόας

2112 207 2184 238 589

1174 285 1258 321 ΑΙιΙ.
1277 284 1333 321 καὶ
1354 282 1506 326 συκάδας
1523 283 1580 319 καὶ
1605 283 1796 325 συκόποδας
1827 289 1930 334 Reg„
1962 286 2120 323 sortasse
2140 299 2186 324 ex

1173 344 1352 381 Cratinco
1374 341 1607 382 συκοπέδιλος.
1624 366 1662 371 -
1682 342 1727 385 43
1748 341 1863 379 πάντα
1884 345 2025 380 Hemst.
2057 343 2187 393 ἐγκλή-

1175 416 1268 449 ματα
1283 414 1357 436 om.
1372 401 1417 438 Θ.
1439 400 1590 435 Scholio
1612 400 1746 435 Aldino
1769 401 1803 436 in
1819 404 1923 437 Junt.
1940 402 2188 450 praemissum,

1173 462 1190 496 ὁ
1212 459 1428 510 συκοφάντης
1445 460 1481 494 οὗ
1503 457 1641 499 δικαίως
1662 457 1810 505 τοῦνομα
1836 460 1869 495 ἐν
1891 460 1982 496 τοῖσι
2001 462 2190 510 μοχθηροῖ-

1175 517 1226 554 σίν
1243 519 1317 554 ἐστι
1334 517 1490 565 κείμενον
1505 530 1512 537 ·
1534 514 1601 551 ἔδει
1619 514 1685 565 γὰρ
1697 545 1705 561 ,
1724 514 1816 556 ὅστις
1835 517 1987 566 χρηστὸς
2001 510 2040 561 ἦν
2058 515 2143 561 ἡδύς
2159 515 2190 553 τ’

1176 574 1275 626 ἀνὴρ,
1302 573 1344 610 τὰ
1361 577 1447 610 σῧκα
1466 571 1697 624 προστεθέντα
1726 573 1849 617 δηλοῦν
1881 573 1937 610 τὸν
1958 573 2096 626 τρόπον.
2117 572 2190 610 νυνὶ

1176 632 1210 668 δὲ
1229 632 1312 682 πρὸς
1331 630 1505 681 μοχθηρὸν
1527 629 1592 675 ἡδὺ
1616 630 1802 681 προστεθὲν
1817 661 1825 676 ,
1853 633 1992 683 ἀπορεῖν
2021 632 2190 677 πεποίηκε

1176 688 1230 726 διὰ
1249 688 1282 725 τί
1303 687 1396 725 τοῦθ’
1413 687 1519 728 οὕτως
1541 687 1610 736 ἔχει
1627 702 1634 710 ·
1657 689 1718 737 qui
1742 688 1909 725 Alexidis
1930 702 2058 725 versus
2083 698 2192 733 sunt,

1177 746 1394 795 transcripti
1414 758 1459 781 ex
1488 744 1670 781 Athenaeo
1695 746 1734 790 3,
1756 759 1792 795 p.
1821 752 1881 791 74,
1904 749 1942 782 F.
1962 771 2001 776 -
2023 753 2068 790 44
2087 760 2190 796 seqq.

1176 806 1227 841 sic
1248 805 1286 841 in
1310 809 1369 852 V.,
1392 802 1429 839 τὸ
1452 804 1512 852 βου
1533 803 1709 854 ἐπίρρημα
1725 804 1917 855 (ἐπίρρημα
1941 818 2015 841 om.
2037 806 2098 854 G.)
2118 807 2194 842 ἐπι-

1176 861 1307 904 τάσεως
1323 859 1512 906 &fian-:mov
1532 859 1702 910 (ἐπίτασιν
1718 861 1815 906 δηλοῖ
1835 861 1896 911 G.)
1918 862 1993 898 ἀντὶ
2024 865 2083 898 τοῦ
2116 861 2193 898 λίαν

1175 918 1342 968 λιμώττει
1358 947 1367 964 ,
1392 917 1509 969 ὥσπερ
1533 918 1591 954 καὶ
1614 918 1778 968 βούπιναν
1810 918 1867 956 τὸν
1900 921 2055 969 μεγάλην
2092 920 2194 957 πίναν

1177 977 1312 1023 (πεῖναν
1336 976 1396 1025 G.)
1420 973 1559 1025 ἔχοντα.
1577 976 1757 1012 Scholion
1780 977 1981 1027 descripsit
2003 978 2138 1014 Suidas
2157 979 2195 1014 in

1178 1035 1363 1085 Βουλιμιᾷ,
1388 1034 1517 1083 paucis
1539 1036 1802 1071 tautummodo
1819 1037 1984 1072 mutatis.
2002 1061 2041 1066 —
2060 1036 2106 1079 [05
2123 1037 2196 1072 ἐστι

1178 1104 1252 1129 om.
1274 1092 1320 1129 Θ.
1341 1116 1382 1122 —-
1401 1092 1447 1135 46
1468 1093 1513 1133 ὡς
1531 1094 1573 1128 R.
1592 1120 1630 1124 .-
1654 1098 1698 1137 47
1722 1093 1777 1129 καὶ
1799 1092 1958 1143 βουγάϊος
1972 1102 2007 1130 et
2032 1107 2197 1143 sequen-

1179 1149 1228 1186 tia
1243 1163 1320 1187 om.
1336 1153 1380 1186 V.
1405 1148 1623 1199 βούγλωσσον
1644 1150 1738 1187 Θ.-
1755 1157 1802 1199 49
1829 1161 1913 1201 post
1935 1150 2061 1202 τρόπος
2088 1151 2194 1188 addit

1177 1211 1278 1245 Junt.
1302 1206 1457 1253 Γαληνὸς
1479 1207 1513 1244 δὲ
1538 1209 1572 1245 ἐν
1602 1214 1671 1251 τοῖς
1695 1208 1913 1261 Ἀφορισμοῖς
1931 1226 1938 1232 ·
1975 1209 2199 1251 κατάπτωσις

1178 1263 1358 1313 δυνάμεως
1371 1263 1437 1301 ὑπὸ
1447 1267 1505 1309 τῆς
1515 1263 1635 1308 ἔξωθεν
1648 1264 1777 1316 ψύξεως
1791 1268 1808 1302 ὁ
1825 1266 1998 1315 βούλιμος,
2013 1266 2200 1316 ἀρξάμενος

1179 1321 1240 1371 μὲν
1260 1322 1328 1359 ἀπὸ
1344 1322 1484 1370 πείνης,
1503 1323 1617 1360 οὐκέτι
1640 1323 1674 1360 δὲ
1695 1322 1786 1374 ἔχων
1812 1323 1918 1369 αὐτὴν
1939 1329 2118 1361 συνοὶσαν.

1233 1382 1323 1427 874,
1346 1381 1405 1418 51.
1424 1381 1529 1417 Idem
1559 1382 1597 1417 in
1632 1382 1807 1431 sequenti
1838 1383 1984 1419 scholio
2014 1391 2198 1419 notatur:

1180 1439 1252 1475 hoc
1273 1453 1340 1476 cur
1358 1448 1510 1475 moneat
1531 1449 1729 1476 enarrator
1743 1441 1807 1476 ille
1820 1470 1829 1486 ‚
1846 1441 1883 1477 in
1905 1454 2016 1477 causa
2036 1441 2105 1477 fuit
2121 1440 2200 1490 ejus

1180 1498 1394 1547 exemplar,
1418 1497 1520 1547 quod
1540 1497 1684 1534 scilicet
1708 1498 1908 1547 proxima,
1928 1499 2030 1543 δῆλον
2049 1496 2100 1534 ὅτι
2123 1501 2195 1548 βου-

1179 1556 1282 1607 λιμιᾷ
1296 1585 1305 1602 ,
1336 1556 1434 1592 Justi
1471 1568 1643 1605 personae
1676 1555 1870 1592 tribuebat
1889 1571 1896 1592 :
1919 1570 2001 1593 eam
2034 1556 2084 1592 ob
2120 1569 2199 1593 rem

1180 1627 1307 1663 operae
1334 1614 1500 1663 pretium
1528 1614 1676 1663 putavit
1707 1614 1933 1659 ostendere,
1969 1627 2053 1663 quae
2085 1627 2188 1662 syco-

1180 1672 1323 1721 phanta
1343 1671 1464 1715 dicat,
1481 1671 1544 1707 tali
1560 1679 1665 1720 gestu
1681 1671 1932 1721 corporisque
1948 1672 2199 1708 conversione

1181 1729 1320 1766 debere
1338 1730 1588 1779 pronunciari
1605 1757 1614 1773 ‚
1639 1738 1679 1765 ut
1700 1743 1775 1765 nou
1796 1729 1842 1766 ad
1861 1733 2013 1766 Justum
2028 1758 2036 1774 ‚
2063 1729 2128 1766 sed
2153 1729 2199 1766 ad

1179 1787 1377 1824 Carionem
1393 1815 1402 1831 ,
1425 1787 1490 1835 qui
1514 1795 1601 1823 ante
1632 1786 1753 1823 fuerat
1782 1788 1950 1832 locutus,
1975 1786 2188 1836 dirigantur

1180 1849 1384 1895 Perperam
1419 1858 1510 1880 vero
1549 1847 1844 1894 interpretatur,
1880 1845 1940 1882 οὐκ
1975 1843 2015 1881 ἂν
2054 1843 2200 1896 φθάνοις.

1180 1905 1325 1940 ΗεΜεΤ.
1348 1907 1450 1940 τοῦτο
1470 1906 1488 1940 ὁ
1505 1902 1725 1955 συκοφάντης
1744 1903 1828 1956 πρὸς
1850 1907 1895 1940 V.

1233 1962 1321 2008 875,
1349 1976 1362 1997 1
1389 1961 1523 2013 Τροχὸς
1543 1960 1608 2013 γάρ
1629 1977 1679 2003 τις
1701 1966 1743 1998 V.
1757 1987 1798 1993 -
1813 1965 1831 1999 3
1852 1961 2062 2014 θεράποντα·
2080 1960 2102 2007 ἢ
2121 1976 2202 2014 τρο-

1178 2018 1239 2069 χός
1255 2036 1306 2062 τις
1320 2014 1360 2066 ἦν
1379 2015 1456 2073 {vt-{i
1478 2021 1686 2069 ἐδεσμοῧντο
1704 2022 1734 2057 οἱ
1754 2021 1868 2057 δοῖλοι
1888 2022 1938 2058 Θ.

1233 2079 1322 2127 879,
1345 2093 1367 2127 9
1390 2081 1503 2115 συκιῖἰν
1525 2082 1567 2115 R.
1593 2082 1732 2115 Totum
1753 2079 1928 2116 scholion
1947 2092 2022 2115 om.
2046 2082 2091 2114 G.

1236 2136 1324 2182 883,
1342 2150 1390 2172 2ο
1407 2135 1496 2173 Ἀντὶ
1518 2139 1577 2172 τοῦ
1595 2150 1651 2187 φρ.
1675 2152 1749 2174 σου.
1782 2140 1804 2182 ἡ
1827 2135 1862 2173 δὲ
1883 2137 2007 2188 φράσις
2035 2140 2081 2172 V.
2101 2138 2122 2180 ἡ
2145 2150 2199 2188 φρ.

1180 2193 1270 2231 Ἀττ.
1303 2208 1379 2231 om.
1405 2195 1450 2231 Θ.
1481 2195 1563 2231 Ald.
1594 2218 1633 2225 —
1661 2208 1704 2230 21
1744 2193 2201 2245 εἴρηται-ἐπιστρέφεσθαι

1180 2260 1266 2302 post
1289 2252 1511 2304 φαρμακίτην
1538 2253 1561 2288 l.
1600 2253 1646 2288 23
1681 2262 1829 2302 ponunt
1855 2256 1902 2289 R.
1926 2257 2025 2290 V.-
2044 2266 2090 2288 22
2118 2253 2199 2289 ἐπι-

1179 2310 1393 2362 στρέψασῡαι
1409 2315 1454 2347 V.
1469 2311 1673 2360 Sequentia
1693 2310 1983 2362 λέγει-φυσικὸν
2018 2309 2199 2347 δακτύλιον

1179 2369 1279 2406 infra
1297 2379 1382 2418 post
1408 2369 1466 2406 καὶ
1494 2368 1534 2406 τὰ
1571 2372 1711 2406 τοιαῦτα
1736 2370 1759 2405 Ι.
1786 2383 1830 2415 27
1859 2368 2000 2405 habent
2027 2372 2073 2405 R.
2097 2372 2140 2405 V.
2160 2393 2194 2398 —

1181 2429 1227 2463 23
1251 2426 1432 2464 δακτύλιον
1456 2425 1491 2464 δὲ
1510 2441 1584 2464 om.
1606 2431 1650 2464 R.
1670 2432 1717 2464 V.
1744 2425 1778 2463 δὲ
1798 2440 1873 2464 om.
1897 2429 1995 2465 Θ.-
2011 2432 2056 2469 24
2080 2425 2200 2464 Εὔπο-

1178 2486 1229 2528 λις
1244 2485 1400 2527 Βάπταις
1422 2485 1599 2535 μέμνηται
1620 2500 1693 2522 om.
1718 2490 1764 2523 R.
1786 2484 1963 2534 μέμνηται
1984 2498 2058 2522 om.
2080 2489 2122 2521 V.
2141 2483 2199 2520 καὶ

1179 2542 1379 2595 Ἀμειψίας,
1407 2544 1512 2593 quod
1531 2544 1571 2580 iu
1599 2548 1642 2580 R.
1667 2546 1713 2580 V.
1735 2545 1782 2582 Θ.
1802 2544 1886 2580 Ald.
1908 2552 1994 2592 post
2012 2556 2198 2594 φαρμακο-

1178 2600 1297 2648 πώλης
1315 2603 1455 2652 legitur
1469 2632 1478 2648 ,
1500 2603 1575 2639 huc
1599 2603 1833 2652 transposuit
1851 2603 2050 2640 Kusterus.
2067 2601 2096 2637 δ’
2117 2614 2194 2639 om.

1178 2663 1223 2696 R.
1242 2678 1255 2692 «
1275 2661 1469 2698 Eudamus
1502 2662 1564 2698 ille
1596 2662 1660 2698 vix
1687 2661 1823 2698 dubito
1846 2662 1937 2710 quin
1959 2660 2055 2696 idem
2086 2660 2198 2695 suerit

1178 2732 1220 2755 ac
1239 2719 1496 2769 Theophrasti
1527 2720 1687 2768 Εὔδημος
1711 2722 1728 2756 ὁ
1750 2716 2034 2771 φαρμακοπώλης
2069 2717 2200 2753 εὐδοκι-

1178 2779 1252 2827 μῶν
1275 2777 1406 2829 σφόδρα
1424 2778 1514 2814 κατὰ
1535 2777 1596 2823 τὴν
1614 2777 1739 2827 τέχνην
1772 2778 1866 2813 Hist.
1888 2778 2005 2812 Plant.
2033 2788 2076 2822 9,
2100 2778 2159 2810 18.
2182 2793 2196 2806 n

1177 2838 1324 2872 HEMST.
1348 2834 1510 2884 Εὔδημος
1531 2839 1575 2871 V.
1592 2858 1633 2865 -—
1652 2837 1697 2870 25
1716 2832 2000 2882 τετελεσμένους,
2018 2841 2097 2866 arte
2115 2845 2198 2866 mc:—

1173 2898 1255 2942 gica
1278 2903 1526 2938 consecratos,
1549 2901 1589 2928 ut
1609 2893 1738 2928 docuit
1767 2892 1922 2927 Salmas.
1958 2889 2005 2925 ad
2035 2889 2193 2938 Vopisc.

1179 2964 1213 3000 p.
1236 2952 1325 2988 360.
1351 2951 1463 2987 Hisce
1497 2950 1694 2999 praestigiis
1715 2949 1863 2985 deditos
1885 2961 1960 2983 non
1992 2946 2115 2982 solum
2139 2961 2196 2982 τε-

1175 3007 1319 3051 λεστὰς,
1344 3006 1528 3059 φυσικοὺς,
1552 3005 1759 3055 μυστικοὺς,
1779 3006 1843 3042 sed
1859 3006 1969 3041 etiam
1992 3002 2196 3056 φιλοσόφους

1176 3066 1406 3103 recentiores
1422 3064 1613 3102 vocabant
1638 3079 1645 3099 :
1668 3063 1915 3113 quamobrem
1933 3061 2113 3110 conjungi
2132 3062 2194 3097 vi—

1174 3123 1261 3159 deas
1290 3122 1473 3175 φιλόσοιρον
1491 3121 1549 3159 καὶ
1569 3121 1732 3166 τελεστῆν
1751 3137 1758 3144 ·
1780 3121 1951 3170 exempla
1969 3120 2195 3169 suppedita-

1176 3180 1232 3217 bit
1250 3182 1452 3218 Salmasius
1476 3196 1483 3218 :
1508 3194 1584 3216 non
1605 3181 1714 3216 aliter
1735 3180 1808 3216 hoc
1830 3181 1913 3217 loco
1929 3179 2114 3231 φιλόσοφος
2136 3186 2194 3214 est

1172 3240 1451 3289 intelligendus.
1473 3242 1618 3275 Hssmsr.
1640 3264 1678 3269 —
1700 3238 1746 3273 26
1765 3236 1924 3287 Εὔδημος
1943 3241 1983 3273 R.
2001 3239 2048 3272 V.
2069 3259 2108 3265 --
2131 3247 2192 3279 27.

1172 3300 1229 3333 De
1268 3298 1417 3334 annulis
1453 3297 1629 3347 magicis,
1665 3309 1758 3344 quos
1787 3296 1909 3332 Graeri
1940 3291 2101 3347 φυσικοὺς
2130 3291 2191 3329 vel

1172 3355 1390 3407 φαρμακίτας
1411 3354 1597 3392 vocabant
1616 3384 1624 3400 ,
1648 3355 1734 3390 <ide
1756 3355 1898 3390 Rcincs.
1918 3358 2001 3390 Var.
2029 3357 2130 3389 [oct.
2151 3351 2187 3395 3,
