2517 3792
1049 189 1330 229 VESPARUM.

205 288 293 335 609,
313 286 360 322 50
375 285 573 321 ἀποσπᾶται
593 284 635 317 V.

204 346 291 388 610,
313 343 358 379 53
378 341 469 390 μάζα
484 343 525 376 V.
545 339 628 378 Ald.
644 341 665 383 ἡ
683 351 757 374 0111.
775 342 815 377 V.

209 401 296 445 615,
313 401 334 435 6
352 397 478 443 σκευὴν
497 396 642 446 ’γσκέπην
659 397 720 446 V.)
738 398 770 433 οἱ.
789 400 846 433 τοῦ
861 395 950 432 ὅπλα
968 397 1011 430 R.
1027 397 1071 430 V.

209 460 298 502 616,
322 458 343 493 8
360 455 416 493 διὰ
433 455 472 492 τὸ
487 469 562 493 om.
584 459 629 493 V.
648 477 698 482 —
713 469 736 503 9
751 454 838 504 ἔχων
861 457 903 491 V.

208 518 280 561 617
301 515 338 551 in
360 518 403 551 R.
423 508 518 556 οὗτος
543 515 560 550 ὁ
590 507 687 552 οἶνος.
708 511 863 562 κεχηνός.
894 511 998 552 δεῖνος
1019 510 1166 558 ἀγγεῖον.

153 577 198 612 R.
211 595 262 601 —
285 586 330 609 12
360 571 399 609 τὸ
434 571 590 618 πίνοντα,
639 572 681 607 13
723 570 901 621 κεράμιον,
943 574 986 610 14
1018 567 1105 617 ἔχων
1126 569 1167 602 V.

153 630 361 681 στρογγύλον
378 630 474 668 κάτω
492 631 576 667 Ald.
595 657 644 662 -
671 631 714 665 16
738 628 864 671 κύλιξιν
890 627 974 664 Α111.

207 690 296 735 626,
329 702 376 726 20
412 694 486 730 ταῖς
510 690 722 738 ἀστραπαῖς,
755 687 841 723 vide
875 684 1088 723 Heinsterh.
1123 682 1169 718 ad

157 748 301 786 Pollae.
326 762 359 794 7,
383 748 451 784 185
482 749 517 783 iu
540 746 745 783 Addcudis.
769 749 889 783 Dum.
912 767 960 772 —
982 757 1029 779 22
1048 741 1167 793 φόῧου.

156 805 269 847 παίζει
285 804 320 842 δέ
338 808 381 843 V.
405 805 536 842 mediis
553 804 711 841 omissis.

209 863 297 906 635,
317 864 362 899 33
386 862 424 899 τὸ
441 862 599 905 δικάζειν,
623 863 668 904 34
686 863 744 897 τοῦ
758 859 849 897 ἔνδον
864 863 907 897 V.

209 921 285 969 639
302 919 336 957 δὲ
358 914 450 957 εἶπεν
470 922 516 962 ὡς
531 918 702 971 φιλόδικος
718 916 800 955 AJd.

209 979 298 1023 642,
315 983 334 1020 4
346 992 357 1013 1
382 979 444 1015 Σκ.
463 976 553 1014 ἐστὶν
575 989 648 1012 0111.
665 979 710 1012 R.

211 1037 299 1081 643,
322 1037 383 1081 46,
401 1035 447 1072 de
465 1033 672 1085 proverbio
695 1032 782 1069 vide
817 1032 864 1069 ad
892 1032 1028 1068 Athen.
1054 1032 1109 1077 13,
1131 1043 1168 1079 p.

160 1094 246 1138 568,
268 1097 309 1132 E.
331 1097 449 1131 Dum.

212 1153 301 1200 649,
321 1152 343 1187 6
367 1150 516 1203 ἐρεικτὸν
549 1149 796 1200 HStephanus
826 1149 867 1186 in
894 1149 1006 1187 Thes.
1037 1146 1172 1199 ἐρεκτὸν

158 1209 243 1247 Ald.
263 1207 404 1260 ἐρεγμὸν
424 1212 468 1248 V.

211 1268 299 1313 650,
328 1281 341 1303 1
356 1281 368 1303 1
391 1266 662 1316 πεπαλωμένην,
684 1268 727 1303 13
751 1265 1012 1317 ἐμφολεύσασαν
1028 1268 1068 1301 V.

216 1324 304 1371 656,
321 1324 368 1360 25
386 1338 441 1374 sq.
464 1323 601 1377 φαύλως
617 1323 693 1360 ἀντὶ
709 1328 767 1361 τοῦ
783 1338 857 1361 0111.
875 1327 919 1362 V.
938 1323 1022 1359 Ald.

213 1383 288 1419 658
313 1386 359 1419 R.
379 1383 438 1419 καὶ
468 1382 531 1426 ἔξω
555 1376 715 1431 διδομένη
737 1387 805 1423 τοῖς
826 1382 1003 1423 δικασταῖς
1025 1378 1174 1432 δραγμή.

161 1439 354 1482 ἑκατοστὰς
383 1439 449 1477 ὑπὸ
476 1443 535 1477 τοῦ
556 1439 673 1483 τέλους
692 1439 962 1491 χορηγουμένας.
983 1443 1028 1475 V.
1056 1437 1114 1474 καὶ
1154 1439 1175 1481 ἡ

161 1498 228 1542 ἔξω
244 1505 314 1541 τοῖς
331 1500 507 1540 δικασταῖς
537 1496 698 1548 διδομένη
718 1497 870 1549 δραχμή.
894 1525 942 1531 -
959 1511 1006 1546 29
1030 1494 1115 1547 ὑπὲρ
1133 1499 1175 1535 V.

162 1557 246 1594 Ald.

216 1615 307 1664 659,
332 1616 375 1651 31
398 1613 588 1651 κατέὸαλον
604 1617 646 1652 V.
662 1637 713 1642 —
734 1615 780 1650 32
802 1614 1062 1666 χρεωφειλετῶν
1090 1616 1172 1649 Ku-

163 1681 298 1711 sterus.
323 1674 430 1711 Libri
446 1674 683 1724 χρεωφειλῶν.

217 1732 306 1776 660,
327 1732 375 1781 39
403 1737 506 1768 πᾶσιν
527 1733 612 1779 ὁμοῦ
639 1734 684 1767 R.
704 1733 746 1767 V.
778 1731 926 1767 omissis
944 1730 983 1767 τὸ
1001 1729 1112 1780 ἐγγύς.
1131 1752 1175 1758 -

165 1793 214 1831 40
232 1787 475 1840 ἑξακισχιλίοις
559 1783 605 1841 ἓν
621 1788 772 1825 τάλαντα
794 1793 842 1826 R.

217 1847 305 1892 663,
327 1847 373 1890 45
391 1850 451 1893 τῆς
464 1846 596 1898 ἡμέρας
614 1846 814 1884 Dobraeus.
833 1849 892 1883 τοῦ
911 1846 1017 1896 μηνὸς
1030 1850 1072 1884 V.
1094 1846 1177 1883 Ald.

222 1903 314 1951 672,
331 1905 350 1940 3
371 1904 429 1941 καὶ
451 1898 542 1940 οὗτοι
559 1904 618 1941 καὶ
638 1904 718 1954 ἄχρ.
732 1907 776 1940 V.

218 1965 292 2009 674
317 1966 362 1999 R.
384 1962 498 2000 habet
517 1963 679 2012 glossam
701 1961 870 2001 ἐσθίοντα.
892 1985 937 1991 -
963 1963 983 1999 5
1009 1963 1178 2001 δικαστῶν

166 2021 223 2059 τὸν
239 2019 378 2071 ὀχλώδη
399 2020 459 2058 καὶ
476 2020 679 2073 συρφετώδη
696 2021 782 2059 Ald.
802 2019 1007 2074 τρεφόμενος
1027 2025 1071 2058 V.
1092 2046 1141 2050 —
1158 2025 1179 2060 6

168 2079 240 2117 ἐστὶ
254 2080 458 2121 κοσκινῶδες
471 2079 669 2115 Dobraeus.
681 2101 734 2107 --
751 2093 769 2125 7
790 2078 1000 2131 κληρωτρίδι
1017 2080 1182 2117 Dindor-

169 2139 249 2174 lius.
275 2136 369 2173 Vide
393 2137 515 2173 schol.
536 2149 572 2172 v.
595 2137 682 2182 752,
701 2150 736 2172 2.
760 2137 957 2173 Edebatur
977 2137 1177 2189 κληρώτιδι.

170 2216 220 2223 ——
237 2196 259 2231 8
281 2193 470 2245 εὔθραυστα
505 2194 563 2230 vel
595 2192 766 2230 εὔθλαστα
796 2194 991 2231 Dobraeus.
1014 2195 1182 2247 εὔθραστα

172 2256 214 2290 V.
258 2251 345 2289 Ald.
367 2250 390 2296 ἢ
413 2250 529 2297 κήθια,
552 2265 575 2300 9
595 2250 767 2303 ἠμφίεσαν
789 2255 844 2299 V.‚
874 2253 939 2302 qui
977 2266 1017 2288 11
1055 2252 1076 2288 ἃ
1105 2267 1180 2291 om.

148 2347 151 2352 ,
169 2333 220 2340 -
248 2323 292 2345 12
321 2308 583 2360 τρωμαλίζοντα
622 2312 665 2346 V.
698 2332 749 2336 —
784 2315 824 2352 14
857 2312 1066 2363 ψηφοφορεῖν
1100 2312 1182 2348 Ald.

170 2370 309 2420 ψηφηφ.
329 2361 386 2404 οὖν
403 2365 504 2416 μόνον
527 2371 571 2404 V.
586 2389 637 2394 —
664 2369 708 2403 16
724 2368 916 2419 λαρυγίζειν
941 2372 985 2405 V.
1008 2391 1059 2397 —
1079 2384 1124 2419 19
1144 2370 1183 2407 τὸ

172 2425 317 2463 addidit
330 2428 536 2461 Porsonus.
559 2447 609 2452 —
626 2439 675 2462 20
695 2426 941 2477 λαγαρίζεσθαι
962 2431 1108 2466 Portus.
1127 2431 1185 2466 λα-

173 2481 380 2534 γαρύζεσθαι
407 2485 451 2518 V.
482 2482 568 2518 Ald.
592 2505 642 2510 ——
673 2497 715 2519 21
740 2484 1067 2538 Μυρμηκανθρώπῳ
1100 2488 1183 2524 Αἰά.

174 2539 253 2577 ἀντὶ
265 2543 324 2576 τοῦ
347 2538 526 2576 σκαλεύειν
548 2548 649 2576 recte
667 2542 831 2579 Meinek.
851 2545 955 2580 Com.
976 2547 1006 2590 Ι,
1026 2557 1062 2593 p..
1099 2546 1184 2592 313,

175 2612 288 2648 quem
308 2598 392 2634 vide
413 2597 459 2635 de
485 2598 696 2648 fragmento
714 2600 963 2638 Pherecratis.
981 2623 1030 2629 —-
1049 2604 1094 2638 23
1119 2618 1185 2639 κα-

175 2656 444 2706 τακοιμήσονται
473 2655 735 2707 λαγυριζόμενοι
759 2661 801 2694 V.
819 2680 871 2686 -—
894 2659 939 2695 25
974 2673 1043 2708 pro
1063 2659 1186 2710 ἅγγους

175 2723 223 2756 V.
245 2712 313 2765 ἀνῇ,
333 2722 377 2757 G.
401 2720 518 2756 ἄλλου.
541 2723 558 2757 ὁ
577 2720 743 2772 νάρταλος
762 2722 847 2758 Ald.
868 2744 918 2752 —-
942 2725 988 2759 26
1010 2725 1186 2775 τρωγαλι-

179 2776 320 2825 ζόμενος
336 2777 383 2814 G.
414 2777 714 2828 τρωγαλιζομένην
732 2782 774 2815 V.
795 2780 1083 2831 τραγαλιζόμενον
1101 2783 1185 2819 Ald.

179 2833 311 2878 πένητα
328 2833 521 2871 Dobraeus.
542 2836 755 2884 Lege-batur
773 2837 933 2883 πένητας.

234 2891 323 2936 675,
346 2891 390 2926 31
413 2889 448 2927 δὲ
466 2892 655 2943 παροιμίαν
674 2893 756 2945 φησὶ
773 2908 849 2933 0111.
864 2900 906 2933 V.
922 2896 1007 2949 παρ’
1019 2891 1058 2934 οἷ
1071 2913 1123 2944 π.,
1141 2899 1186 2935 33

181 2946 413 2997 λέγεσθαιτὸν
430 2951 472 2984 V.
487 2975 537 2980 —
553 2949 599 2992 34
615 2951 833 3001 προενεκτέον
853 2957 1002 2995 Portus.
1022 2970 1188 3006 προσενε-

183 3004 380 3043 κτέον.Α1(1.
402 3003 477 3040 οὐδὲ
497 3008 739 3056 προσενεκτέον
768 3010 846 3047 ἀλλ’
868 3010 924 3048 ἐπὶ
945 3011 1031 3064 βαρὺ
1048 3017 1090 3050 V.
1121 3018 1188 3051 «In

184 3076 261 3112 quo
274 3062 364 3098 latet
385 3060 602 3113 βαρύνοντας.
617 3081 632 3097 »
652 3068 767 3102 Dum.

239 3121 326 3165 676,
343 3120 389 3155 38
410 3118 564 3170 κεράμεα
591 3124 636 3158 R.
668 3123 836 3174 κεράμεια
852 3129 894 3162 V.
914 3127 1064 3179 κεράμια
1093 3132 1138 3165 G.
1155 3138 1191 3165 et

186 3178 309 3215 Suidae
324 3176 382 3213 ed.
406 3176 559 3215 Mediol.
581 3191 609 3214 s.
625 3177 762 3230 “Υρχας
777 3197 784 3217 :
800 3196 885 3219 nam
903 3185 1027 3221 Suidae
1044 3186 1191 3223 codices

187 3235 281 3271 nihil
304 3242 440 3284 praeter
455 3234 588 3270 lemma
612 3236 742 3285 glossae
761 3238 910 3277 habent.

242 3293 317 3338 678
337 3290 471 3337 Πιτύλη
488 3295 533 3330 R.
549 3315 598 3320 —
617 3294 664 3335 46
680 3303 766 3343 post
778 3295 896 3341 κώπης
917 3298 998 3334 Ald.
1014 3299 1120 3336 addit
1135 3299 1192 3337 καὶ

189 3347 386 3396 κτυπητὴς,
400 3349 703 3400 φαντασιοσκοπος.
720 3352 777 3388 καὶ
793 3353 960 3397 πιτυλίζω
974 3357 1081 3407 ῥῆμα.
1101 3359 1145 3399 ὡς
1156 3357 1194 3394 τὸ

2155 193 2230 226 455

1228 271 1319 312 τιοῖόν
1334 277 1425 312 ἐστιν
1442 276 1567 325 ἱχιῡύων
1582 275 1714 325 γένεσιν
1732 277 1811 313 ἰδεῖν
1836 278 1868 314 ἐν
1890 275 2074 325 κολύμὲοις
2092 274 2230 311 πιτυλί-

1226 335 1386 376 ζουσαν.»
1404 337 1494 380 Quae
1507 348 1553 370 ex
1570 334 1685 372 Suida
1700 335 1860 383 sumpsit
1877 348 1906 371 s.
1937 334 2096 376 Πίτυλος.

1279 394 1354 427 630
1374 391 1515 441 ἀγλίθας
1538 396 1580 428 V.
1605 393 1690 428 Ald.
1714 391 1766 429 ὅτι
1786 391 1958 438 ἐξηγεῖται
1976 396 2017 430 V.
2040 420 2090 425 --
2109 391 2151 427 51
2181 391 2234 426 lc·-

1228 449 1385 498 gcbatur
1401 449 1530 494 εὔηθες.
1549 477 1598 482 -.
1618 451 1664 486 52
1694 450 1799 487 addit
1818 451 1902 487 Ald.
1926 450 2123 492 ἀποκναίεις
2141 465 2147 485 :
2169 451 2233 485 λυ-

1226 512 1318 551 πεῖς,
1340 507 1478 557 ὀδυνᾷς,
1506 506 1687 549 ἀπολλύεις
1701 537 1709 553 ,
1737 507 1965 552 ἀποκόπτεις,
1988 506 2231 559 παρεκτείνεις.

1229 581 1241 594 (ι
1256 563 1288 600 τί
1301 565 1336 600 οὐ
1352 562 1524 604 καθεύδεις
1539 579 1547 609 ;
1565 564 1606 600 σύ
1629 564 1665 612 μ’
1688 564 1883 607 ἀποκναίεις
1902 568 2114 616 περιπατῶν.
2136 583 2149 596 »
2165 564 2238 600 Μέ-

1228 621 1368 672 νανδρος
1385 620 1609 672 Μισουμένῳ.
1631 627 1724 667 Quae
1741 623 1950 671 composita
1972 632 2057 658 suut
2074 637 2119 659 ex
2140 623 2236 658 dua-

1230 678 1301 714 bus
1319 679 1452 727 glossis
1470 679 1595 715 Suidae
1612 693 1641 715 s.
1663 678 1857 716 Ἀποκναίει
1871 688 1907 716 et
1930 679 2154 725 Ἀποκναίειν,
2173 681 2238 729 qui

1230 749 1296 772 sua
1307 750 1327 772 a
1340 737 1582 785 grammatico
1598 737 1755 773 Bckkcri
1770 738 1929 786 sumpsit
1947 738 2087 774 Auen-d.
2103 752 2138 787 p.
2153 739 2237 780 428.

1230 798 1349 831 Dum.

1284 853 1372 899 685,
1390 853 1408 888 3
1421 852 1501 890 ἐδίδ.
1520 852 1576 889 τὸν
1588 853 1784 890 δικαστικὸν
1799 854 1918 902 μισθὸν
1938 855 1977 891 τὸ
1992 853 2178 904 τριώὸολον
2199 859 2240 891 V.

1284 910 1372 957 691,
1396 913 1438 946 18
1459 910 1713 961 ε’δημηγόρευον
1733 910 1830 963 ὑπὲρ,
1853 926 1897 961 19
1918 914 1955 949 ἐκ
1973 915 2032 948 τοῦ
2051 912 2243 962 ποιήματος

1232 966 1386 1018 φαίνεται
1401 971 1461 1015 V.‚
1482 969 1546 1017 qui
1567 962 1607 1013 ἦν
1627 982 1700 1005 0111.
1724 972 1779 1005 De
1797 971 1985 1021 κληρωτοίς
2006 971 2090 1007 vide
2111 972 2242 1008 Schoe-

1234 1038 1356 1062 mann.
1378 1029 1434 1062 De
1449 1027 1612 1063 comitiis
1629 1040 1664 1076 p.
1686 1030 1768 1063 108.

1286 1084 1493 1132 695.Conf.
1522 1084 1694 1121 Dindorf.
1713 1085 1759 1121 ad
1780 1086 1946 1135 HSteph.
1974 1086 2085 1123 Thes.
2108 1101 2143 1122 v.
2168 1090 2246 1126 Κω-

1232 1140 1413 1193 λακρέτης.

1288 1202 1363 1249 699
1381 1203 1448 1238 τῶν
1461 1215 1536 1238 0111.
1561 1205 1605 1239 R.

1289 1273 1377 1307 701,
1397 1261 1514 1307 45-47
1537 1263 1575 1298 ἐκ
1592 1260 1657 1313 γὰρ
1680 1261 1899 1311 τοῦ-τιμὴν
1927 1267 1985 1299 τοῦ
2009 1264 2150 1312 ἱματίου
2172 1265 2246 1301 11110

1236 1321 1468 1368 transposuit
1513 1319 1712 1356 Dobraeus.
1747 1321 1990 1370 Legebantur
2026 1323 2121 1359 inl'ra
2161 1333 2248 1373 post

1235 1373 1348 1412 ἔλαιον
1363 1376 1452 1414 κατὰ
1477 1377 1601 1428 βραχύ.
1622 1399 1675 1406 -·
1689 1378 1737 1421 45
1759 1378 1939 1430 φερόμενοι
1955 1380 2038 1417 Ald.
2059 1402 2110 1410 —-
2126 1384 2172 1424 48
2190 1382 2249 1418 καὶ

1237 1433 1359 1484 μικρόν
1376 1437 1594 1473 Valckenar.
1611 1437 1810 1474 AnimadV.
1832 1437 1878 1474 ad
1895 1442 2070 1477 Ammon.
2091 1453 2129 1489 p.
2154 1454 2210 1488 19·

1292 1506 1377 1538 702,
1402 1494 1447 1530 53
1471 1493 1700 1530 ἀσθενούντων
1717 1497 1760 1529 V.
1781 1495 1865 1531 Ald.

1292 1557 1378 1596 704,
1402 1552 1474 1588 3-6
1494 1552 1547 1587 510
1579 1552 1616 1587 111
1635 1555 1701 1596 R.‚
1724 1551 1978 1603 Ἐρατοσθένης
2003 1553 2040 1591 τὸ
2069 1554 2250 1606 ἐπαφιέναι

1237 1606 1340 1651 κύνας
1369 1609 1531 1652 ἐπισίζειν
1556 1608 1623 1645 ἀπὸ
1651 1611 1713 1654 τῆς
1741 1609 1980 1661 ἐπιφθέγξεως.
2010 1634 2060 1638 -
2095 1612 2114 1647 5
2150 1614 2251 1664 ἐφορ-

1239 1668 1354 1716 μῆσαν
1375 1667 1500 1716 ὁμοίως
1519 1667 1614 1718 παρὰ
1628 1669 1670 1717 τῇ
1690 1670 1785 1718 φωνῇ
1808 1671 1852 1704 V.
1872 1667 1965 1721 παρὰ
1984 1671 2027 1719 τῇ
2042 1672 2138 1721 φωνῇ
2153 1672 2252 1723 ἐφορ-

1239 1727 1354 1775 μῆσαν
1372 1728 1419 1761 G.
1449 1726 1588 1761 omisso
1609 1724 1746 1773 ὁμοίως.

1292 1796 1380 1832 709,
1403 1796 1445 1818 10
1466 1784 1603 1819 πολλῶν
1628 1784 1791 1820 Clinton.
1817 1787 1913 1821 Fast.
1932 1786 2028 1821 Heli.
2055 1787 2129 1822 vol.
2161 1801 2195 1832 2,
2215 1801 2250 1837 p.

1241 1854 1302 1888 70.
1328 1840 1542 1890 Legebatur
1577 1840 1720 1877 πολλοῦ.
1751 1863 1803 1869 —
1827 1856 1868 1877 11
1906 1856 1962 1891 sq.
2001 1844 2251 1895 περιίστασθαι.

1239 1901 1334 1949 Δημ.
1358 1899 1461 1951 φησὶν
1480 1897 1565 1935 εἰσὶν
1587 1901 1673 1947 ὁμοῦ
1693 1902 1739 1934 V.
1763 1925 1813 1931 --
1830 1905 1873 1942 14
1889 1915 1944 1952 κρ.
1965 1901 2111 1951 λαγώοις
2129 1906 2172 1938 R.

1296 1971 1384 2004 710,
1405 1971 1452 1993 20
1471 1957 1615 1993 Cratini
1645 1970 1692 1992 ex
1712 1955 1940 1994 Ὀδυσσεῦσιν
1969 1959 2094 1996 sabula
2125 1973 2254 1996 versus

1241 2015 1451 2052 secuudum
1472 2014 1710 2064 probabilem
1747 2017 1905 2052 Porsoni
1931 2017 2187 2066 conjecturam
2208 2019 2255 2055 ad

1240 2074 1414 2111 Athenaei
1441 2074 1477 2119 3,
1508 2086 1545 2122 p.
1576 2087 1639 2120 99,
1674 2077 1714 2119 F,
1739 2073 1778 2110 iu
1813 2075 2065 2112 miscellaneis
2093 2089 2131 2125 p.
2168 2077 2252 2112 235.

1241 2132 1456 2180 Legebatur
1468 2131 1552 2167 πύον
1576 2130 1771 2180 δαινύμενοι
1791 2132 1849 2168 καὶ
1874 2134 1958 2181 ἐμπ.
1982 2136 2171 2170 Ρο1·5011115
2184 2149 2255 2170 πυ-

1243 2188 1358 2240 ριάτῃ.
1374 2211 1420 2216 ——
1439 2202 1483 2224 21
1501 2189 1615 2237 vulgo
1632 2187 1731 2225 πύον.

1297 2260 1314 2292 7
1327 2261 1339 2282 1
1350 2261 1384 2291 2,
1406 2247 1454 2282 30
1473 2244 1694 2295 συλλέγοντες
1708 2249 1754 2282 R.

1296 2319 1314 2351 7
1328 2311 1383 2348 14,
1403 2305 1450 2340 32
1473 2303 1659 2353 μαλθακός,
1689 2302 1763 2340 ἀντὶ
1778 2306 1839 2340 τοῦ
1867 2306 1918 2342 Μ.
1939 2309 1984 2343 R.
2003 2308 2112 2343 Conf.
2137 2309 2252 2346 schol.

1243 2366 1329 2411 Lys.
1348 2362 1430 2398 155.

1298 2435 1316 2466 7
1329 2421 1385 2466 15,
1408 2421 1455 2466 37
1476 2418 1568 2472 λόγῳ
1585 2418 1651 2471 γὰρ
1666 2423 1709 2456 V.
1727 2443 1778 2447 —
1802 2426 1850 2463 4ο
1864 2425 1964 2459 τοῦτο
1981 2424 2014 2460 ἐν
2034 2423 2146 2474 σχήμ.
2173 2428 2255 2463 Do-

1244 2478 1390 2515 braeus:
1411 2479 1478 2515 sed
1498 2479 1655 2514 sortasse
1677 2479 1785 2528 plura
1799 2480 2035 2518 exciderunt.

1300 2551 1319 2584 7
1332 2539 1387 2583 18,
1406 2542 1454 2580 42
1471 2538 1501 2574 οἱ
1515 2535 1594 2573 τότε
1607 2538 1688 2573 πολ.
1707 2540 1749 2573 V.
1764 2538 1848 2575 Ald.
1868 2561 1918 2567 —
1932 2553 1946 2575 1
1959 2553 1973 2574 1
1990 2539 2193 2585 δεδήλωται.
2212 2541 2256 2579 τὰ

1245 2595 1324 2647 περὶ
1341 2595 1526 2632 Dobraeus
1546 2595 1593 2631 ad
1615 2595 1714 2632 Pluti
1735 2609 1770 2632 V.
1798 2597 1882 2642 178.
1907 2597 2121 2647 Legebatur
2150 2600 2254 2645 δεδή-

1244 2655 1355 2691 λωται
1374 2653 1465 2705 περὶ,
1487 2661 1630 2702 puucto
1646 2661 1732 2703 post
1753 2653 1903 2691 Εὕὸοιαν
1917 2657 2163 2709 Ῑ)ο5ἱῑο.παρὰ
2179 2657 2255 2703 τὴν,

1248 2741 1295 2784 47
1318 2734 1475 2784 συνάγειν
1490 2735 1640 2776 V.—48
1655 2733 1848 2786 Ἱππάρχου
1864 2736 2053 2785 Ald.—-49
2069 2738 2195 2789 δωρεᾶς
2211 2732 2253 2782 λε,

1246 2799 1289 2832 V.
1306 2820 1358 2827 —-
1375 2795 1419 2830 51
1440 2793 1497 2829 ἐπὶ
1514 2792 1769 2842 Λυσιμαχίδου.
1787 2798 1844 2830 De
1858 2795 1928 2831 hac
1940 2796 2139 2844 largitione
2159 2797 2256 2834 facta

1247 2861 1334 2888 ante
1352 2864 1470 2887 annos
1492 2851 1626 2898 viginti
1649 2858 1722 2886 tres
1743 2865 1820 2887 non
1841 2860 1896 2887 est
1916 2853 2121 2889 verisimile
2142 2855 2256 2890 intel-

1248 2912 1381 2948 lexisse
1410 2910 1714 2958 Aristophanem.
1747 2913 1838 2946 Nam
1863 2912 2145 2958 Lysimachides
2183 2914 2255 2950 fuit

1248 2970 1389 3006 archon
1410 2981 1508 3005 anno
1528 2972 1546 3009 4
1569 2968 1724 3018 Olymp.
1762 2968 1826 3005 83.
1846 2972 2013 3005 Pinum.
2043 2970 2209 3022 μυριάδας
2225 2973 2253 3009 δ’

1248 3028 1433 3065 Dobraeus
1456 3038 1502 3061 ex
1530 3026 1722 3062 Plutarchi
1741 3027 1826 3062 Vita
1858 3027 1989 3064 Pericl.
2023 3042 2054 3067 0.
2091 3029 2151 3075 37.
2175 3034 2254 3068 Nu—

1250 3087 1424 3122 meralem
1446 3091 1572 3119 notam
1593 3084 1676 3120 Ald.
1705 3097 1779 3121 om.
1802 3106 1853 3111 —
1872 3083 1919 3120 52
1939 3083 2042 3122 πέντε
2061 3086 2198 3138 ἑκάστῳ
2215 3087 2250 3124 δὲ

1247 3142 1428 3189 Ἀθηναίων
1458 3148 1498 3183 V.
1529 3146 1696 3199 Ἀθηναίῳ
1725 3150 1808 3186 Ald.
1841 3153 2064 3193 Addendum
2102 3160 2165 3198 vid
2183 3171 2254 3196 ·tur

1244 3202 1398 3248 δοθῆναι,
1419 3204 1520 3252 quod
1545 3206 1727 3244 nobi-aeus
1747 3222 1819 3258 pro
1847 3210 2020 3258 Ἀθηναίω)
2048 3216 2252 3254 substitue-

1243 3252 1321 3290 bat.
1339 3255 1511 3292 Ceterum
1529 3258 1556 3293 si
1576 3259 1727 3307 triginta
1751 3263 1865 3301 millia
1893 3253 2169 3306 mediinnorurn
2195 3271 2250 3306 in-

1241 3319 1298 3347 ter
1325 3312 1422 3349 cives
1450 3319 1570 3357 14240
1594 3316 1711 3353 divisa
1729 3330 1833 3367 sunt,
1852 3336 1926 3360 non
1948 3324 2049 3362 πέντε
2070 3326 2250 3374 μεδίμνους

1240 3370 1392 3417 singuli,
1409 3371 1471 3406 sed
1492 3373 1617 3420 paullo
1638 3376 1759 3414 minus
1781 3393 1893 3429 quam
1911 3381 2011 3421 πέντε
2036 3384 2248 3436 ἡμιμέδιμνα
