2533 3808
247 193 319 225 90
998 178 1244 217 seflomA
1279 178 1335 215 lN
1373 179 1579 217 RANAS.

297 284 328 308 47
333 283 359 307 7.
371 267 571 338 ΙοργόνεςΝ
567 264 750 316 Ιιθράσιαι
771 277 779 301 ;
805 263 886 300 Aah
906 261 1015 312 δήμου
1035 265 1094 307 τῆς
1113 263 1266 306 Αττικῆς

246 342 405 377 πονηρου.
422 327 482 361 οὐκ
499 325 571 367 εἰκῆ
590 320 624 358 δὲ
641 323 741 358 τοῦτο
758 323 863 366 εἶπεν,
881 319 955 356 ἀλλ’
982 318 1112 356 ἐοίκασι
1129 318 1184 355 τὸν
1203 318 1265 362 δῆ-

247 400 309 434 μον
325 397 440 420 τουτον
461 378 692 417 διαὸοἱλλεινε
676 393 721 420 ως
736 376 1020 428 κακοπράγμονα.
1036 375 1101 412 εἰσὶ
1122 375 1156 412 δὲ
1175 378 1268 412 οὗτοι

247 441 313 477 ἀπὸ
330 439 515 490 Τίθραντος
541 451 599 472 του
621 433 807 476 Πανδίονος
822 433 976 476 παιδὸς’
962 432 1146 482 επώνυμοι.
1165 434 1212 474 εἷς
1233 430 1268 468 δε

211 509 227 532 5
246 496 308 542 τὴν
332 491 481 545 Αἷγηιδα
507 491 615 545 φυλὴν
640 490 944 540 κατανενέμηνται.
1029 489 1187 540 (”.Αλλως
1206 491 1269 527 Τι-

247 553 397 606 θράσιος,
419 551 521 594 τόπος
539 552 599 596 τῆς
624 548 772 595 Λιὸύης,
789 548 868 586 ἔνθα
896 550 931 585 αἱ
951 546 1114 599 Γοργόνες
1143 547 1268 598 διέτρι-

248 612 330 660 ὃον).
347 633 393 639 -
412 607 681 660 διασπαράξωσι.
712 606 813 648 τόπος
831 609 890 651 τῆς
909 605 1052 651 Λιὸύης.
1074 612 1111 642 R.

299 681 361 706 478.
392 667 467 704 ἀντὶ
485 682 543 704 του
561 664 702 710 νικήσω.

299 738 361 762 479.
391 728 502 770 ουτος,
520 722 553 760 τί
582 721 777 774 δέδρακας;
799 720 896 759 Ἰδὼν
914 723 931 757 ὁ
953 719 1105 762 Ξανθίας
1133 718 1188 756 διὰ
1213 717 1270 755 τὸν

200 795 229 816 10
249 783 352 835 φόὸον
375 780 650 826 ἀποπατήσαντα
678 779 736 817 τὸν
766 777 944 827 Διόνυσον,
968 777 1083 830 φησὶν,
1106 780 1223 822 οὗτος,
1239 776 1271 813 τί

249 840 434 892 δέδρακας,
455 838 493 876 τὸ
509 837 544 875 δὲ
563 837 661 876 κάλει
682 835 756 874 θεὸν
771 834 858 877 τινὲς
879 834 983 878 οὕτως
1001 832 1270 871 ἀποδεδώκασιν.

250 898 283 933 ἐν
302 898 370 939 τοῖς
383 897 568 941 Αηναϊκοῖς
587 896 697 943 ἀγωσι
714 896 772 930 τοῦ
799 891 962 930 Διονύσου
981 894 998 928 6
1020 892 1184 943 δαδοῧχος
1208 906 1273 928 κα-

249 953 359 1005 τέχων
378 952 563 1002 λαμπάδα,
582 951 692 1001 λέγει,
709 950 844 988 καλεῖτε
858 948 940 986 θεόν.
958 964 1017 986 και
1030 951 1059 986 οι
1079 948 1273 986 ὑπακούον-

251 1028 303 1055 τες
322 1013 447 1062 βοῶσι,
469 1028 482 1043 «
501 1009 665 1058 Σεμελήϊ’
683 1006 804 1058 Ἴακχε
821 1006 1043 1044 πλουτοδότα.
1063 1024 1077 1039 >1
1097 1005 1119 1052 ἢ
1137 1006 1220 1058 πρὸς
1235 1005 1273 1043 τὸ

203 1080 231 1103 ι5
251 1070 284 1105 ἐν
305 1071 379 1110 ταῖς
395 1066 525 1109 θυσίαις
538 1064 788 1116 ἐπιλεγόμενον.
809 1063 945 1101 ἐπειδὰν
962 1062 1028 1115 γὰρ
1047 1063 1275 1108 σπονδοποιή-

252 1140 399 1170 σωνται,
427 1123 654 1173 ἐπιλέγουσιν,
681 1121 881 1171 ἐκκέχυται,
910 1120 1007 1157 κάλει
1036 1120 1123 1157 θεόν·
1149 1121 1233 1173 πρὸς
1258 1120 1275 1157 δ

252 1182 436 1227 ἐξείλεκται
456 1183 501 1223 εἷς
516 1194 626 1217 τουτο.
694 1177 835 1221 ’.Αλλως
854 1177 953 1215 κάλει
970 1177 1070 1216 θεόν;
1087 1178 1180 1229 Πρὸς
1199 1177 1275 1227 βοή-

253 1243 343 1276 θειαν
375 1239 472 1276 κάλει
497 1238 582 1276 θεόν.
610 1238 648 1274 06
668 1235 733 1288 γὰρ
761 1235 922 1278 Διόνυσος
941 1235 1012 1278 θεὸς
1031 1230 1085 1282 ῆν,
1106 1235 1158 1272 ὅτι
1182 1239 1275 1272 εἶπεν

253 1299 362 1349 αὗτῳ,
380 1296 476 1334 κάλει
492 1295 577 1333 θεόν.
600 1298 700 1333 τοῦτο
719 1291 792 1331 δε(
774 1310 818 1336 ως
834 1295 867 1330 ἐν
883 1292 1050 1345 κωμῳδία
1065 1293 1274 1331 πέπλασται.

201 1363 234 1387 20
253 1353 415 1405 [Ἄλλως.
446 1353 602 1391 εἰώθασιν
621 1355 651 1390 οἱ
675 1350 837 1401 μεγάλοις
867 1353 985 1393 κακοῖς
1015 1350 1277 1402 περιπίπτοντες

253 1412 325 1450 θεὸν
357 1413 594 1449 ἐπικαλεῖσθαι
613 1409 697 1460 πρὸς
717 1407 855 1460 ἀρωγὴν
876 1407 993 1450 θυσίας
1016 1407 1104 1450 τινὸς
1122 1407 1274 1459 ὑποσχέ-

253 1485 315 1506 σει.
346 1468 493 1506 δείκνυσι
513 1466 548 1505 δὲ
568 1469 717 1504 ἐντεῦθεν
734 1467 779 1507 ὡς
802 1467 819 1502 6
838 1464 998 1507 Διόνυσος
1017 1465 1079 1502 οὔκ
1095 1465 1166 1502 ἔστι
1186 1465 1276 1512 θεὸς,

252 1529 297 1569 ὡς
320 1528 354 1563 ἐν
373 1525 539 1577 κωμῳδίᾳ
554 1524 696 1567 παίζων.
718 1522 755 1560 τὸ
775 1521 810 1559 δὲ
837 1521 1003 1573 ἐγκέχοδα
1024 1521 1167 1559 ἀπὸτοῦ
1186 1522 1277 1573 χέζω

255 1583 355 1632 μέσος
373 1582 650 1635 παρακείμενος.]

200 1654 232 1678 25
305 1653 367 1679 481.
398 1641 473 1677 ἀλλ’
493 1642 631 1692 ὡρακιῶ
649 1652 658 1677 t
679 1637 767 1676 Ἀντὶ
783 1641 841 1675 τοῦ
859 1638 994 1689 ὠχριῶ,
1011 1637 1186 1690 φροντίζω.
1203 1637 1277 1690 ὥρα

253 1698 318 1752 γὰρ
338 1702 360 1744 ἡ
381 1698 523 1750 φροντίς.
544 1699 583 1735 ἐκ
602 1696 638 1734 δε
657 1695 845 1767 φροντίδος
849 1694 948 1733 ἐκλύε
934 1695 1007 1732 εταί
1026 1710 1088 1738 τις.
1110 1696 1277 1748 (ωρακιᾶ-

254 1771 313 1794 σαι
337 1755 372 1793 δὲ
394 1755 531 1806 λέγεται
550 1755 589 1792 τὸ
613 1754 678 1796 υπὸ
697 1753 802 1806 φόὸου
828 1753 1016 1812 ὧγριᾶσαι·
1036 1752 1120 1803 [ἀπὸ
1139 1757 1197 1791 τοῦ
1216 1753 1278 1800 τὴν

254 1812 346 1865 ὥραν
363 1813 516 1856 αἰκίζειν.
535 1827 635 1850 τουτο
653 1810 688 1848 δὲ
712 1811 890 1862 Σοφοκλῆς
909 1804 1035 1847 εἶπεν
1020 1826 1054 1847 εν
1077 1811 1278 1863 Ἀμφιαράῳ

255 1872 440 1922 σατυρικῷ.
455 1870 493 1908 τὸ
511 1868 698 1922 ὠχριᾶσαι]
715 1866 916 1917 θλιὸομένης
932 1870 993 1914 τῆς
1008 1868 1162 1920 καρδίας.
1180 1873 1279 1907 τοῦτο

202 1938 237 1963 30
255 1927 290 1965 δὲ
302 1929 439 1971 πολλοῖς
453 1927 609 1977 γίνεται.)

306 1998 369 2023 483.
399 1988 539 2023 πούστιν
562 1997 570 2022 :
597 1982 641 2022 Ο
661 1982 822 2026 Διόνυσος
847 1981 1055 2034 φοὸούμενος
1078 1983 1188 2034 λέγει,
1213 1988 1279 2022 ποῧ

256 2044 345 2080 ἐστιν
370 2045 391 2088 ἡ
416 2041 541 2095 καρδία
567 2056 649 2091 μου,
675 2063 725 2069 -
750 2043 815 2089 ποῦ
840 2040 924 2077 ’στιν
946 2043 968 2086 ἡ
995 2040 1119 2092 καρδία
1145 2057 1223 2089 σου,
1252 2046 1280 2080 ὠ

253 2105 376 2151 χρυσοῖ
396 2099 481 2146 θεοὶ,
501 2099 632 2136 ἐνταῦθ’
657 2098 745 2150 ἔχεις
763 2096 826 2144 τὴν
845 2097 1001 2150 καρδίαν,
1027 2098 1105 2135 ἔνθα
1133 2114 1197 2149 μου
1219 2099 1281 2146 τὴν

254 2163 355 2210 χεῖρα
370 2129 602 2209 προσήγαγες;
619 2159 655 2189 C-

203 2233 236 2257 35
308 2227 370 2252 484.
407 2214 535 2251 ἐνταῦθ’
565 2212 653 2264 ἔχεις
681 2212 743 2258 τὴν
762 2212 906 2265 καρδίαν
930 2212 1097 2265 ;[[Ἔνθα
1126 2229 1191 2263 μου
1219 2213 1281 2260 τὴν

255 2278 356 2324 χεῖρα
371 2272 604 2324 προσήγαγες·
618 2271 721 2321 ἤγουν
737 2270 815 2321 περὶ
830 2269 888 2308 τὸν
904 2269 1094 2323 πρωκτόν]
1109 2272 1280 2321 λαμὸάνει

255 2333 273 2367 6
298 2330 456 2372 Διόνυσος
480 2329 542 2375 τὴν
569 2334 670 2381 χεῖρα
694 2331 752 2365 τοῦ
777 2327 946 2375 Ξανθίου,
971 2328 1031 2366 καὶ
1059 2329 1280 2381 προστίθησιν

256 2389 302 2430 εἷς
317 2387 372 2425 τὸν
389 2386 557 2439 πρωκτόν.
571 2389 590 2424 6
608 2385 643 2423 δὲ
660 2385 773 2432 τίθησι
788 2385 845 2423 τὸν
866 2385 1014 2436 σπόγγον
1032 2387 1078 2429 εἷς
1101 2386 1140 2424 τὸ
1155 2388 1279 2426 αἰδοῖον

256 2446 360 2482 αὐτοῦ
379 2444 524 2494 γέλωτος
539 2443 653 2494 χάριν.

204 2515 238 2539 4ο
308 2515 371 2540 487.
401 2504 474 2544 πῶς
502 2501 607 2543 δειλὸς
632 2514 642 2539 :
669 2500 798 2549 (Δειλός
823 2502 894 2549 εἶμι
913 2499 1002 2550 ἐγὼ,
1029 2500 1080 2538 ὅτι
1104 2500 1219 2551 ᾔτησά
1244 2517 1281 2540 σε

257 2558 443 2609 σπογγίαν,
451 2560 461 2608 )
482 2561 581 2596 τοῦτο
599 2557 671 2595 δὲ
654 2573 699 2600 ως
716 2556 927 2628 θαυμάζων
939 2556 1059 2594 ἑαυτὸν
1085 2560 1102 2594 ὁ
1121 2557 1282 2602 Διόνυσος

257 2615 365 2665 λέγει,
385 2614 437 2652 ὅτι
453 2616 515 2652 οὐκ
533 2614 572 2652 ἂν
592 2613 731 2656 ἄλλος’
710 2612 817 2664 ῃτησέ
831 2628 888 2660 σε,
903 2616 931 2651 ὠ
949 2615 1100 2660 Ξανθία,
1120 2614 1280 2665 σπόγγον,

258 2674 332 2710 ἀλλ’
354 2672 545 2720 ἐσιώπησεν
563 2671 615 2710 ἄν.
635 2672 707 2721 (τοῦ
726 2670 792 2721 γὰρ
812 2671 922 2708 δειλου
937 2670 976 2708 τὸ
995 2672 1116 2709 οἷκειον
1133 2679 1280 2719 σιωπᾶν,

256 2732 293 2767 06
321 2730 360 2767 τὸ
384 2730 530 2780 λαλεῖν.)
557 2728 614 2781 [τὸ
640 2727 675 2765 δὲ
699 2726 766 2777 ἐγώ
785 2727 807 2772 ἢ
837 2726 937 2777 μόνον
962 2729 1038 2764 κατ’
1061 2728 1238 2780 ἐρώτησιν,
1258 2730 1280 2775 ἢ

208 2805 240 2829 45
258 2788 332 2825 καθ’
349 2786 539 2837 ὁμαλισμὸν
558 2785 659 2838 μέχρι
674 2788 733 2823 τοῦ
750 2784 888 2836 δειλός]

308 2858 370 2883 489.
390 2843 664 2897 (ὀσφραινόμενος
681 2857 690 2882 :
704 2844 751 2881 Οἱ
765 2845 814 2894 τῷ
832 2842 927 2894 φόὸῳ
941 2842 1138 2892 ἐκλυόμενοι
1152 2844 1280 2896 ὀσφρή-

257 2917 308 2939 σει
331 2903 388 2940 τὸν
412 2902 512 2940 πόνον
532 2901 710 2940 παύουσιν.
731 2903 749 2938 6
768 2899 804 2938 δὲ
822 2900 922 2944 πόνος
941 2901 1054 2943 αὐτοῖς
1078 2902 1116 2939 ἐκ
1140 2902 1282 2954 καρδίας

255 2959 410 3010 γίνεται.)

308 3030 371 3055 490.
402 3016 635 3069 ἀπεψησάμην
663 3029 671 3055 :
699 3014 1023 3066 [Κατεμαξάμην.]
1049 3016 1198 3065 (ἀποψᾶν
1220 3016 1273 3054 λέ-

207 3089 241 3113 50
257 3088 354 3122 γουσι
369 3073 407 3110 τὸ
419 3074 617 3123 ἐκμάσσειν.
631 3089 690 3111 και
705 3074 739 3110 ἐν
755 3071 904 3124 Πλούτῳ
917 3072 1000 3123 [818]
1016 3090 1030 3105 «
1045 3071 1280 3124 ἀποψώμεσθα

259 3131 285 3166 δ’
302 3131 354 3188 06m
359 3129 499 3173 λίθοιςῖ
480 3147 542 3170 ετι.
562 3132 662 3180 »--)
611 3132 731 3182 -ψῶ
746 3129 906 3177 σημαίνει
921 3128 1033 3167 πέντε.
1049 3129 1088 3167 τὸ
1107 3128 1280 3176 λεπτύνω,

258 3185 291 3229 ἐξ
316 3189 354 3223 οὓ
379 3186 437 3223 καὶ
461 3187 559 3238 ψιλὸν
585 3187 798 3238 στρατιώτην
823 3185 965 3237 λέγομεν
984 3185 1042 3223 τὸν
1069 3186 1198 3223 ἄοπλον
1223 3187 1281 3224 καὶ

258 3242 398 3291 γυμνόν.
416 3241 456 3280 τὸ
473 3241 573 3295 ψαύω
589 3243 647 3281 καὶ
662 3244 897 3303 προσεγγίζω,
918 3243 951 3287 ἐξ
971 3246 1009 3281 οὓ
1028 3243 1087 3281 καὶ
1105 3243 1205 3296 ψώρα
1222 3257 1281 3282 και

259 3299 299 3337 τὸ
324 3300 570 3352 ἄπεψησάμην.
590 3301 628 3338 τὸ
646 3300 776 3352 τέμνω,
793 3301 828 3346 ἐξ
845 3305 884 3339 οὗ
902 3317 960 3339 και
979 3300 1098 3353 ψωμὸς
1116 3303 1134 3338 6
1153 3302 1198 3343 εἷς
1222 3316 1281 3350 μι-

1320 261 1386 312 κρὰ
1404 262 1621 312 τεμνόμενος.
1639 263 1677 300 τὸ
1697 263 1886 315 συντρίὸω,
1902 264 1935 308 ἐξ
1951 267 1989 301 ου
2005 277 2064 301 και
2082 264 2255 317 ψώχοντες
2270 266 2348 311 τοὺς

1321 318 1474 369 στάχυας
1494 320 1569 357 ἀντι
1590 324 1648 357 τοῦ
1667 324 1742 364 ταῖς
1760 321 1859 373 γερσὶ
1878 321 2124 373 συντρίὸοντες.
2149 323 2209 361 καὶ
2232 325 2287 376 ψῶ
2311 325 2350 361 τὸ

1321 374 1428 422 καίω,
1446 375 1479 419 ἐξ
1495 380 1533 413 οὑ
1550 392 1608 413 και
1624 378 1737 429 ψωλὸς
1753 377 1852 421 δαλὸς
1867 381 1885 415 6
1903 378 2113 429 κεκαυμένος
2132 395 2192 417 και
2207 380 2351 433 ψωλόεις
2380 388 2411 408 >³
2431 368 2434 369 ⁷

1323 427 1407 475 εἶδος
1420 448 1597 484 κεραυνου.
1617 435 1663 472 Θ.

1375 503 1437 528 494.
1462 490 1508 527 ἴθι
1535 506 1592 528 νυν
1621 505 1630 529 :
1662 491 1714 529 T6
1740 491 1785 529 ἴθι
1809 492 1884 529 ἀντὶ
1908 496 1966 531 τοῦ
1995 494 2067 544 ἄγε.
2097 495 2350 545 (συνομωνυμεῖ
2370 522 2386 546 ⁵

1323 545 1388 599 γὰρ
1406 547 1445 585 τὸ
1464 548 1579 600 δεῦρο,
1600 548 1618 585 ὃ
1635 548 1796 598 σημαίνει
1812 565 1871 586 και
1887 549 1925 587 τὸ
1941 550 2028 601 ἄγε.)

1374 604 1582 657 ληματιᾷςῑ
1610 605 1719 655 Λῆμά
1743 608 1814 643 ἐστι
1838 606 1877 643 τὸ
1901 607 2072 659 φρόνημα.
2093 611 2264 662 ληματιᾶς
2283 615 2354 657 οὖν,

1326 660 1416 711 μέγα
1441 665 1584 714 φρονεῖς.
1608 661 1796 733 (γράφεται
1819 678 1877 700 και
1902 665 2093 714 ληματίας,
2116 666 2222 719 χωρὶς
2239 671 2298 705 τοῦ
2326 684 2352 705 ι·

1325 721 1394 756 οῖον
1412 719 1639 772 μεγαλόφρων
1659 723 1718 757 καὶ
1737 719 1899 772 ἰσχυρός.)

1378 789 1443 815 496.
1476 777 1837 829 ([ἀφοὸόσπλαγχνοςε
1863 777 2022 830 Αφοὸος.
2045 779 2230 832 ἐπειδήπερ
2249 783 2267 819 6
2291 782 2355 834 φό-

1327 833 1445 881 ὅος,“
1421 851 1467 878 ως
1491 850 1606 887 φασιν,
1628 837 1662 873 ἐν
1681 838 1750 878 τοῖς
1767 834 2009 886 σπλάγχνοις’
1994 836 2099 874 εστίν.
2116 836 2178 882 ἢ”
2157 852 2209 874 οτι
2227 841 2250 884 ἡ
2269 853 2336 892 καρ
2337 863 2357 868 -

1327 892 1382 930 δία
1399 894 1433 930 ἐν
1452 895 1521 936 τοῖς
1539 893 1768 945 σπλάγγνοις,
1785 893 1865 946 περὶ
1880 894 1922 940 ἣν
1940 896 1957 931 6
1976 893 2080 945 φόὸος
2092 894 2253 947 γίνεται]

1379 963 1442 989 497.
1475 949 1552 1001 (ἀνὰ
1571 950 1681 1002 μέρος)
1703 953 1738 988 ἐν
1755 950 1814 1002 ἴσῃ
1837 950 1962 1003 μερίδι.
1982 954 2074 984 R·V·

1380 1021 1442 1046 498.
1472 1008 1551 1060 φέρε
1570 1008 1611 1054 δὴ
1631 1009 1765 1060 ταχέως
1780 1023 1788 1047 :
1804 1010 1994 1057 Οὐδαμῶς,
2011 1008 2129 1060 φησὶν,
2147 1009 2290 1062 ὀφείλεις
2305 1011 2360 1049 λέ-

1327 1080 1410 1114 γειν,
1436 1065 1525 1103 ἀλλὰ
1544 1066 1603 1103 καὶ
1628 1065 1774 1112 διδόναι,
1798 1065 1855 1103 ἵνα
1872 1082 1925 1104 σοι
1944 1066 2137 1114 πιστεύσω,
2154 1066 2207 1105 ὅτι
2225 1069 2360 1114 ἀληθῶς

1329 1122 1525 1174 επαγγέλλῃ
1545 1139 1601 1173 μοι
1622 1122 1710 1160 αὐτὰ
1727 1123 1866 1161 διδόναι.

1381 1193 1444 1219 499.
1475 1181 1521 1223 εἷς
1536 1180 1592 1217 τὸν
1612 1179 1815 1232 Ἡρακλειοξ
1819 1180 1964 1219 ανθίανε
1983 1180 2093 1225 Αὐτὸς
2112 1181 2295 1226 Ξανθίας’
2280 1198 2362 1221 εκα-

1329 1239 1431 1275 λεῖτο.
1448 1238 1680 1310 πῖραπλήσια
1701 1237 1736 1275 δὲ
1754 1238 1844 1275 ὅπλα
1863 1241 1933 1281 τοῖς
1951 1238 2162 1290 Ἡρακλέους
2179 1244 2262 1291 εἶχε.
2278 1255 2363 1291 συμ-

1331 1310 1450 1345 μιγνυς
1469 1299 1525 1332 οὐν
1545 1294 1589 1331 τὰ
1609 1294 1667 1332 δύο
1683 1296 1800 1345 [ὁμοῦ]
1817 1299 1909 1332 εἶπεν
1927 1295 2265 1347 Ἡρακλειοξανθίαν.

2378 807 2410 831 10

2377 1083 2408 1108 15

1384 1365 1444 1390 501.
1475 1353 1537 1389 ὃύκ
1551 1351 1705 1397 Μελίτης
1722 1351 1931 1402 μαστιγίας;
1953 1352 2044 1390 Ἀντὶ
2061 1357 2145 1403 τοῦ,
2163 1355 2212 1390 6'
2197 1369 2234 1391 εκ
2251 1354 2360 1392 Μελί-
2376 1367 2411 1392 20

1330 1424 1390 1455 της
1401 1409 1589 1461 Ἡρακλῆς.
1606 1410 1639 1446 ἐν
1650 1408 1717 1460 γὰρ
1731 1408 1866 1459 Μελίτῃ
1879 1408 1979 1461 δήμῳ
1988 1412 2048 1456 τῆς
2061 1410 2217 1457 Ἀττικῆς
2229 1411 2363 1461 ἐμυήθη

1333 1466 1508 1518 Ἡρακλῆς
1526 1465 1569 1504 τὰ
1596 1464 1703 1518 μικρὰ
1730 1465 1914 1518 μυστήρια.
1934 1465 2008 1504 ἔστι
2036 1467 2072 1504 δὲ
2096 1469 2165 1505 ἐκεῖ
2189 1468 2248 1506 καὶ
2273 1469 2364 1520 ἱερὸν

1333 1523 1559 1575 εΠρακλέους.
1577 1523 1703 1569 ἐκλήθη
1724 1522 1760 1560 δὲ
1778 1524 1850 1562 ἀπὸ
1866 1523 2018 1570 Μελίτης
2033 1523 2186 1577 νύμφης,
2206 1520 2243 1577 (ᾗ
2262 1526 2364 1576 ἐμίγη

1332 1585 1350 1620 6
1370 1582 1573 1635 Ἡρακλῆς).
1596 1582 1782 1633 μαστιγίαν
1808 1581 1844 1619 δὲ
1868 1583 1914 1625 ὥς
1936 1582 2020 1634 πρὸς
2045 1583 2176 1621 δοῦλον.
2203 1583 2311 1637 (παρὰ
2330 1584 2366 1623 δὲ

1332 1638 1394 1686 τὴν
1410 1638 1571 1677 ὑπόνοιαν
1592 1638 1761 1686 σκώπτει,
1779 1638 1897 1685 ἐπειδὴ
1916 1641 1950 1677 ἐν
1972 1639 2107 1691 Μελίτῃ
2128 1640 2221 1678 ἐστὶν
2236 1642 2364 1694 ἐπιφα-
2380 1671 2414 1695 25

1332 1697 1493 1735 νέστατον
1520 1697 1608 1749 ἱερὸν
1635 1696 1848 1749 Ἡρακλέους
1873 1696 2096 1744 ἀλεξικάκου,
2121 1700 2139 1735 6
2158 1697 2194 1736 δὲ
2215 1699 2367 1742 Ξανθίας

1333 1756 1595 1807 ἀντιμετείληφε
1620 1753 1683 1800 τὴν
1700 1758 1759 1792 τοῦ
1784 1754 1995 1806 “Ηρακλεόυς
2019 1754 2158 1801 σκευήν.
2183 1755 2223 1793 τὸ
2248 1755 2283 1793 δὲ
2306 1761 2366 1794 τοῦ

1334 1812 1545 1865 Ἡρακλέους
1565 1812 1708 1862 ἄγαλμα
1735 1811 1831 1863 ἔργον
1860 1811 2013 1850 Γελάδου
2031 1815 2091 1849 τοῦ
2111 1812 2281 1864 Ἀργείου,
2305 1819 2364 1852 τοῦ

1334 1870 1542 1909 διδασκάλου
1559 1870 1713 1908 Φειδίου.
1729 1873 1751 1915 ἡ
1769 1870 1804 1907 δὲ
1820 1869 1948 1921 ἵδρυσις
1963 1869 2096 1920 ἐγένετο
2111 1869 2201 1908 κατὰ
2221 1871 2279 1909 τὸν
2299 1872 2366 1922 με’-

1333 1944 1396 1979 γαν
1415 1927 1553 1978 λοιμόν·
1579 1927 1654 1965 ὅθεν
1678 1927 1736 1965 καὶ
1761 1926 1938 1965 ἐπαύσατο
1962 1930 1984 1973 ἡ
2006 1927 2119 1974 νόσος,
2139 1929 2279 1966 πολλῶν
2305 1932 2365 1967 ἀν-

1334 1985 1478 2038 θρώπων
1505 1984 1766 2035 ἀπολλυμένων.
1788 1983 2012 2028 Ἀπολλώνιος
2031 1983 2067 2022 δὲ
2092 1986 2129 2023 06
2149 1988 2264 2029 κακῶς
2281 1990 2366 2025 ὓπο-

1334 2042 1513 2090 νενοῆσθαί
1526 2058 1610 2095 φησι
1625 2042 1663 2080 τὸ
1678 2041 1920 2094 κωμῳδεῖσθαί
1934 2057 2024 2081 τινα.
2041 2041 2123 2085 ἴσως
2140 2041 2176 2080 δὲ
2192 2042 2243 2081 ὅτι
2257 2038 2365 2095 ἦρχε,

1336 2101 1391 2138 διὰ
1414 2104 1513 2139 τοῦτο
1535 2101 1597 2137 οὐκ
1622 2099 1819 2150 ὠνομάσθη.
1840 2098 1862 2144 ἢ
1882 2099 1995 2151 ὀλίγον
2018 2099 2182 2151 πρότερον
2214 2106 2292 2148 [429]
2319 2104 2366 2140 εἰ·

1337 2161 1471 2211 ρῆσθαι.
1504 2157 1659 2200 Καλλίας
1684 2156 1750 2208 γὰρ
1776 2160 1794 2195 6
1821 2156 2018 2196 Ἱππονίκου
2040 2159 2074 2194 ἐν
2106 2158 2241 2209 Μελίτῃ
2268 2158 2364 2211 ᾤκει.

1334 2215 1534 2267 παρεικάζει
1554 2214 1589 2252 δὲ
1608 2214 1709 2252 αὐτὸν
1727 2214 1800 2265 ἅμα
1819 2216 1867 2266 τῷ
1885 2214 2071 2266 <Ηρακλεῗ,
2096 2214 2170 2266 ἅμα
2190 2216 2366 2267 χλευάζων

1335 2273 1390 2310 διὰ
1405 2272 1444 2310 τὸ
1459 2274 1579 2323 λεοντῇ
1596 2273 1630 2309 ἐν
1647 2272 1722 2315 ταῖς
1737 2274 1866 2323 μαχαῖς
1881 2274 2050 2324 χρῆσθαι,
2063 2274 2108 2315 ὡς
2125 2273 2159 2310 ἐν
2172 2278 2242 2316 τοῖς
2256 2273 2368 2311 ὀπίσω

1435 2364 1549 2395 κύσθου
1562 2365 1684 2402 λεοντῆν
1701 2367 1869 2404 ναυμαχεῖν
1883 2364 2060 2404 ἐνημμένον.

1336 2443 1410 2481 ἐπει
1427 2443 1458 2481 εἴ
1474 2459 1512 2494 γε
1529 2443 1632 2486 ὅντως
1650 2443 1706 2481 ἐπι
1724 2443 1782 2481 τὸν
1805 2442 1983 2494 Ηρακλέα
2004 2442 2163 2496 ἀνέφερε,
2181 2443 2216 2481 τί
2235 2445 2366 2494 μᾶλλον

1336 2516 1408 2538 ειπε
1427 2501 1466 2538 τὸ
1486 2504 1523 2538 ἐκ
1548 2500 1718 2547 Μελίτης,
1742 2500 1801 2537 καὶ
1824 2499 1872 2549 μὴ
1894 2499 1927 2543 ἐξ
1948 2500 2053 2538 αΛλου
2073 2500 2204 2550 δήμους
2231 2517 2366 2539 παντα-

1334 2562 1397 2608 χοῦ
1417 2558 1482 2628 γὰρ
1503 2557 1728 2609 Ἡράκλεια’
1713 2560 1874 2608 επιφανῆ.
1900 2556 2039 2603 σύνηθές
2057 2572 2095 2595 τε
2111 2558 2176 2607 οὐχ
2202 2556 2292 2595 ουτω
2309 2558 2365 2596 λε’-

1335 2630 1405 2664 γειν
1421 2615 1475 2652 ἐπὶ
1498 2618 1593 2661 θεῶν,
1611 2617 1671 2652 ουκ
1690 2614 1862 2660 Μελίτης,
1883 2614 1959 2651 ἀλλ’
1977 2615 2029 2650 6’
2014 2629 2048 2651 εν
2068 2614 2259 2665 Μελίτῃ,ε
2241 2630 2287 2658 ως
2306 2615 2366 2653 καὶ

1335 2671 1420 2715 Ζευς
1435 2674 1487 2709 6'
1473 2688 1506 2710 εν
1525 2671 1719 2723 Ὀλυμπία·
1738 2671 1794 2708 ἐπὶ
1815 2670 1850 2708 δὲ
1866 2670 2068 2722 ἀνθρώπων,
2087 2673 2125 2708 ἐκ
2141 2671 2347 2719 Μελίτης,’
2332 2672 2366 2717 εξ

1333 2729 1437 2776 Οἴου,
1463 2731 1501 2767 ἐκ
1528 2730 1749 2769 Κοθωκιδῶν.
1773 2731 1845 2771 πῶς
1873 2727 1908 2765 δὲ
1937 2728 1996 2765 καὶ
2022 2728 2250 2781 παλαιότερον
2278 2733 2365 2767 εἶναι

1335 2786 1593 2839 Ἀριστοφάνους
1617 2785 1656 2824 τὸ
1682 2785 1843 2836 ἄγαλμα,
1871 2788 1899 2822 εἷ
1930 2785 2140 2835 ἀκμάζοντος
2164 2801 2225 2824 του
2244 2787 2365 2837 λοιμοῦ

1335 2843 1472 2896 ἱδρύθη,
1489 2843 1612 2894 σχεδὸν
1633 2842 1700 2894 γὰρ
1721 2842 1941 2895 μειρακίσκος
1959 2843 2027 2890 ἤδη
2046 2843 2177 2889 ἥπτετο
2192 2845 2260 2881 τῶν
2278 2843 2366 2894 ἀγώ-

1335 2903 1427 2951 νων.)

1387 2971 1450 2997 503.
1481 2957 1670 3008 θεράπαινα
1695 2957 1914 3010 Περσεφόνης
1935 2956 2049 3015 (ᾍδου
2070 2959 2123 3009 R.)
2142 2950 2236 3009 λε’γει
2253 2961 2363 2996 ταῦτα

1333 3014 1417 3066 πρὸς
1434 3015 1491 3053 τὸν
1512 3014 1701 3052 Ξανθίαν”
1682 3030 1805 3065 εχοντα
1825 3015 1887 3062 τὴν
1910 3016 2063 3062 λεοντῆν.
2085 3019 2111 3050 R
2119 3021 2169 3051 ..V
2195 3015 2242 3053 Θ.
2264 3015 2365 3067 θερά-

1334 3088 1421 3119 πων,
1442 3075 1487 3116 ὡς
1506 3072 1541 3110 δέ
1562 3088 1647 3115 τινες
1666 3088 1782 3124 φασιν,
1804 3073 1907 3119 δούλη
1930 3075 1972 3123 (οἱ
1993 3073 2030 3111 δέ
2047 3087 2150 3126 φασιν
2168 3071 2293 3118 δούλην
2312 3074 2362 3123 G)

1335 3128 1565 3181 Περσεφόνης.
1580 3142 1621 3171 v,

1387 3200 1448 3225 504.
1477 3189 1498 3233 ἡ
1518 3186 1615 3239 Κόρη
1631 3187 1798 3232 δηλονότι.
1814 3196 1852 3226 R.

1398 3257 1460 3282 505.
1501 3246 1709 3296 κατερικτῶν
1742 3244 1872 3296 χύτρας
1899 3257 1908 3283 :
1939 3246 2021 3282 Τῶν
2048 3241 2361 3292 κατακεκομμένων

1335 3301 1499 3353 ὀσπρίων,
1518 3299 1540 3347 ἢ
1557 3304 1623 3339 τῶν
1644 3301 1786 3351 κυάμων
1810 3304 1877 3339 τῶν
1898 3300 2119 3353 σχιζομένων,
2142 3298 2247 3350 (λέγει
2263 3298 2298 3336 δὲ
2316 3298 2361 3337 τὰ

2385 2243 2419 2269 35

2384 2592 2418 2618 40

2383 2871 2417 2896 45

2381 3153 2415 3180 50
