2533 3808
354 174 422 205 (510

349 260 478 286 rorum
503 246 599 282 ultra
623 243 718 279 duos
739 251 857 276 annos
879 245 916 275 et
935 236 1132 275 Euclidem
1155 235 1357 284 magistra—-

349 315 427 342 tum
449 302 691 353 productum.
707 301 836 346 Longe
850 295 994 332 cautius
1015 293 1224 333 Simsonius
1241 291 1356 328 nobi-

347 363 527 400 lissimum
543 356 776 406 Thrasybuli
792 357 932 392 factum
947 354 1145 392 collocavit
1160 352 1198 388 in
1215 364 1355 388 annum

353 435 366 456 1
384 421 431 456 ol.
448 424 510 466 94,
523 415 773 465 Xenophonti
790 411 1222 451 obsecutus-:audiamus
1241 409 1356 445 modo

348 477 575 515 Cleocritum
620 482 828 522 mystarum
867 483 1080 522 praeconem
1120 468 1222 519 apud
1269 480 1356 503 eum

348 533 629 571 contentissima
660 544 755 568 voce
785 530 1038 567 clamitantem
1065 541 1085 563 2
1101 556 1110 573 ‚
1133 532 1174 571 4,
1201 539 1245 561 21
1266 539 1273 561 :
1296 522 1356 569 Μὴ

346 591 500 628 πείθεσθε
517 596 585 632 τοῖς
602 588 845 630 ἀνοσιωτάτοις
866 587 1071 639 τριάκοντα,
1099 584 1131 622 οἳ
1152 584 1245 621 ἰδίων
1276 597 1357 633 κερ-

347 649 431 686 δέων
443 647 544 685 ἕνεκα
559 646 674 697 ὀλίγου
690 646 756 683 δεῖν
773 645 909 688 πλείους
927 643 1153 681 ἀπεκτόνασιν
1170 640 1356 688 Ἀθηναίων

348 710 380 745 ἐν
407 714 520 744 ΟΚΤΩ
548 704 712 750 ΜΗΣΙ,ἢ
740 705 865 747 πάντες
888 702 1162 749 Πελοποννήσιοι
1192 702 1275 738 δεκα
1298 699 1357 745 ἔτη

346 766 591 813 πολεμοῦντες·
617 775 837 809 numerum,
865 775 959 811 quos
980 761 1137 813 ἀκρίτους
1155 761 1359 797 intereme-

348 824 424 859 rint
437 852 447 871 ,
468 821 638 858 definivit
657 824 840 857 Isocrates
858 820 896 856 in
914 823 1105 869 Areopag.
1129 831 1165 868 p.
1190 817 1261 854 153
1274 846 1283 862 ‚
1311 819 1358 861 C,

349 881 449 917 mille
469 888 506 916 et
523 879 761 928 quingentos.
778 879 886 916 conf.
906 882 945 915 P.
961 877 1177 925 Wesseling.
1192 875 1238 913 ad
1262 878 1358 912 Sam.

349 939 460 976 Petiti
484 941 604 987 Leges
620 938 764 974 Atticas
785 951 822 986 p.
847 938 931 985 193.
956 937 1025 974 Hic
1042 936 1073 973 si
1095 934 1246 986 πέμπτῳ
1263 934 1357 970 reti-

348 1009 517 1041 neamus,
533 1004 575 1032 ut
586 1008 675 1031 sane
690 994 990 1031 conservandum
1005 1004 1074 1041 est,
1086 993 1358 1030 Philochorum

349 1054 574 1091 habebimus
595 1053 795 1090 manifesto
809 1053 1061 1102 Xenophonti
1078 1052 1359 1101 suffragantem.

349 1117 481 1151 Cetera
495 1113 548 1149 sic
563 1111 741 1148 videntur
763 1125 874 1161 posse
891 1111 1069 1148 constitui
1088 1126 1095 1147 ε
1113 1108 1203 1147 ἀλλὰ
1219 1109 1290 1156 καὶ,
1315 1111 1360 1150 ὡς

349 1171 569 1222 Φιλόχορος,
598 1169 748 1221 πέμπτῳ
776 1168 843 1206 ἔτει
875 1169 1014 1221 ὕστερον
1040 1169 1137 1219 μάχη
1170 1170 1237 1205 τῶν
1273 1165 1360 1216 μετὰ

349 1228 599 1281 Θρασυέούλου
623 1227 790 1279 γενομένη
817 1222 882 1274 ἦν,
910 1223 934 1279 ’ᾖ
963 1227 1108 1280 Κριτίας
1140 1228 1175 1264 ἐν
1203 1228 1361 1277 Πειραιεῖ

348 1289 504 1339 τελευτᾷ.
526 1286 683 1337 Ἀλογίαν
704 1300 796 1323 vero
817 1295 854 1323 et
877 1285 1000 1336 ἄλογον
1022 1286 1238 1335 appellant,
1258 1283 1359 1333 quod

348 1345 527 1382 indecore
546 1353 759 1394 temporum
780 1344 991 1381 rationibus
1001 1344 1240 1388 adversanti-3
1256 1350 1295 1377 ut
1313 1341 1359 1377 ad

348 1416 382 1439 v.
408 1417 419 1438 1
432 1417 479 1451 79
495 1412 531 1439 et
548 1403 650 1453 apud
670 1404 764 1439 alios
790 1401 922 1451 ἀλόγως
941 1401 1015 1444 τοὺς
1035 1401 1175 1454 χρόνους
1194 1399 1361 1436 ἀναδιδά-

349 1463 435 1507 ζειν,
454 1459 576 1510 ἄλογος
592 1459 843 1511 ἀναχρονισμός
861 1469 930 1497 etc.
953 1458 1036 1497 Ἀπὸ
1059 1461 1126 1496 τῶν
1145 1474 1176 1496 σ.
1192 1478 1233 1482 —
1252 1473 1361 1495 κατα-

347 1517 533 1565 λαὸόντας,
555 1519 586 1555 si
601 1532 709 1555 suum
741 1519 865 1555 locum
890 1527 1060 1565 teneant,
1092 1516 1361 1567 significabunt

348 1578 448 1614 hunc
465 1590 615 1614 versum
634 1576 681 1613 ab
697 1578 780 1626 ipso
794 1578 963 1614 fortassis
974 1577 1232 1626 Aristophane
1249 1576 1361 1612 fuisse

347 1638 530 1674 insertum
554 1644 641 1685 post
662 1645 788 1685 pacta,
818 1650 902 1686 quae
920 1637 1078 1673 Athenis
1100 1644 1360 1672 convenerunt

347 1710 433 1732 curn
455 1696 523 1741 iis,
549 1695 615 1744 qni
642 1695 785 1743 Phylen
813 1702 1095 1744 occupaverant
1113 1709 1120 1729 :
1139 1703 1236 1738 tum,
1257 1693 1359 1742 quod

347 1759 515 1792 Kustero
542 1761 735 1803 praeeunte
756 1753 840 1800 feci,
858 1753 904 1789 ad
922 1751 997 1793 τοὺς
1017 1750 1278 1792 καταλαὸόντας
1296 1751 1360 1787 ad-

344 1812 549 1862 jiciendum
579 1820 636 1848 est
658 1809 798 1855 (Ι)υλήν·
825 1811 927 1860 quod
958 1823 1095 1847 nomen
1123 1810 1250 1855 facile,
1272 1810 1360 1858 quia

349 1884 439 1906 mox
468 1869 704 1914 iterabatur,
739 1869 902 1905 evanuit.
933 1872 1074 1905 Verum
1102 1868 1270 1916 suspicio
1302 1880 1361 1904 me

350 1929 490 1977 tetigit,
514 1928 593 1964 haec
623 1927 659 1962 in
686 1927 847 1963 alienam
870 1927 998 1963 sedem
1026 1940 1073 1962 ex
1097 1925 1360 1974 superioribus

348 2001 427 2024 esse
451 1987 778 2023 detrusa:sensus
806 1985 960 2034 quidem
985 1985 1021 2021 in
1055 1985 1199 2021 ἐνθεῖναι
1231 1985 1360 2020 finitus

348 2045 442 2081 nihil
465 2044 563 2079 ultra
582 2043 747 2092 postulat
761 2042 855 2091 :jam
876 2043 1083 2089 videamus,
1099 2055 1144 2079 an
1163 2056 1207 2079 eo
1228 2043 1359 2078 reduci

347 2110 501 2152 queant,
517 2101 585 2138 ubi
609 2092 768 2150 operam
789 2101 980 2137 utiliorem
999 2109 1178 2150 praestent
1197 2114 1204 2136 :
1227 2099 1357 2151 Ψηφί-

347 2163 473 2197 σασθαι
498 2158 608 2202 ἔδοξεν
630 2157 698 2195 ἀπὸ
714 2160 781 2195 τῶν
802 2160 978 2204 συνθηκῶν
1003 2160 1069 2194 τῶν
1089 2157 1250 2208 Ἀθήνῃσι
1265 2173 1361 2208 γενο-

348 2218 460 2268 μένων
486 2217 570 2269 πρὸς
591 2216 668 2259 τοὺς
695 2216 957 2258 καταλαὸόντας
973 2246 983 2264 ,
1015 2215 1063 2265 μὴ
1097 2219 1359 2265 μνησικακῆσαι

347 2286 417 2313 etc.
443 2277 513 2314 Hic
539 2276 631 2311 mihi
654 2284 727 2312 tam
753 2275 954 2312 commode
971 2275 1154 2311 videntur
1176 2275 1287 2324 poni,
1319 2285 1358 2312 ut

346 2335 440 2371 nihil
457 2334 504 2370 sit
521 2333 770 2383 probabilius,
789 2347 900 2383 quam
922 2333 1010 2370 inde
1027 2333 1154 2369 nescio
1170 2346 1247 2382 quo
1268 2347 1356 2370 casu

343 2393 456 2429 fuisse
475 2392 603 2428 avulsa
626 2406 634 2428 :
653 2400 754 2428 certe
777 2405 824 2428 ne
850 2390 973 2436 Φυλὴν
1001 2391 1153 2441 quidem
1177 2392 1357 2441 supplere

341 2463 494 2487 necesse
512 2458 589 2495 est,
604 2450 747 2499 quippe
771 2450 872 2499 quod
890 2463 935 2485 ex
954 2450 1139 2499 proximis
1162 2450 1262 2486 facili
1288 2463 1357 2486 ne-

341 2507 445 2556 gotio
463 2515 682 2555 repetatur:
701 2507 796 2543 ordo
814 2520 942 2543 rerum
967 2515 1154 2556 gestarum
1178 2508 1356 2556 pacisque

344 2567 450 2602 factae
470 2566 567 2600 inter
590 2577 677 2609 cos,
694 2565 760 2613 qui
783 2574 885 2612 asty,
901 2573 938 2601 et
959 2565 1062 2607 illos,
1082 2565 1148 2614 qui
1174 2566 1354 2602 Piraeeum

343 2623 540 2668 tenebant,
563 2622 674 2658 simul
701 2630 859 2658 constat.
874 2622 1009 2658 Foedus
1026 2630 1170 2667 autem,
1190 2636 1266 2670 quo
1283 2623 1354 2659 sibi

342 2689 475 2717 mutuo
488 2679 724 2716 reconciliati
740 2679 1353 2728 suntAthenienses,jurejurando

342 2739 525 2775 sancitum
539 2765 548 2783 ,
565 2737 671 2786 quasi
691 2737 850 2787 proprio
869 2737 1052 2774 vocabulo
1071 2739 1239 2782 συνθῆκαι
1258 2736 1354 2774 solet

342 2796 537 2846 appellari,
558 2803 595 2831 et
612 2797 779 2840 συνθῆκαι
800 2794 859 2832 καὶ
886 2793 991 2846 ὅρκοι.
1018 2799 1104 2843 Lys.
1123 2798 1165 2831 In
1180 2798 1295 2844 Agor.
1317 2807 1352 2844 p.

346 2855 437 2900 138,
466 2855 543 2890 28:
567 2854 612 2894 ὡς
639 2852 733 2903 παρὰ
758 2852 836 2895 τοὺς
862 2853 981 2904 ὅρκους
1008 2850 1066 2888 καὶ
1093 2850 1154 2894 τὰς
1183 2852 1354 2898 συνθήκας

341 2911 564 2961 ἀγωνίζεται,
591 2909 629 2952 ἃς
649 2910 857 2961 συνεθέμεθα
876 2911 961 2962 πρὸς
985 2909 1062 2952 τοὺς
1085 2911 1119 2947 ἐν
1149 2910 1246 2948 ἄστει
1268 2912 1298 2947 οἳ
1318 2912 1351 2947 ἐν

342 2972 387 3020 τῷ
409 2971 581 3020 Πειραιεῖ·
605 2968 825 3020 ibidemque
857 2982 975 3018 saepe;
997 2982 1032 3018 p.
1068 2970 1136 3014 173
1151 2996 1160 3012 ‚
1191 2969 1236 3004 33
1259 2983 1266 3005 ε
1286 2974 1353 3011 τοῖς

341 3026 451 3077 ὅρκοις
469 3026 528 3062 καὶ
548 3031 622 3068 ταῖς
648 3025 832 3072 συνθήκαις
855 3025 1056 3076 ἐμμένουσι.
1090 3029 1242 3062 Isocrat.
1272 3029 1350 3062 Ex·-

341 3094 436 3133 rept.
453 3084 539 3120 adv.
556 3085 700 3121 Callim.
719 3098 755 3134 p.
777 3086 861 3131 375,
879 3088 907 3121 C
923 3099 930 3121 :
954 3082 1042 3122 οὕτω
1063 3083 1123 3133 μὲν
1142 3085 1210 3120 τῶν
1229 3086 1353 3129 συνθη-

342 3143 409 3177 κῶν
433 3143 602 3190 ἐχουσῶν,
633 3141 795 3179 τοιούτων
829 3141 864 3179 δὲ
892 3145 960 3180 τῶν
991 3142 1100 3194 ὅρκων
1133 3141 1325 3193 γενομένων
1344 3157 1351 3164 ·

342 3199 557 3248 praelectum
574 3200 688 3235 modo
707 3201 828 3236 fuerat
846 3201 1042 3250 injudicio
1061 3201 1162 3250 pacis
1179 3199 1351 3249 Jurisque

323 3265 326 3267 ’
343 3256 490 3303 iurandi
508 3257 712 3306 exemplar.
732 3261 785 3295 Ex
800 3259 973 3308 sequenti
988 3259 1028 3308 (l.
1048 3259 1067 3294 5
1083 3257 1183 3307 sqq.)
1205 3257 1350 3293 scholio

342 3314 502 3350 ridiculo
517 3323 554 3351 et
568 3327 613 3351 cx
639 3315 813 3352 Leidensi
826 3316 919 3353 nihil
940 3324 1161 3366 excerptum
1178 3328 1198 3351 a
1215 3314 1352 3351 Suidar

1093 150 1391 191 ADNOTATIO
1420 150 1474 187 IN
1503 150 1670 189 SCHOL.

1417 233 1574 270 brevius
1591 235 1703 270 etiam
1716 263 1726 281 ,
1745 248 1861 284 quam
1874 235 1965 272 editi
1979 235 2084 282 ‚cod.
2108 238 2181 272 LB.
2203 235 2328 285 posito
2348 238 2423 273 Co-

1416 292 1503 327 mici
1527 305 1639 328 versu
1662 292 1856 343 subjungit
1880 310 1888 331 ε
1915 294 2039 340 Φυλή·
2067 293 2177 344 ὄνομα
2208 294 2316 332 τόπου
2331 308 2339 315 ·
2365 294 2426 332 καὶ

1416 349 1603 398 Φυλάσιοι,
1622 353 1652 388 οἳ
1667 352 1884 396 ἐνοικοῦντες.
1902 371 1916 386 »
1931 358 2131 391 Hssms'r.—
2147 354 2194 391 50
2208 353 2251 391 τὰ
2266 357 2312 391 V.
2327 353 2366 391 τὸ
2379 355 2426 392 Θ.

1416 407 1501 444 Ald.
1515 410 1583 445 τῶν
1609 409 1778 446 additum
1800 424 1846 447 ex
1861 413 1906 450 Θ.
1924 413 1970 454 ὡς
1990 426 2065 448 om.
2081 416 2139 458 V.,
2167 426 2212 448 ex
2233 425 2309 462 quo
2323 426 2426 464 φησιν

1417 465 1702 508 additum-51
1721 462 1744 505 ἔ
1757 468 1816 513 ἔτη
1837 473 1879 506 V.
1894 469 2032 521 ὕστερον
2056 470 2207 521 μάχεται
2225 467 2311 519 μετὰ
2326 470 2428 520 Θρα-

1417 522 1585 561 συὸούλου
1605 524 1788 575 γενομένου
1805 525 1826 572 ἢ
1846 527 2073 576 (γενομένους,
2094 529 2233 565 omisso
2250 526 2285 574 ἢ,
2303 526 2365 576 Θ.)
2380 528 2425 564 Θ.

1417 584 1504 620 Ald.
1520 584 1771 621 Scribendum
1783 585 1934 622 videtur
1947 585 2085 638 ὕστερον
2101 586 2216 638 μάχης
2229 583 2428 636 γενομένης,

1418 642 1544 678 deleto
1562 641 1825 694 Θρασυὸούλου,
1855 644 1957 692 quod
1976 657 2022 680 ex
2036 645 2234 693 superiore
2252 644 2318 680 illo
2342 640 2430 691 μετὰ

1418 699 1670 750 Θρασυὸούλου
1695 700 1818 747 Φυλὴν
1851 700 2108 744 καταλαὲόντος
2139 702 2232 738 oriri
2276 701 2402 750 potuit
2421 715 2429 736 :

1419 758 1490 794 nisi
1516 759 1600 808 quis
1621 760 1730 808 plura
1753 759 1937 797 excidisse
1955 759 2110 795 credere
2125 759 2239 795 malit.
2255 760 2431 795 Dukerus

1419 815 1581 864 conjecit
1594 815 1745 868 πέμπτῳ
1765 815 1833 853 ἔτει
1848 815 1986 867 ὕστερον
2006 815 2156 867 μάχεται
2173 814 2260 865 μετὰ
2284 816 2430 867 Θρασυ-

1420 872 1545 910 ὅούλου
1566 875 1600 910 ἐν
1622 875 1780 925 Πειραιεῖ
1798 873 1983 924 γενομένου
1998 875 2016 910 ὃ
2036 873 2182 924 Κριτίας
2200 873 2260 910 καὶ
2273 874 2430 924 τελευτᾷ.

1420 934 1477 967 De
1493 931 1718 981 Thrasybuli
1732 932 1936 982 Critiaeque
1954 941 2077 969 morte
2091 932 2166 969 vid.
2187 931 2371 980 Xenoph.
2384 933 2430 968 H.

1420 993 1485 1026 Gr.
1507 1003 1542 1037 2,
1557 991 1592 1036 lt,
1612 992 1668 1027 13.
1687 991 1909 1027 Onia—52
1929 993 2047 1028 τοῦτον
2067 991 2190 1028 Θ.--α
2218 997 2305 1040 post
2325 989 2432 1025 ἐνθεῖ-

1419 1062 1475 1084 ναι
1501 1048 1850 1098 interpungendum
1875 1062 1955 1086 esse
1975 1049 2165 1085 intellexit
2190 1050 2350 1094 Hemst.‚
2367 1046 2433 1096 qui

1423 1106 1596 1154 proxima
1620 1106 1689 1143 ἀπὸ
1711 1109 1779 1144 τῶν
1797 1133 1845 1140 —
1861 1106 2038 1149 Φυλάσιος
2063 1120 2141 1144 non
2162 1115 2432 1156 transponere,

1421 1162 1485 1199 sed
1510 1171 1552 1199 ut
1581 1164 1754 1201 inutilem
1786 1165 1881 1201 alius
1910 1165 2121 1201 scholiastae
2147 1163 2433 1201 annotationem

1420 1233 1597 1269 separare
1615 1221 1789 1258 debebat.
1803 1224 1990 1259 Duum—3
2009 1221 2044 1259 δὲ
2061 1236 2136 1259 om.
2153 1226 2265 1266 V.—4
2280 1235 2434 1270 καταγα-

1420 1284 1490 1327 γεῖν
1514 1279 1617 1315 malit
1641 1279 1750 1315 Dind.
1763 1303 1814 1307 —
1828 1295 1846 1325 7
1863 1280 1921 1316 καὶ
1939 1284 1981 1317 V.
2000 1294 2071 1330 pro
2085 1281 2289 1318 κάκεῖσε.-
2301 1293 2325 1328 9
2342 1292 2434 1327 μνη-

1421 1338 1611 1381 σικακῆσαι
1635 1337 1680 1375 Θ.
1700 1337 1785 1375 Ald.
1801 1337 1859 1374 καὶ
1888 1336 2005 1387 γέγονε
2025 1335 2313 1390 παροιμιαστικός
2326 1339 2369 1373 V.
2385 1357 2432 1362 —-

1426 1408 1438 1429 1
1452 1394 1547 1431 1-15
1569 1395 1621 1431 sic
1636 1395 1673 1431 in
1684 1398 1741 1441 V.,
1755 1394 1803 1444 μὴ
1827 1395 1914 1446 μέγα
1929 1396 2112 1448 φρονήσῃς,
2127 1397 2155 1433 εἷ
2170 1395 2277 1446 μέγας
2295 1395 2435 1445 γέγονας

1420 1451 1479 1488 καὶ
1501 1451 1743 1498 πεπλούτηκας
1755 1483 1764 1500 ,
1782 1452 1899 1506 ὥσπερ
1925 1456 1943 1491 ὃ
1962 1453 2210 1505 Θρασύὸουλος
2224 1452 2433 1491 καταλαὸὼν

1422 1509 1546 1555 Φυλὴν
1560 1510 1619 1547 καὶ
1635 1510 1779 1561 ἰσχύσας
1793 1511 1938 1558 ἐδυνήθη
1953 1511 2153 1554 καταλύσας
2162 1510 2239 1553 τοὺς
2250 1510 2433 1562 τυράννους

1421 1569 1478 1605 καὶ
1496 1569 1578 1621 παρ’
1597 1569 1797 1615 Ἀθηναίους
1819 1572 1911 1620 (scr.
1931 1570 2142 1621 Ἀθηναίων)
2169 1572 2273 1620 τιμῆς
2289 1569 2433 1616 ἠξιώθη.

1420 1648 1472 1655 -—
1492 1640 1535 1663 21
1563 1641 1643 1677 sqq.
1667 1628 1790 1673 Φυλήν
1811 1643 1888 1665 τινα
1921 1627 2129 1666 καταλαὸὼν
2162 1627 2319 1674 Ἀττικὴν
2347 1626 2432 1678 μετὰ

1420 1685 1479 1720 καὶ
1512 1683 1637 1736 ἑτέρων
1667 1685 1940 1736 μισοτυράννων,
1965 1685 2222 1738 συνηργηκότος
2250 1687 2363 1728 αὐτοῖς
2393 1687 2431 1722 οὐ

1422 1742 1567 1794 μετρίως
1580 1742 1637 1779 καὶ
1659 1744 1820 1795 Κεφάλου
1837 1748 1896 1780 τοῦ
1909 1744 2036 1796 πατρὸς
2052 1742 2186 1782 ’Λυσίου
2201 1747 2262 1781 τοῦ
2280 1743 2432 1796 ῥήτορος,

1419 1800 1497 1852 περὶ
1514 1799 1571 1837 τὸν
1589 1802 1740 1852 Πειραιᾶ
1761 1801 2015 1851 συμὸάλλοντες
2030 1808 2100 1844 τοῖς
2114 1802 2303 1854 τυράννοις,
2324 1817 2433 1840 κατα-

1420 1858 1541 1910 κράτος
1568 1859 1730 1905 ἐνίκησαν
1756 1859 1814 1897 σὺν
1835 1865 1903 1901 τοῖς
1930 1860 2005 1910 μετ’
2021 1861 2132 1897 αὐτῶν
2153 1865 2259 1910 Reg.‚
2282 1861 2349 1911 qui
2368 1875 2430 1897 se-

1420 1918 1574 1966 quentia
1594 1918 1677 1954 aliis
1688 1917 1816 1955 verbis
1827 1926 1865 1954 et
1878 1919 1952 1955 alio
1964 1918 2099 1955 ordine
2113 1919 2236 1967 effert,
2246 1920 2433 1956 sententia

1420 1975 1669 2022 eadem—27
1690 1975 1954 2024 συναντήσειαν,
1975 1975 2091 2027 ἔλεγον
2106 1979 2252 2015 Hemst.
2266 1977 2433 2023 συναντή·

1420 2049 1507 2071 σειεν
1520 2063 1530 2080 ,
1551 2032 1646 2084 ἔλεγε
1666 2034 1797 2071 codex.

1476 2097 1574 2141 1¹49
1588 2121 1598 2139 ‚
1625 2094 1671 2135 43
1690 2091 1836 2142 κρείττω
1856 2093 1901 2130 Θ.

1476 2165 1490 2187 1
1503 2151 1588 2196 153,
1611 2157 1630 2194 4
1648 2150 1795 2201 κερδῷος
1811 2164 1886 2187 om.
1905 2151 2108 2189 Θ.-6-13
2121 2151 2174 2188 sic
2193 2152 2230 2188 in
2246 2155 2306 2198 V.,·
2323 2154 2434 2204 Στρο-

1419 2215 1516 2261 φαῖον
1532 2208 1712 2257 ἐπωνυμία
1725 2207 2179 2260 εΕρμοῦ-·πανούργεσθαι.
2195 2209 2263 2247 ἀπὸ
2278 2213 2341 2248 τοῦ
2351 2211 2434 2264 γρά-

1418 2284 1491 2320 φειν
1516 2266 1686 2320 (στρέφειν
1710 2269 1768 2316 G.)
1788 2266 1847 2303 καὶ
1872 2272 1981 2304 κυκᾶν
2004 2265 2048 2304 τὰ
2063 2266 2267 2319 πράγματα.
2289 2267 2431 2312 Ἄλλως.

1418 2326 1808 2379 στροφὸν-πανοῧργοι
1834 2324 2004 2375 λέγονται.
2024 2353 2066 2359 -
2086 2327 2108 2362 6
2130 2332 2334 2378 στροφαῖον,
2355 2328 2430 2365 ἐπεὶ

1417 2384 1562 2438 στροφαὶ
1582 2384 1773 2422 Gelenius.
1797 2383 1942 2435 στροφαὶ
1962 2384 2042 2421 sine
2062 2383 2182 2421 dubio
2195 2398 2329 2422 verum
2345 2394 2401 2423 est
2423 2402 2430 2423 ε

1417 2457 1488 2494 pro
1510 2441 1655 2494 στροφὸν
1671 2455 1741 2491 ego
1756 2442 1834 2478 fere
1847 2442 1974 2478 malim
1991 2442 2127 2492 reponi
2145 2442 2285 2494 στρόφιν
2297 2472 2307 2490 ,
2327 2444 2431 2493 quod

1415 2502 1503 2539 ideo
1524 2501 1667 2538 scilicet
1681 2499 1896 2536 adhibitum
1908 2527 1918 2545 ‚
1932 2507 1975 2535 ut
1985 2499 2219 2549 explicandae
2234 2501 2320 2538 voci
2333 2515 2432 2552 στρο-

1416 2565 1512 2612 φαῖος
1532 2558 1746 2595 inserviret.
1769 2556 1975 2594 Persuadet
1989 2557 2206 2593 Eustathius
2218 2586 2228 2602 ‚
2245 2559 2311 2607 qui
2332 2560 2431 2596 anti—

1415 2617 1562 2666 quioris
1588 2615 1851 2664 lexicographi
1885 2614 2003 2650 verba
2026 2615 2135 2663 ponit
2164 2615 2211 2651 ad
2242 2616 2283 2652 Il.
2315 2617 2369 2662 Ω,
2389 2630 2429 2667 Ρ.

1420 2676 1530 2719 1353,
1549 2688 1595 2722 9:
1614 2675 1782 2723 Στοφαῖος
1794 2671 1829 2708 δὲ
1849 2672 1984 2722 Ἑρμῆς
2002 2672 2125 2724 φησὶν,
2141 2674 2177 2709 οὐ
2190 2672 2291 2722 μόνον
2306 2674 2430 2727 ὁπαρὰ

1413 2734 1462 2783 τῷ
1480 2736 1618 2783 στροφεῖ
1630 2729 1810 2781 ἱδρυμένος
1823 2758 1832 2775 ,
1845 2729 1934 2766 ἀλλὰ
1952 2729 2012 2766 καὶ
2029 2732 2046 2766 ὁ
2062 2730 2215 2782 στρέφων
2223 2731 2282 2768 καὶ
2297 2731 2429 2775 ἐξαπα-

1412 2791 1480 2826 τῶν
1492 2818 1501 2834 ,
1525 2783 1594 2827 οἷον
1611 2787 1763 2839 στρόφις.
1783 2786 1930 2839 Στρόφις
1948 2796 2074 2824 autem
2092 2797 2268 2826 versutus
2286 2790 2326 2826 in
2344 2791 2428 2828 Ari-

1413 2847 1538 2898 stoph.
1566 2846 1663 2883 Nub.
1697 2859 1732 2882 v.
1767 2846 1854 2891 450,
1880 2845 2036 2891 σκολιὸς,
2057 2848 2123 2897 οὐχ
2143 2845 2294 2894 ἁπλοῦς,
2317 2846 2426 2885 πολύ-

1412 2907 1555 2950 πλοκος,
1572 2904 1831 2952 utHesychius
1851 2904 2144 2953 interpretatum
2159 2905 2269 2954 quale
2286 2919 2425 2943 nomen

1412 2965 1695 3002 callidissimum
1720 2964 1830 3000 Maiae
1850 2964 1968 3000 filium
1988 2977 2063 3000 non
2085 2963 2255 3001 dedecet.
2280 2967 2423 3003 Hmwr.

1413 3024 1464 3060 lb.
1495 3021 1614 3066 ἐπειδὴ
1636 3031 1672 3058 et
1700 3020 1933 3070 πεπλεγμένοι
1959 3025 2002 3059 V.
2034 3021 2249 3071 Legebatur
2267 3021 2423 3073 λέγονται

1411 3081 1469 3117 καὶ
1492 3082 1534 3117 οἱ.
1556 3080 1705 3117 Deinde
1735 3079 1820 3116 Ald.
1841 3078 1899 3115 καὶ
1919 3079 1948 3116 δ.
1969 3078 2076 3128 λόγοι.
2095 3104 2136 3111 -
2151 3080 2174 3115 8
2196 3079 2253 3117 τὸν
2271 3078 2365 3132 παρὰ
2379 3082 2422 3130 τῇ

1412 3138 1496 3191 θύρᾳ
1516 3136 1696 3190 ἱδρυμένον
1718 3137 1865 3186 δαίμονα
1889 3136 2022 3174 Suidas
2040 3150 2068 3174 s.
2090 3139 2292 3189 Στροφαῖος.
2314 3162 2354 3168 —
2377 3151 2420 3174 10

1411 3196 1591 3245 ἐπωνυμία
1611 3194 1645 3232 δὲ
1666 3198 1767 3232 τοῦτο
1785 3194 1838 3232 Ἑ.
1858 3198 1903 3231 V.
1919 3195 2004 3231 Ald.
2025 3196 2079 3232 ἐπ.
2098 3194 2135 3232 δέ
2153 3197 2245 3232 ἐστιν
2264 3194 2418 3233 Ἑ.8ιυ’-

1411 3255 1488 3291 das.
1517 3255 1552 3290 ἐν
1593 3259 1667 3295 ταῖς
1696 3253 1822 3290 Suidae
1851 3252 1939 3289 libri
1971 3253 2191 3290 deteriores.
2231 3251 2314 3304 πρὸς
2345 3257 2418 3294 ταῖς

1411 3316 1553 3350 Hemst.
1577 3335 1617 3343 -
1648 3325 1687 3348 11
1712 3310 1916 3363 ἱδρύσασθαι
1946 3314 1987 3347 V.
2012 3336 2052 3343 -
2078 3324 2121 3348 12
2151 3309 2309 3348 εἰώθασιν
2331 3317 2414 3347 ante
