2517 3792
882 220 1136 259 SCHOLIA
1176 221 1236 259 IN
1271 222 1527 263 PLUTUM.
2200 241 2272 273 335

141 309 242 348 αὐτὸν
269 306 330 350 τὰς
353 305 479 347 πόλεις.
507 302 820 352 ἅλαζονευσάμενος
852 303 887 340 δὲ
918 303 1059 356 ὕστερον
1087 303 1173 350 md-

139 383 238 420 χησε.
251 364 390 410 ἐποίησε
402 361 437 399 δὲ
451 360 580 440 πύργον
594 360 915 399 πολυτελέστατονε
901 378 934 399 εν
951 362 1116 408 Αθηναις.
1139 371 1174 400 Ρ.

194 424 337 474 ἐμπέσοι
363 420 403 471 γέ
422 435 474 458 σοι
505 419 629 471 ;Παρ’
659 418 821 457 ὑπόνοιαν
848 420 948 458 τοῦτό
974 436 1075 472 φησι,
1104 421 1176 459 δέον

1236 305 1311 351 ἡδὲ
1334 313 1402 356 μνᾶ
1420 308 1540 345 ἑκατὸν
1562 309 1732 381 δραχμαί·
1759 312 1796 349 τὸ
1823 311 1857 350 δὲ
1878 313 2081 353 τάλαντον
2065 332 2096 354 0
2092 318 2274 368 δοήκοντα

1238 367 1332 413 μναῖ.
1353 366 1410 403 καὶ
1429 368 1446 403 ὁ
1468 382 1599 418 στατηρ
1622 367 1654 405 τὶ
1672 368 1839 419 νόμισμα.
1862 379 1921 409 DV.
1944 373 2112 413 τάλαντον
2138 378 2276 427 λέγεται

1236 422 1275 459 τὸ
1307 423 1374 460 ἀπὸ
1403 427 1478 462 θεοῦ
1511 426 1659 478 δωρηθέν
1691 442 1756 464 τινι
1788 430 2038 483 δι1ρον,ἦγουν
2062 437 2082 479 ἡ
2105 451 2169 474 σοῦ
2150 436 2226 488 ιά,
2252 435 2274 483 ἢ

141 464 248 521 εἷπέῖν
264 478 462 530 θαυμαστὸς
480 493 540 515 και
558 493 599 527 με
586 476 677 528 .’.γας
699 498 742 502 -
763 477 908 525 ἐμπέσοι
931 493 939 516 :
963 481 1075 517 Ἰοῦτο
1093 481 1176 532 παρ’
1235 481 1398 527 πλοῦτος,
1421 482 1442 527 ἢ
1466 482 1550 520 dno
1573 500 1606 520 τι
1621 489 1786 525 τοιοῦτον.
1814 487 1951 538 λέγεται
1976 491 2144 530 τάλαντον
2161 495 2220 532 καὶ
2237 496 2276 533 τὸ

103 543 119 567 ⁶
140 539 313 578 ὑπόνοιαν.
348 563 352 570 .
372 552 403 574 υ.
434 535 508 573 ἀντὶ
542 538 614 572 τοῦ·
650 535 716 573 εἴθε
755 536 871 573 ἐπάνω
909 539 970 574 σοῦ
1004 539 1174 575 πεσεῖται.
1235 537 1402 587 νόμισμα.
1423 540 1561 590 λέγεται
1581 541 1748 581 τάλαντον
1767 560 1824 582 και
1846 548 2034 600 σταθμὸς]
2014 564 2019 569 ·
2014 555 2144 602 χρυσοῦ
2165 567 2274 590 πεπο-
2295 565 2311 589 5

138 600 259 649 σχῆμα
278 597 360 648 παρ’
382 593 554 632 ὑπόνοιαν.
577 602 614 631 Ρ.
1236 609 1329 644 &my-S
1334 612 1397 638 νῡς
1424 603 1460 632 l'·

174 642 251 693 ἰει.
281 656 316 691 αἱ
336 653 473 700 πράξεις
493 659 644 691 πᾶσαι...
667 653 893 704 ἐνεργοῦνται.
916 659 954 688 Ρ.
1290 667 1351 692 195.
1382 655 1587 706 Τὲκκαίδεκα
1629 672 1638 696 z
1676 661 1721 697 Οἱ
1756 660 1943 713 γράφοντες
1978 663 2181 713 ἑξκαίδεκα,
2216 669 2276 706 καὶ

194 727 253 752 132.
285 711 482 763 μονώτατος
504 711 570 763 γὰρ
596 705 627 748 εἶ
644 709 685 748 σὺ
714 723 722 748 :
750 714 946 761 Ᾰυκοῦργος
964 709 1055 748 κατὰ
1075 712 1176 748 Λεω-
1236 710 1423 763 φάσκοντες
1452 712 1541 750 οὕτω
1572 714 1714 753 κάλλιον
1743 718 1898 770 γράφειν,
1929 736 1988 757 επε
1995 738 2003 757 ι
2033 725 2094 760 οὐκ
2123 724 2213 762 ἔστιν
2243 726 2277 770 ἐξ

138 772 284 825 κράτους
311 777 356 820 [p.
391 785 457 817 159,
483 776 512 817 3]
544 789 558 803 n
579 773 760 822 τοιγαροῦν
780 769 982 819 ’μονώτατοι
1002 768 1176 819 ἐπώνυμοι
1234 769 1454 820 πρόθεσις,“
1440 787 1493 807 ινα
1523 771 1707 824 συμφώνου
1739 789 1805 810 επα
1808 775 1951 825 γομένου
1985 779 2022 815 ἐκ
2052 780 2213 832 (ivs-22
2238 786 2276 821 οὐ

88 839 119 863 10
137 834 196 875 τῆς
220 830 337 883 χώρας
363 829 440 868 εἶσί.
464 848 479 862 υ
505 830 668 870 1ι1111.ὡς
700 826 885 870 αὐτότατος
911 826 1114 865 πέπαικται.
1136 834 1174 863 R.
1235 828 1368 874 καλῶς,
1385 832 1482 878 οἶμαι
1493 829 1669 880 ,λέγουσι
1687 831 1746 868 καὶ
1764 833 1901 878 δῆλον’
1883 835 1952 872 από
1970 852 2006 873 τε
2023 842 2083 875 τοῦ
2103 839 2200 877 ἕκτου
2218 857 2276 879 και
2299 857 2330 882 10

138 889 276 932 αἴτιοςε
298 888 483 940 Πρόξενος,
503 887 665 938 πάροχος.
688 899 727 928 Ρ
1234 888 1295 921 τοῦ
1312 885 1426 932 ἐκτός,
1445 886 1504 924 καὶ
1532 887 1600 925 ἀπὸ
1617 892 1676 926 τοῦ
1697 892 1832 928 ἑκτικοῦ
1859 892 2072 943 λεγουιέωυ
2061 902 2220 949 »mg-03.
2238 902 2276 937 03

194 961 253 986 183.
284 946 340 985 διὰ
368 946 405 984 σὲ
424 949 446 992 ἡ
473 944 585 991 κλοτὴ
607 960 666 981 και
694 959 737 980 τα
759 942 875 980 λοιπά·
905 941 961 979 διὰ
986 942 1023 979 σὲ
1053 941 1112 979 καὶ
1131 939 1175 978 τὰ
1235 940 1328 1013 γὰρ
1323 943 1424 981 μόνον
1448 946 1482 982 ἐν
1504 948 1574 996 τῇ
1564 946 1725 998 προθέσει
1742 948 1781 986 τὸ
1807 948 1822 993 ξ
1848 966 1904 1002 τρε
1891 949 2032 1003 ζππαι
2055 955 2143 993 im&
2165 958 2223 994 καὶ
2243 959 2276 995 ἐν

138 1006 308 1044 κάλλιστα
343 1007 377 1043 ἐν
410 1007 480 1047 τοῖς
513 1001 712 1054 ἀνθρώποις.
741 1008 802 1038 Dv.
835 1000 895 1038 καὶ
922 1003 990 1038 τῶν
1018 1001 1134 1037 καλῶν
1165 1012 1173 1038 :
1235 1001 1380 1053 ἑτέροις,
1405 1005 1450 1046 ὡς
1472 1004 1572 1050 δηλοῖ
1592 1021 1634 1042 τα
1653 1006 1829 1078 εἰρημένα·
1855 1010 1894 1046 το
1917 1025 1982 1062 γαρ
2008 1013 2143 1051 ἑκτικὸν
2162 1017 2200 1053 ἐκ
2216 1032 2277 1062 της

138 1064 256 1107 Καλὸς
272 1063 329 1102 ἐπὶ
348 1065 396 1115 τῷ
414 1062 570 1111 σώματι,
592 1058 716 1110 ἀγαθὸς
736 1058 793 1095 ἐπὶ
812 1060 921 1111 ψυχῇ.
944 1065 1034 1103 Borg.
1235 1058 1334 1103 ἕξεως
1355 1060 1493 1133 γέγονε,
1516 1062 1575 1100 καὶ
1601 1063 1639 1101 τὸ
1664 1065 1761 1109 ἐκτὸς
1788 1068 1826 1104 ἐκ
1855 1071 1913 1105 τοῦ
1934 1084 2018 1118 εςω,
2038 1072 2096 1109 καὶ
2118 1088 2157 1110 —0
2179 1073 2274 1113 ἕχ-Ον

87 1130 118 1155 ¹⁵
192 1135 253 1161 184.
284 1125 450 1173 κρατοῦσι
483 1122 562 1170 γοῦν
601 1132 610 1156 :
646 1116 831 1169 [Χρήμασι
863 1116 929 1169 γὰρ
961 1119 1176 1154 ἐπισπῶνται
1235 1117 1305 1155 ἀπὸ
1323 1123 1382 1156 τοῦ
1403 1119 1448 1164 ἔξ.
2299 1147 2328 1171 ¹5

137 1179 343 1231 συμμάχους
361 1178 421 1216 καὶ
439 1177 703 1230 περιγίνονται.]
723 1199 773 1205 —
793 1179 821 1213 οἱ
847 1175 914 1227 γὰρ
934 1175 1092 1213 πλούσιοι
1112 1174 1173 1228 φέ-

139 1253 250 1291 ροντες
267 1237 435 1290 χρήματα
461 1235 520 1274 καὶ
542 1234 752 1287 παρέχοντες
772 1236 987 1272 ἐπισπῶνται
1015 1234 1176 1286 βοήθειαν

136 1296 195 1335 καὶ
215 1299 346 1334 νικῶσι.
366 1301 406 1332 V.
429 1294 587 1347 ἄρχουσι.
607 1302 670 1331 Dv.
700 1296 830 1331 νικῶσι.
856 1300 896 1330 Ρ.
927 1292 977 1343 (τὸ
997 1292 1173 1342 ἑκάστοτε)

137 1355 211 1393 ἀντὶ
227 1357 287 1392 τοῦ
304 1353 369 1392 ἀεί·
387 1354 426 1391 οὐ
442 1352 509 1404 γὰρ
529 1350 668 1402 λέγεται
686 1351 847 1390 πάντοτε.
868 1358 948 1388 R.V.

83 1418 118 1443 2⁰
191 1427 251 1452 185.
281 1412 526 1458 ἐπικαθέζηται
558 1425 566 1450 :
605 1410 688 1449 Ἀπὸ
720 1416 918 1462 μεταφορᾶς
949 1412 1017 1447 τῶν
1054 1410 1175 1459 ζυγῶν·

136 1470 393 1516 ἐπικαθέζεσθαι
406 1470 473 1521 γὰρ
487 1470 525 1507 τὸ
541 1472 667 1521 βαροῦν
683 1468 841 1519 λέγομεν.
861 1493 906 1496 -
921 1467 1117 1520 ἐνυπάρχει.
1133 1475 1173 1504 Ρ.

190 1543 250 1568 186.
277 1532 429 1567 τοσαῦτα
447 1541 456 1567 :
473 1527 569 1567 ‘'0⁶oe
587 1527 735 1577 λέγεται.
761 1533 797 1562 P.

189 1601 250 1626 187.
280 1587 336 1625 ναὶ
357 1586 406 1637 μὰ
431 1586 498 1625 Δία
522 1600 531 1625 :
552 1586 637 1625 ’Ότι
656 1584 716 1623 καὶ
735 1585 793 1622 ἐπὶ
810 1587 1053 1634 κατωμοτικοῦ
1069 1583 1108 1621 τὸ
1127 1582 1177 1634 μὰ

1289 1191 1348 1216 196.
1379 1178 1519 1231 ἀνύσῃζ
1551 1180 1820 1234 Ἀναπληρώσῃ.
1843 1192 1907 1221 Βυ.
1930 1187 1977 1229 εἷς
1995 1186 2090 1233 τέλος
2118 1190 2274 1243 ἀγάγῃῆ

1234 1235 1340 1288 λάὸῃ.
1361 1237 1444 1289 βούλ
1448 1254 1546 1279 εταιε
1563 1244 1677 1279 Λαο”ε“
1647 1257 1706 1279 ειν.
1730 1251 1770 1281 P.

1289 1308 1351 1335 197.
1382 1296 1405 1343 ἤ
1426 1313 1528 1350 φησιν
1554 1311 1562 1337 :
1579 1301 1632 1359 κΕἷ
1654 1299 1702 1350 μὴ
1728 1300 1843 1339 λάοοι.
1863 1308 1906 1338 Ρ.
1927 1304 2078 1355 βιωτὸνζ
2099 1308 2274 1360 Βιώσιμον

1234 1353 1296 1399 τὴν
1312 1353 1412 1400 ζωήν.
1431 1365 1468 1394 P.
1489 1358 1551 1394 οὐκ
1567 1361 1652 1394 εἶναι
1671 1359 1895 1410 βιώσιμον,”
1873 1361 1964 1405 αξιον
1985 1365 2209 1410 ζωης.1)1’.εἷ
2227 1369 2275 1420 μὴ

1235 1410 1326 1463 λάὸῃ
1341 1442 1350 1458 ,
1367 1411 1459 1463 λέγει
1479 1413 1527 1463 μὴ
1547 1418 1632 1452 εἰναι
1650 1417 1744 1454 αὐτω
1762 1417 1801 1455 τὸ
1818 1421 1876 1465 ζην
1893 1419 1972 1466 ἡδύ.
1996 1429 2035 1458 V.
2296 1453 2330 1477 20

1291 1483 1350 1508 193.
1381 1471 1456 1509 ἀντὶ
1481 1476 1540 1509 τοῦ
1566 1472 1613 1511 δέ.
1645 1481 1682 1511 R.
1686 1482 1726 1511 V.
1754 1475 1969 1523 φαίνεσθον·
1960 1509 1968 1517 .
1996 1481 2069 1518 Τοῦ
2088 1483 2275 1543 Χρεμύλου

1237 1527 1390 1572 εἰπόντος
1421 1529 1548 1579 μόνου,
1579 1531 1703 1575 δυϊκὼς
1733 1536 1751 1571 ὁ
1782 1536 1984 1579 Πλοῦτος”
1971 1553 2052 1581 ισως
2083 1545 2192 1591 εἶπεν,
2223 1559 2278 1580 οτι

1236 1585 1388 1624 Ἀττικὸν
1409 1587 1514 1631 ἔθος’
1499 1589 1582 1628 εστί.
1638 1589 1782 1635 Ἄλλως
1802 1593 1877 1631 ἀντὶ
1896 1598 1957 1641 τῆς
1976 1598 2089 1643 ἓνικῆς
2109 1599 2270 1639 πτώσεω

137 1646 227 1694 Aia„
243 1645 325 1684 ὅταν
342 1647 446 1683 αὐτοῦ
462 1645 704 1697 προτάσσηται
720 1643 759 1681 τὸ
777 1642 843 1680 ναί.
1235 1643 1349 1695 επῆγα
1351 1661 1420 1696 γεν,
1446 1663 1497 1684 οτι
1518 1650 1539 1693 ἡ
1569 1646 1723 1693 σύνταξις
1749 1650 1897 1698 Ἀττική.
1917 1665 1956 1695 V.
1976 1654 2184 1702 φαίνεσθονε
2204 1662 2265 1698 Δο-

84 1712 118 1737 25
190 1707 251 1743 188.
279 1703 361 1742 ὥστ’
395 1702 472 1741 οὐδὲ
504 1706 572 1740 τῶν
610 1702 740 1752 ἄλλων,
775 1701 878 1753 φησὶ,
915 1699 1055 1738 πάντων
1091 1701 1174 1750 ἡμῖν
1235 1708 1339 1742 κεῖτε.
1358 1703 1447 1742 πάνυ
1470 1718 1478 1743 :
1500 1703 1662 1744 Σύναπτε
1680 1711 1780 1745 τοῦτο
1800 1709 1883 1761 πρὸς
1899 1710 1938 1748 τὸ
1954 1716 2002 1749 εὐ.
2024 1726 2064 1756 P,

135 1763 208 1800 ἐστι
227 1761 344 1813 κόρος,
362 1764 422 1798 τοῦ
442 1760 591 1799 πλούτου
618 1759 654 1797 δὲ
671 1761 842 1810 οὐδαμῶς.
869 1758 910 1796 ἂν
929 1758 997 1810 γάρ
1016 1774 1066 1801 τις
1089 1758 1176 1804 κτή-
1288 1774 1350 1800 199.
1382 1761 1491 1814 [πὶὴν
1509 1762 1542 1800 ἓν
1560 1763 1661 1813 μόνον
1681 1765 1844 1805 δέδοικα;
1863 1769 1975 1821 Τυφλ
1967 1785 2001 1813 ος
2017 1770 2083 1824 (ὰρ
2103 1790 2149 1811 ων
2164 1777 2202 1814 οὐ
2220 1777 2277 1816 δι’

135 1835 238 1866 σηται
266 1818 366 1865 δέκα,
399 1817 487 1856 θέλει
520 1821 665 1865 ποιῆσαι
697 1816 895 1856 δεκαπέντε.
926 1826 967 1855 V.
1006 1816 1128 1867 μεστός
1163 1831 1172 1856 :
1233 1833 1342 1866 ναμαι
1365 1820 1530 1867 ἐπελθεῖν,
1550 1823 1578 1858 εἷ
1598 1821 1659 1859 καί
1678 1837 1735 1872 μοι
1755 1824 1906 1870 τοσαύτη
1930 1826 2074 1879 δύναμίς
2093 1832 2176 1870 ἐστι.
2198 1835 2275 1874 δεον

135 1876 430 1930 Κεχορτασμένος.
450 1885 513 1915 Dv.
535 1875 818 1929 πεπληρωμένος·
841 1884 883 1913 P·

187 1949 250 1975 189.
279 1938 348 1973 τῶν
373 1933 435 1985 μὲν
458 1934 525 1987 γὰρ
544 1934 659 1973 ἄλλων
678 1934 750 1972 ἐστὶ
768 1947 776 1973 :
796 1933 903 1987 Παρὰ
921 1934 962 1972 τὸ
979 1933 1172 1985 Ὁμηρικὸν

83 1999 117 2024 ³0
137 1999 189 2041 [ll.
208 2001 256 2041 N,
276 1998 340 2040 636]

255 2069 377 2101 πάντων
394 2070 447 2109 μὲν
463 2068 552 2109 κόρος
568 2068 632 2099 ἐστὶ
645 2069 697 2099 καὶ
710 2068 806 2099 ὕπνου
816 2069 867 2099 καὶ
881 2068 1049 2108 φιλότητος.

1233 1880 1291 1913 ουν
1309 1878 1400 1915 ἐστιν
1420 1878 1642 1932 ἀναὸλέψαι
1637 1895 1691 1918 με.
1708 1901 1754 1906 ——-
1773 1897 1832 1919 και
1853 1884 1990 1923 δεδοικα
2011 1903 2073 1936 μεν
2093 1890 2161 1940 ἐγὼ
2183 1893 2274 1942 ἀμε-

1231 1933 1409 1982 ταοοίτως,
1427 1936 1569 1974 δεδίττω
1586 1937 1622 1975 δὲ
1641 1938 1781 1991 ἕτερον
1771 1939 1855 1992 πρὸς
1872 1942 1987 1980 αἷτιατ
1992 1959 2065 1990 ικην
2083 1950 2274 1988 συντασσό-

1233 2008 1346 2042 μενον.
1367 1999 1545 2033 1ι1111.τοῧ
1567 1995 1647 2048 πέρι
1676 2011 1684 2036 :
1709 1997 1798 2035 Ἀντὶ
1822 2002 1882 2036 τοῦ
1908 1999 2020 2039 ἕνεκεν
2044 2003 2133 2048 τίνος
2161 2006 2269 2045 δέδοι-
2290 2027 2325 2053 30

1230 2065 1312 2101 κας;
1330 2051 1391 2103 Ρ.]]

187 2132 301 2170 ἄλλων
325 2146 334 2154 ·
356 2131 582 2184 Πραγμάτων
604 2130 752 2184 ὑπάρχει
777 2130 971 2183 πλήρωσις,
997 2130 1105 2183 κόρος.
1130 2139 1168 2168 Ρ.
1283 2123 1347 2148 2⁰⁰·
1377 2109 1468 2153 ὅπως
1487 2125 1496 2149 ³
1518 2111 1607 2150 Ἀντὶ
1632 2116 1690 2150 τοῦ
1710 2115 1794 2157 πῶς·
1813 2115 1984 2166 δύναμιν·
2007 2118 2136 2171 ῙσΑύν·
2155 2131 2196 2162 Ρ·

324 2163 333 2171 “
464 2170 469 2181 Ι
714 2176 722 2183 ⁴

134 2189 320 2240 πλησμονή
345 2202 354 2228 :
378 2189 570 2242 Χορτασία.
594 2198 656 2227 Dv.

188 2261 247 2286 190.
277 2247 402 2299 ἔρωτος
419 2260 427 2285 :
448 2246 506 2297 (‘O
520 2248 636 2290 δοῦλος
647 2246 754 2297 λέγει)
767 2246 811 2284 τὰ
824 2247 909 2299 πρὸς
922 2246 984 2292 τὴν
998 2246 1150 2298 γαστέρα
1160 2277 1169 2293 ,

81 2313 114 2337 35
133 2304 218 2357 πρὸς
240 2303 279 2342 τὸ
303 2306 451 2356 θυμῆρες
474 2307 535 2350 τῆς
557 2304 743 2356 κωμῳδίας
767 2307 837 2347 τοῖς
857 2304 944 2357 [ὑπὸ
961 2308 1021 2342 τοῦ
1041 2305 1170 2343 δεσπό-

132 2378 192 2400 του
208 2361 422 2413 λεγομένοις]
443 2362 641 2406 σπουδαίοις
660 2366 770 2400 ταῦτα
789 2362 1023 2415 παραπλέξας.
1044 2385 1089 2390 -—
1106 2363 1169 2416 ὅρα

133 2423 206 2463 πῶς
227 2423 246 2458 ὁ
269 2418 439 2466 δεσπότης
463 2419 507 2457 τὰ
536 2419 714 2473 πρέποντα
748 2421 842 2473 αὐτῷ
869 2419 982 2472 λέγει,
1006 2424 1024 2459 ὃ
1051 2423 1170 2465 δοῦλος

132 2477 175 2515 τὰ
194 2476 411 2531 συμφέροντα
432 2479 537 2528 αὐτῷ.
558 2486 622 2516 Dv.

183 2534 418 2587 τραγημάτων
446 2548 456 2573 1
484 2534 541 2575 Τὰ
565 2535 654 2586 μετὰ
684 2535 747 2582 τὴν
778 2535 924 2588 εὐωχίαν
949 2539 992 2588 τῇ
1015 2537 1167 2589 τραπέζῃ

39 2610 43 2613 ’
81 2603 115 2627 40
132 2594 290 2643 τιθέμενα
318 2594 462 2631 καλοῦσι
489 2593 712 2647 τραγήματα·
739 2594 814 2632 ὅθεν
834 2594 893 2632 καὶ
911 2595 1104 2648 παροιμία,
1127 2599 1169 2640 ἐκ

131 2650 364 2701 τραγημάτων
383 2650 446 2698 τὴν
466 2652 628 2705 εὐωχίαν·
648 2654 788 2704 λέγεται
807 2653 843 2691 δὲ
865 2656 887 2699 ἡ
915 2653 1087 2706 παροιμία
1111 2655 1168 2693 ἐπὶ

132 2709 199 2744 τῶν
228 2707 298 2745 ἀπὸ
323 2710 391 2746 τῶν
418 2709 570 2755 ἡττόνων
594 2710 638 2749 τὰ
666 2711 773 2762 μείζω
797 2712 1052 2763 θαυμαζόντων.
1072 2723 1162 2754 Junt.

131 2765 342 2816 τρωγαλίων.
360 2773 400 2802 Ρ.

188 2835 247 2859 191.
275 2824 526 2865 πλακούντων;
552 2826 760 2866 Χλανιδίων.
782 2835 822 2867 Θ.
844 2835 885 2866 Ρ.
907 2830 1165 2882 ἀνδραγαθίας;

80 2886 115 2911 45
132 2880 402 2931 Τροπαιουχίας.
422 2884 463 2913 P·

187 2948 249 2975 192.
279 2938 496 2988 φιλοτιμίαςε
514 2940 643 2988 Δόξης,
661 2942 883 2989 ἐπιδείξεως.
924 2945 1066 2996 μάζης
1084 2945 1165 3002 ''Ap-

132 3007 192 3030 του
205 2993 253 3043 μὴ
266 2994 360 3038 ὄντος
373 2996 464 3040 ἄζου.
479 2998 709 3049 στρατηγίας·
726 3000 934 3052 Ηγεμονίας
947 3010 1108 3057 στρατοῦ.
1123 3016 1163 3045 Ρ.

185 3054 298 3104 φακῆς
319 3053 460 3099 εΦακῆ
488 3055 677 3100 θηλυκῶς“
660 3073 681 3102 7,
701 3060 888 3109 ἓψηθεῖσα,
919 3063 1107 3114 ἀρσενικως
1127 3065 1161 3104 δὲ

131 3110 149 3146 ὁ
169 3108 347 3161 ἀνέψητος.
345 3109 596 3179 Ν[περισπᾶται
615 3112 668 3159 δὲ,
688 3113 805 3168 ὥσπερ
823 3121 910 3164 συκῆ
922 3148 932 3165 ,
953 3121 1139 3171 ἀμυγδαλῆ
1150 3152 1160 3170 ,

78 3172 113 3198 ⁵0
129 3165 187 3204 καὶ
205 3183 249 3204 τα
267 3171 423 3205 τοιαῦτα.
443 3167 629 3221 Θεόκριτος
646 3170 714 3220 [10‚
733 3173 782 3223 54]
1302 3185 1398 3216 δειλὸν
1411 3185 1437 3216 δ’
1455 3186 1471 3215 ὁ
1487 3186 1616 3220 πλοῦτος
1632 3186 1683 3216 καὶ
1700 3186 1867 3228 φιλόψυχον
1880 3188 2001 3229 κακόν.)

249 3248 419 3287 κάλλιον,
399 3261 426 3279 ω
438 3249 600 3289 ’πιμελητὰ
613 3251 790 3293 φιλάργυρε,
800 3254 852 3286 τὸν
865 3256 961 3295 φακὸν
971 3258 1066 3298 ἑψεῖν.
1059 3261 1088 3313 ,Ξ

1231 2168 1328 2204 δοικα
1349 2167 1438 2219 ἔχων
1460 2167 1499 2214 δὴ
1521 2185 1582 2214 την
1606 2169 1767 2221 δύναμιν,
1796 2172 1837 2218 ἦν
1862 2175 1959 2223 ὑμεις
1982 2177 2066 2228 φατὲ
2093 2139 2235 2230 ἔχεινο
2211 2198 2271 2232 με,

1229 2240 1301 2268 πως
1317 2226 1507 2275 γενίσομαι
1524 2227 1654 2274 ταύτης
1670 2229 1794 2280 κύριος.
1814 2246 1856 2280 με
1859 2231 1949 2281 γάλτ-
1969 2248 2034 2282 γαο
2054 2236 2104 2279 τίς
2121 2240 2193 2276 ἐστι
2211 2241 2270 2278 καὶ

1230 2263 1404 2327 δυσκόλως
1421 2284 1460 2321 ἅν
1477 2300 1526 2328 τις
1542 2301 1563 2322 7.
1565 2285 1709 2331 τίσαιτο
1725 2288 1854 2334 ταύτην
1873 2305 1905 2326 ε
1893 2289 2150 2338 ζουσιαστικῶς.
2169 2302 2270 2338 τοῦτο
2288 2322 2323 2348 35

1229 2340 1388 2391 δέδοικα,
1417 2357 1522 2389 οπως,
1546 2342 1652 2415 ἤγουν
1677 2360 1769 2391 πως,
1796 2346 1986 2397 γενήσομαι
2015 2351 2184 2400 δεσπότης
2209 2372 2270 2403 της

1230 2399 1407 2449 δυνάμεως
1423 2400 1552 2447 ταύτης
1567 2419 1609 2448 ην
1629 2405 1725 2452 ὑμεῖς
1745 2404 1843 2456 φατέ.
1861 2412 1913 2442 Β1·

1281 2471 1343 2496 201.
1374 2458 1540 2506 δεσπότης
1563 2492 1569 2498 .
1563 2442 1802 2513 ’Ἐγκρατῖης
1823 2469 1865 2498 V
1886 2464 2062 2516 κύριος.Ρ

1282 2530 1345 2554 202.
1375 2516 1415 2563 νὴ
1437 2517 1493 2555 τὸν
1513 2518 1580 2565 Δί’,
1607 2519 1697 2556 ἀλλὰ
1723 2521 1782 2558 καὶ
1804 2523 1962 2572 λέγουσιν
1991 2538 1999 2563 :
2029 2499 2082 2564 Οὐ
2103 2527 2143 2566 σὺ
2168 2531 2269 2578 μόνος

1229 2573 1337 2625 λέγεις
1354 2575 1478 2613 σαυτὸν
1500 2576 1621 2622 δειλὸν,
1641 2577 1731 2615 ἀλλὰ
1752 2581 1810 2617 καὶ
1830 2596 1880 2618 πα
1884 2597 1967 2624 ιτες
1988 2587 2088 2622 τοῦτο
2108 2586 2143 2624 δὲ
2161 2592 2265 2637 εἶπεν,
2285 2610 2320 2634 40

1229 2632 1347 2679 ἐπειδὴ
1371 2636 1389 2671 ὁ
1417 2635 1514 2672 Πλοῖ
1517 2651 1572 2678 τος
1597 2639 1703 2683 εἶπεν,
1731 2637 1823 2684 πλὴν
1848 2638 1883 2677 ἓν
1909 2639 2011 2689 μόνον
2037 2643 2186 2686 δέδοικα
2216 2649 2267 2695 [τὸ

1229 2690 1264 2729 δὲ
1284 2691 1323 2737 νὴ
1349 2691 1406 2729 τὸν
1426 2692 1493 2731 Δία
1518 2697 1779 2746 κατωμοτικῶς]
1803 2697 1878 2735 ἀντὶ
1902 2702 1961 2736 τοῦ
1987 2698 2049 2750 ἔσῃ
2075 2702 2189 2755 κύριος
2207 2711 2267 2753 τῆς

1229 2749 1417 2800 δυνάμεως.
1435 2777 1482 2781 -
1505 2753 1543 2789 οὐ
1572 2752 1675 2803 μόνον
1696 2769 1737 2791 συ
1757 2755 1868 2806 λέγεις
1887 2757 2001 2805 δῆλον,
2020 2758 2073 2796 ὅτι
2091 2760 2255 2806 δειλὸς
2221 2770 2262 2813 εἰ,

1228 2808 1318 2846 αλλα
1336 2808 1473 2852 πάντες.
1492 2819 1531 2848 Ρ.

1278 2880 1342 2906 203.
1374 2866 1580 2916 (δειλότατον
1600 2868 1670 2906 ἔσθ’
1687 2872 1704 2906 ὁ
1722 2873 1897 2914 πλοῦτος;
1919 2872 2058 2911 'End’
2038 2890 2188 2946 αγωνιαν
2206 2877 2262 2913 αὐ-
2279 2904 2314 2929 45

1225 2926 1293 2968 τοῖς
1310 2924 1418 2968 ἔδοξεν
1434 2927 1463 2962 εἰ
1477 2924 1618 2963 δύναται
1631 2927 1693 2971 τὴν
1707 2928 1849 2977 δύναμιν
1863 2945 1905 2973 ην
1923 2945 2026 2981 φασιν
2043 2932 2144 2970 αὐτὸν
2160 2932 2264 2985 ἔχειν.

1223 2982 1360 3033 λέγεται
1375 2982 1410 3019 δὲ
1426 2982 1536 3034 περὶ
1520 2999 1587 3020 των
1605 2983 1812 3022 πλουσίων”
1792 3001 1843 3022 οτι
1863 2986 1968 3024 δειλοὶ
1985 2987 2041 3025 διὰ
2058 2988 2097 3026 τὸ
2114 2991 2264 3041 ἀγωνιαν

1222 3040 1300 3092 περὶ
1319 3043 1386 3078 τῶν
1399 3040 1603 3092 χρημάτων.
1623 3041 1810 3080 αἰνίττεται
1829 3041 1864 3081 δὲ
1880 3046 1926 3087 εἰς
1946 3046 2156 3098 Εὐριπίδην·
2171 3051 2259 3087 ἐκεῖ-

1221 3114 1275 3142 νος
1293 3098 1360 3150 γάρ
1377 3113 1479 3150 φησιν
1495 3104 1621 3145 [Phoen.
1640 3104 1704 3145 600]

2275 3231 2308 3255 5ο

1219 3265 1484 3319 [ἀναφέρεται
1465 3282 1500 3304 οε
1519 3267 1562 3303 ἐπ
1563 3266 1575 3302 ὶ
1595 3265 1668 3303 θεὸν
1689 3269 1709 3312 ἡ
1730 3283 1798 3304 των
1815 3268 2004 3350 χρωμένων
2029 3273 2253 3326 κατηγορία.]

184 3325 245 3351 193.
276 3326 430 3363 μεστοςί
452 3314 742 3366 Πεπληρωμὲνθς
762 3324 802 3353 V·
1270 3337 1332 3361 204.
1361 3323 1468 3367 οὕτως
1484 3326 1513 3362 οἱ
1531 3324 1774 3362 Ἀττικοὶδιπλ
1768 3327 1986 3371 ασιάζουσιν.
2006 3330 2251 3381 ἀσφαλίζονται

183 3382 243 3408 194.
272 3370 451 3409 τάλανταζ
467 3371 708 3418 Ἰστέον,ὃ’τιὴ
724 3373 863 3425 δραχμὴ
879 3374 913 3420 ἓξ
927 3376 1042 3416 ὂὸολοὶ
1059 3380 1155 3417 εἰσίν·
1218 3381 1253 3418 δε
1279 3384 1308 3419 οἱ
1328 3382 1486 3419 πλούσιοι
1506 3398 1566 3424 τας
1590 3381 1696 3424 οἰκίας
1723 3385 1846 3423 αὐτων.
1876 3387 1934 3423 καὶ
1959 3386 2009 3423 ὅτι
2037 3390 2066 3424 οἱ
2091 3389 2250 3427 πλούσιοι
