2533 3808
250 237 324 272 480

251 319 340 355 citat
358 308 554 355 Dindorf.‚
578 305 644 353 qui
677 303 723 345 54
755 297 924 337 correxit
941 293 1047 344 ,quod
1065 289 1263 339 legebatur

250 373 336 412 πολὺ
357 374 428 415 τῆς,
451 380 496 403 ex
511 363 626 402 Suida
644 375 672 398 s.
692 359 861 410 Λέπρεον,
887 355 952 405 qui
972 355 1032 397 τῆς
1047 345 1265 391 Πελοποννή-

253 448 311 470 σου
336 426 488 466 omittit.
514 452 555 459 -
581 436 594 457 1
632 419 714 457 αὐτὸ
747 422 792 454 V.
823 415 908 454 Ald.
939 414 1068 462 λεπρᾶν
1104 405 1266 455 conjecit

251 487 423 536 Toupius
437 481 484 519 ad
501 479 672 523 suidam,
690 476 756 526 qui
778 481 797 518 4
820 481 906 523 post
918 469 1086 521 λεπριῶσι
1102 476 1266 514 sequen-

252 547 302 583 tia
320 542 472 580 omittit.

310 603 376 638 151
394 628 404 645 ,
436 605 477 642 14
505 611 560 646 sq.
579 594 715 633 Suidas
737 606 762 629 5.
785 588 1056 632 Βδελύττεσθαι,
1081 577 1177 623 οὗτος
1196 573 1269 630 εἶχε

255 660 396 712 λέπραν.
415 656 637 707 ἐκωμῳδεῖτο
661 651 696 689 δὲ
717 650 775 688 καὶ
789 646 1050 700 κακοπράγμων
1066 642 1123 679 καὶ
1141 638 1271 692 &possod-

255 735 311 770 γος
327 717 384 755 καὶ
401 715 516 757 λάλος.
534 743 574 751 ...
596 712 640 749 15
669 713 817 751 Σκευαῖς
836 710 1008 745 Piersou.
1032 703 1078 739 ad
1101 705 1205 739 Moer.
1234 712 1269 748 p.

260 791 346 816 122.
372 774 586 825 Legebatur
607 769 768 811 Σκύθαις.
786 798 826 805 ..-
850 781 892 813 17
915 767 989 806 πῶς
1011 757 1077 814 ἆρα
1097 757 1270 798 Dindorf.

257 847 295 875 et
314 834 476 873 Meinek.
499 835 607 869 Com.
631 832 669 873 Ι,
698 842 736 878 p.
770 828 855 875 739.
879 821 1074 862 Μελανθίου
1098 815 1272 856 Diudorf.

258 894 471 944 Legebatur
501 886 726 927 Μελανθίους.
758 906 805 913 —
849 885 892 920 18
923 881 1078 919 alterius
1105 887 1276 928 personae

259 953 386 992 verba.
406 972 459 979 ——-
486 963 531 995 19
551 940 625 996 εἶχε
646 943 681 980 δὲ
702 947 747 980 V.
766 942 854 980 Ald.

318 1013 404 1056 152,
426 1022 472 1045 21
495 1004 696 1044 Ὀπούντιοι
709 1001 809 1039 τόποι
823 1004 868 1037 R.

318 1070 403 1113 153,
424 1069 470 1104 25
491 1062 707 1114 συκοφάντης
729 1074 803 1097 om.
826 1058 907 1096 Ald.
930 1054 1079 1106 πονηρὸς
1099 1051 1231 1091 Suidas
1250 1063 1279 1085 5.

261 1125 474 1168 Ὀπούντιος.
509 1121 676 1166 ὀπούντης
704 1117 853 1170 πονηρὸς
884 1119 929 1154 V.
965 1112 1106 1165 ὀκνηρὸς
1133 1109 1216 1148 Ald.
1238 1112 1281 1145 R.

263 1187 377 1225 habet
399 1186 561 1235 glossam
584 1180 689 1230 ἤγουν
708 1176 844 1230 τυφλός.

321 1260 333 1281 1
347 1245 393 1280 56
407 1273 417 1289 ,
441 1257 488 1291 29
514 1239 645 1291 εὐύοων
667 1237 800 1275 Suidas
822 1250 848 1272 5.
872 1231 1001 1285 Τριδή.
1021 1231 1130 1268 Conf.
1155 1234 1283 1265 annot.

266 1305 311 1341 ad
334 1303 454 1353 Soph.
477 1299 614 1338 Trach.
638 1299 727 1334 602.
748 1298 867 1332 DlNo.
887 1314 940 1322 —
960 1293 1008 1328 30
1035 1291 1080 1331 εἷς
1100 1284 1284 1338 συντρι6ὴν

266 1363 326 1400 καὶ
341 1366 385 1399 V.

326 1422 395 1458 157
417 1416 507 1457 Ἀντὶ
523 1419 582 1454 τοῦ
604 1414 681 1452 ἄνευ
702 1427 776 1450 om.
792 1416 837 1449 R.
1235 1444 1238 1445 ⁷

326 1479 418 1525 158,
445 1478 490 1522 37
513 1472 753 1519 κιὸδηλεύεται
772 1475 833 1516 R„
851 1469 917 1518 qui
938 1481 1041 1517 seqq.
1068 1463 1232 1508 omittit,
1255 1469 1291 1497 et

270 1538 403 1576 Suidus
426 1550 454 1573 5.
475 1532 662 1578 Κιέδηλία.
685 1529 750 1567 ὑπὸ
772 1529 867 1568 Χίων
894 1527 1060 1578 positum
1081 1537 1128 1561 ex
1147 1520 1292 1560 scholio

272 1596 463 1646 proximo,
479 1603 645 1641 quocum
657 1589 756 1625 conf.
773 1589 959 1636 Etynmu.
973 1599 1010 1635 p.
1026 1585 1113 1628 512,
1136 1583 1197 1627 43,
1211 1580 1295 1617 Sui-

272 1655 359 1691 dam
382 1667 409 1690 5.
433 1650 609 1696 Κίὸδηλον
632 1657 669 1685 et
697 1660 811 1698 quem
823 1644 1044 1684 Gaisfordus
1063 1642 1165 1685 citat,
1178 1638 1294 1676 schol.

272 1716 433 1761 Gregor.
454 1713 543 1747 NaZ.
565 1707 685 1746 Stelit.
717 1720 749 1752 1,
776 1719 812 1755 p.
835 1718 870 1750 7.
898 1699 1038 1743 ὑποκιὸς
1053 1705 1098 1738 V.
1119 1699 1204 1737 Ald.
1232 1695 1297 1734 ὑπὸ

275 1770 371 1812 Κίοις
397 1766 578 1818 δεδομένον
606 1765 760 1810 SuidaS‚
790 1763 855 1812 qui
883 1763 1041 1798 fortasse
1065 1755 1297 1806 δεδολωμένον

276 1830 410 1867 voluit.
431 1831 548 1865 DiNn.
565 1846 617 1853 -—
638 1824 763 1867 38-46
781 1835 856 1858 om.
878 1821 991 1857 etiam
1011 1818 1158 1856 Suidas.
1188 1846 1230 1852 -
1251 1815 1299 1859 46

279 1888 382 1925 addit
407 1885 492 1923 Ald.
523 1882 643 1934 μήκων
669 1880 704 1918 δὲ
724 1880 833 1929 ὄνομα
854 1881 959 1930 φυτοῦ
979 1875 1001 1921 ἢ
1025 1874 1220 1926 σπέρματος
1239 1873 1301 1910 οὐκ

281 1946 421 1991 ἀίδηλον.
444 1942 518 1980 ἔστι
545 1941 581 1978 δὲ
602 1939 660 1978 καὶ
688 1938 789 1990 μέρος
808 1953 842 1974 τι
862 1938 930 1973 τῶν
954 1933 1135 1971 ἐντοσθίων
1156 1935 1215 1969 τοῦ
1236 1946 1302 1968 πο-

280 2003 427 2043 λύποδος
442 2005 500 2038 τοῦ
522 1998 649 2051 ἰχθύος,
668 1996 702 2039 ὃς
726 2002 836 2034 κεῖται
854 1994 970 2031 ἐπάνω
984 1995 1045 2038 τῆς
1058 1991 1188 2032 κοιλίας
1202 1989 1304 2028 οἱονεὶ

282 2061 400 2103 κύστις
415 2062 448 2097 ἐν
471 2061 575 2109 ἑαυτῇ
594 2057 725 2109 ἔχουσα
744 2055 801 2092 τὸν
821 2052 933 2100 θόλον,
951 2050 996 2094 ὥς
1015 2066 1118 2103 φησιν
1143 2048 1305 2091 Αἰλιανὸς

285 2121 319 2157 ἐν
346 2124 416 2161 τοῖς
442 2117 520 2168 περὶ
548 2115 656 2159 ζώων.
683 2117 778 2161 Quae
800 2113 940 2149 inserta
965 2118 1052 2147 sunt
1074 2122 1122 2145 ex
1144 2107 1258 2145 Suida
1278 2120 1306 2143 5.

285 2176 433 2223 Μήκων.

347 2236 431 2280 160,
453 2235 499 2277 48
520 2230 597 2269 τινὰ
611 2244 684 2268 om.
701 2234 748 2267 V.
768 2260 810 2267 -.
835 2234 882 2278 49
904 2225 1087 2280 στέφονται
1103 2228 1149 2261 R.
1166 2225 1311 2275 ἐστεφα-

290 2299 406 2332 νοῦντο
426 2292 511 2331 Ald.

350 2355 420 2390 162
440 2351 498 2390 καὶ
517 2346 751 2400 θαυμαστικὸν
772 2360 847 2383 0111.
863 2348 908 2381 V.

351 2413 435 2457 167,
452 2425 474 2459 9
491 2407 686 2448 σκωπτικὸς
703 2411 747 2443 R.
777 2414 814 2442 et
835 2403 970 2441 Suidas
991 2415 1020 2439 s.
1044 2399 1189 2442 Τελέας.
1219 2413 1312 2436 σκω-

296 2471 414 2510 πτῖλος
425 2472 470 2505 V.
484 2467 567 2504 Ald.
583 2465 677 2515 λέγει
694 2458 749 2501 οὖν
768 2462 820 2500 ὅτι
835 2463 921 2512 (hoc
936 2474 1012 2498 om.
1024 2460 1085 2508 V.)
1101 2457 1157 2496 ἐὰν
1171 2460 1215 2495 V.
1234 2456 1316 2493 Ald.

298 2559 336 2565 -.
360 2541 373 2563 1
388 2541 401 2562 1
429 2524 464 2562 δὲ
487 2538 561 2562 0111.
587 2527 633 2560 R.
655 2521 881 2559 δια6άλλεται
903 2519 989 2557 Ald.
1007 2546 1048 2554 .-.
1073 2518 1117 2553 13
1142 2515 1182 2552 τὸ
1203 2512 1318 2552 Τελέα

300 2590 342 2623 V.
358 2587 407 2635 τῷ
426 2583 541 2634 Τελέᾳ
555 2585 601 2620 G.

360 2644 444 2689 168,
466 2643 509 2677 16
524 2641 579 2690 γλ.
595 2637 778 2690 φθέγγεται
792 2635 938 2675 Suidas.
955 2662 997 2670 ..
1017 2646 1062 2682 19
1077 2629 1321 2668 scribendum

303 2701 456 2754 τέτρακι.

364 2760 456 2806 175,
478 2759 526 2794 26
544 2756 673 2802 εὨστε,
697 2769 741 2800 27
762 2755 790 2790 εἷ
809 2753 865 2790 τὸν
886 2767 938 2804 τρ.
960 2755 1006 2789 R.

365 2832 457 2866 179,
486 2817 532 2852 28
563 2828 618 2863 sq.
650 2813 689 2850 τὸ
709 2809 959 2865 προειρημένον
983 2808 1120 2846 Suidas
1148 2821 1176 2844 5.
1199 2803 1325 2846 Πόλος.

307 2878 374 2914 τῶν
396 2872 654 2928 προειρημένων
672 2874 715 2909 V.
737 2871 819 2909 Ald.
838 2900 880 2906 -
900 2882 948 2917 29
966 2866 1069 2908 τόπος
1092 2865 1240 2902 Suidas.
1267 2862 1326 2899 καὶ

309 2934 413 2976 τόπος
431 2937 477 2970 V.
505 2932 590 2970 Ald.
612 2962 651 2967 -
674 2931 721 2967 30
748 2928 783 2966 δὲ
801 2928 974 2965 additum
1000 2939 1047 2962 ex
1070 2924 1199 2962 Suida.
1219 2952 1259 2958 .-
1280 2923 1327 2959 35

313 2996 358 3035 ὡς
378 3006 452 3029 0111.
467 2995 514 3028 V.
529 2999 565 3027 et
586 2989 731 3027 Suidas.

376 3051 441 3085 181
473 3047 738 3100 ὕφετυμολογεῖν
764 3048 810 3083 V.
834 3043 916 3082 Alci.
943 3044 1136 3092 Frequens
1162 3041 1201 3077 in
1224 3038 1331 3075 libris

318 3107 471 3156 scriptis
500 3105 719 3154 corruptela
744 3104 975 3153 ἑτοιμολογεῖν
1002 3114 1072 3151 pro
1099 3099 1330 3148 ἓτυμολογεῖν.

318 3167 417 3208 Η1110
446 3172 576 3201 natum
608 3164 896 3214 ὑφετυμολογεῖν,
931 3160 1034 3210 quod
1065 3158 1332 3207 ὑπετυμολογεῖν

321 3224 505 3275 scriptum
536 3220 758 3269 oportebat,
785 3229 826 3256 ut
846 3218 979 3257 scribit
1001 3221 1095 3254 Rav.
1126 3219 1245 3252 Dum.
1271 3213 1333 3259 τὴν

317 3280 421 3319 ’πόλιν
442 3283 485 3317 V.
503 3279 586 3315 Ald.

383 3339 452 3375 183
475 3331 557 3373 Οἷον
576 3337 621 3378 εἷς
634 3334 672 3372 τὸ
689 3339 734 3372 R.

385 3398 476 3436 186.
497 3395 543 3439 45
566 3395 653 3444 Εὐχ.
673 3392 739 3446 γὰρ
755 3395 784 3431 οἷ
803 3392 910 3445 ὄρνεις
927 3395 957 3430 οἳ
972 3391 1143 3444 πάρνοπες
1160 3393 1204 3428 R.
1230 3418 1272 3425 -
1292 3389 1338 3433 46

996 202 1291 247 ADNOTATIO

1320 199 1372 237 IN
1402 196 1575 237 SCHOL.

1324 280 1665 337 ἀκρίδος-κιίΝωπες
1684 283 1730 316 V.
1746 278 1886 329 λέγουσι
1905 277 2076 314 additum
2091 288 2138 312 ex
2154 278 2201 311 R.

1382 343 1466 386 186,
1501 341 1548 383 48
1581 336 1671 376 κατὰ
1698 339 1766 374 τῶν
1792 340 1840 375 Μ,
1872 340 2060 373 Kusterus
2097 332 2144 370 ad
2167 330 2335 370 Suidam.

1325 400 1471 446 Μηλίων
1487 398 1705 436 Palmerius.
1722 395 1905 441 Μηλιαίων
1928 398 1967 431 V.
1992 393 2090 439 Ald„
2109 405 2183 429 om.
2205 389 2339 428 Suidas

1326 474 1354 496 5.
1377 457 1488 508 Λιμὸς
1505 457 1691 501 Μηλιαῖος.
1711 453 1874 499 Μηλιέων
1895 454 2051 490 Bekker.
2069 451 2227 488 «Melies
2243 449 2341 485 fame

1327 518 1373 555 ad
1407 517 1638 554 deditionem
1668 512 1823 548 adactos
1861 525 1940 548 esse
1985 510 2031 547 ab
2069 510 2176 547 Nicia
2210 506 2344 544 asserit

1329 577 1562 614 scholiastes.
1584 572 1658 610 Sed
1673 571 1720 607 de
1736 571 1843 607 Nicia
1863 571 1965 606 nulla
1982 577 2069 618 post
2084 581 2216 619 pacem
2238 566 2345 603 Thu-

1331 635 1459 685 cydidi
1485 635 1520 679 5,
1548 636 1609 678 32,
1640 630 1805 673 mentm,
1830 641 1952 677 neque
1971 636 2078 664 extra
2103 626 2237 663 urbem
2260 636 2347 660 cum

1330 693 1494 743 imperio
1517 692 1630 727 fuisse
1647 689 1811 724 videtur.
1832 686 2022 722 Diodorus
2037 685 2191 734 quidem
2209 684 2348 720 diserte

1333 751 1455 791 Νικίου
1485 751 1757 802 στρατηγοῦντος
1791 744 1966 789 Ἀθηναῖοι
1992 736 2081 779 εἷλον
2116 741 2264 794 Κύθηρα
2290 738 2349 776 καὶ

1334 812 1498 857 Νίσαιαν,
1517 808 1580 853 τήν
1603 823 1641 844 τε
1660 806 1782 850 Μῆλον
1802 801 2094 854 πολιορκήσαντες
2112 799 2242 847 ἡὸηδὸν
2263 797 2352 836 ἀπέ-

1336 871 1487 925 σφαξαν,
1526 881 1662 917 nempe
1691 864 1939 903 Athenienses
1963 877 1970 898 z
1992 875 2069 898 non
2098 861 2240 897 Melum
2267 859 2353 908 qui-

1338 931 1423 967 dem
1444 929 1560 965 ductu
1581 927 1712 970 Niciae,
1744 923 1810 960 sed
1831 923 1906 959 alio
1934 930 2109 970 tempore
2135 928 2249 968 atque
2278 920 2355 966 Cy-

1340 990 1485 1026 theram
1509 996 1587 1024 etc:
1602 985 1740 1023 Nescio
1769 995 1861 1032 ergo
1887 994 1935 1017 an
1967 978 2235 1029 reponendum
2256 974 2358 1025 apud

1340 1048 1457 1085 schol.
1482 1044 1679 1093 Aristoph.
1699 1040 1823 1083 Τισίας
1845 1055 1853 1077 :
1874 1038 1962 1076 vide
1982 1036 2156 1086 Thucyd.
2179 1036 2213 1081 5,
2237 1036 2300 1079 84,
2322 1041 2360 1070 et

1341 1105 1532 1144 Plutarch.
1553 1104 1592 1140 in
1612 1100 1808 1139 Alcibiade
1830 1112 1866 1149 p.
1901 1111 1985 1146 ¹99·
2006 1099 2122 1134 Caute
2140 1092 2279 1132 Strabo
2301 1105 2360 1138 10,

1344 1179 1381 1214 p.
1428 1165 1531 1206 484:
1556 1160 1729 1205 Ἀθηναῖοι
1762 1156 1798 1194 δέ
1831 1170 1915 1193 ποτε
1947 1153 2146 1206 πέμψαντες
2180 1149 2362 1202 στρατείαν

1344 1221 1474 1268 ἧδηδὸν
1504 1217 1722 1270 κατέσφαξαν
1750 1215 1827 1257 τοὺς
1850 1213 2000 1255 πλείους.
2035 1213 2135 1249 Vide
2162 1209 2363 1259 Aristoph.

1346 1283 1463 1320 schol.
1495 1280 1542 1317 ad
1573 1284 1670 1315 Aves
1701 1278 1797 1322 362,
1818 1275 1886 1312 ubi
1912 1274 2032 1311 'Niciae
2055 1274 2213 1308 consiliis
2236 1268 2368 1306 deberi

1348 1342 1445 1378 hanc
1461 1338 1702 1376 deditionem
1723 1335 1786 1371 ait.
1806 1336 1929 1371 WVass.
1947 1332 1995 1369 ad
2021 1329 2196 1379 Thucyd.
2219 1328 2255 1374 5,
2280 1328 2365 1363 116.

1349 1405 1437 1439 Νο11
1470 1398 1586 1435 video
1617 1395 1814 1446 quomodo
1847 1393 1974 1431 Suidae
1995 1399 2031 1428 et
2049 1390 2260 1427 scholiastae
2279 1387 2370 1424 Ari-

1351 1459 1548 1509 stophanis
1585 1456 1722 1493 Melios
1755 1454 1853 1489 same
1874 1459 2026 1488 coactos
2055 1462 2094 1486 se
2115 1448 2234 1486 Niciae
2262 1445 2373 1483 dedi-

1353 1519 1450 1555 disse
1478 1513 1736 1553 scribentibus
1754 1519 1885 1549 eontra
1906 1509 2083 1546 disertam
2115 1506 2374 1543 narrationem

1353 1575 1592 1625 Thucydidis
1631 1573 1722 1610 fides
1755 1570 1886 1608 haberi
1922 1568 2059 1619 possit.
2092 1567 2244 1604 Dumm.
2277 1563 2374 1601 ibid.

1356 1636 1578 1675 Scholiastae
1608 1645 1718 1669 error
1751 1630 1910 1667 fortasse
1939 1640 1986 1664 ex
2020 1625 2145 1677 prima
2165 1623 2378 1661 Athenien—

1357 1697 1452 1733 sium
1475 1695 1513 1731 in
1539 1692 1679 1729 Melios
1702 1690 1820 1726 ductu
1837 1687 1956 1725 Niciae
1977 1684 2223 1735 expeditione
2243 1693 2379 1731 proge-

1358 1755 1473 1791 nitus.
1495 1755 1629 1800 Neque
1653 1749 1692 1786 id
1714 1757 1839 1793 recte,
1859 1745 1963 1795 quod
1984 1757 2084 1781 anno
2103 1750 2191 1779 ante
2209 1744 2308 1778 Aves
2333 1737 2379 1775 ab

1360 1812 1617 1860 Aristophane
1647 1809 1684 1845 in
1717 1819 1867 1844 scenam
1901 1803 2107 1854 productas
2135 1800 2278 1837 Melum
2308 1811 2381 1847 op·-

1362 1884 1528 1921 pressam
1549 1866 1676 1918 prodit
1697 1881 1704 1902 :
1727 1864 1881 1902 redacta
1899 1863 1999 1899 enim
2016 1862 2053 1897 in
2073 1859 2227 1896 victoris
2248 1855 2379 1907 populi

1363 1937 1592 1980 potestatem
1613 1933 1670 1962 est
1699 1936 1801 1960 anno
1833 1922 1986 1970 Olymp.
2011 1932 2059 1967 90
2085 1925 2234 1967 quarto.
2257 1915 2299 1952 Id
2317 1927 2383 1950 re-

1364 2002 1447 2026 runi
1478 1994 1668 2036 gestarum
1696 1982 1791 2019 ordo
1816 1994 1836 2016 a
1856 1978 2076 2027 Thucydide
2096 1975 2385 2025 diligentissime

1365 2048 1531 2097 digestus
1552 2042 1706 2080 evincit.
1726 2043 1971 2077 &VnssssLlNa
1988 2036 2035 2073 ad
2056 2035 2215 2072 Diodor.
2238 2048 2297 2079 12,
2321 2033 2384 2068 80.

1366 2135 1405 2140 —
1422 2105 1468 2141 53
1494 2104 1544 2140 Μ.
1566 2100 1632 2152 γάρ
1652 2104 1697 2137 V.
1722 2100 1796 2135 ἐστι
1816 2110 1890 2133 om.
1912 2099 2006 2132 R...
2021 2107 2041 2130 2
2065 2092 2274 2138 ἐπιέσθησαν
2297 2094 2388 2128 Por-

1369 2176 1498 2202 sonus.
1524 2159 1733 2205 ἐπείσθησαν
1755 2156 1844 2193 libri
1865 2164 1902 2192 et
1924 2153 2120 2191 50111115-
2140 2165 2180 2188 11
2206 2149 2388 2188 Βοιωτίαν.

1369 2221 1391 2267 ἢ
1410 2219 1528 2262 οὕτως.
1551 2217 1653 2267 μόνον
1673 2214 1740 2267 γὰρ
1761 2214 1839 2251 τότε
1863 2212 1995 2258 δίοδον,
2030 2225 2075 2246 12
2105 2209 2153 2246 ὅτ’
2188 2208 2228 2245 ἂν
2258 2207 2292 2245 δὲ
2311 2209 2390 2245 καθ’

1373 2280 1432 2317 ἐ’να
1453 2277 1511 2315 καὶ
1529 2273 1745 2328 εἰρηνικῶςῆ
1766 2272 1843 2310 καθ’
1864 2270 1924 2308 ἕνα
1943 2273 1988 2306 R.
2005 2266 2170 2320 εἷρηνικοὶ
2183 2270 2232 2303 V.
2254 2266 2340 2303 Ald.

1432 2351 1516 2385 192,
1539 2335 1660 2378 14-16
1679 2333 1732 2369 5ἰο
1752 2333 1789 2368 111
1810 2334 1875 2375 R„
1893 2330 1966 2366 Τοῦ
1983 2325 2081 2378 ἀέρος
2101 2329 2162 2363 νῦν
2185 2323 2291 2374 λέγει.
2312 2324 2393 2360 δια-

1375 2395 1579 2448 φορήσεται,
1600 2389 1834 2442 διαπέμψεται
1862 2391 1959 2424 R.—
1985 2386 2042 2422 15.
2067 2383 2296 2421 scholiastes
2315 2385 2396 2419 He-

1377 2454 1475 2492 siodi
1495 2452 1696 2500 Theogon.
1731 2448 1822 2494 116,
1844 2459 1881 2496 p.
1909 2445 1982 2493 393
2011 2441 2128 2480 Gaisf.
2147 2455 2155 2477 ε
2177 2438 2398 2490 Βακχυλίδης

1379 2512 1414 2549 δὲ
1441 2510 1526 2563 χάος
1553 2508 1610 2545 τὸν
1633 2505 1718 2558 ἀέρα
1738 2503 1914 2553 ὠνόμασε,
1939 2500 2051 2551 λέγων
2081 2498 2160 2550 περὶ
2192 2501 2252 2534 τοῦ
2279 2499 2398 2543 ἀετοῦ,

1379 2573 1552 2619 Νωμᾶται
1575 2566 1603 2603 δ’
1629 2567 1662 2602 ἐν
1687 2561 1864 2614 ἀτρυγέτῳ
1897 2559 1991 2613 χάει.
2023 2562 2115 2607 Quae
2147 2569 2225 2593 non
2248 2556 2399 2593 diversa

1382 2641 1462 2666 esse
1481 2635 1680 2677 poetarum
1698 2623 1781 2659 loca
1799 2629 1900 2657 recte
1917 2617 2133 2667 suspicatur
2146 2613 2401 2652 Ruhnkenius

1382 2687 1501 2737 Epist.
1521 2684 1603 2720 crit.
1623 2686 1652 2728 Ι,
1674 2695 1713 2731 p.
1734 2693 1779 2728 91
1804 2678 1866 2715 ed.
1886 2689 1961 2714 sec.
1982 2674 2071 2724 (175
2087 2673 2147 2710 ed.
2170 2673 2290 2721 tert.).
2308 2675 2401 2709 Nam

1385 2742 1556 2794 ἀλλοτρίῳ
1576 2755 1622 2778 ex
1643 2737 1903 2787 Aristophane
1920 2735 1960 2770 in
1983 2732 2092 2782 lyrici
2112 2730 2226 2769 verba
2247 2743 2317 2781 per
2339 2743 2403 2767 er-

1386 2815 1510 2839 rorem
1528 2799 1698 2836 intulisse
1715 2795 1955 2833 scholiastam
1972 2791 2212 2828 manifestum
2232 2798 2302 2826 est.
2327 2804 2404 2826 πω-

1385 2867 1488 2899 τᾶται
1508 2858 1634 2895 Suidae
1654 2855 1725 2892 cod
1759 2854 1878 2891 Paris.
1896 2856 1929 2889 Α
1951 2864 1979 2888 s.
1997 2849 2102 2892 Χάος.
2123 2852 2244 2886 Dmn.

1447 2923 1530 2966 194,
1550 2931 1594 2953 21
1626 2913 1850 2951 Plutarchus
1871 2915 1918 2947 V.
1946 2908 2145 2946 Demosth.
2171 2921 2203 2944 0.
2228 2920 2252 2956 9
2271 2921 2278 2942 :
2299 2905 2406 2957 Ἐρα-

1389 2974 1552 3021 τοσθένης
1579 2972 1640 3024 μέν
1669 2986 1772 3024 φησιν
1800 2968 1902 3007 αὐτὸν
1929 2969 1961 3005 ἓν
1988 2972 2058 3009 τοῖς
2085 2960 2201 3015 λόγοις
2226 2964 2406 3013 πολλαχοῦ

1389 3032 1566 3084 γεγονέναι
1597 3029 1851 3081 παράὲακχον·
1879 3029 1896 3064 ὃ
1924 3025 1960 3063 δὲ
1991 3022 2178 3076 Φαληρεὺς
2208 3020 2408 3072 Δημήτριος

1390 3091 1448 3129 τὸν
1467 3090 1635 3142 ἔμμετρον
1656 3089 1782 3124 ἐκεῖνον
1804 3084 1903 3137 ὅρκον
1924 3083 2051 3133 ὀμόσαι
2068 3079 2152 3119 ποτὲ
2168 3078 2252 3132 πρὸς
2269 3078 2324 3115 τὸν
2345 3078 2408 3122 δῆ-

1395 3165 1456 3201 μον
1478 3148 1595 3200 ὥσπερ
1624 3146 1852 3183 ἐνθουσιῶντα
1877 3161 1892 3176 «
1911 3142 1961 3192 μὰ
1988 3144 2072 3192 γῆν,
2108 3137 2158 3189 μὰ
2181 3136 2328 3189 κρήνας,
2358 3133 2408 3185 μὰ

1394 3206 1584 3256 ποταμοὺς,
1623 3204 1671 3255 μὰ
1710 3203 1860 3252 νάματα.
1878 3220 1892 3235 u
1928 3205 2130 3238 Donamus.
2158 3196 2339 3246 Sequitur
2370 3194 2409 3230 in

1396 3270 1481 3306 Ald.
1509 3268 1555 3304 ad
1577 3280 1613 3302 V.
1643 3266 1726 3314 195,
1747 3261 1982 3315 κομψότερονε
2006 3257 2161 3311 κομψὸν,
2187 3254 2408 3307 περίτρανον,

1397 3327 1596 3380 περίλαλον,
1619 3327 1831 3375 πανοῦργον,
1856 3317 2090 3365 ἀπατητικὸν,
2111 3312 2273 3360 πιθανὸν,
2292 3326 2410 3361 τεχνι-

1400 3386 1474 3424 κόν.
1493 3384 1550 3422 καὶ
1579 3381 1729 3435 κομψεία
1759 3378 1903 3433 ἐλαφρία
1915 3408 1925 3427 ,
1950 3374 2126 3420 ἀστειότης
2137 3403 2148 3422 ,
2167 3367 2410 3428 πιθανολογία,
