2517 3792
1110 192 1274 231 PLUTI.
2154 204 2223 235 551

147 279 194 316 de
214 292 288 329 qua
310 278 424 328 paulo
444 284 529 313 ante
544 276 641 321 dixi,
662 276 810 320 sieulae,
833 275 990 311 blandas
1010 278 1159 311 insidias

146 339 366 372 admoveatis
384 350 395 370 .·
413 347 529 382 neque
547 338 643 369 enim
663 347 744 369 eam
765 338 943 369 ornaverit
967 337 1032 369 illa
1054 336 1158 379 Lais,

146 400 205 431 cui
226 398 403 444 Diogenes
421 395 623 443 (Cratetem
658 392 721 428 alii
746 400 940 429 auctorem
973 392 1066 429 dicti
1100 392 1157 428 fe-

147 455 251 503 runt)
267 455 462 499 adscripsit
474 459 628 486 erectum
647 453 853 487 Graecorum
870 454 1160 498 iuemnperantioe

148 521 336 560 tmpoeum.
358 513 629 560 Opportunum
658 510 789 558 utique
821 517 901 546 erat
932 509 1159 554 admonere,

147 582 194 605 ne
214 569 300 618 quis
320 567 542 617 imprudens
559 568 597 604 in
618 568 780 605 eundem
794 598 802 614 ,
824 569 888 618 qui
911 581 999 604 sane
1020 567 1160 603 multos

146 626 346 673 fefellerat,
368 639 538 663 errorem
559 627 765 673 incideret,
785 626 831 663 de
856 626 1006 663 duabus
1026 624 1159 661 eodem

145 685 300 722 nomine
316 684 596 730 meretricibus,
617 699 691 722 una
712 686 855 730 Sicula,
873 697 958 734 quae
980 682 1160 732 Hyccaris

145 751 229 780 orta
249 744 478 782 Corinthum
500 744 623 780 fuerat
643 743 891 789 xenumdata,
922 743 1037 779 altera
1071 753 1159 776 vere

145 802 356 840 Corinthia.
374 803 573 839 Hmwn-
586 816 608 850 9
622 801 731 851 τούτῳ
747 805 810 848 R.,
825 802 889 850 qui
916 814 959 836 10
975 801 1053 850 ἐρᾶν
1075 806 1160 847 post

144 859 291 897 πλοῦτον
309 861 428 910 ponit.
439 862 460 905 ἡ
474 863 516 897 Λ.
533 859 590 897 διὰ
603 860 660 896 τὸν
673 860 734 896 πλ.
749 862 858 897 G.—1
873 873 885 894 1
903 857 1160 907 ΤιμάνδραςΙί.

146 918 356 970 Πηγάνδρας
372 922 418 957 V.
446 918 688 970 Ἐπιμάνδρας
715 918 799 956 Ald.
823 916 1024 967 Τιμάνδρας
1041 914 1160 951 edidit

144 977 257 1014 etiam
290 978 445 1023 Hemst.,
479 994 494 1009 α
509 985 659 1014 secutus
689 976 933 1014 Plutarchum
966 976 1004 1011 in
1040 973 1160 1010 Alcib.

144 1049 184 1086 p.
202 1035 289 1082 213,
309 1039 358 1083 D,
379 1044 416 1073 et
437 1035 574 1073 Athen.
599 1049 658 1082 12,
680 1048 717 1085 p.
736 1035 823 1082 535,
841 1037 881 1072 C.
900 1037 984 1072 Non
1007 1032 1160 1082 quidem

143 1108 205 1131 me
230 1095 326 1144 sugit
355 1094 459 1130 aliud
491 1092 572 1142 ejus
600 1094 735 1130 referri
772 1106 912 1130 nomen
945 1092 992 1129 ab
1025 1091 1159 1129 eodem

149 1154 206 1197 13,
230 1166 268 1203 p.
285 1153 330 1199 57
339 1154 428 1197 4‚F‚
452 1149 709 1203 Δαμασάνδραν
730 1153 790 1196 τῆς
810 1149 938 1192 Λαίδος
954 1152 1016 1195 τῆς
1035 1148 1161 1187 νεωτέ-

144 1226 204 1262 ρας
223 1209 378 1262 μητέρα·
396 1209 461 1247 sed
483 1210 578 1246 illud
599 1211 693 1260 quin
717 1224 764 1247 ex
785 1209 988 1255 comoedia,
1010 1209 1076 1246 ubi
1099 1210 1161 1246 Ti-

141 1269 312 1315 mandra,
331 1282 415 1319 quae
434 1268 682 1314 Alcibiadem,
702 1277 847 1306 tantum
869 1270 1012 1312 virum,
1031 1281 1161 1305 amore

143 1327 348 1375 domuerit,
366 1340 387 1364 a
405 1327 650 1365 Comicorum
672 1328 800 1377 aliquo
825 1328 922 1364 risus
944 1327 1065 1377 gratia
1088 1328 1161 1372 ua-

142 1386 343 1423 masandra
364 1386 478 1422 fuerit
498 1386 706 1436 appellata,
735 1387 783 1422 sit
811 1385 1054 1435 depromtum
1084 1386 1159 1422 mi-

142 1445 245 1482 nime
276 1443 412 1481 dubito
434 1458 442 1480 :
464 1457 590 1493 neque
622 1453 818 1494 repertum
847 1444 894 1480 iri
923 1443 1061 1489 credo,
1095 1444 1160 1493 qui

142 1503 236 1540 mihi
256 1510 380 1552 neget,
401 1501 446 1539 ad
468 1502 640 1547 eandem,
657 1515 741 1551 quae
755 1502 906 1552 scripsit
927 1506 1094 1539 Demetr.
1111 1503 1159 1540 Π.

142 1563 220 1614 ἑρμ.
244 1562 265 1610 §
289 1562 378 1607 326,
398 1563 416 1598 ὁ
431 1563 492 1607 τῆς
523 1561 727 1613 Τιμάνδρας
746 1564 948 1614 κατηγορῶν
966 1564 1012 1605 ὡς
1030 1577 1161 1614 πεπορ-

140 1619 319 1667 νευκυίας,
340 1621 531 1669 pertinere
552 1635 560 1656 :
583 1620 684 1657 unde
702 1621 788 1657 licet
809 1630 1008 1670 appareat,
1030 1630 1161 1658 aucto-

142 1692 222 1716 rem
243 1679 357 1728 hujus
385 1679 547 1716 actionis
566 1679 784 1715 Timandrae
803 1680 998 1716 intentatae
1027 1679 1160 1716 haberi

141 1738 328 1774 incertum
357 1745 395 1774 et
428 1738 650 1787 neutiquam
678 1737 987 1786 reprehensionis
1017 1739 1159 1774 immu—

141 1808 249 1842 nem,
284 1795 472 1845 Hyperidi
511 1803 636 1832 tamen
666 1795 888 1832 attributam
923 1796 1039 1832 fuisse
1068 1810 1162 1832 non-

141 1856 333 1892 nullorum
346 1855 514 1905 judicio,
531 1855 662 1892 Suidas
677 1856 887 1893 ostenderit
901 1857 938 1893 in
954 1855 1160 1908 Παιδᾶριον,

141 1914 328 1964 siquidem
348 1913 403 1950 ibi
423 1913 625 1963 legendum
651 1923 726 1961 est,
747 1913 934 1966 Ὑπερίδης
955 1916 990 1952 ἐν
1011 1917 1059 1966 τῷ
1076 1915 1161 1968 πρὸς

141 1971 365 2024 Τιμάνδραν,
386 1985 476 2017 non,
495 1971 598 2021 quod
620 1972 708 2010 edd.
727 1972 897 2020 obsidet,
917 1973 1127 2026 Τίμανδρον.
1144 1992 1160 2008 »

141 2033 291 2067 ΗΕΜετ.
315 2030 353 2067 ἐκ
379 2031 507 2082 Καρῶν
530 2033 574 2067 Β.
592 2033 637 2066 V.
659 2030 747 2068 Ald.
768 2033 990 2068 Correctum
1008 2032 1045 2068 in
1068 2032 1158 2068 edit.

142 2089 275 2135 Basti„
295 2088 334 2124 in
364 2101 440 2138 qua
469 2088 678 2138 typothetae
706 2089 819 2138 culpa
851 2101 1070 2137 expressum
1104 2098 1161 2127 est

141 2144 176 2188 ἐξ
194 2146 412 2197 ἷκκαρῶν--
426 2146 471 2182 16
490 2159 544 2195 sq.
559 2144 698 2194 λέγουσι
712 2144 748 2182 δὲ
763 2154 833 2182 etc.
850 2145 957 2183 Ordo
976 2147 1159 2183 orationis

143 2212 246 2240 vetat
263 2217 311 2240 ne
340 2204 425 2252 quis
445 2204 524 2240 haec
547 2204 595 2240 de
625 2204 697 2240 alia
729 2203 805 2239 dici
835 2204 1025 2240 existimet
1044 2218 1159 2253 quam

143 2261 363 2300 Timandra.
379 2264 463 2298 Jam
479 2274 579 2310 pone
591 2289 600 2301 .
621 2261 866 2298 Timandram
885 2263 1024 2312 olymp.
1041 2269 1103 2311 94,
1126 2278 1158 2309 1,

142 2333 220 2369 quo
240 2327 405 2356 mortem
430 2319 594 2369 oppetiit
620 2319 859 2367 Alcibiades,
893 2333 1012 2358 annos
1046 2322 1159 2359 fuisse

142 2386 270 2415 natam
288 2376 495 2414 admodum
514 2377 652 2426 viginti
668 2391 676 2413 :
693 2390 911 2427 quanquam
928 2392 974 2415 ne
991 2379 1063 2415 hoc
1083 2380 1160 2429 qui-

143 2435 230 2472 dem
253 2436 380 2485 ipsum
400 2434 620 2471 difficultate
637 2443 752 2482 caret,
772 2448 867 2480 eam,
885 2449 964 2485 quae
978 2450 1000 2474 a
1015 2438 1160 2486 Diony-

129 2487 199 2532 'sio
221 2494 268 2545 (is
287 2501 414 2531 autem
437 2493 679 2542 tyrannidem
700 2493 839 2530 invasit
857 2495 1002 2544 olymp.
1034 2497 1097 2544 93,
1121 2496 1157 2546 4)

141 2552 355 2590 Philoxeno
377 2550 479 2587 dono
503 2551 591 2588 data
612 2552 842 2588 Corinthum
865 2554 1059 2602 pervenit,
1079 2554 1157 2603 jam

141 2620 229 2648 ante
267 2623 354 2647 cum
390 2609 588 2647 Alcibiade
623 2610 861 2648 familiariter
905 2613 1157 2650 consuevisse.

142 2674 284 2706 Verum
301 2668 375 2705 ista
394 2681 453 2704 res
474 2668 513 2705 in
534 2681 814 2718 quamcumque
837 2678 984 2719 partem
999 2671 1159 2720 accipia-

144 2736 223 2772 tur,
239 2740 341 2763 nunc
361 2739 445 2763 mea
459 2726 556 2763 nihil
574 2727 692 2764 refert
710 2742 718 2763 :
739 2727 835 2764 illud
853 2727 1039 2774 volebam,
1057 2730 1158 2766 inter

144 2793 305 2822 mortem
329 2784 560 2831 Alcibiadis,
585 2794 700 2834 atque
723 2786 932 2823 Alexandri
961 2788 1000 2823 in
1029 2788 1158 2825 Asiam

143 2842 451 2892 expeditionem,
471 2856 556 2891 quae
579 2843 716 2880 incidit
749 2844 787 2880 in
814 2844 956 2893 olymp.
996 2858 1086 2891 111,
1122 2847 1156 2891 3,

143 2914 261 2942 annos
275 2900 526 2937 intervenisse
546 2914 607 2948 70.
628 2901 865 2939 Habebimus
881 2903 997 2952 igitur
1011 2904 1159 2941 Timan-

144 2959 250 2995 dram
266 2958 434 3008 puellam
453 2960 761 3008 nonagenariam,
776 2968 880 2997 certe
897 2961 1049 3010 dignam
1075 2976 1159 3011 quae

146 3017 184 3054 id
213 3017 333 3054 aetatis
357 3015 489 3064 juveni
523 3030 655 3066 regum
684 3019 851 3055 maximo
885 3028 992 3068 grata
1031 3033 1158 3058 comes

143 3075 367 3112 adhaereret.
389 3074 492 3119 Quid
517 3077 635 3124 ergo?
667 3084 708 3113 ut
735 3078 862 3126 aliqua
889 3078 1020 3114 saltem
1050 3088 1158 3128 parte

143 3133 345 3182 scrupulus
375 3132 584 3179 eximatur,
605 3134 824 3171 tentandum
841 3143 910 3180 est,
934 3148 982 3171 an
1005 3136 1159 3174 inverso

144 3192 310 3228 duarum
329 3189 576 3241 periodorum
597 3192 730 3229 ordine
747 3193 920 3229 succurri
937 3195 1058 3243 possit
1074 3210 1081 3230 :
1102 3210 1159 3232 πε-

144 3249 302 3302 ριὸόητος
325 3244 366 3295 ἦν
408 3248 550 3299 ἑταιρίς.
573 3252 594 3295 ἡ
623 3249 658 3286 δὲ
677 3246 766 3292 Λαῒς
783 3250 1022 3303 ἐπισημοτέρα
1039 3251 1156 3302 γέγονε

142 3312 204 3354 τῆς
222 3307 351 3360 μητρὸς
367 3308 402 3344 ἐν
419 3306 574 3358 Κορίνθῳ
587 3322 594 3329 ·
611 3308 750 3357 λέγουσι
769 3307 821 3354 δὲ,
842 3309 893 3346 ὅτι
913 3308 986 3357 ἅμα
1007 3309 1159 3353 Ἀλεξάν-

144 3367 214 3420 δρῳ
232 3365 454 3416 ἀπεδήμησεν
475 3366 520 3407 εἷς
542 3365 681 3416 Πέρσας
698 3367 738 3403 ἐκ
755 3368 942 3418 Κορίνθου·
964 3365 1103 3419 ὕστερον
1121 3368 1157 3405 δὲ

1218 277 1276 313 καὶ
1298 271 1390 319 αὖθις
1404 278 1628 328 ἀπεδήμησεν
1641 289 1726 326 etc„
1745 294 1818 316 uon
1835 281 1936 330 quod
1953 281 1999 318 de
2014 282 2094 332 ipsa
2115 285 2230 322 Laide

1220 335 1311 371 nihil
1353 337 1576 385 impeditum
1615 347 1756 375 restare
1794 347 1944 388 putem3
1978 342 2117 378 etenim
2152 343 2231 379 haec

1219 406 1372 442 quoquc
1392 396 1549 432 nimium
1573 398 1711 441 vetula,
1727 410 1838 446 quam
1860 406 1899 433 ut
1917 399 2134 436 Alexandro
2154 402 2231 451 pla-

1219 463 1304 487 cere
1331 454 1498 501 potuisse
1529 455 1705 490 credatur
1732 469 1739 489 τ
1774 455 1840 491 sed
1871 456 1973 505 quod
2009 471 2231 507 persuasum

1220 509 1311 544 mihi
1333 511 1396 555 sit,
1412 511 1449 547 in
1468 525 1596 547 errore
1611 514 1752 549 versari
1774 514 1830 549 vel
1851 523 1987 562 sponte
2005 529 2069 552 sua
2086 517 2230 565 lapsum

1220 575 1478 604 enarratorem
1512 578 1708 614 nostrum,
1741 572 1798 606 vel
1830 584 1948 620 pravo
1975 573 2062 610 duci
2093 583 2232 612 temere

1220 623 1462 672 obsecutum,
1484 628 1549 676 qui
1570 641 1640 676 pro
1660 628 1806 665 Thaide
1838 630 1955 666 literae
1985 633 2233 671 similitudine

1220 681 1403 731 deceptus
1425 685 1580 721 Laidem
1611 687 1867 735 supposuerit.
1898 690 2082 737 Equidem
2104 692 2141 727 in
2166 706 2233 729 co-

1221 739 1355 776 mitatu
1380 741 1589 778 Alexandri
1620 757 1742 792 neque
1764 745 2032 792 Timandram,
2056 762 2123 785 uec
2144 753 2233 787 Lai—

1220 795 1306 832 dem
1330 811 1487 848 usquam
1508 801 1635 837 inveni
1654 815 1662 836 :
1685 809 1722 837 at
1741 811 1863 839 certos
1879 811 1991 840 testes
2013 806 2129 843 citare
2146 809 2234 845 licet

1221 855 1451 893 Clitarchum
1473 858 1575 907 apud
1601 859 1735 895 Athen.
1764 861 1819 902 13,
1843 874 1881 910 p.
1906 862 1994 907 576,
2015 865 2057 908 Ε,
2079 873 2115 900 et
2143 867 2234 902 Plu-

1222 913 1391 949 ta1*cli.in
1404 915 1511 951 Alex.
1528 929 1564 965 p.
1581 917 1670 962 687,
1686 922 1729 961 A,
1745 919 1808 966 qui
1823 932 1899 955 nou
1915 920 2078 959 adfuisse
2089 931 2232 961 tantum

1220 970 1259 1006 in
1284 972 1437 1009 Perside
1462 974 1661 1021 Thaidem,
1685 976 1750 1012 sed
1777 975 1858 1025 ejus
1883 979 1997 1015 etiam
2031 983 2235 1019 temulenta

1222 1031 1417 1078 protervia
1437 1032 1579 1069 factum
1603 1033 1781 1080 doceant,
1810 1045 1851 1073 ut
1884 1036 2060 1085 subjectis
2089 1040 2235 1077 facibus.

1220 1088 1323 1137 regia
1340 1092 1543 1127 Persarum
1560 1092 1801 1143 conflagrarit
1818 1110 1825 1131 :
1843 1096 1989 1132 tametsi
2005 1096 2050 1133 de
2072 1107 2149 1134 toto
2164 1099 2234 1135 hoc

1221 1147 1376 1194 negotio
1394 1148 1486 1197 quid
1511 1151 1681 1196 senserit,
1704 1151 1794 1188 dum
1820 1161 1916 1189 tacet
1938 1155 2131 1201 Arrianus,
2147 1157 2236 1192 satis

1221 1204 1369 1243 clamat.
1391 1207 1498 1243 Conf.
1521 1217 1557 1244 et
1574 1210 1697 1246 Vales.
1716 1211 1753 1246 in
1769 1214 1855 1247 Not.
1874 1214 2061 1248 Maussac.
2080 1214 2237 1251 ad'Har-

1223 1275 1330 1311 pocr.
1353 1277 1390 1313 p.
1415 1266 1500 1304 310.
1515 1267 1658 1304 Hens'r.
1672 1291 1710 1297 —-
1724 1282 1781 1316 19.
1798 1271 1834 1304 Is
1854 1271 2108 1317 Eurylochus,
2128 1281 2168 1308 ut
2185 1275 2240 1309 vi-

1222 1321 1347 1367 detur,
1368 1324 1434 1372 qui
1455 1326 1651 1362 Socratem
1674 1326 1873 1372 invitavit3
1897 1329 2009 1378 Diog.
2039 1332 2083 1365 L.
2110 1343 2144 1376 2,
2168 1332 2238 1377 25;

1222 1379 1356 1417 Liban.
1389 1382 1466 1419 vol.
1499 1397 1531 1429 1,
1565 1397 1603 1433 p.
1637 1384 1710 1420 682
1735 1388 1762 1421 C
1792 1386 1847 1432 (3,
1874 1398 1911 1435 p.
1941 1386 2002 1435 59,
2036 1401 2049 1423 1
2079 1390 2236 1438 Reisk.).

1221 1441 1366 1475 flmsr.
1382 1440 1420 1476 in
1436 1441 1581 1478 schedis
1595 1445 1687 1479 Mss.
1703 1443 1985 1493 Hippolochum
2002 1458 2023 1481 a
2035 1446 2238 1484 Plutarcho

1222 1500 1320 1533 Mor.
1346 1511 1384 1547 p.
1409 1500 1497 1545 767,
1516 1503 1558 1545 F,
1582 1501 1711 1537 vocari
1739 1510 1866 1538 monet
1891 1503 2090 1540 Bentleius.
2114 1506 2235 1542 Dona.

1220 1557 1320 1592 ..23
1354 1570 1409 1606 sq.
1440 1556 1588 1600 ξυλίναις
1613 1558 1795 1609 χελώναις.
1820 1560 1982 1597 Timaeus
2005 1575 2051 1597 an
2085 1564 2239 1600 Polemo

1222 1614 1322 1663 (uter
1348 1615 1448 1651 enim
1471 1616 1690 1663 tradiderit,
1711 1630 1780 1666 per
1806 1626 2034 1654 structuram
2056 1622 2239 1658 orationis

1221 1671 1376 1709 dubiam
1392 1675 1514 1710 minus
1529 1682 1584 1711 est
1603 1675 1792 1724 apertum)
1809 1675 1959 1712 crudele
1974 1677 2237 1716 Tliessalarum

1221 1731 1366 1768 facinus
1386 1742 1513 1769 narrat
1533 1734 1634 1782 apud
1654 1733 1791 1770 Athen.
1819 1736 1876 1778 13,
1897 1747 1934 1783 p.
1959 1735 2047 1782 589,
2069 1740 2098 1772 A
2125 1751 2132 1772 :
2154 1738 2240 1774 inde

1223 1789 1348 1826 verbis
1379 1791 1511 1827 iisdem
1536 1791 1613 1828 fere
1640 1793 1773 1827 sumsit
1800 1792 2032 1829 scholiastes.
2063 1796 2238 1831 Vicissim

1221 1848 1434 1885 scholiastae
1456 1862 1522 1885 sua
1549 1849 1689 1886 debent
1721 1849 1877 1894 Suidas,
1909 1851 1974 1899 qui
2002 1849 2080 1887 haec
2110 1854 2239 1901 paucis

1221 1906 1371 1943 omissis
1391 1907 1430 1942 in
1445 1921 1480 1944 v.
1501 1907 1649 1953 Χελώνη
1665 1907 1879 1958 descripsit,
1899 1915 1936 1943 et
1964 1909 2157 1946 Helladius
2178 1925 2238 1960 ap.

1221 1966 1395 2002 Photium
1410 1979 1446 2015 p.
1467 1967 1557 2013 872,
1580 1979 1652 2002 20:
1677 1977 1782 2011 nam,
1804 1978 1850 2002 ne
1876 1965 2039 2012 dubites,
2061 1969 2241 2017 praecedit

1222 2023 1437 2060 observatio
1464 2023 1510 2060 de
1531 2022 1747 2073 μονώτατος,
1769 2023 1872 2073 quod
1902 2024 1989 2061 licet
2009 2038 2030 2061 a
2050 2039 2241 2074 gramma-

1222 2082 1303 2119 ticis
1322 2096 1393 2132 pro
1413 2083 1552 2119 soloeco
1573 2082 1768 2127 habeatur,
1784 2095 1984 2131 usurpasse
2005 2092 2130 2122 tamen
2160 2088 2243 2123 Ari-

1220 2143 1447 2192 stophanem
1471 2151 1615 2187 monet3
1636 2142 1741 2192 atqui
1771 2143 1903 2179 tertius
1927 2142 1975 2179 ab
2004 2144 2076 2180 hoc
2112 2159 2240 2184 versus

1220 2214 1307 2238 eum
1323 2202 1597 2250 superlativum
1614 2201 1740 2237 offert.
1757 2199 1816 2237 Ab
1830 2201 1904 2237 alio
1919 2201 2023 2237 fonte
2049 2202 2239 2242 derivasse

1220 2272 1303 2308 quae
1325 2259 1456 2295 scribit
1475 2259 1514 2295 in
1536 2259 1717 2310 Ἐρωτικῷ
1738 2272 1774 2308 p.
1799 2260 1872 2302 768
1887 2286 1897 2303 ,
1917 2263 1948 2295 Α
1962 2288 1970 2303 ,
1990 2260 2238 2299 Plutarchum

1220 2330 1297 2353 non
1315 2316 1476 2353 obscure
1490 2317 1622 2366 liquet,
1637 2325 1679 2352 ut
1695 2317 1759 2365 qui
1777 2316 1929 2362 referat,
1944 2324 2022 2353 tum
2041 2319 2237 2358 Thessalas

1219 2376 1258 2412 in
1281 2376 1463 2425 templum
1479 2375 1637 2412 Veneris
1658 2374 1860 2411 adductam
1879 2375 2006 2420 Laida,
2028 2376 2239 2426 lapidibus-

1220 2449 1295 2486 que
1314 2435 1492 2473 obrutam
1512 2434 1768 2479 interemisse,
1800 2443 1879 2470 tum
1900 2438 2086 2472 Yenerem
2118 2452 2164 2474 ex
2192 2452 2237 2475 eo

1219 2508 1308 2531 casu
1340 2494 1478 2530 dictam
1507 2492 1712 2545 ἀνδροφόνον
1740 2505 1852 2542 :quae
1878 2500 2001 2530 tamen
2032 2497 2237 2544 appellatio

1219 2552 1526 2602 quandoquidem
1549 2553 1623 2597 rei,
1643 2552 1750 2601 cujus
1771 2551 2011 2600 designandae
2031 2566 2141 2590 causa
2166 2557 2237 2592 fuit

1218 2612 1411 2661 imposita,
1428 2610 1633 2647 convenire
1654 2623 1730 2646 non
1745 2610 1909 2654 videtur,
1928 2610 1976 2646 foi
1989 2619 2024 2647 te
2046 2613 2178 2649 melius
2199 2615 2235 2650 in

1219 2667 1440 2721 ἀνοσιοφόνου
1477 2668 1785 2705 commutabitur.
1819 2670 1917 2705 Sunt
1948 2677 2074 2705 autem
2108 2669 2237 2713 ξύλιναι

1217 2730 1369 2779 χελῶναι
1388 2727 1549 2765 scabella
1571 2728 1707 2777 lignea,
1730 2740 1813 2777 quae
1831 2727 1887 2763 vel
1905 2726 2065 2776 pedibus
2087 2741 2236 2778 suppo,

1219 2795 1375 2832 liuntur,
1400 2787 1459 2823 vel
1479 2798 1677 2822 ascensum
1695 2785 1735 2821 in
1758 2785 1872 2821 lectos
1891 2783 2062 2833 praebent
2086 2800 2093 2820 :
2117 2799 2234 2834 quare

1217 2844 1374 2896 χελώνην
1407 2844 1619 2892 Hesychius
1652 2844 1924 2892 interpretatur
1953 2841 2158 2887 ὑποπόδιον,
2188 2856 2232 2879 ε(

1219 2908 1318 2942 Sext.
1355 2902 1500 2951 Empir.
1531 2901 1627 2938 Adv.
1659 2901 1837 2937 mathem.
1876 2913 1908 2946 1,
1939 2900 1959 2946 §
1985 2899 2057 2935 246
2078 2911 2086 2935 :
2109 2897 2147 2936 τὸ
2179 2900 2234 2951 ὕφ’

1217 2963 1317 3011 ἡμῶν
1347 2958 1555 3008 καλούμενον
1584 2957 1769 2995 ὑποπόδιον
1792 2956 1961 3001 Ἀθηναῖοι
1980 2955 2037 2993 καὶ
2059 2957 2157 2993 Κῶοι
2173 2971 2235 3007 χε-

1217 3018 1345 3056 λωνίδα
1364 3018 1544 3054 καλοῦσιν·
1563 3017 1662 3053 unde
1683 3015 1850 3052 dubitari
1868 3028 1943 3051 non
1964 3022 2104 3064 potest,
2126 3016 2232 3064 quin,

1218 3076 1355 3126 rejecta
1375 3076 1710 3124 grammaticorum
1737 3073 2010 3122 explicatione,
2034 3073 2162 3110 eadem
2185 3074 2233 3110 sit

1217 3136 1331 3184 hujus
1350 3133 1521 3171 vocabuli
1536 3140 1700 3182 potestas
1715 3131 1976 3181 amplectenda
1998 3130 2140 3168 Judith.
2168 3139 2232 3178 14,

1223 3194 1281 3232 15.
1309 3192 1462 3230 Notavit
1490 3190 1702 3239 HStephan.
1726 3191 1765 3226 in
1791 3190 1917 3235 Thes„
1945 3190 2085 3239 partim
2112 3197 2232 3237 recte,

1218 3253 1357 3303 partim
1373 3264 1490 3288 secus.
1507 3252 1682 3287 Ceterum
1696 3249 1790 3284 iram
1805 3248 1973 3292 Veneris,
1989 3260 2073 3296 quae
2089 3247 2231 3283 caedem

1217 3312 1253 3346 in
1288 3311 1489 3346 mulierum
1522 3307 1792 3343 formosissima
1817 3314 2002 3356 patratam
2030 3305 2128 3342 ferre
2153 3318 2229 3341 non

1219 3369 1362 3418 potuit,
1396 3368 1487 3416 quin
1519 3366 1684 3402 immissa
1712 3373 1814 3415 peste
1832 3365 2096 3411 ulcisceretur,
2130 3363 2232 3400 solus
