2485 3808
921 205 1175 245 SCHOLIA
1211 205 1269 243 IN
1306 206 1537 244 VESPAS.

165 295 379 341 Θουκυδίδης
390 295 436 344 [1,
447 306 546 344 203⁰,
559 306 609 343 5-1]
621 292 717 342 φησί.
735 293 829 330 δοκεῖ
838 291 873 329 δὲ
884 294 906 337 ἡ
917 292 1075 344 τυραννὶς
1091 307 1200 329 κατα-

166 358 304 400 στῆναι,
320 352 366 394 ὥς
387 367 488 404 φησιν
510 350 777 403 Ἐρατοσθένης,
798 350 854 388 ἐπὶ
875 349 935 396 ἔτη
956 350 998 396 ν’,
1020 353 1079 387 τοῦ
1100 351 1201 401 ἀκρι-

168 412 246 454 6033
275 409 536 462 διαμαρτάνων,
568 408 820 460 Ἀριστοτέλους
849 423 889 456 με
877 406 910 444 ν
943 407 1203 460 τεσσαράκοντα

2222 216 2291 246 1-17

1313 293 1443 342 ἀγαθοῧ
1465 292 1657 342 δαίμον;ος
1688 292 1758 330 Και
1786 293 1820 329 ἐν
1846 292 1977 344 Εἰρήνῃ
2005 293 2087 343 [300]
2110 311 2123 326 a
2149 298 2208 331 νῦν
2231 295 2298 348 γὰρ

1260 352 1345 399 ἡμῖν
1373 350 1539 402 πάρεστιν
1574 349 1732 402 ἁρπάσαι
1767 351 1897 399 ἀκαθοῧ
1936 350 2106 400 δαίμονος.
2132 370 2146 384 υ
2169 351 2242 395 ἔθος
2265 353 2300 390 δὲ

1262 411 1315 453 ἠν,
1346 407 1447 445 ὁπότε
1478 408 1597 457 μῦ-λοι
1625 412 1646 453 ἢ
1673 408 1827 460 τράπεζα
1857 408 2034 461 αἴρεσθαι,
2065 411 2193 459 ἀγαθοῦ
2222 410 2302 448 δαί-

166 469 226 507 καὶ
241 468 275 506 ἓν
292 467 482 520 φήσαντος,
504 467 725 519 Ἡροδότου
707 465 742 503 οὲ
760 463 908 519 [5,65]ἓ”
877 481 910 509 ,ς
927 481 986 502 και
1005 465 1202 517 τριάκοντα.
1233 494 1236 509 ,
1264 481 1363 515 μονος
1384 467 1591 518 3mpp033'z'v‚
1610 469 1655 509 ὡς
1674 466 1884 515 Θεόπομπός
1904 482 2018 518 φησιν.
2043 469 2098 505 ὁ
2080 468 2115 505 03
2136 469 2302 507 Απολλό-

131 544 148 568 5
167 526 394 573 κελητίζειν
376 525 411 562 03
430 524 553 578 κυρίως
571 524 610 562 τὸ
630 524 758 570 κέλητα
786 522 950 560 ἐλαύνειν.
970 521 1131 575 ζΌμηρος
1151 522 1203 572 [ll.

167 589 212 627 O,
227 586 292 634 379)

336 643 377 678 ὡς
393 641 418 672 ὃ
431 641 474 672 ὅτ’
493 641 566 681 ἀνὴρ
576 641 697 671 ἵπποισι
712 639 874 676 κελητίζειν
886 638 917 670 εὖ
928 638 1041 676 εἰδώς.)

220 713 286 738 505.
315 698 703 752 ὀρθροφοιτοσύκοφαηε
727 697 844 749 (Παρὰ
877 697 915 734 τὸ
948 695 1118 748 ὀρθρεύειν
1149 695 1207 732 καὶ

168 763 288 810 φοιτᾶν
306 773 366 795 και
383 757 604 809 συκοφαντεῖν
621 771 679 793 και
697 757 729 792 ἐν
753 755 860 797 δίκαις
875 755 1119 805 ταλαιπωρεῖν
1123 755 1164 802 )‘
1153 753 1208 804 up'

119 832 152 857 10
171 815 206 852 ἓν
221 814 313 854 ὅλον.
338 822 376 852 Β·

225 887 288 912 500.
323 875 395 922 (ζ’ἦν
417 871 487 923 βίον
507 871 659 921 γενναῖον
679 882 688 908 2

173 930 300 973 σαντάς
317 945 351 967 τι
368 929 425 967 τὸν
450 928 610 980 Μόρυχον
633 929 700 964 τῶν
722 927 907 963 πολιτικῶν
929 923 1097 969 πεποίηκε
1115 938 1209 974 πρα-

172 987 328 1039 γμάτων,
357 986 591 1037 ἀγνοήσαντας
618 983 669 1022 οτι
694 982 857 1034 τρυφερὸς
882 997 941 1019 και
969 980 1108 1027 ηδύὸιος
1136 996 1209 1018 κω-

175 1046 351 1097 μῳδεῖται.
371 1043 394 1089 ἢ
414 1043 473 1080 καὶ
488 1046 545 1079 ν’ῠν
563 1043 598 1078 ἐν
618 1040 785 1093 εἰρωνείᾳ.
805 1039 918 1076 αἰτίαν
940 1040 974 1076 33
996 1039 1128 1091 μέμψιν
1149 1038 1210 1076 καὶ

123 1119 154 1143 15
174 1103 347 1153 ἔγκλημα.
350 1102 540 1153 )-εὐγενῆ
551 1098 792 1151 καὶτρυφηλόν
810 1113 892 1147 φασι
905 1099 962 1135 τὸν
978 1097 1053 1136 Μό
1039 1113 1152 1150 ρυγ.ον
1173 1106 1211 1135 V.

174 1160 335 1212 Μόρυχος
359 1160 406 1202 εἷς
429 1157 622 1210 ὀψοφαγίαν
647 1156 707 1194 καὶ
735 1155 947 1202 ἡδυπάθειαν
978 1157 1209 1208 ἐκωμωδεῖτο.

173 1220 207 1256 ἐν
228 1216 360 1268 Εἰρήνῃ
378 1215 478 1266 [1008]
495 1213 611 1267 φησίν.
631 1219 669 1249 Β.

225 1287 288 1312 507.
318 1275 439 1322 (ταῦτα
462 1274 545 1324 δρᾶν
567 1285 576 1311 :
599 1271 651 1310 Τὸ
672 1270 767 1317 ἑξῆς,
793 1270 1064 1322 ἀπαλλαχθέντα
1083 1270 1213 1308 τούτων

172 1329 312 1368 πάντων
328 1333 440 1367 ταῦτα
457 1330 568 1381 δρᾶν.)

122 1411 157 1436 25
228 1401 294 1426 508.
324 1387 481 1439 (ὀρνίθων
500 1385 592 1438 γάλα
611 1399 620 1424 :
645 1385 824 1438 Παροιμία
850 1385 907 1423 ἐπὶ
928 1388 996 1424 τῶν
1013 1385 1091 1424 λίαν
1108 1387 1217 1423 εὔδαι-

177 1445 371 1495 μονούντων
401 1444 462 1482 καὶ
494 1443 610 1481 πάντα
645 1443 878 1493 κεκτημένων,
910 1446 955 1487 ὡς
985 1444 1044 1481 καὶ
1078 1445 1118 1481 ἐκ
1149 1447 1216 1481 τῶν

177 1503 354 1541 ἀδυνάτων
372 1501 495 1554 πόρους
513 1501 726 1550 κομίζεσθαι.
745 1501 912 1538 ἀδύνατον
933 1500 1000 1553 γὰρ
1023 1501 1057 1545 ἐξ
1075 1501 1215 1553 ὀρνίθων

176 1561 268 1612 γάλα
295 1558 379 1599 ποτὲ
408 1559 542 1598 λαὸεῖν.
571 1561 602 1597 οἱ
633 1560 669 1596 δὲ
700 1560 980 1610 εὐδαιμονοῦντες
1010 1560 1070 1597 καὶ
1100 1563 1216 1606 τοῦτο,

178 1621 207 1657 εἰ
237 1618 444 1669 βουληθεῖεν,
469 1617 680 1670 πορίσαιντο.
703 1617 799 1668 βατὶς
826 1616 861 1654 33
887 1613 974 1660 εἶδος
1003 1617 1129 1669 ἰχθύος.
1158 1618 1218 1655 καὶ

125 1696 159 1721 25
180 1675 404 1729 βατιοσκόποι
420 1677 451 1712 οἱ
467 1674 662 1727 ὀψοφάγοι.)

230 1733 370 1786 ὀρνίθων
395 1732 487 1783 γάλα
518 1745 527 1771 :
557 1732 680 1775 Οὕτως
710 1732 767 1770 ἐπὶ
798 1734 865 1770 τῶν
900 1732 1054 1770 σπανίων
1084 1733 1216 1785 ἔλεγον.

184 1799 267 1830 Vict-

230 1862 296 1888 510.
327 1847 461 1900 βατίσιν
483 1860 492 1886 :
516 1841 619 1890 Εῖδός
637 1848 728 1885 ἐστιν
749 1846 887 1898 ἰχθύων.
908 1854 992 1885 Vict.

231 1921 296 1946 511.
335 1904 576 1956 (πεπνιγμένον
609 1918 619 1944 z
648 1905 732 1943 Δέον
764 1907 871 1943 εἰπεῖν
905 1905 1099 1958 ἡψημένον,
1138 1908 1221 1960 φησὶ

128 1988 163 2014 ³0
179 1963 425 2016 πεπνιγμένον.
442 1963 512 2001 ἀπὸ
530 1967 591 2001 τοῦ
610 1962 858 2013 συμὸαίνοντος
881 1963 948 2001 ὑπὸ
965 1967 1034 2002 τῶν
1051 1966 1221 2004 δικαστῶν

179 2026 249 2067 τοῖς
267 2021 530 2072 δικαζομένοις.)

233 2095 297 2120 515.
329 2078 627 2130 (καταγελώμενος
650 2078 712 2129 μὲν
730 2073 788 2117 οῧν
813 2093 822 2118 :
844 2080 999 2131 Αἷσθάνῃ
1017 2082 1223 2133 καταγελώ-

183 2155 283 2190 μενος
300 2138 356 2177 ὑπ’
383 2139 528 2190 ἀνδρῶν,
549 2137 605 2180 ους
628 2152 706 2187 ουχι
727 2137 828 2187 μόνον
849 2154 951 2190 τιμας
969 2140 1029 2176 καὶ
1049 2140 1195 2183 σέὸεις(
1179 2158 1224 2184 ως

184 2196 357 2248 βελτίους,
381 2195 472 2232 ἀλλὰ
497 2210 557 2232 και
579 2197 626 2238 ὡς
650 2194 833 2238 δεσπόταις
858 2196 1048 2247 ὖποτάττη.
1070 2198 1109 2235 λέ
1109 2214 1162 2248 γει
1188 2198 1222 2236 33

131 2274 165 2300 35
183 2270 262 2297 τους
292 2252 539 2303 δημαγωγους,
564 2256 611 2290 ὡν
641 2252 826 2304 προστάξει
854 2253 1060 2302 δικάζουσιν,
1093 2258 1148 2293 ὑφ’
1177 2260 1224 2293 ὡν

183 2327 243 2349 και
255 2326 312 2348 τον
327 2310 446 2360 μισθὸν
463 2310 712 2360 λαμὸάνουσιν.
716 2312 726 2360 )
741 2334 793 2338 -
805 2312 867 2348 οὐκ
887 2311 1046 2363 αἰσθάνῃ
1063 2313 1143 2365 περὶ
1156 2317 1223 2351 τῶν

185 2370 404 2420 δημαγωγῶν
421 2368 514 2419 λέγει
531 2368 584 2406 ὅτι
602 2368 716 2419 ὀλίγον
736 2384 768 2405 τι
786 2371 835 2421 τῷ
854 2370 970 2422 λεπτῷ
992 2370 1087 2423 ὄχλῳ
1111 2376 1225 2421 μισθο-

186 2429 359 2470 δοτοῦντες
373 2425 418 2464 τὰ
433 2426 580 2477 μέγιστα
597 2426 694 2464 αὐτοὶ
711 2426 910 2479 ἐκέρδαναν.
928 2430 964 2460 R·

238 2498 303 2523 517.
333 2483 436 2534 (ἀλλὰ
461 2484 630 2522 δουλεύων
654 2483 801 2530 λέληθας
824 2499 833 2522 :
856 2483 941 2523 ‘'Ox-t
956 2485 1040 2537 πρὸς
1064 2485 1125 2530 τὰς
1147 2490 1226 2526 ὓπο-

712 869 807 920 Πρὸς
829 867 906 911 τοὺς
929 868 1086 919 ἀψευδεῖς
1104 865 1208 912 ποιή-

99 2579 104 2582 .
132 2559 169 2585 40
187 2541 322 2593 σχέσεις
345 2544 414 2579 τῶν
440 2543 658 2592 δημαγωγῶν
684 2542 837 2586 ἐδίκαζον
862 2542 922 2580 καὶ
948 2543 1118 2595 ὑπηρέται
1137 2540 1225 2592 ἦσαν

188 2601 300 2637 αὐτῶν
318 2599 403 2651 πρὸς
420 2599 460 2637 τὸ
479 2599 618 2637 ἐκείνων
641 2599 840 2650 βούλημα
821 2600 1026 2644 οικάζοντες.
1031 2603 1044 2652 )

239 2670 304 2696 530.
333 2657 562 2710 καρπουμένῳ
588 2657 651 2704 τὴν
673 2657 717 2697 F
719 2657 865 2695 λλαοα
856 2688 864 2696 .
888 2658 991 2708 (Τους
1017 2659 1138 2712 φόρους
1159 2661 1226 2714 γὰρ

189 2713 385 2764 ἐλάμὸανον
407 2717 438 2752 οι
460 2715 643 2762 Ἀθηναῖοι.
665 2718 682 2753 ὅ
698 2717 734 2753 33
755 2715 807 2753 λό·
798 2718 880 2766 γ·ος)
912 2716 946 2754 τί
970 2733 1022 2755 σοι
1047 2719 1086 2755 ἐκ
1107 2718 1226 2757 τούτου

189 2771 392 2824 Ἀθηναίῳ”
371 2788 443 2810 οντι
461 2773 563 2811 πλέον
589 2773 719 2824 γίνεται
735 2790 774 2811 το
797 2775 992 2812 δικαστικὸν
1013 2775 1114 2825 μόνον
1135 2778 1224 2828 λαμν

139 2849 174 2874 45
193 2827 348 2875 ὅάνοντις
365 2830 408 2878 (οἱ
422 2828 488 2882 γὰρ
505 2831 709 2882 δημαγωγοὶ
725 2831 840 2869 πάντα
856 2831 1104 2881 λαμὸάνουσιν.
1108 2835 1118 2883 )

245 2897 310 2923 5-21.
337 2886 407 2928 τοῖς
433 2888 569 2930 θεαταῖς
602 2890 664 2940 (τῷ
695 2888 877 2941 θεράποντι
910 2891 962 2939 G.)
995 2889 1135 2928 δικάσαι
1169 2892 1228 2929 καὶ

195 2939 264 2991 ἐγὼ
286 2940 453 2992 βούλομαι
475 2943 680 2994 (ἐδουλόμην
699 2953 752 2995 G.)
770 2954 810 2983 V.
831 2955 870 2985 G

247 3011 312 3036 522.
343 2997 459 3051 (αφετε
477 3004 536 3038 νῦν
558 3001 732 3046 ἅπαντες;
752 3004 846 3076 Πρὸς
869 3003 947 3047 τοὺς
967 3004 1102 3057 σφηκάς
1125 3021 1227 3058 φησιν

195 3054 248 3092 ὅτι
264 3054 368 3107 ἄφετε
386 3056 501 3096 αὐτόν.
523 3057 546 3104 ἢ
571 3059 655 3111 πρὸς
673 3060 750 3104 τοὺς
772 3061 905 3106 οἰκέτας
927 3063 1002 3106 τοὺς
1017 3062 1228 3115 κατέχοντας

143 3133 178 3159 ω
194 3112 251 3150 τὸν
268 3113 506 3152 Φιλοκλέωνα.
509 3116 520 3164 )

248 3183 312 3209 524.
338 3173 382 3221 τῇ
402 3171 545 3222 διαίτῃε
563 3174 618 3223 Τῇ
637 3174 758 3226 κρίσει.
787 3183 867 3215 vict

267 3227 526 3278 ,5.(μηδέποτε
551 3229 660 3279 πίοιμ’
687 3232 804 3270 εΔέον
824 3236 943 3281 εἰπεῖν,
967 3235 1115 3288 ἄκρατον
1139 3238 1228 3287 ἀγα-

196 3241 266 3321 θουῦ
267 3241 456 3336 ‘'322'340v03,
475 3285 533 3324 τὸν
552 3268 671 3342 μισθὸν
691 3292 835 3341 εἶπεν,ε
821 3292 1043 3344 υπεμφαίνων
1067 3293 1106 3331 τὸ
1126 3294 1225 3346 φιλό-

199 3342 304 3380 δικον.

1264 525 1369 575 δωρος
1391 539 1451 560 και
1472 523 1524 560 ὅτι
1544 539 1582 560 το
1602 523 1793 574 ποτήριον
1788 539 1911 561 αεστον
1936 525 2040 562 πάλιν
2064 527 2302 579 ἀπεπλήρουν,
2321 539 2339 564 5

1264 581 1486 626 δεδήλωκεν
1472 596 1506 618 εν
1523 584 1565 631 τῇ
1584 582 1612 617 3
1631 584 1723 618 τῶν
1713 596 1792 632 περι
1811 582 2005 633 Σωορονος.
2011 585 2020 631 )

1317 652 1381 676 5-26.
1414 640 1464 687 (ἐκ
1495 639 1684 691 Οτμετερου
1712 652 1720 676 :
1750 639 1816 677 Ex
1842 644 1900 676 τοῦ
1930 640 2110 692 ἡμετέρου.
2139 647 2240 680 τοῦτο
2268 644 2304 681 δὲ

1238 711 1349 760 προς
1364 696 1420 732 τὸν
1436 696 1591 733 Φιλοκ)
1576 712 1627 742 εα,
1645 711 1702 733 τον
1717 698 1755 733 ἐκ
1768 699 1828 741 τῆς
1844 698 1946 742 αὐτ-ης
1964 701 2047 746 τμῖν
2064 701 2136 736 πα)
2140 700 2304 752 αίστρας)

1319 767 1381 791 527.
1411 752 1532 796 ὅπωςῑ
1551 754 1590 791 τὸ
1611 755 1739 806 πλῆρες
1754 757 1812 790 του
1833 754 1935 804 λόγου
1960 755 2096 807 φανήσῃ
2129 758 2244 795 καινόν
2273 775 2306 796 τι

1236 740 1243 861 (
1265 811 1387 861 λεγων.
1405 818 1444 847 Β.
2331 824 2362 847 10

1320 883 1383 906 523.
1413 868 1504 911 ὅπως
1526 867 1662 921 φανήσῃ
1691 883 1700 907 t
1724 868 1845 907 Λείπει
1870 875 2038 919 γενναῖος,
2064 872 2246 923 ἐγκρατής.
2273 881 2308 910 Γ.

1284 933 1382 970 Vm,

1322 996 1385 1022 529.
1417 983 1604 1034 (ἐνεγκάτω
1632 1000 1691 1034 μοι
1720 999 1728 1023 :
1758 985 1802 1023 Ὁ
1829 987 1910 1028 παῖς
1931 985 2031 1023 τοῦτο’
2058 1002 2174 1038 φησιν,
2199 990 2245 1030 ὡς
2276 990 2311 1025 ἐν

1269 1044 1312 1091 τῇ
1335 1040 1437 1092 κίστῃ
1466 1041 1706 1093 γραμματείου
1731 1042 1820 1085 τινὸς
1840 1043 1952 1089 ὄντος,
1972 1042 2056 1080 ὅπου
2076 1044 2120 1081 τὰ
2139 1045 2311 1097 κεφάλαια

1270 1101 1338 1136 τῶν
1375 1099 1440 1136 ὑπὸ
1470 1103 1531 1137 τοῦ
1564 1099 1695 1152 πατρὸς
1725 1100 1920 1151 λεγομένων
1956 1100 2204 1154 ἀνεγέγραπτο.
2237 1103 2312 1150 ἵνα,
2334 1116 2364 1141 15

1271 1157 1376 1209 φησὶ,
1395 1156 1515 1195 λαὲὼν
1534 1157 1681 1209 χάρτην,
1704 1158 1945 1211 ἇναγράψαιμι
1968 1162 2036 1196 τῶν
2055 1159 2250 1210 λεγομένων
2269 1161 2313 1198 τὰ

1271 1213 1468 1266 κεφάλαια.)

1325 1284 1388 1309 530.
1417 1270 1461 1308 τὰ
1478 1271 1557 1324 περὶ
1574 1275 1632 1309 τοῦ
1653 1273 1721 1310 δεῖν
1738 1274 1778 1310 ἐκ
1794 1273 1921 1316 παντὸς
1943 1272 2103 1317 δικάζειν.
2123 1281 2161 1311 R.

1325 1342 1388 1367 531.
1420 1328 1468 1378 μὴ
1490 1329 1578 1367 οὕτω
1597 1330 1708 1380 λέγειν
1728 1334 1773 1374 ὡς
1789 1334 1806 1368 ὁ
1825 1331 2012 1374 νεανίσκος.
2033 1339 2070 1368 Β.

1328 1386 1388 1436 (μὴ
1415 1385 1505 1424 κατὰ
1520 1387 1577 1424 τὸν
1607 1388 1743 1425 νεανίαν
1762 1402 1770 1426 2
1791 1386 1890 1431 Τινὲς
1915 1392 2016 1425 τοῦτο
2045 1388 2129 1440 πρὸς
2155 1388 2198 1426 τὰ
2226 1390 2315 1436 ἄνω,
2335 1402 2369 1427 20

1274 1443 1368 1487 ὅπως
1397 1443 1534 1496 φανήσῃ
1567 1444 1614 1494 μὴ
1641 1445 1731 1482 κατὰ
1765 1445 1860 1482 τόνδε
1885 1445 2010 1495 λέγειν,
2039 1447 2128 1484 ἀλλὰ
2160 1448 2316 1494 δηλονότι

1274 1500 1604 1554 πραγματικώτερον
1625 1503 1728 1540 αὐτοῦ
1747 1502 1806 1539 καὶ
1822 1503 1978 1553 βέλτιον.)

1329 1573 1392 1598 538.
1426 1559 1629 1609 μνημόσυνα
1656 1573 1665 1598 2
1689 1562 1763 1610 (Εἷς
1787 1560 1826 1597 το
1852 1565 2088 1611 μνημονεῦσαι
2116 1562 2318 1614 ἀπογράψο-

1277 1619 1370 1668 μαι.)
1386 1640 1436 1646 -
1451 1616 1494 1654 τὰ
1506 1618 1678 1669 κεφάλαια
1689 1621 1755 1656 τῶν
1770 1618 1836 1656 ὑπὸ
1845 1622 1903 1656 τοῦ
1917 1619 2047 1672 πατρὸς
2058 1620 2265 1670 λεγομένων.
2278 1628 2315 1657 Β.

1329 1689 1393 1714 539.
1423 1675 1462 1712 τὸ
1480 1675 1608 1713 τέλειον
1630 1675 1737 1728 φατὲ,
1756 1675 1814 1714 ἐὰν
1834 1679 1987 1723 ἡττηθῶ.
2009 1690 2048 1718 V.
2337 1698 2370 1722 25

1330 1746 1393 1771 540.
1421 1732 1460 1770 τὸ
1478 1732 1652 1782 σύστημα.
1675 1738 1716 1767 V·

1330 1804 1393 1829 541.
1425 1790 1505 1840 (οὐδ’
1527 1792 1640 1843 ἀκαρῆ
1663 1804 1671 1829 ;
1692 1790 1784 1829 Οὐδὲ
1805 1791 1931 1843 βραχύ.
1952 1792 2027 1830 οὐδὲ
2048 1793 2086 1831 τὸ
2104 1794 2232 1845 τυχόν.)

1331 1863 1396 1888 542.
1425 1848 1478 1886 ὅτι
1501 1851 1550 1901 τῷ
1571 1848 1744 1886 σκώπτειν
1765 1849 1890 1899 ὁμοίως
1913 1851 1997 1900 ἡμῖν
2026 1851 2207 1902 κέχρηται.
2225 1854 2318 1891 οὐδὲν

1280 1907 1315 1945 33
1342 1907 1542 1957 ἀναγκαῖον·
1566 1905 1709 1944 δύναται
1728 1906 1794 1959 γὰρ
1816 1908 1891 1948 ἀντὶ
1908 1912 1966 1946 τοῦ
1992 1908 2126 1958 γέλωτα
2150 1911 2322 1964 παρέχον-

1278 1981 1345 2009 τες.
1366 1977 1407 2007 V.
2339 1990 2373 2014 30

1333 2037 1398 2062 544.
1431 2022 1648 2075 (θαλλοφόροι
1674 2036 1683 2061 2
1704 2023 1766 2061 Ἔν
1786 2024 1855 2066 τοῖς
1882 2024 2126 2074 ὑπομνήμασιν
2147 2026 2236 2063 οὕτω
2260 2026 2320 2077 γέ-

1280 2097 1445 2133 γραπται.
1463 2080 1684 2132 θαλλοφόροι,
1708 2080 1783 2117 ἀντὶ
1799 2085 1857 2118 τοῦ
1878 2081 2033 2132 ἐργάται.
2055 2087 2130 2128 [Od.
2153 2092 2195 2129 P,
2213 2097 2266 2121 224
2289 2089 2318 2130 t]

1282 2139 1438 2177 «θαλλόν
1469 2141 1499 2176 τ’
1529 2138 1673 2189 ἐρίφοισι
1706 2153 1862 2190 φορηναι.
1896 2157 1911 2171 »
1941 2142 1971 2176 οἱ
2001 2139 2155 2189 γέροντες
2180 2140 2246 2193 γὰρ
2277 2157 2321 2179 τα

1281 2213 1424 2235 τοιαυτα
1451 2198 1485 2233 ἐν
1509 2198 1605 2248 ἀγρῶ
1633 2198 1880 2245 οἰκονομουσιν.
1908 2198 2059 2249 εὐχερεῖς
2087 2198 2124 2235 33
2147 2201 2214 2236 εἰσι
2241 2199 2320 2251 περὶ

1281 2259 1328 2292 ων
1353 2253 1459 2305 μηδὲν
1478 2269 1578 2305 εσχον
1599 2255 1708 2291 εἰπεῖν
1731 2253 1837 2306 σαφὲς
1857 2255 2174 2305 ἀποσχεδιάζοντες.
2197 2258 2321 2296 θαλλο-
2339 2276 2372 2300 35

1283 2313 1404 2366 φόρους
1428 2312 1494 2364 γὰρ
1520 2312 1606 2364 ἔφη,
1637 2311 1840 2362 βουλόμενος
1865 2328 1942 2355 τους
1963 2312 2124 2365 γέροντας
2148 2316 2320 2363 δηλωσαι,

1283 2371 1401 2417 ἐπειδὴ
1424 2372 1458 2408 ἐν
1482 2373 1550 2413 τοῖς
1572 2370 1827 2415 Παναθηναιοις
1846 2372 1876 2408 οἱ
1893 2370 2046 2423 γέροντες
2066 2373 2248 2416 θαλλους”
2230 2389 2321 2424 εχον-

1284 2445 1336 2472 τες
1358 2428 1564 2478 ἐπόμπευον.
1587 2429 1632 2470 ὡς
1653 2442 1710 2464 ουν
1733 2429 1778 2470 εἷς
1799 2426 1894 2465 οὐδέν
1922 2444 1957 2465 ον
1962 2445 2026 2466 .ων
2055 2430 2236 2480 χρησίμων
2259 2433 2321 2468 αὐ-

1283 2490 1350 2525 τῶν
1376 2486 1439 2530 ἔξω
1463 2489 1522 2523 τοῦ
1545 2486 1779 2537 θαλλορορειν,
1805 2485 1912 2528 οὕτως
1928 2486 2050 2530 αὐτους
2071 2490 2098 2526 3
2088 2487 2281 2540 τεσκωψεν.
2303 2494 2320 2528 ὁ

1285 2544 1401 2595 μέντοι
1426 2542 1636 2595 Δικαίαργος
1667 2545 1700 2580 ἐν
1732 2559 1781 2580 τι)
1799 2546 2069 2616 ΝΠαναθηιαϊκῳ
2098 2547 2160 2584 οὐκ
2185 2548 2261 2585 οἰδα
2286 2547 2320 2592 ἐξ
2338 2558 2373 2584 40
2399 2571 2403 2572 ν

1284 2619 1361 2641 οτου
1389 2602 1472 2640 ποτὲ
1504 2601 1563 2639 καὶ
1590 2600 1651 2644 τας
1669 2617 1776 2653 γραυς
1795 2604 1828 2640 ἐν
1849 2606 1918 2645 τοῖς
1943 2605 2232 2650 Παναθηναίοις
2220 2605 2320 2643 υπεί-

1283 2663 1372 2713 ληφε
1412 2662 1646 2711 θαλλοφορεῖν,
1684 2661 1820 2697 πολλῶν
1860 2661 2023 2707 ἀλλήλοις
2064 2663 2320 2713 ὁμολογούντων

1283 2719 1363 2770 περὶ
1391 2723 1450 2756 τοῦ
1483 2717 1603 2768 μόνους
1627 2716 1704 2760 τοὺς
1733 2717 1928 2769 πρεσὸύτας
1953 2721 2185 2772 θαλλοφορεῑν,
2217 2722 2320 2759 Ξενο-

1284 2780 1413 2829 φῶντος
1439 2775 1500 2825 μὲν
1532 2777 1566 2812 ἐν
1591 2777 1639 2826 τῷ
1668 2775 1858 2827 Συμποσίῳ
1887 2777 1936 2826 [4,
1968 2778 2031 2827 17],
2062 2778 2258 2829 Φιλοχόρου
2284 2779 2319 2816 33

1283 2837 1317 2871 ἐν
1334 2837 1377 2885 τῇ
1401 2832 1560 2884 δευτέρᾳ,
1578 2832 1612 2875 ὅς
1632 2848 1671 2883 γε
1687 2833 1746 2870 καὶ
1765 2833 1822 2870 τὸν
1848 2833 2040 2871 καταὸόντα
2062 2834 2100 2872 τὸ
2123 2835 2194 2878 ἔθος
2222 2837 2316 2888 Ἐρι-
2337 2848 2370 2872 45

1284 2892 1418 2943 χθόνιον
1437 2890 1629 2936 συνίστησι.
1655 2890 1861 2940 μνημονεύει
1882 2895 1939 2928 τοῦ
1959 2891 2052 2935 ἔθους
2067 2894 2236 2944 Κρατῖνος
2255 2893 2317 2944 μὲν

1284 2952 1319 2988 ἐν
1339 2948 1508 2995 Δηλιάσι,
1526 2948 1751 2999 Φερεκράτης
1771 2948 1805 2985 δὲ
1827 2951 1859 2986 ἐν
1880 2949 2148 2999 Ἔπιλήσμοσιν.

1338 3009 1561 3056 ἀντωμοσιῶν
1582 3020 1589 3044 :
1608 3008 1687 3044 Τῶν
1703 3007 1815 3043 δικῶν.
1835 3007 2046 3056 ἀντωμοσίαι
2064 3006 2098 3044 33
2115 3007 2315 3051 ἐκαλοῦντο,

1284 3065 1364 3103 ὅταν
1392 3067 1410 3101 ὃ
1440 3064 1688 3133 ἐγκαλούμενος
1712 3079 1791 3115 περι
1812 3066 1945 3110 κλοπης
1973 3067 2006 3102 ἐν
2032 3067 2081 3102 τῶ
2106 3063 2317 3117 δικαστηρίῳ

1284 3122 1452 3173 ὀμωμόκη
1478 3121 1548 3180 πρὸ
1569 3120 1686 3170 δίκης,
1707 3122 1766 3158 καὶ
1785 3123 1836 3159 δ’
1821 3123 1951 3172 ενάγων
1974 3122 2009 3160 33
2032 3123 2133 3161 αὐτὸν
2156 3125 2313 3172 ἀντομω-
2331 3134 2369 3159 50

1285 3180 1375 3230 μόκῃ
1397 3194 1498 3216 αυτον
1517 3182 1602 3215 εἶναι
1622 3194 1678 3215 τον
1697 3179 1838 3229 λῃστην.
1858 3180 1918 3218 καὶ
1938 3185 2029 3219 οὑτοι
2048 3180 2166 3218 λοιπὸν
2185 3181 2313 3232 μάρτυ-

1285 3253 1337 3289 ρες
1353 3238 1437 3274 ε’καλ
1439 3252 1548 3274 ουντο.
1557 3237 1568 3287 )
1585 3256 1632 3261 —
1649 3236 1688 3274 τὸ
1706 3236 1864 3288 ἔγκλημα
1882 3237 1998 3290 ἔλεγον
2025 3238 2244 3289 ἀντωμοσίαν
2258 3240 2314 3277 διὰ

1282 3294 1320 3332 τὺ
1338 3293 1546 3344 ἀντομνύναι
1564 3293 1641 3337 τοὺς
1660 3296 1872 3339 ἀδικοῦντας.
1889 3305 1928 3334 Β.

1336 3366 1400 3390 545.
1430 3351 1559 3404 κελύφη
1587 3365 1595 3390 :
1623 3352 1724 3402 (Ἀντὶ
1745 3357 1804 3391 τοῦ
1829 3354 2042 3404 καλύμματα
2065 3356 2180 3403 δικῶν,
2205 3353 2313 3400 ἢτῶν

2133 3427 2172 3450 10.
