<?xml version="1.0" encoding="UTF-8"?>
<!DOCTYPE html PUBLIC "-//W3C//DTD XHTML 1.0 Transitional//EN"
    "http://www.w3.org/TR/xhtml1/DTD/xhtml1-transitional.dtd">
<html xmlns="http://www.w3.org/1999/xhtml" xml:lang="en" lang="en">
 <head>
  <title>
</title>
<meta http-equiv="Content-Type" content="text/html;charset=utf-8" />
  <meta name='ocr-system' content='tesseract 3.04.00' />
  <meta name='ocr-capabilities' content='ocr_page ocr_carea ocr_par ocr_line ocrx_word'/>
</head>
<body>
  <div class='ocr_page' id='page_1' title='image "./scholiagraecaina00dbuoft_0668.png"; bbox 0 0 2533 3808; ppageno 0'>
   <div class='ocr_carea' id='block_1_1' title="bbox 270 196 342 228">
    <p class='ocr_par' dir='ltr' id='par_1_1' title="bbox 270 196 342 228">
     <span class='ocr_line' id='line_1_1' title="bbox 270 196 342 228; baseline 0 0"><span class='ocrx_word' id='word_1_1' title='bbox 270 196 342 228; x_wconf 79' lang='lat'><em>626</em></span> 
     </span>
    </p>
   </div>
   <div class='ocr_carea' id='block_1_2' title="bbox 265 265 1300 3363">
    <p class='ocr_par' dir='ltr' id='par_1_2' title="bbox 305 265 1283 404">
     <span class='ocr_line' id='line_1_2' title="bbox 305 265 1282 312; baseline -0.009 -8"><span class='ocrx_word' id='word_1_2' title='bbox 305 271 563 312; x_wconf 77' lang='lat' dir='ltr'><em>Aristophanem</em></span> <span class='ocrx_word' id='word_1_3' title='bbox 579 269 609 298; x_wconf 86' lang='lat' dir='ltr'><em>in</em></span> <span class='ocrx_word' id='word_1_4' title='bbox 626 268 730 306; x_wconf 82' lang='lat' dir='ltr'><em>capite</em></span> <span class='ocrx_word' id='word_1_5' title='bbox 750 267 850 305; x_wconf 68' lang='lat' dir='ltr'><em>Jovis,</em></span> <span class='ocrx_word' id='word_1_6' title='bbox 870 269 953 306; x_wconf 81' lang='lat' dir='ltr'><em>quia</em></span> <span class='ocrx_word' id='word_1_7' title='bbox 969 274 1071 297; x_wconf 90' lang='lat' dir='ltr'><em>sacra</em></span> <span class='ocrx_word' id='word_1_8' title='bbox 1088 267 1209 305; x_wconf 81' lang='lat' dir='ltr'><em>cuique</em></span> <span class='ocrx_word' id='word_1_9' title='bbox 1223 265 1282 296; x_wconf 89' lang='lat' dir='ltr'><em>deo</em></span> 
     </span>
     <span class='ocr_line' id='line_1_3' title="bbox 307 311 1283 354; baseline -0.008 -4"><span class='ocrx_word' id='word_1_10' title='bbox 307 318 477 350; x_wconf 88' lang='lat' dir='ltr'><em>animalia</em></span> <span class='ocrx_word' id='word_1_11' title='bbox 491 319 526 348; x_wconf 86' lang='lat' dir='ltr'><em>in</em></span> <span class='ocrx_word' id='word_1_12' title='bbox 542 316 653 354; x_wconf 88' lang='lat' dir='ltr'><em>capite</em></span> <span class='ocrx_word' id='word_1_13' title='bbox 669 313 1074 354; x_wconf 83' lang='lat' dir='ltr'><em>statuarumponebant,</em></span> <span class='ocrx_word' id='word_1_14' title='bbox 1097 311 1178 343; x_wconf 87' lang='lat' dir='ltr'><em>ibid.</em></span> <span class='ocrx_word' id='word_1_15' title='bbox 1205 311 1283 343; x_wconf 68' lang='lat' dir='ltr'><em>l&#39;ia&#39;e</em></span> 
     </span>
     <span class='ocr_line' id='line_1_4' title="bbox 306 371 442 404; baseline -0.022 -7"><span class='ocrx_word' id='word_1_16' title='bbox 306 371 442 404; x_wconf 83' lang='lat' dir='ltr'><em>AEsopus.</em></span> 
     </span>
    </p>

    <p class='ocr_par' dir='ltr' id='par_1_3' title="bbox 268 406 981 452">
     <span class='ocr_line' id='line_1_5' title="bbox 268 406 981 452; baseline -0.008 -10"><span class='ocrx_word' id='word_1_17' title='bbox 268 415 347 452; x_wconf 72' lang='grc' dir='ltr'><em>Αρᾶς</em></span> <span class='ocrx_word' id='word_1_18' title='bbox 364 410 515 449; x_wconf 80' lang='lat' dir='ltr'><em>templum</em></span> <span class='ocrx_word' id='word_1_19' title='bbox 532 406 707 446; x_wconf 74' lang='lat' dir='ltr'><em>(Athenis),</em></span> <span class='ocrx_word' id='word_1_20' title='bbox 727 408 826 444; x_wconf 86' lang='lat' dir='ltr'><em>Hor.,</em></span> <span class='ocrx_word' id='word_1_21' title='bbox 838 406 893 445; x_wconf 82' lang='lat' dir='ltr'><em>fr.</em></span> <span class='ocrx_word' id='word_1_22' title='bbox 911 410 981 437; x_wconf 85' lang='lat'>481.</span> 
     </span>
    </p>

    <p class='ocr_par' dir='ltr' id='par_1_4' title="bbox 265 455 682 494">
     <span class='ocr_line' id='line_1_6' title="bbox 265 455 682 494; baseline -0.017 -6"><span class='ocrx_word' id='word_1_23' title='bbox 265 455 511 494; x_wconf 64' lang='lat' dir='ltr'><em>Arabiafctisc,</em></span> <span class='ocrx_word' id='word_1_24' title='bbox 530 456 590 484; x_wconf 75' lang='lat' dir='ltr'><em>Ac.</em></span> <span class='ocrx_word' id='word_1_25' title='bbox 615 455 682 482; x_wconf 85' lang='grc'><strong>145.</strong></span> 
     </span>
    </p>

    <p class='ocr_par' dir='ltr' id='par_1_5' title="bbox 266 496 1280 536">
     <span class='ocr_line' id='line_1_7' title="bbox 266 496 1280 536; baseline -0.008 -4"><span class='ocrx_word' id='word_1_26' title='bbox 266 506 393 533; x_wconf 75' lang='lat' dir='ltr'><em>Araneae</em></span> <span class='ocrx_word' id='word_1_27' title='bbox 408 501 566 531; x_wconf 86' lang='lat' dir='ltr'><em>canuntur</em></span> <span class='ocrx_word' id='word_1_28' title='bbox 585 498 761 536; x_wconf 79' lang='lat' dir='ltr'><em>Euripideo</em></span> <span class='ocrx_word' id='word_1_29' title='bbox 782 497 879 528; x_wconf 89' lang='lat' dir='ltr'><em>modo</em></span> <span class='ocrx_word' id='word_1_30' title='bbox 901 499 934 528; x_wconf 88' lang='lat' dir='ltr'><em>in</em></span> <span class='ocrx_word' id='word_1_31' title='bbox 951 498 1053 528; x_wconf 65' lang='lat' dir='ltr'><em>[lanis</em></span> <span class='ocrx_word' id='word_1_32' title='bbox 1069 496 1280 526; x_wconf 80' lang='grc'><strong>1313-1316.</strong></span> 
     </span>
    </p>

    <p class='ocr_par' dir='ltr' id='par_1_6' title="bbox 267 542 1283 724">
     <span class='ocr_line' id='line_1_8' title="bbox 267 542 1282 587; baseline -0.008 -8"><span class='ocrx_word' id='word_1_33' title='bbox 267 547 512 587; x_wconf 85' lang='lat' dir='ltr'><em>Araros,filius</em></span> <span class='ocrx_word' id='word_1_34' title='bbox 528 545 778 584; x_wconf 74' lang='lat' dir='ltr'><em>Aristophanis,</em></span> <span class='ocrx_word' id='word_1_35' title='bbox 795 546 851 584; x_wconf 78' lang='lat' dir='ltr'><em>qui</em></span> <span class='ocrx_word' id='word_1_36' title='bbox 867 553 941 575; x_wconf 84' lang='lat' dir='ltr'><em>eum</em></span> <span class='ocrx_word' id='word_1_37' title='bbox 958 543 1061 574; x_wconf 88' lang='lat' dir='ltr'><em>Pluto</em></span> <span class='ocrx_word' id='word_1_38' title='bbox 1075 542 1207 581; x_wconf 80' lang='lat' dir='ltr'><em>fabula</em></span> <span class='ocrx_word' id='word_1_39' title='bbox 1229 551 1282 581; x_wconf 87' lang='lat' dir='ltr'><em>po-</em></span> 
     </span>
     <span class='ocr_line' id='line_1_9' title="bbox 300 591 1281 634; baseline -0.006 -9"><span class='ocrx_word' id='word_1_40' title='bbox 300 594 488 634; x_wconf 79' lang='lat' dir='ltr'><em>pularibus</em></span> <span class='ocrx_word' id='word_1_41' title='bbox 502 591 782 629; x_wconf 86' lang='lat' dir='ltr'><em>commendabat,</em></span> <span class='ocrx_word' id='word_1_42' title='bbox 805 592 899 622; x_wconf 89' lang='lat' dir='ltr'><em>Prot.</em></span> <span class='ocrx_word' id='word_1_43' title='bbox 927 593 1001 629; x_wconf 80' lang='lat' dir='ltr'><em>XI,</em></span> <span class='ocrx_word' id='word_1_44' title='bbox 1020 593 1056 621; x_wconf 89' lang='grc'><em>77</em></span> <span class='ocrx_word' id='word_1_45' title='bbox 1076 598 1162 629; x_wconf 60' lang='lat' dir='ltr'><em>sqq,</em></span> <span class='ocrx_word' id='word_1_46' title='bbox 1185 591 1257 620; x_wconf 80' lang='lat' dir='ltr'><em>XII</em></span> <span class='ocrx_word' id='word_1_47' title='bbox 1271 613 1281 627; x_wconf 91' lang='lat'><em>,</em></span> 
     </span>
     <span class='ocr_line' id='line_1_10' title="bbox 308 635 1283 679; baseline -0.005 -8"><span class='ocrx_word' id='word_1_48' title='bbox 308 644 346 671; x_wconf 88' lang='grc'><strong>36</strong></span> <span class='ocrx_word' id='word_1_49' title='bbox 363 649 447 679; x_wconf 54' lang='lat' dir='ltr'><em>sqq,</em></span> <span class='ocrx_word' id='word_1_50' title='bbox 464 641 538 675; x_wconf 81' lang='lat' dir='ltr'><em>XV,</em></span> <span class='ocrx_word' id='word_1_51' title='bbox 558 643 606 669; x_wconf 92' lang='lat'><em>21.</em></span> <span class='ocrx_word' id='word_1_52' title='bbox 626 641 753 669; x_wconf 85' lang='lat' dir='ltr'><em>Araros</em></span> <span class='ocrx_word' id='word_1_53' title='bbox 767 639 837 667; x_wconf 91' lang='lat' dir='ltr'><em>suis</em></span> <span class='ocrx_word' id='word_1_54' title='bbox 851 640 884 668; x_wconf 89' lang='lat' dir='ltr'><em>et</em></span> <span class='ocrx_word' id='word_1_55' title='bbox 897 639 1011 677; x_wconf 86' lang='lat' dir='ltr'><em>patris</em></span> <span class='ocrx_word' id='word_1_56' title='bbox 1021 635 1158 675; x_wconf 82' lang='lat' dir='ltr'><em>fabulis</em></span> <span class='ocrx_word' id='word_1_57' title='bbox 1175 638 1283 666; x_wconf 85' lang='lat' dir='ltr'><em>certa-</em></span> 
     </span>
     <span class='ocr_line' id='line_1_11' title="bbox 306 684 1033 724; baseline -0.007 -7"><span class='ocrx_word' id='word_1_58' title='bbox 306 689 367 724; x_wconf 83' lang='lat' dir='ltr'><em>rit,</em></span> <span class='ocrx_word' id='word_1_59' title='bbox 384 686 477 716; x_wconf 86' lang='lat' dir='ltr'><em>Prol.</em></span> <span class='ocrx_word' id='word_1_60' title='bbox 499 687 600 722; x_wconf 80' lang='lat' dir='ltr'><em>XIII,</em></span> <span class='ocrx_word' id='word_1_61' title='bbox 626 688 671 715; x_wconf 89' lang='lat'><em>16.</em></span> <span class='ocrx_word' id='word_1_62' title='bbox 688 684 780 715; x_wconf 82' lang='lat' dir='ltr'><em>Adde</em></span> <span class='ocrx_word' id='word_1_63' title='bbox 794 684 1033 724; x_wconf 76' lang='lat' dir='ltr'>Aristophanes.</span> 
     </span>
    </p>

    <p class='ocr_par' dir='ltr' id='par_1_7' title="bbox 267 731 686 763">
     <span class='ocr_line' id='line_1_12' title="bbox 267 731 686 763; baseline -0.007 0"><span class='ocrx_word' id='word_1_64' title='bbox 267 732 403 763; x_wconf 87' lang='lat' dir='ltr'><em>Arbitri.</em></span> <span class='ocrx_word' id='word_1_65' title='bbox 425 731 504 762; x_wconf 73' lang='lat' dir='ltr'><em>I&#39;ide</em></span> <span class='ocrx_word' id='word_1_66' title='bbox 523 732 686 761; x_wconf 78' lang='lat' dir='ltr'><em>Ditetetce.</em></span> 
     </span>
    </p>

    <p class='ocr_par' dir='ltr' id='par_1_8' title="bbox 266 775 1281 908">
     <span class='ocr_line' id='line_1_13' title="bbox 266 775 1281 818; baseline -0.004 -10"><span class='ocrx_word' id='word_1_67' title='bbox 266 778 428 818; x_wconf 80' lang='lat' dir='ltr'><strong><em>[Arbores.</em></strong></span> <span class='ocrx_word' id='word_1_68' title='bbox 447 778 574 808; x_wconf 82' lang='lat' dir='ltr'><em>Rustici</em></span> <span class='ocrx_word' id='word_1_69' title='bbox 590 776 669 806; x_wconf 89' lang='lat' dir='ltr'><em>olim</em></span> <span class='ocrx_word' id='word_1_70' title='bbox 680 776 784 816; x_wconf 88' lang='lat' dir='ltr'><em>pedes</em></span> <span class='ocrx_word' id='word_1_71' title='bbox 800 776 851 807; x_wconf 74' lang='lat' dir='ltr'><em>ccl</em></span> <span class='ocrx_word' id='word_1_72' title='bbox 866 776 988 807; x_wconf 86' lang='lat' dir='ltr'><em>crania</em></span> <span class='ocrx_word' id='word_1_73' title='bbox 1002 775 1209 806; x_wconf 86' lang='lat' dir='ltr'><em>animalium</em></span> <span class='ocrx_word' id='word_1_74' title='bbox 1226 783 1281 805; x_wconf 88' lang='lat' dir='ltr'><em>ar-</em></span> 
     </span>
     <span class='ocr_line' id='line_1_14' title="bbox 306 821 1281 862; baseline -0.003 -7"><span class='ocrx_word' id='word_1_75' title='bbox 306 824 440 855; x_wconf 76' lang='lat' dir='ltr'><em>boribus</em></span> <span class='ocrx_word' id='word_1_76' title='bbox 453 823 593 862; x_wconf 70' lang='lat' dir='ltr'><em>affiqcre</em></span> <span class='ocrx_word' id='word_1_77' title='bbox 607 822 924 861; x_wconf 85' lang='lat' dir='ltr'><em>solebant,sascini</em></span> <span class='ocrx_word' id='word_1_78' title='bbox 947 821 1126 852; x_wconf 71' lang='lat' dir='ltr'><em>avertendi</em></span> <span class='ocrx_word' id='word_1_79' title='bbox 1143 824 1281 861; x_wconf 69' lang='lat' dir='ltr'><em>qratia,</em></span> 
     </span>
     <span class='ocr_line' id='line_1_15' title="bbox 306 868 843 908; baseline -0.004 -8"><span class='ocrx_word' id='word_1_80' title='bbox 306 878 346 900; x_wconf 91' lang='lat' dir='ltr'><em>ne</em></span> <span class='ocrx_word' id='word_1_81' title='bbox 359 871 608 906; x_wconf 64' lang='lat' dir='ltr'><em>exarescerent,</em></span> <span class='ocrx_word' id='word_1_82' title='bbox 628 869 680 899; x_wconf 91' lang='lat' dir='ltr'><em>Pl.</em></span> <span class='ocrx_word' id='word_1_83' title='bbox 698 871 770 900; x_wconf 85' lang='grc'><strong>943.</strong></span> <span class='ocrx_word' id='word_1_84' title='bbox 789 868 843 908; x_wconf 88' lang='lat' dir='ltr'><em>K.]</em></span> 
     </span>
    </p>

    <p class='ocr_par' dir='ltr' id='par_1_9' title="bbox 265 914 1285 1092">
     <span class='ocr_line' id='line_1_16' title="bbox 265 914 1282 954; baseline -0.003 -7"><span class='ocrx_word' id='word_1_85' title='bbox 265 916 411 947; x_wconf 82' lang='lat' dir='ltr'><em>Arcades</em></span> <span class='ocrx_word' id='word_1_86' title='bbox 429 918 508 946; x_wconf 78' lang='lat' dir='ltr'><em>(inte</em></span> <span class='ocrx_word' id='word_1_87' title='bbox 523 916 616 946; x_wconf 77' lang='lat' dir='ltr'><em>luna&gt;</em></span> <span class='ocrx_word' id='word_1_88' title='bbox 630 917 794 954; x_wconf 73' lang='lat' dir='ltr'><em>oriqinem</em></span> <span class='ocrx_word' id='word_1_89' title='bbox 818 917 852 945; x_wconf 91' lang='lat' dir='ltr'><em>in</em></span> <span class='ocrx_word' id='word_1_90' title='bbox 876 914 1017 945; x_wconf 74' lang='lat' dir='ltr'><em>desertis</em></span> <span class='ocrx_word' id='word_1_91' title='bbox 1044 914 1282 954; x_wconf 72' lang='lat' dir='ltr'><em>raqabantur,</em></span> 
     </span>
     <span class='ocr_line' id='line_1_17' title="bbox 307 961 1284 1001; baseline -0.001 -9"><span class='ocrx_word' id='word_1_92' title='bbox 307 962 468 993; x_wconf 85' lang='lat' dir='ltr'><em>arborum</em></span> <span class='ocrx_word' id='word_1_93' title='bbox 476 961 642 1000; x_wconf 72' lang='lat' dir='ltr'><em>sruyibus</em></span> <span class='ocrx_word' id='word_1_94' title='bbox 660 963 826 992; x_wconf 79' lang='lat' dir='ltr'><em>vescentes</em></span> <span class='ocrx_word' id='word_1_95' title='bbox 836 973 847 999; x_wconf 88' lang='lat'><em>,-</em></span> <span class='ocrx_word' id='word_1_96' title='bbox 863 961 954 992; x_wconf 89' lang='lat' dir='ltr'><em>unde</em></span> <span class='ocrx_word' id='word_1_97' title='bbox 976 961 1157 1001; x_wconf 67' lang='grc' dir='ltr'>προσέληνοι</span> <span class='ocrx_word' id='word_1_98' title='bbox 1176 961 1256 992; x_wconf 89' lang='lat' dir='ltr'><em>dicti</em></span> <span class='ocrx_word' id='word_1_99' title='bbox 1272 973 1284 999; x_wconf 88' lang='lat'><em>,-</em></span> 
     </span>
     <span class='ocr_line' id='line_1_18' title="bbox 305 1007 1285 1047; baseline 0 -9"><span class='ocrx_word' id='word_1_100' title='bbox 305 1008 399 1038; x_wconf 86' lang='lat' dir='ltr'><em>seda</em></span> <span class='ocrx_word' id='word_1_101' title='bbox 419 1008 608 1047; x_wconf 68' lang='lat' dir='ltr'><em>Phryyibus</em></span> <span class='ocrx_word' id='word_1_102' title='bbox 623 1010 658 1038; x_wconf 88' lang='lat' dir='ltr'><em>in</em></span> <span class='ocrx_word' id='word_1_103' title='bbox 681 1009 867 1038; x_wconf 74' lang='lat' dir='ltr'><em>certamine</em></span> <span class='ocrx_word' id='word_1_104' title='bbox 887 1007 929 1039; x_wconf 88' lang='lat' dir='ltr'><em>de</em></span> <span class='ocrx_word' id='word_1_105' title='bbox 946 1009 1053 1046; x_wconf 71' lang='lat' dir='ltr'><em>yentis</em></span> <span class='ocrx_word' id='word_1_106' title='bbox 1074 1009 1285 1047; x_wconf 70' lang='lat' dir='ltr'><em>antiquitate</em></span> 
     </span>
     <span class='ocr_line' id='line_1_19' title="bbox 307 1054 595 1092; baseline -0.003 -8"><span class='ocrx_word' id='word_1_107' title='bbox 307 1056 397 1092; x_wconf 72' lang='lat' dir='ltr'><em>vicli,</em></span> <span class='ocrx_word' id='word_1_108' title='bbox 414 1054 503 1085; x_wconf 68' lang='grc' dir='ltr'><strong>ΝΜΖ).</strong></span> <span class='ocrx_word' id='word_1_109' title='bbox 523 1057 595 1085; x_wconf 86' lang='grc'><strong>398.</strong></span> 
     </span>
    </p>

    <p class='ocr_par' dir='ltr' id='par_1_10' title="bbox 269 1098 1282 1178">
     <span class='ocr_line' id='line_1_20' title="bbox 269 1098 1282 1140; baseline -0.002 -9"><span class='ocrx_word' id='word_1_110' title='bbox 269 1101 417 1138; x_wconf 67' lang='lat' dir='ltr'><em>Arcadia,</em></span> <span class='ocrx_word' id='word_1_111' title='bbox 437 1102 500 1140; x_wconf 82' lang='lat' dir='ltr'><em>Eq.</em></span> <span class='ocrx_word' id='word_1_112' title='bbox 517 1102 588 1139; x_wconf 85' lang='grc'><strong>798,</strong></span> <span class='ocrx_word' id='word_1_113' title='bbox 608 1103 677 1131; x_wconf 82' lang='grc'><strong>801.</strong></span> <span class='ocrx_word' id='word_1_114' title='bbox 698 1101 742 1131; x_wconf 89' lang='lat' dir='ltr'><em>In</em></span> <span class='ocrx_word' id='word_1_115' title='bbox 760 1107 799 1130; x_wconf 88' lang='lat' dir='ltr'><em>ea</em></span> <span class='ocrx_word' id='word_1_116' title='bbox 817 1098 982 1131; x_wconf 87' lang='lat' dir='ltr'><em>educatus</em></span> <span class='ocrx_word' id='word_1_117' title='bbox 995 1100 1177 1138; x_wconf 81' lang='lat' dir='ltr'><em>Juppiter,</em></span> <span class='ocrx_word' id='word_1_118' title='bbox 1194 1098 1282 1129; x_wconf 75' lang='lat' dir='ltr'>Nub.</span> 
     </span>
     <span class='ocr_line' id='line_1_21' title="bbox 307 1149 378 1178; baseline -0.014 0"><span class='ocrx_word' id='word_1_119' title='bbox 307 1149 378 1178; x_wconf 79' lang='lat'>463.</span> 
     </span>
    </p>

    <p class='ocr_par' dir='ltr' id='par_1_11' title="bbox 269 1192 1286 1279">
     <span class='ocr_line' id='line_1_22' title="bbox 269 1192 1286 1232; baseline -0.004 -7"><span class='ocrx_word' id='word_1_120' title='bbox 269 1196 372 1225; x_wconf 88' lang='lat' dir='ltr'><em>Arcas</em></span> <span class='ocrx_word' id='word_1_121' title='bbox 386 1197 461 1231; x_wconf 75' lang='grc' dir='ltr'><em>κυνῆ</em></span> <span class='ocrx_word' id='word_1_122' title='bbox 489 1194 620 1232; x_wconf 51' lang='lat' dir='ltr'><em>xxa-tina,</em></span> <span class='ocrx_word' id='word_1_123' title='bbox 636 1194 754 1231; x_wconf 90' lang='lat' dir='ltr'><em>alata,</em></span> <span class='ocrx_word' id='word_1_124' title='bbox 770 1192 948 1232; x_wconf 89' lang='lat' dir='ltr'><em>Sophocles</em></span> <span class='ocrx_word' id='word_1_125' title='bbox 978 1194 1035 1223; x_wconf 74' lang='lat' dir='ltr'><em>Ac.</em></span> <span class='ocrx_word' id='word_1_126' title='bbox 1065 1194 1154 1221; x_wconf 88' lang='lat'>1203.</span> <span class='ocrx_word' id='word_1_127' title='bbox 1179 1193 1286 1222; x_wconf 85' lang='lat' dir='ltr'><em>Areas</em></span> 
     </span>
     <span class='ocr_line' id='line_1_23' title="bbox 306 1239 1017 1279; baseline -0.006 -7"><span class='ocrx_word' id='word_1_128' title='bbox 306 1243 420 1278; x_wconf 90' lang='lat' dir='ltr'><em>Bacis,</em></span> <span class='ocrx_word' id='word_1_129' title='bbox 439 1243 521 1272; x_wconf 87' lang='lat' dir='ltr'><em>Pac.</em></span> <span class='ocrx_word' id='word_1_130' title='bbox 542 1244 630 1279; x_wconf 84' lang='lat'>1071,</span> <span class='ocrx_word' id='word_1_131' title='bbox 645 1239 871 1276; x_wconf 76' lang='lat' dir='ltr'><em>Melanthius,</em></span> <span class='ocrx_word' id='word_1_132' title='bbox 887 1239 930 1269; x_wconf 89' lang='lat' dir='ltr'><em>ib.</em></span> <span class='ocrx_word' id='word_1_133' title='bbox 948 1242 1017 1270; x_wconf 84' lang='lat'>890.</span> 
     </span>
    </p>

    <p class='ocr_par' dir='ltr' id='par_1_12' title="bbox 270 1284 1122 1326">
     <span class='ocr_line' id='line_1_24' title="bbox 270 1284 1122 1326; baseline -0.005 -9"><span class='ocrx_word' id='word_1_134' title='bbox 270 1287 450 1326; x_wconf 75' lang='lat' dir='ltr'><em>Archagetae</em></span> <span class='ocrx_word' id='word_1_135' title='bbox 471 1287 624 1325; x_wconf 81' lang='lat' dir='ltr'><em>(tribuum</em></span> <span class='ocrx_word' id='word_1_136' title='bbox 647 1287 760 1317; x_wconf 84' lang='lat' dir='ltr'><em>heroes</em></span> <span class='ocrx_word' id='word_1_137' title='bbox 776 1285 944 1324; x_wconf 80' lang='grc' dir='ltr'>ἐπώνυμοι)</span> <span class='ocrx_word' id='word_1_138' title='bbox 960 1284 1034 1323; x_wconf 80' lang='lat' dir='ltr'><em>‚fr.</em></span> <span class='ocrx_word' id='word_1_139' title='bbox 1054 1286 1122 1314; x_wconf 79' lang='grc'><strong>186.</strong></span> 
     </span>
    </p>

    <p class='ocr_par' dir='ltr' id='par_1_13' title="bbox 268 1330 1289 1558">
     <span class='ocr_line' id='line_1_25' title="bbox 268 1330 1286 1373; baseline -0.005 -9"><span class='ocrx_word' id='word_1_140' title='bbox 268 1333 487 1364; x_wconf 81' lang='lat' dir='ltr'>Archedemus</span> <span class='ocrx_word' id='word_1_141' title='bbox 513 1333 719 1373; x_wconf 82' lang='lat' dir='ltr'><em>peregrinus,</em></span> <span class='ocrx_word' id='word_1_142' title='bbox 736 1341 822 1362; x_wconf 88' lang='lat' dir='ltr'><em>nunc</em></span> <span class='ocrx_word' id='word_1_143' title='bbox 846 1331 955 1371; x_wconf 78' lang='lat' dir='ltr'><em>populi</em></span> <span class='ocrx_word' id='word_1_144' title='bbox 980 1331 1046 1361; x_wconf 78' lang='lat' dir='ltr'><em>dux</em></span> <span class='ocrx_word' id='word_1_145' title='bbox 1071 1330 1286 1370; x_wconf 81' lang='lat' dir='ltr'><em>principatum</em></span> 
     </span>
     <span class='ocr_line' id='line_1_26' title="bbox 309 1378 1287 1419; baseline -0.004 -10"><span class='ocrx_word' id='word_1_146' title='bbox 309 1380 462 1419; x_wconf 72' lang='lat' dir='ltr'><em>nequitiae</em></span> <span class='ocrx_word' id='word_1_147' title='bbox 478 1380 615 1417; x_wconf 73' lang='lat' dir='ltr'><em>obtinet,</em></span> <span class='ocrx_word' id='word_1_148' title='bbox 634 1382 722 1410; x_wconf 88' lang='lat' dir='ltr'><em>Ran.</em></span> <span class='ocrx_word' id='word_1_149' title='bbox 738 1381 914 1410; x_wconf 79' lang='grc'><strong>417-421,</strong></span> <span class='ocrx_word' id='word_1_150' title='bbox 938 1379 979 1408; x_wconf 83' lang='lat' dir='ltr'><em>Ut</em></span> <span class='ocrx_word' id='word_1_151' title='bbox 996 1378 1197 1416; x_wconf 68' lang='lat' dir='ltr'><em>pereqrinzts</em></span> <span class='ocrx_word' id='word_1_152' title='bbox 1219 1378 1287 1406; x_wconf 87' lang='lat' dir='ltr'><em>tra-</em></span> 
     </span>
     <span class='ocr_line' id='line_1_27' title="bbox 309 1423 1289 1465; baseline -0.005 -8"><span class='ocrx_word' id='word_1_153' title='bbox 309 1426 450 1457; x_wconf 80' lang='lat' dir='ltr'><em>ducitur</em></span> <span class='ocrx_word' id='word_1_154' title='bbox 465 1429 563 1457; x_wconf 86' lang='lat' dir='ltr'><em>ctiam</em></span> <span class='ocrx_word' id='word_1_155' title='bbox 581 1427 623 1457; x_wconf 90' lang='lat' dir='ltr'><em>ab</em></span> <span class='ocrx_word' id='word_1_156' title='bbox 638 1426 828 1465; x_wconf 76' lang='lat' dir='ltr'><em>Eupolide,</em></span> <span class='ocrx_word' id='word_1_157' title='bbox 846 1428 916 1455; x_wconf 90' lang='lat'>418.</span> <span class='ocrx_word' id='word_1_158' title='bbox 936 1426 1117 1454; x_wconf 55' lang='lat' dir='ltr'><em>Dex‘ovetur</em></span> <span class='ocrx_word' id='word_1_159' title='bbox 1135 1423 1289 1453; x_wconf 81' lang='lat' dir='ltr'><em>Archede-</em></span> 
     </span>
     <span class='ocr_line' id='line_1_28' title="bbox 308 1471 1288 1511; baseline -0.003 -9"><span class='ocrx_word' id='word_1_160' title='bbox 308 1480 381 1502; x_wconf 86' lang='lat' dir='ltr'><em>mus</em></span> <span class='ocrx_word' id='word_1_161' title='bbox 398 1472 515 1511; x_wconf 82' lang='lat' dir='ltr'><em>lippus,</em></span> <span class='ocrx_word' id='word_1_162' title='bbox 528 1472 672 1511; x_wconf 76' lang='grc' dir='ltr'><strong>γλάμων,</strong></span> <span class='ocrx_word' id='word_1_163' title='bbox 699 1471 789 1511; x_wconf 82' lang='lat' dir='ltr'><em>quod</em></span> <span class='ocrx_word' id='word_1_164' title='bbox 818 1471 1041 1502; x_wconf 77' lang='lat' dir='ltr'><em>Callistratus</em></span> <span class='ocrx_word' id='word_1_165' title='bbox 1065 1478 1130 1509; x_wconf 85' lang='lat' dir='ltr'><em>pro</em></span> <span class='ocrx_word' id='word_1_166' title='bbox 1155 1471 1288 1500; x_wconf 89' lang='lat' dir='ltr'><em>nomine</em></span> 
     </span>
     <span class='ocr_line' id='line_1_29' title="bbox 307 1518 1014 1558; baseline -0.004 -10"><span class='ocrx_word' id='word_1_167' title='bbox 307 1520 450 1558; x_wconf 83' lang='lat' dir='ltr'><em>proprio</em></span> <span class='ocrx_word' id='word_1_168' title='bbox 466 1520 602 1557; x_wconf 89' lang='lat' dir='ltr'><em>accipit,</em></span> <span class='ocrx_word' id='word_1_169' title='bbox 617 1520 657 1549; x_wconf 87' lang='lat' dir='ltr'><em>ut</em></span> <span class='ocrx_word' id='word_1_170' title='bbox 673 1518 822 1555; x_wconf 88' lang='lat' dir='ltr'><em>Charon,</em></span> <span class='ocrx_word' id='word_1_171' title='bbox 838 1519 926 1548; x_wconf 86' lang='lat' dir='ltr'><em>Ran.</em></span> <span class='ocrx_word' id='word_1_172' title='bbox 946 1518 1014 1546; x_wconf 83' lang='grc'><strong>588.</strong></span> 
     </span>
    </p>

    <p class='ocr_par' dir='ltr' id='par_1_14' title="bbox 268 1565 798 1603">
     <span class='ocr_line' id='line_1_30' title="bbox 268 1565 798 1603; baseline -0.006 -7"><span class='ocrx_word' id='word_1_173' title='bbox 268 1565 457 1603; x_wconf 71' lang='lat' dir='ltr'><em>Ai·clic9etis</em></span> <span class='ocrx_word' id='word_1_174' title='bbox 471 1566 638 1602; x_wconf 68' lang='lat' dir='ltr'><em>Minerva,</em></span> <span class='ocrx_word' id='word_1_175' title='bbox 653 1566 710 1594; x_wconf 71' lang='lat' dir='ltr'><em>Ar.</em></span> <span class='ocrx_word' id='word_1_176' title='bbox 728 1568 798 1594; x_wconf 88' lang='grc'><strong>516.</strong></span> 
     </span>
    </p>

    <p class='ocr_par' dir='ltr' id='par_1_15' title="bbox 271 1608 1289 1789">
     <span class='ocr_line' id='line_1_31' title="bbox 271 1608 1289 1649; baseline -0.003 -8"><span class='ocrx_word' id='word_1_177' title='bbox 271 1611 474 1649; x_wconf 74' lang='lat' dir='ltr'><em>Archelaus,</em></span> <span class='ocrx_word' id='word_1_178' title='bbox 493 1619 554 1641; x_wconf 64' lang='lat' dir='ltr'><em>rex</em></span> <span class='ocrx_word' id='word_1_179' title='bbox 574 1610 809 1642; x_wconf 78' lang='lat' dir='ltr'><em>Macedonice:</em></span> <span class='ocrx_word' id='word_1_180' title='bbox 831 1608 927 1648; x_wconf 86' lang='lat' dir='ltr'><em>apud</em></span> <span class='ocrx_word' id='word_1_181' title='bbox 942 1608 1145 1647; x_wconf 58' lang='lat' dir='ltr'><em>eumn-ixit}</em></span> <span class='ocrx_word' id='word_1_182' title='bbox 1156 1608 1289 1648; x_wconf 71' lang='lat' dir='ltr'><em>Aqatho</em></span> 
     </span>
     <span class='ocr_line' id='line_1_32' title="bbox 310 1655 1289 1696; baseline -0.004 -8"><span class='ocrx_word' id='word_1_183' title='bbox 310 1666 387 1688; x_wconf 87' lang='lat' dir='ltr'><em>cum</em></span> <span class='ocrx_word' id='word_1_184' title='bbox 408 1657 525 1687; x_wconf 85' lang='lat' dir='ltr'><em>multis</em></span> <span class='ocrx_word' id='word_1_185' title='bbox 551 1658 628 1688; x_wconf 88' lang='lat' dir='ltr'><em>aliis</em></span> <span class='ocrx_word' id='word_1_186' title='bbox 648 1657 797 1696; x_wconf 85' lang='lat' dir='ltr'><em>(poetis),</em></span> <span class='ocrx_word' id='word_1_187' title='bbox 821 1658 905 1686; x_wconf 86' lang='lat' dir='ltr'><em>Ran.</em></span> <span class='ocrx_word' id='word_1_188' title='bbox 931 1657 981 1686; x_wconf 85' lang='lat'><em>84.</em></span> <span class='ocrx_word' id='word_1_189' title='bbox 1009 1655 1054 1686; x_wconf 94' lang='lat' dir='ltr'><em>Ob</em></span> <span class='ocrx_word' id='word_1_190' title='bbox 1081 1655 1289 1686; x_wconf 80' lang='lat' dir='ltr'><em>Archelaum</em></span> 
     </span>
     <span class='ocr_line' id='line_1_33' title="bbox 309 1701 1289 1742; baseline -0.003 -8"><span class='ocrx_word' id='word_1_191' title='bbox 309 1702 599 1741; x_wconf 69' lang='lat' dir='ltr'><em>Nubessabulam</em></span> <span class='ocrx_word' id='word_1_192' title='bbox 612 1705 777 1742; x_wconf 82' lang='lat' dir='ltr'><em>scriptam</em></span> <span class='ocrx_word' id='word_1_193' title='bbox 793 1710 862 1733; x_wconf 86' lang='lat' dir='ltr'><em>esse</em></span> <span class='ocrx_word' id='word_1_194' title='bbox 874 1701 1141 1732; x_wconf 83' lang='lat' dir='ltr'><em>somniabantur</em></span> <span class='ocrx_word' id='word_1_195' title='bbox 1157 1701 1200 1733; x_wconf 84' lang='lat' dir='ltr'><em>ab</em></span> <span class='ocrx_word' id='word_1_196' title='bbox 1217 1703 1289 1732; x_wconf 87' lang='lat' dir='ltr'><em>Ari-</em></span> 
     </span>
     <span class='ocr_line' id='line_1_34' title="bbox 309 1747 1287 1789; baseline -0.003 -9"><span class='ocrx_word' id='word_1_197' title='bbox 309 1749 484 1789; x_wconf 88' lang='lat' dir='ltr'><em>stophane,</em></span> <span class='ocrx_word' id='word_1_198' title='bbox 501 1748 765 1788; x_wconf 57' lang='lat' dir='ltr'><em>czstproetulerM</em></span> <span class='ocrx_word' id='word_1_199' title='bbox 784 1749 842 1779; x_wconf 87' lang='lat' dir='ltr'><em>ille</em></span> <span class='ocrx_word' id='word_1_200' title='bbox 859 1749 1043 1785; x_wconf 84' lang='lat' dir='ltr'><em>Socratem,</em></span> <span class='ocrx_word' id='word_1_201' title='bbox 1059 1750 1137 1787; x_wconf 66' lang='lat' dir='ltr'><em>Ara.</em></span> <span class='ocrx_word' id='word_1_202' title='bbox 1151 1748 1239 1779; x_wconf 79' lang='lat' dir='ltr'>Nub.</span> <span class='ocrx_word' id='word_1_203' title='bbox 1258 1747 1287 1778; x_wconf 91' lang='lat' dir='ltr'><em>I.</em></span> 
     </span>
    </p>

    <p class='ocr_par' dir='ltr' id='par_1_16' title="bbox 270 1793 1290 1881">
     <span class='ocr_line' id='line_1_35' title="bbox 270 1793 1290 1836; baseline -0.002 -9"><span class='ocrx_word' id='word_1_204' title='bbox 270 1797 486 1833; x_wconf 87' lang='lat' dir='ltr'><em>Archennus,</em></span> <span class='ocrx_word' id='word_1_205' title='bbox 501 1798 604 1835; x_wconf 88' lang='lat' dir='ltr'><em>pater</em></span> <span class='ocrx_word' id='word_1_206' title='bbox 621 1796 750 1836; x_wconf 85' lang='lat' dir='ltr'><em>Bupali</em></span> <span class='ocrx_word' id='word_1_207' title='bbox 764 1797 795 1826; x_wconf 90' lang='lat' dir='ltr'><em>et</em></span> <span class='ocrx_word' id='word_1_208' title='bbox 814 1793 1008 1831; x_wconf 85' lang='lat' dir='ltr'><em>Athenidis,</em></span> <span class='ocrx_word' id='word_1_209' title='bbox 1026 1796 1164 1833; x_wconf 85' lang='lat' dir='ltr'><em>primus</em></span> <span class='ocrx_word' id='word_1_210' title='bbox 1185 1796 1290 1826; x_wconf 78' lang='lat' dir='ltr'><em>Victo-</em></span> 
     </span>
     <span class='ocr_line' id='line_1_36' title="bbox 311 1842 842 1881; baseline -0.002 -8"><span class='ocrx_word' id='word_1_211' title='bbox 311 1845 399 1873; x_wconf 83' lang='lat' dir='ltr'><em>riam</em></span> <span class='ocrx_word' id='word_1_212' title='bbox 414 1843 549 1873; x_wconf 89' lang='lat' dir='ltr'><em>alatam</em></span> <span class='ocrx_word' id='word_1_213' title='bbox 561 1842 678 1881; x_wconf 68' lang='lat' dir='ltr'><em>finxit,</em></span> <span class='ocrx_word' id='word_1_214' title='bbox 694 1845 754 1873; x_wconf 80' lang='lat' dir='ltr'><em>Av.</em></span> <span class='ocrx_word' id='word_1_215' title='bbox 772 1843 842 1873; x_wconf 84' lang='grc'><strong>574.</strong></span> 
     </span>
    </p>

    <p class='ocr_par' dir='ltr' id='par_1_17' title="bbox 270 1887 1287 1966">
     <span class='ocr_line' id='line_1_37' title="bbox 270 1887 1287 1928; baseline -0.005 -8"><span class='ocrx_word' id='word_1_216' title='bbox 270 1890 489 1920; x_wconf 76' lang='lat' dir='ltr'><em>Archenomus</em></span> <span class='ocrx_word' id='word_1_217' title='bbox 505 1899 511 1919; x_wconf 91' lang='grc'>;</span> <span class='ocrx_word' id='word_1_218' title='bbox 528 1889 555 1920; x_wconf 84' lang='lat' dir='ltr'><em>ei</em></span> <span class='ocrx_word' id='word_1_219' title='bbox 575 1889 713 1928; x_wconf 81' lang='lat' dir='ltr'><em>(restem)</em></span> <span class='ocrx_word' id='word_1_220' title='bbox 732 1888 832 1918; x_wconf 79' lang='lat' dir='ltr'><em>mittit</em></span> <span class='ocrx_word' id='word_1_221' title='bbox 846 1887 941 1918; x_wconf 84' lang='lat' dir='ltr'><em>Pluto</em></span> <span class='ocrx_word' id='word_1_222' title='bbox 962 1896 1036 1918; x_wconf 90' lang='lat' dir='ltr'><em>cum</em></span> <span class='ocrx_word' id='word_1_223' title='bbox 1055 1888 1150 1918; x_wconf 88' lang='lat' dir='ltr'><em>minis</em></span> <span class='ocrx_word' id='word_1_224' title='bbox 1163 1911 1171 1926; x_wconf 94' lang='lat'><em>,</em></span> <span class='ocrx_word' id='word_1_225' title='bbox 1200 1890 1287 1918; x_wconf 39' lang='lat' dir='ltr'><em>Rau.</em></span> 
     </span>
     <span class='ocr_line' id='line_1_38' title="bbox 316 1938 404 1966; baseline -0.011 -1"><span class='ocrx_word' id='word_1_226' title='bbox 316 1938 404 1966; x_wconf 82' lang='grc'><strong>1507.</strong></span> 
     </span>
    </p>

    <p class='ocr_par' dir='ltr' id='par_1_18' title="bbox 271 1979 1291 2207">
     <span class='ocr_line' id='line_1_39' title="bbox 271 1979 1289 2021; baseline -0.003 -9"><span class='ocrx_word' id='word_1_227' title='bbox 271 1982 536 2021; x_wconf 72' lang='lat' dir='ltr'><em>Arc-heptolemus</em></span> <span class='ocrx_word' id='word_1_228' title='bbox 556 1980 756 2021; x_wconf 69' lang='lat' dir='ltr'><em>(coryphzrus</em></span> <span class='ocrx_word' id='word_1_229' title='bbox 772 1980 938 2019; x_wconf 74' lang='lat' dir='ltr'><em>legationis</em></span> <span class='ocrx_word' id='word_1_230' title='bbox 951 1980 1087 2020; x_wconf 74' lang='lat' dir='ltr'><em>septimo</em></span> <span class='ocrx_word' id='word_1_231' title='bbox 1105 1989 1189 2010; x_wconf 88' lang='lat' dir='ltr'><em>anno</em></span> <span class='ocrx_word' id='word_1_232' title='bbox 1203 1979 1289 2018; x_wconf 82' lang='lat' dir='ltr'><em>belli)</em></span> 
     </span>
     <span class='ocr_line' id='line_1_40' title="bbox 312 2027 1290 2068; baseline -0.002 -10"><span class='ocrx_word' id='word_1_233' title='bbox 312 2037 423 2068; x_wconf 79' lang='lat' dir='ltr'><em>pacem</em></span> <span class='ocrx_word' id='word_1_234' title='bbox 439 2037 457 2058; x_wconf 87' lang='lat' dir='ltr'><em>a</em></span> <span class='ocrx_word' id='word_1_235' title='bbox 477 2027 728 2059; x_wconf 77' lang='lat' dir='ltr'><em>Lacedaemoniis</em></span> <span class='ocrx_word' id='word_1_236' title='bbox 743 2027 874 2066; x_wconf 85' lang='lat' dir='ltr'><em>obtulit,</em></span> <span class='ocrx_word' id='word_1_237' title='bbox 894 2028 1093 2068; x_wconf 75' lang='lat' dir='ltr'><em>repudiatam</em></span> <span class='ocrx_word' id='word_1_238' title='bbox 1119 2036 1136 2056; x_wconf 87' lang='lat' dir='ltr'><em>a</em></span> <span class='ocrx_word' id='word_1_239' title='bbox 1153 2027 1268 2057; x_wconf 75' lang='lat' dir='ltr'><em>cieone</em></span> <span class='ocrx_word' id='word_1_240' title='bbox 1282 2049 1290 2063; x_wconf 93' lang='lat'>‚</span> 
     </span>
     <span class='ocr_line' id='line_1_41' title="bbox 313 2073 1291 2115; baseline -0.003 -9"><span class='ocrx_word' id='word_1_241' title='bbox 313 2077 375 2115; x_wconf 85' lang='lat' dir='ltr'><em>Eq.</em></span> <span class='ocrx_word' id='word_1_242' title='bbox 391 2077 554 2106; x_wconf 80' lang='grc'><strong>794-796</strong></span> <span class='ocrx_word' id='word_1_243' title='bbox 573 2073 640 2113; x_wconf 87' lang='lat' dir='ltr'><em>(ubi</em></span> <span class='ocrx_word' id='word_1_244' title='bbox 656 2075 740 2104; x_wconf 85' lang='lat' dir='ltr'><em>errat</em></span> <span class='ocrx_word' id='word_1_245' title='bbox 751 2074 954 2113; x_wconf 72' lang='lat' dir='ltr'><em>scholiastes,</em></span> <span class='ocrx_word' id='word_1_246' title='bbox 966 2074 1005 2104; x_wconf 84' lang='lat' dir='ltr'><em>ad</em></span> <span class='ocrx_word' id='word_1_247' title='bbox 1023 2082 1117 2113; x_wconf 85' lang='lat' dir='ltr'><em>quem</em></span> <span class='ocrx_word' id='word_1_248' title='bbox 1135 2081 1167 2103; x_wconf 66' lang='lat' dir='ltr'><em>V.</em></span> <span class='ocrx_word' id='word_1_249' title='bbox 1183 2077 1291 2103; x_wconf 80' lang='lat' dir='ltr'><em>nolam</em></span> 
     </span>
     <span class='ocr_line' id='line_1_42' title="bbox 312 2120 1289 2160; baseline -0.002 -8"><span class='ocrx_word' id='word_1_250' title='bbox 312 2121 481 2160; x_wconf 84' lang='lat' dir='ltr'><em>Palmerii).</em></span> <span class='ocrx_word' id='word_1_251' title='bbox 499 2122 589 2151; x_wconf 85' lang='lat' dir='ltr'><em>Erat</em></span> <span class='ocrx_word' id='word_1_252' title='bbox 606 2120 937 2160; x_wconf 86' lang='lat' dir='ltr'><em>Hippodamifilius,</em></span> <span class='ocrx_word' id='word_1_253' title='bbox 962 2121 1093 2152; x_wconf 76' lang='lat' dir='ltr'><em>Cleonis</em></span> <span class='ocrx_word' id='word_1_254' title='bbox 1113 2122 1289 2158; x_wconf 88' lang='lat' dir='ltr'><em>inimicus,</em></span> 
     </span>
     <span class='ocr_line' id='line_1_43' title="bbox 312 2167 797 2207; baseline -0.004 -9"><span class='ocrx_word' id='word_1_255' title='bbox 312 2169 376 2207; x_wconf 82' lang='lat' dir='ltr'><em>Eq.</em></span> <span class='ocrx_word' id='word_1_256' title='bbox 396 2170 453 2198; x_wconf 79' lang='lat'><em>327</em></span> <span class='ocrx_word' id='word_1_257' title='bbox 472 2175 548 2197; x_wconf 87' lang='lat' dir='ltr'><em>cum</em></span> <span class='ocrx_word' id='word_1_258' title='bbox 567 2168 648 2196; x_wconf 90' lang='lat' dir='ltr'><em>nota</em></span> <span class='ocrx_word' id='word_1_259' title='bbox 663 2167 797 2196; x_wconf 77' lang='lat' dir='ltr'><em>Jleieri.</em></span> 
     </span>
    </p>

    <p class='ocr_par' dir='ltr' id='par_1_19' title="bbox 273 2211 1293 2348">
     <span class='ocr_line' id='line_1_44' title="bbox 273 2211 1292 2253; baseline -0.001 -9"><span class='ocrx_word' id='word_1_260' title='bbox 273 2214 423 2251; x_wconf 77' lang='lat' dir='ltr'><em>ArchiaS,</em></span> <span class='ocrx_word' id='word_1_261' title='bbox 438 2216 691 2253; x_wconf 76' lang='lat' dir='ltr'><em>Syracusarum</em></span> <span class='ocrx_word' id='word_1_262' title='bbox 707 2211 874 2251; x_wconf 89' lang='lat' dir='ltr'><em>conditor,</em></span> <span class='ocrx_word' id='word_1_263' title='bbox 894 2213 1025 2244; x_wconf 81' lang='lat' dir='ltr'><em>divitiis</em></span> <span class='ocrx_word' id='word_1_264' title='bbox 1040 2215 1067 2244; x_wconf 89' lang='lat' dir='ltr'><em>ei</em></span> <span class='ocrx_word' id='word_1_265' title='bbox 1082 2215 1113 2244; x_wconf 89' lang='lat' dir='ltr'><em>et</em></span> <span class='ocrx_word' id='word_1_266' title='bbox 1129 2212 1217 2244; x_wconf 91' lang='lat' dir='ltr'><em>bona</em></span> <span class='ocrx_word' id='word_1_267' title='bbox 1234 2221 1292 2243; x_wconf 75' lang='lat' dir='ltr'><em>ea-</em></span> 
     </span>
     <span class='ocr_line' id='line_1_45' title="bbox 314 2259 1293 2299; baseline 0 -8"><span class='ocrx_word' id='word_1_268' title='bbox 314 2260 463 2291; x_wconf 82' lang='lat' dir='ltr'><em>lctudine</em></span> <span class='ocrx_word' id='word_1_269' title='bbox 479 2262 512 2291; x_wconf 88' lang='lat' dir='ltr'><em>in</em></span> <span class='ocrx_word' id='word_1_270' title='bbox 533 2260 674 2290; x_wconf 91' lang='lat' dir='ltr'><em>oraculo</em></span> <span class='ocrx_word' id='word_1_271' title='bbox 694 2260 877 2298; x_wconf 85' lang='lat' dir='ltr'><em>propositis</em></span> <span class='ocrx_word' id='word_1_272' title='bbox 891 2283 900 2297; x_wconf 87' lang='lat'><em>,</em></span> <span class='ocrx_word' id='word_1_273' title='bbox 926 2259 1060 2290; x_wconf 77' lang='lat' dir='ltr'><em>divitias</em></span> <span class='ocrx_word' id='word_1_274' title='bbox 1074 2260 1237 2299; x_wconf 76' lang='lat' dir='ltr'><em>praetulit</em></span> <span class='ocrx_word' id='word_1_275' title='bbox 1260 2262 1293 2291; x_wconf 87' lang='lat' dir='ltr'><em>et</em></span> 
     </span>
     <span class='ocr_line' id='line_1_46' title="bbox 312 2305 1105 2348; baseline -0.004 -9"><span class='ocrx_word' id='word_1_276' title='bbox 312 2309 603 2348; x_wconf 82' lang='lat' dir='ltr'><em>opulentissimam</em></span> <span class='ocrx_word' id='word_1_277' title='bbox 617 2306 735 2337; x_wconf 90' lang='lat' dir='ltr'><em>urbem</em></span> <span class='ocrx_word' id='word_1_278' title='bbox 750 2305 914 2343; x_wconf 78' lang='lat' dir='ltr'><em>condidit,</em></span> <span class='ocrx_word' id='word_1_279' title='bbox 932 2308 994 2346; x_wconf 84' lang='lat' dir='ltr'><em>Eq.</em></span> <span class='ocrx_word' id='word_1_280' title='bbox 1018 2310 1105 2338; x_wconf 85' lang='lat'>1091.</span> 
     </span>
    </p>

    <p class='ocr_par' dir='ltr' id='par_1_20' title="bbox 274 2353 1296 2807">
     <span class='ocr_line' id='line_1_47' title="bbox 274 2353 1291 2392; baseline -0.002 -7"><span class='ocrx_word' id='word_1_281' title='bbox 274 2354 492 2387; x_wconf 80' lang='lat' dir='ltr'><em>Archilochus</em></span> <span class='ocrx_word' id='word_1_282' title='bbox 518 2355 645 2384; x_wconf 88' lang='lat' dir='ltr'><em>Parius</em></span> <span class='ocrx_word' id='word_1_283' title='bbox 668 2354 772 2392; x_wconf 86' lang='lat' dir='ltr'><em>poeta</em></span> <span class='ocrx_word' id='word_1_284' title='bbox 785 2376 796 2391; x_wconf 91' lang='lat'>‚</span> <span class='ocrx_word' id='word_1_285' title='bbox 826 2353 1048 2392; x_wconf 84' lang='lat' dir='ltr'><em>turpiloquus</em></span> <span class='ocrx_word' id='word_1_286' title='bbox 1080 2354 1117 2383; x_wconf 88' lang='lat' dir='ltr'><em>in</em></span> <span class='ocrx_word' id='word_1_287' title='bbox 1150 2353 1291 2391; x_wconf 81' lang='lat' dir='ltr'><em>iambis,</em></span> 
     </span>
     <span class='ocr_line' id='line_1_48' title="bbox 314 2397 1295 2437; baseline -0.001 -7"><span class='ocrx_word' id='word_1_288' title='bbox 314 2400 409 2430; x_wconf 84' lang='lat' dir='ltr'><em>Prot.</em></span> <span class='ocrx_word' id='word_1_289' title='bbox 427 2401 470 2437; x_wconf 82' lang='lat' dir='ltr'><em>X,</em></span> <span class='ocrx_word' id='word_1_290' title='bbox 488 2399 518 2437; x_wconf 90' lang='lat' dir='ltr'><em>b,</em></span> <span class='ocrx_word' id='word_1_291' title='bbox 540 2401 608 2429; x_wconf 93' lang='grc'><strong>157.</strong></span> <span class='ocrx_word' id='word_1_292' title='bbox 632 2400 675 2430; x_wconf 91' lang='lat' dir='ltr'><em>In</em></span> <span class='ocrx_word' id='word_1_293' title='bbox 689 2406 812 2437; x_wconf 71' lang='lat' dir='ltr'><em>puqna</em></span> <span class='ocrx_word' id='word_1_294' title='bbox 829 2397 995 2429; x_wconf 70' lang='lat' dir='ltr'><em>adversus</em></span> <span class='ocrx_word' id='word_1_295' title='bbox 1019 2400 1114 2429; x_wconf 90' lang='lat' dir='ltr'><em>Saios</em></span> <span class='ocrx_word' id='word_1_296' title='bbox 1140 2398 1295 2430; x_wconf 88' lang='lat' dir='ltr'><em>Thracioe</em></span> 
     </span>
     <span class='ocr_line' id='line_1_49' title="bbox 315 2444 1293 2486; baseline 0.002 -9"><span class='ocrx_word' id='word_1_297' title='bbox 315 2447 448 2486; x_wconf 66' lang='lat' dir='ltr'><em>abjecta</em></span> <span class='ocrx_word' id='word_1_298' title='bbox 459 2454 586 2486; x_wconf 89' lang='lat' dir='ltr'><em>parma</em></span> <span class='ocrx_word' id='word_1_299' title='bbox 594 2444 695 2484; x_wconf 76' lang='lat' dir='ltr'><em>suqit</em></span> <span class='ocrx_word' id='word_1_300' title='bbox 711 2456 720 2475; x_wconf 88' lang='lat'><em>:</em></span> <span class='ocrx_word' id='word_1_301' title='bbox 737 2445 810 2484; x_wconf 83' lang='lat' dir='ltr'><em>ejus</em></span> <span class='ocrx_word' id='word_1_302' title='bbox 824 2453 939 2476; x_wconf 80' lang='lat' dir='ltr'><em>versus</em></span> <span class='ocrx_word' id='word_1_303' title='bbox 956 2447 989 2476; x_wconf 86' lang='lat' dir='ltr'><em>in</em></span> <span class='ocrx_word' id='word_1_304' title='bbox 1006 2445 1095 2476; x_wconf 89' lang='lat' dir='ltr'><em>hanc</em></span> <span class='ocrx_word' id='word_1_305' title='bbox 1110 2454 1193 2484; x_wconf 90' lang='lat' dir='ltr'><em>rem,</em></span> <span class='ocrx_word' id='word_1_306' title='bbox 1212 2448 1293 2479; x_wconf 86' lang='lat' dir='ltr'><em>Pac.</em></span> 
     </span>
     <span class='ocr_line' id='line_1_50' title="bbox 318 2491 1292 2531; baseline 0 -9"><span class='ocrx_word' id='word_1_307' title='bbox 318 2495 395 2523; x_wconf 84' lang='lat'>1298</span> <span class='ocrx_word' id='word_1_308' title='bbox 413 2501 461 2531; x_wconf 82' lang='lat' dir='ltr'><em>sq.</em></span> <span class='ocrx_word' id='word_1_309' title='bbox 477 2493 616 2530; x_wconf 77' lang='lat' dir='ltr'><em>Scripsit</em></span> <span class='ocrx_word' id='word_1_310' title='bbox 635 2492 796 2521; x_wconf 89' lang='lat' dir='ltr'><em>trimetra</em></span> <span class='ocrx_word' id='word_1_311' title='bbox 812 2492 845 2521; x_wconf 87' lang='lat' dir='ltr'><em>et</em></span> <span class='ocrx_word' id='word_1_312' title='bbox 861 2493 1082 2529; x_wconf 87' lang='lat' dir='ltr'><em>tetrametra,</em></span> <span class='ocrx_word' id='word_1_313' title='bbox 1106 2491 1196 2522; x_wconf 78' lang='lat' dir='ltr'>Nub.</span> <span class='ocrx_word' id='word_1_314' title='bbox 1222 2495 1292 2522; x_wconf 84' lang='lat'>641.</span> 
     </span>
     <span class='ocr_line' id='line_1_51' title="bbox 318 2537 1295 2577; baseline -0.001 -8"><span class='ocrx_word' id='word_1_315' title='bbox 318 2541 356 2569; x_wconf 91' lang='lat' dir='ltr'><em>In</em></span> <span class='ocrx_word' id='word_1_316' title='bbox 376 2540 467 2568; x_wconf 87' lang='lat' dir='ltr'><em>Paro</em></span> <span class='ocrx_word' id='word_1_317' title='bbox 482 2539 589 2568; x_wconf 80' lang='lat' dir='ltr'><em>victor</em></span> <span class='ocrx_word' id='word_1_318' title='bbox 602 2538 740 2576; x_wconf 85' lang='lat' dir='ltr'><em>primus</em></span> <span class='ocrx_word' id='word_1_319' title='bbox 765 2537 856 2568; x_wconf 90' lang='lat' dir='ltr'><em>hunc</em></span> <span class='ocrx_word' id='word_1_320' title='bbox 878 2537 1044 2576; x_wconf 77' lang='lat' dir='ltr'><em>hymnum</em></span> <span class='ocrx_word' id='word_1_321' title='bbox 1070 2539 1202 2568; x_wconf 88' lang='lat' dir='ltr'><em>Cereris</em></span> <span class='ocrx_word' id='word_1_322' title='bbox 1226 2539 1295 2577; x_wconf 80' lang='grc' dir='ltr'>(τή-</span> 
     </span>
     <span class='ocr_line' id='line_1_52' title="bbox 315 2582 1292 2622; baseline 0.002 -9"><span class='ocrx_word' id='word_1_323' title='bbox 315 2585 403 2615; x_wconf 61' lang='grc' dir='ltr'><em>νεὶὶα</em></span> <span class='ocrx_word' id='word_1_324' title='bbox 416 2583 632 2621; x_wconf 68' lang='grc' dir='ltr'>καλλίνικοςΡ)</span> <span class='ocrx_word' id='word_1_325' title='bbox 654 2582 716 2613; x_wconf 82' lang='lat' dir='ltr'><em>sibi</em></span> <span class='ocrx_word' id='word_1_326' title='bbox 739 2583 948 2614; x_wconf 83' lang='lat' dir='ltr'><em>acclamasse</em></span> <span class='ocrx_word' id='word_1_327' title='bbox 963 2583 1104 2622; x_wconf 72' lang='lat' dir='ltr'><em>fertur,</em></span> <span class='ocrx_word' id='word_1_328' title='bbox 1121 2585 1178 2614; x_wconf 79' lang='grc' dir='ltr'><em>Αυ.</em></span> <span class='ocrx_word' id='word_1_329' title='bbox 1204 2587 1292 2615; x_wconf 90' lang='grc'><strong>1764.</strong></span> 
     </span>
     <span class='ocr_line' id='line_1_53' title="bbox 322 2630 1296 2668; baseline 0 -7"><span class='ocrx_word' id='word_1_330' title='bbox 322 2632 442 2662; x_wconf 67' lang='lat' dir='ltr'><em>Versus</em></span> <span class='ocrx_word' id='word_1_331' title='bbox 455 2637 497 2660; x_wconf 77' lang='lat' dir='ltr'><em>ex</em></span> <span class='ocrx_word' id='word_1_332' title='bbox 513 2630 585 2668; x_wconf 79' lang='lat' dir='ltr'><em>ejus</em></span> <span class='ocrx_word' id='word_1_333' title='bbox 602 2631 738 2667; x_wconf 72' lang='lat' dir='ltr'><em>Hymno</em></span> <span class='ocrx_word' id='word_1_334' title='bbox 753 2631 788 2660; x_wconf 89' lang='lat' dir='ltr'><em>in</em></span> <span class='ocrx_word' id='word_1_335' title='bbox 804 2630 991 2660; x_wconf 82' lang='lat' dir='ltr'><em>Herculem</em></span> <span class='ocrx_word' id='word_1_336' title='bbox 1005 2631 1083 2668; x_wconf 90' lang='lat' dir='ltr'><em>post</em></span> <span class='ocrx_word' id='word_1_337' title='bbox 1100 2638 1296 2661; x_wconf 80' lang='lat' dir='ltr'><em>cerumnam</em></span> 
     </span>
     <span class='ocr_line' id='line_1_54' title="bbox 316 2674 1296 2714; baseline -0.002 -7"><span class='ocrx_word' id='word_1_338' title='bbox 316 2679 350 2707; x_wconf 87' lang='lat' dir='ltr'><em>in</em></span> <span class='ocrx_word' id='word_1_339' title='bbox 376 2678 498 2714; x_wconf 71' lang='lat' dir='ltr'><em>Auqeoe</em></span> <span class='ocrx_word' id='word_1_340' title='bbox 516 2674 674 2711; x_wconf 81' lang='lat' dir='ltr'><em>stabulo,</em></span> <span class='ocrx_word' id='word_1_341' title='bbox 693 2674 783 2705; x_wconf 62' lang='lat' dir='ltr'><em>ibid*</em></span> <span class='ocrx_word' id='word_1_342' title='bbox 798 2675 988 2705; x_wconf 80' lang='lat' dir='ltr'><em>Archilochi</em></span> <span class='ocrx_word' id='word_1_343' title='bbox 1012 2677 1086 2705; x_wconf 90' lang='lat' dir='ltr'><em>erat</em></span> <span class='ocrx_word' id='word_1_344' title='bbox 1106 2674 1231 2708; x_wconf 84' lang='lat' dir='ltr'><em>fabula</em></span> <span class='ocrx_word' id='word_1_345' title='bbox 1255 2676 1296 2708; x_wconf 89' lang='lat' dir='ltr'><em>de</em></span> 
     </span>
     <span class='ocr_line' id='line_1_55' title="bbox 316 2721 1294 2761; baseline -0.001 -8"><span class='ocrx_word' id='word_1_346' title='bbox 316 2723 474 2754; x_wconf 87' lang='lat' dir='ltr'><em>societate</em></span> <span class='ocrx_word' id='word_1_347' title='bbox 486 2721 597 2760; x_wconf 82' lang='lat' dir='ltr'><em>vulpis</em></span> <span class='ocrx_word' id='word_1_348' title='bbox 611 2722 643 2751; x_wconf 88' lang='lat' dir='ltr'><em>et</em></span> <span class='ocrx_word' id='word_1_349' title='bbox 658 2721 797 2760; x_wconf 73' lang='lat' dir='ltr'><em>aquilae,</em></span> <span class='ocrx_word' id='word_1_350' title='bbox 813 2729 890 2761; x_wconf 82' lang='lat' dir='ltr'><em>quce</em></span> <span class='ocrx_word' id='word_1_351' title='bbox 898 2721 1030 2760; x_wconf 83' lang='lat' dir='ltr'><em>juniori</em></span> <span class='ocrx_word' id='word_1_352' title='bbox 1042 2723 1166 2760; x_wconf 84' lang='lat' dir='ltr'><em>AEsopo</em></span> <span class='ocrx_word' id='word_1_353' title='bbox 1178 2722 1294 2753; x_wconf 89' lang='lat' dir='ltr'><em>tribui-</em></span> 
     </span>
     <span class='ocr_line' id='line_1_56' title="bbox 319 2770 617 2807; baseline -0.003 -8"><span class='ocrx_word' id='word_1_354' title='bbox 319 2770 377 2799; x_wconf 92' lang='lat' dir='ltr'><em>tur</em></span> <span class='ocrx_word' id='word_1_355' title='bbox 398 2770 455 2798; x_wconf 75' lang='lat' dir='ltr'><em>Ac.</em></span> <span class='ocrx_word' id='word_1_356' title='bbox 472 2771 528 2798; x_wconf 85' lang='lat'>651</span> <span class='ocrx_word' id='word_1_357' title='bbox 547 2776 617 2807; x_wconf 80' lang='lat' dir='ltr'><em>sqq·</em></span> 
     </span>
    </p>

    <p class='ocr_par' dir='ltr' id='par_1_21' title="bbox 280 2813 1297 2901">
     <span class='ocr_line' id='line_1_57' title="bbox 280 2813 1297 2854; baseline 0.001 -9"><span class='ocrx_word' id='word_1_358' title='bbox 280 2814 505 2846; x_wconf 85' lang='lat' dir='ltr'><em>Archimolius</em></span> <span class='ocrx_word' id='word_1_359' title='bbox 518 2816 609 2844; x_wconf 73' lang='lat' dir='ltr'><em>inari</em></span> <span class='ocrx_word' id='word_1_360' title='bbox 624 2816 747 2845; x_wconf 85' lang='lat' dir='ltr'><em>missus</em></span> <span class='ocrx_word' id='word_1_361' title='bbox 764 2823 784 2845; x_wconf 89' lang='lat' dir='ltr'><em>a</em></span> <span class='ocrx_word' id='word_1_362' title='bbox 800 2813 1065 2845; x_wconf 69' lang='lat' dir='ltr'><em>Lacedaemoniis</em></span> <span class='ocrx_word' id='word_1_363' title='bbox 1080 2817 1202 2846; x_wconf 87' lang='lat' dir='ltr'><em>contra</em></span> <span class='ocrx_word' id='word_1_364' title='bbox 1218 2817 1297 2854; x_wconf 82' lang='lat' dir='ltr'><em>Hip-</em></span> 
     </span>
     <span class='ocr_line' id='line_1_58' title="bbox 315 2861 842 2901; baseline 0.002 -10"><span class='ocrx_word' id='word_1_365' title='bbox 315 2864 424 2901; x_wconf 83' lang='lat' dir='ltr'><em>piam,</em></span> <span class='ocrx_word' id='word_1_366' title='bbox 444 2861 637 2900; x_wconf 86' lang='lat' dir='ltr'><em>repellitur,</em></span> <span class='ocrx_word' id='word_1_367' title='bbox 657 2862 731 2900; x_wconf 75' lang='lat' dir='ltr'>Lys.</span> <span class='ocrx_word' id='word_1_368' title='bbox 755 2864 842 2892; x_wconf 90' lang='grc'><strong>1153.</strong></span> 
     </span>
    </p>

    <p class='ocr_par' dir='ltr' id='par_1_22' title="bbox 280 2907 1298 3132">
     <span class='ocr_line' id='line_1_59' title="bbox 280 2907 1298 2946; baseline 0.001 -8"><span class='ocrx_word' id='word_1_369' title='bbox 280 2907 446 2939; x_wconf 89' lang='lat' dir='ltr'><em>Archinus</em></span> <span class='ocrx_word' id='word_1_370' title='bbox 464 2909 495 2937; x_wconf 89' lang='lat' dir='ltr'><em>ct</em></span> <span class='ocrx_word' id='word_1_371' title='bbox 509 2907 694 2946; x_wconf 73' lang='lat' dir='ltr'><em>Aqyrrhius</em></span> <span class='ocrx_word' id='word_1_372' title='bbox 716 2909 981 2938; x_wconf 85' lang='lat' dir='ltr'><em>memorantura</em></span> <span class='ocrx_word' id='word_1_373' title='bbox 998 2907 1144 2938; x_wconf 87' lang='lat' dir='ltr'><em>Platone</em></span> <span class='ocrx_word' id='word_1_374' title='bbox 1160 2909 1193 2939; x_wconf 84' lang='lat' dir='ltr'><em>et</em></span> <span class='ocrx_word' id='word_1_375' title='bbox 1219 2910 1298 2939; x_wconf 91' lang='lat' dir='ltr'><em>San-</em></span> 
     </span>
     <span class='ocr_line' id='line_1_60' title="bbox 320 2953 1297 2994; baseline -0.001 -8"><span class='ocrx_word' id='word_1_376' title='bbox 320 2955 460 2993; x_wconf 75' lang='lat' dir='ltr'><em>nist-ione</em></span> <span class='ocrx_word' id='word_1_377' title='bbox 471 2953 620 2992; x_wconf 86' lang='lat' dir='ltr'><em>publicce</em></span> <span class='ocrx_word' id='word_1_378' title='bbox 634 2962 759 2985; x_wconf 74' lang='lat' dir='ltr'><em>mensa‘</em></span> <span class='ocrx_word' id='word_1_379' title='bbox 773 2956 946 2994; x_wconf 77' lang='lat' dir='ltr'><em>prcepositi</em></span> <span class='ocrx_word' id='word_1_380' title='bbox 961 2954 1158 2985; x_wconf 80' lang='lat' dir='ltr'><em>diminuisse</em></span> <span class='ocrx_word' id='word_1_381' title='bbox 1172 2962 1297 2986; x_wconf 86' lang='lat' dir='ltr'><em>merce-</em></span> 
     </span>
     <span class='ocr_line' id='line_1_61' title="bbox 320 3000 1298 3040; baseline 0.001 -9"><span class='ocrx_word' id='word_1_382' title='bbox 320 3000 395 3031; x_wconf 86' lang='lat' dir='ltr'><em>dem</em></span> <span class='ocrx_word' id='word_1_383' title='bbox 414 3001 615 3031; x_wconf 88' lang='lat' dir='ltr'><em>comicorum</em></span> <span class='ocrx_word' id='word_1_384' title='bbox 632 3003 812 3040; x_wconf 86' lang='lat' dir='ltr'><em>poetarum</em></span> <span class='ocrx_word' id='word_1_385' title='bbox 829 3025 838 3038; x_wconf 94' lang='lat'><em>‚</em></span> <span class='ocrx_word' id='word_1_386' title='bbox 856 3009 877 3031; x_wconf 89' lang='lat' dir='ltr'><em>a</em></span> <span class='ocrx_word' id='word_1_387' title='bbox 893 3003 1016 3031; x_wconf 85' lang='lat' dir='ltr'><em>senatu</em></span> <span class='ocrx_word' id='word_1_388' title='bbox 1033 3002 1221 3040; x_wconf 86' lang='lat' dir='ltr'><em>acceptam.</em></span> <span class='ocrx_word' id='word_1_389' title='bbox 1248 3000 1298 3032; x_wconf 85' lang='lat' dir='ltr'><em>Ad</em></span> 
     </span>
     <span class='ocr_line' id='line_1_62' title="bbox 323 3045 1297 3085; baseline 0.001 -8"><span class='ocrx_word' id='word_1_390' title='bbox 323 3046 440 3077; x_wconf 87' lang='lat' dir='ltr'><em>horum</em></span> <span class='ocrx_word' id='word_1_391' title='bbox 464 3045 677 3078; x_wconf 87' lang='lat' dir='ltr'><em>alterutrum</em></span> <span class='ocrx_word' id='word_1_392' title='bbox 700 3056 718 3078; x_wconf 85' lang='lat' dir='ltr'><em>a</em></span> <span class='ocrx_word' id='word_1_393' title='bbox 743 3046 880 3078; x_wconf 75' lang='lat' dir='ltr'><em>comicis</em></span> <span class='ocrx_word' id='word_1_394' title='bbox 905 3047 1087 3077; x_wconf 84' lang='lat' dir='ltr'><em>traductum</em></span> <span class='ocrx_word' id='word_1_395' title='bbox 1110 3069 1119 3084; x_wconf 92' lang='lat'>‚</span> <span class='ocrx_word' id='word_1_396' title='bbox 1140 3046 1297 3085; x_wconf 80' lang='lat' dir='ltr'><em>referunt</em></span> 
     </span>
     <span class='ocr_line' id='line_1_63' title="bbox 325 3094 556 3132; baseline -0.009 -9"><span class='ocrx_word' id='word_1_397' title='bbox 325 3095 413 3123; x_wconf 84' lang='lat' dir='ltr'><em>Ran.</em></span> <span class='ocrx_word' id='word_1_398' title='bbox 433 3094 491 3122; x_wconf 85' lang='lat'>367</span> <span class='ocrx_word' id='word_1_399' title='bbox 509 3101 556 3132; x_wconf 82' lang='lat' dir='ltr'><em>sq.</em></span> 
     </span>
    </p>

    <p class='ocr_par' dir='ltr' id='par_1_23' title="bbox 282 3138 1300 3226">
     <span class='ocr_line' id='line_1_64' title="bbox 282 3138 1299 3179; baseline -0.001 -9"><span class='ocrx_word' id='word_1_400' title='bbox 282 3140 471 3179; x_wconf 84' lang='lat' dir='ltr'><em>Archippus</em></span> <span class='ocrx_word' id='word_1_401' title='bbox 493 3141 595 3178; x_wconf 84' lang='lat' dir='ltr'><em>poeta</em></span> <span class='ocrx_word' id='word_1_402' title='bbox 620 3142 770 3170; x_wconf 73' lang='lat' dir='ltr'><em>maa-ime</em></span> <span class='ocrx_word' id='word_1_403' title='bbox 795 3142 946 3171; x_wconf 89' lang='lat' dir='ltr'><em>omnium</em></span> <span class='ocrx_word' id='word_1_404' title='bbox 979 3140 1230 3179; x_wconf 73' lang='lat' dir='ltr'><em>perstrinqitur</em></span> <span class='ocrx_word' id='word_1_405' title='bbox 1259 3138 1299 3169; x_wconf 90' lang='lat' dir='ltr'><em>ob</em></span> 
     </span>
     <span class='ocr_line' id='line_1_65' title="bbox 323 3185 1300 3226; baseline -0.002 -10"><span class='ocrx_word' id='word_1_406' title='bbox 323 3185 575 3223; x_wconf 86' lang='lat' dir='ltr'><em>dictaforensia</em></span> <span class='ocrx_word' id='word_1_407' title='bbox 596 3185 795 3225; x_wconf 79' lang='lat' dir='ltr'><em>etinliceta,</em></span> <span class='ocrx_word' id='word_1_408' title='bbox 820 3188 909 3226; x_wconf 71' lang='lat' dir='ltr'><em>I&#39;esp.</em></span> <span class='ocrx_word' id='word_1_409' title='bbox 932 3189 1003 3217; x_wconf 87' lang='lat'>481.</span> <span class='ocrx_word' id='word_1_410' title='bbox 1030 3187 1071 3216; x_wconf 90' lang='lat' dir='ltr'><em>Ei</em></span> <span class='ocrx_word' id='word_1_411' title='bbox 1095 3185 1300 3216; x_wconf 87' lang='lat' dir='ltr'><em>tribuuntur</em></span> 
     </span>
    </p>

    <p class='ocr_par' dir='ltr' id='par_1_24' title="bbox 285 3230 1300 3363">
     <span class='ocr_line' id='line_1_66' title="bbox 303 3230 1296 3272; baseline -0.001 -10"><span class='ocrx_word' id='word_1_412' title='bbox 303 3250 307 3252; x_wconf 60' lang='lat'>&gt;</span> <span class='ocrx_word' id='word_1_413' title='bbox 324 3233 489 3272; x_wconf 82' lang='lat' dir='ltr'><em>quattuor</em></span> <span class='ocrx_word' id='word_1_414' title='bbox 495 3230 635 3270; x_wconf 79' lang='lat' dir='ltr'><em>sabulce</em></span> <span class='ocrx_word' id='word_1_415' title='bbox 657 3240 733 3271; x_wconf 80' lang='lat' dir='ltr'><em>quoe</em></span> <span class='ocrx_word' id='word_1_416' title='bbox 750 3232 987 3272; x_wconf 87' lang='lat' dir='ltr'><em>Aristophanis</em></span> <span class='ocrx_word' id='word_1_417' title='bbox 995 3231 1183 3271; x_wconf 81' lang='lat' dir='ltr'><em>feruntur,</em></span> <span class='ocrx_word' id='word_1_418' title='bbox 1202 3231 1296 3262; x_wconf 89' lang='lat' dir='ltr'><em>Prol.</em></span> 
     </span>
     <span class='ocr_line' id='line_1_67' title="bbox 325 3279 461 3316; baseline -0.015 -8"><span class='ocrx_word' id='word_1_419' title='bbox 325 3279 390 3316; x_wconf 75' lang='lat' dir='ltr'><em>XI,</em></span> <span class='ocrx_word' id='word_1_420' title='bbox 411 3280 461 3308; x_wconf 92' lang='lat'>87.</span> 
     </span>
     <span class='ocr_line' id='line_1_68' title="bbox 285 3322 1300 3363; baseline -0.001 -10"><span class='ocrx_word' id='word_1_421' title='bbox 285 3323 427 3354; x_wconf 87' lang='lat' dir='ltr'><em>Archon.</em></span> <span class='ocrx_word' id='word_1_422' title='bbox 444 3322 653 3354; x_wconf 88' lang='lat' dir='ltr'><em>Archontum</em></span> <span class='ocrx_word' id='word_1_423' title='bbox 668 3324 786 3355; x_wconf 75' lang='grc' dir='ltr'>εὑθυναι</span> <span class='ocrx_word' id='word_1_424' title='bbox 802 3324 976 3363; x_wconf 85' lang='lat' dir='ltr'><em>injudicio</em></span> <span class='ocrx_word' id='word_1_425' title='bbox 991 3323 1180 3355; x_wconf 83' lang='lat' dir='ltr'><em>imitatione</em></span> <span class='ocrx_word' id='word_1_426' title='bbox 1192 3324 1300 3362; x_wconf 62' lang='lat' dir='ltr'><em>expri-</em></span> 
     </span>
    </p>
   </div>
   <div class='ocr_carea' id='block_1_3' title="bbox 949 181 1695 223">
    <p class='ocr_par' dir='ltr' id='par_1_25' title="bbox 949 181 1695 223">
     <span class='ocr_line' id='line_1_69' title="bbox 949 181 1695 223; baseline 0.005 -4"><span class='ocrx_word' id='word_1_427' title='bbox 949 183 1103 220; x_wconf 79' lang='lat' dir='ltr'><em>lNDEX</em></span> <span class='ocrx_word' id='word_1_428' title='bbox 1134 181 1379 219; x_wconf 78' lang='lat' dir='ltr'><strong>NOMINUM</strong></span> <span class='ocrx_word' id='word_1_429' title='bbox 1409 183 1472 219; x_wconf 90' lang='lat' dir='ltr'><em>ET</em></span> <span class='ocrx_word' id='word_1_430' title='bbox 1501 183 1695 223; x_wconf 83' lang='lat' dir='ltr'>RERUM.</span> 
     </span>
    </p>
   </div>
   <div class='ocr_carea' id='block_1_4' title="bbox 1337 268 2372 3362">
    <p class='ocr_par' dir='ltr' id='par_1_26' title="bbox 1376 268 2353 391">
     <span class='ocr_line' id='line_1_70' title="bbox 1379 268 2353 312; baseline 0.01 -15"><span class='ocrx_word' id='word_1_431' title='bbox 1379 268 1449 305; x_wconf 90' lang='lat' dir='ltr'><em>tur,</em></span> <span class='ocrx_word' id='word_1_432' title='bbox 1472 270 1563 308; x_wconf 83' lang='lat' dir='ltr'><em>Vesp.</em></span> <span class='ocrx_word' id='word_1_433' title='bbox 1584 273 1655 300; x_wconf 79' lang='grc'><strong>861.</strong></span> <span class='ocrx_word' id='word_1_434' title='bbox 1671 270 1797 300; x_wconf 82' lang='lat' dir='ltr'><em>Archon</em></span> <span class='ocrx_word' id='word_1_435' title='bbox 1813 270 1956 311; x_wconf 78' lang='lat' dir='ltr'><em>(judicat)</em></span> <span class='ocrx_word' id='word_1_436' title='bbox 1976 274 2069 312; x_wconf 76' lang='lat' dir='ltr'><em>I&#39;esp.</em></span> <span class='ocrx_word' id='word_1_437' title='bbox 2097 276 2186 304; x_wconf 86' lang='lat'>1108.</span> <span class='ocrx_word' id='word_1_438' title='bbox 2204 275 2353 307; x_wconf 89' lang='lat' dir='ltr'><em>Archon-</em></span> 
     </span>
     <span class='ocr_line' id='line_1_71' title="bbox 1378 313 2349 357; baseline 0.009 -15"><span class='ocrx_word' id='word_1_439' title='bbox 1378 313 1443 343; x_wconf 88' lang='lat' dir='ltr'><em>tem</em></span> <span class='ocrx_word' id='word_1_440' title='bbox 1456 321 1522 344; x_wconf 90' lang='lat' dir='ltr'><em>non</em></span> <span class='ocrx_word' id='word_1_441' title='bbox 1535 317 1737 354; x_wconf 75' lang='lat' dir='ltr'><em>perstrinqi,</em></span> <span class='ocrx_word' id='word_1_442' title='bbox 1755 315 1812 346; x_wconf 68' lang='lat' dir='ltr'><em>lex</em></span> <span class='ocrx_word' id='word_1_443' title='bbox 1828 319 1981 355; x_wconf 78' lang='lat' dir='ltr'><em>comicis,</em></span> <span class='ocrx_word' id='word_1_444' title='bbox 2001 318 2090 349; x_wconf 76' lang='grc' dir='ltr'><strong>Ναί).</strong></span> <span class='ocrx_word' id='word_1_445' title='bbox 2113 322 2163 357; x_wconf 88' lang='grc'><em>31,</em></span> <span class='ocrx_word' id='word_1_446' title='bbox 2181 322 2267 351; x_wconf 82' lang='lat' dir='ltr'><em>Ran.</em></span> <span class='ocrx_word' id='word_1_447' title='bbox 2293 324 2349 351; x_wconf 85' lang='lat'><em>501</em></span> 
     </span>
     <span class='ocr_line' id='line_1_72' title="bbox 1376 361 1494 391; baseline 0.008 -2"><span class='ocrx_word' id='word_1_448' title='bbox 1376 361 1409 389; x_wconf 89' lang='lat' dir='ltr'><em>et</em></span> <span class='ocrx_word' id='word_1_449' title='bbox 1424 362 1494 391; x_wconf 88' lang='lat' dir='ltr'><em>not.</em></span> 
     </span>
    </p>

    <p class='ocr_par' dir='ltr' id='par_1_27' title="bbox 1337 405 2354 576">
     <span class='ocr_line' id='line_1_73' title="bbox 1337 405 2354 450; baseline 0.009 -16"><span class='ocrx_word' id='word_1_450' title='bbox 1337 405 1463 435; x_wconf 78' lang='lat' dir='ltr'><em>Archon</em></span> <span class='ocrx_word' id='word_1_451' title='bbox 1478 415 1533 436; x_wconf 81' lang='lat' dir='ltr'><em>rex</em></span> <span class='ocrx_word' id='word_1_452' title='bbox 1546 409 1699 445; x_wconf 78' lang='lat' dir='ltr'><em>praeerat</em></span> <span class='ocrx_word' id='word_1_453' title='bbox 1713 410 1893 439; x_wconf 83' lang='lat' dir='ltr'><em>certamini</em></span> <span class='ocrx_word' id='word_1_454' title='bbox 1912 409 2041 440; x_wconf 87' lang='lat' dir='ltr'><em>bibendi</em></span> <span class='ocrx_word' id='word_1_455' title='bbox 2058 410 2187 441; x_wconf 89' lang='lat' dir='ltr'><em>Choum</em></span> <span class='ocrx_word' id='word_1_456' title='bbox 2198 411 2305 450; x_wconf 86' lang='lat' dir='ltr'><em>sesto,</em></span> <span class='ocrx_word' id='word_1_457' title='bbox 2321 414 2354 443; x_wconf 87' lang='lat' dir='ltr'><em>et</em></span> 
     </span>
     <span class='ocr_line' id='line_1_74' title="bbox 1376 452 2352 496; baseline 0.008 -16"><span class='ocrx_word' id='word_1_458' title='bbox 1376 453 1491 481; x_wconf 88' lang='lat' dir='ltr'><em>utrem</em></span> <span class='ocrx_word' id='word_1_459' title='bbox 1514 453 1660 482; x_wconf 66' lang='lat' dir='ltr'><em>vincenti</em></span> <span class='ocrx_word' id='word_1_460' title='bbox 1681 452 1799 484; x_wconf 89' lang='lat' dir='ltr'><em>dabat.</em></span> <span class='ocrx_word' id='word_1_461' title='bbox 1824 456 1943 485; x_wconf 82' lang='lat' dir='ltr'><em>Etiam·</em></span> <span class='ocrx_word' id='word_1_462' title='bbox 1960 463 2169 494; x_wconf 82' lang='lat' dir='ltr'><em>pomparum</em></span> <span class='ocrx_word' id='word_1_463' title='bbox 2198 459 2352 496; x_wconf 29' lang='lat' dir='ltr'><em>*mystica-</em></span> 
     </span>
     <span class='ocr_line' id='line_1_75' title="bbox 1376 499 2351 542; baseline 0.007 -15"><span class='ocrx_word' id='word_1_464' title='bbox 1376 505 1457 527; x_wconf 85' lang='lat' dir='ltr'><em>rum</em></span> <span class='ocrx_word' id='word_1_465' title='bbox 1470 499 1614 528; x_wconf 90' lang='lat' dir='ltr'><em>curator</em></span> <span class='ocrx_word' id='word_1_466' title='bbox 1627 500 1660 529; x_wconf 88' lang='lat' dir='ltr'><em>et</em></span> <span class='ocrx_word' id='word_1_467' title='bbox 1671 500 1848 539; x_wconf 84' lang='lat' dir='ltr'><em>sacrificiis</em></span> <span class='ocrx_word' id='word_1_468' title='bbox 1862 500 2052 540; x_wconf 64' lang='lat' dir='ltr'><em>praefectus</em></span> <span class='ocrx_word' id='word_1_469' title='bbox 2066 504 2156 542; x_wconf 87' lang='lat' dir='ltr'><em>crat,</em></span> <span class='ocrx_word' id='word_1_470' title='bbox 2170 503 2250 534; x_wconf 88' lang='lat' dir='ltr'><em>Ach.</em></span> <span class='ocrx_word' id='word_1_471' title='bbox 2264 505 2351 534; x_wconf 86' lang='lat'>1224.</span> 
     </span>
     <span class='ocr_line' id='line_1_76' title="bbox 1376 542 1718 576; baseline 0.009 -3"><span class='ocrx_word' id='word_1_472' title='bbox 1376 542 1469 574; x_wconf 82' lang='lat' dir='ltr'><em>Adde</em></span> <span class='ocrx_word' id='word_1_473' title='bbox 1483 544 1718 576; x_wconf 83' lang='lat' dir='ltr'><em>Polemarchus.</em></span> 
     </span>
    </p>

    <p class='ocr_par' dir='ltr' id='par_1_28' title="bbox 1338 586 2358 1186">
     <span class='ocr_line' id='line_1_77' title="bbox 1338 586 2351 634; baseline 0.009 -17"><span class='ocrx_word' id='word_1_474' title='bbox 1338 586 1534 627; x_wconf 84' lang='lat' dir='ltr'><em>[Archontes</em></span> <span class='ocrx_word' id='word_1_475' title='bbox 1552 601 1562 620; x_wconf 90' lang='lat'><em>.·</em></span> <span class='ocrx_word' id='word_1_476' title='bbox 1579 591 1721 629; x_wconf 87' lang='lat' dir='ltr'><em>Callias,</em></span> <span class='ocrx_word' id='word_1_477' title='bbox 1737 592 1816 622; x_wconf 86' lang='lat' dir='ltr'><em>Ach.</em></span> <span class='ocrx_word' id='word_1_478' title='bbox 1836 596 1883 631; x_wconf 92' lang='lat'><em>10,</em></span> <span class='ocrx_word' id='word_1_479' title='bbox 1899 598 1971 632; x_wconf 88' lang='lat'>406,</span> <span class='ocrx_word' id='word_1_480' title='bbox 1986 598 2058 627; x_wconf 86' lang='grc'><strong>737.</strong></span> <span class='ocrx_word' id='word_1_481' title='bbox 2076 595 2272 633; x_wconf 85' lang='lat' dir='ltr'><em>Stratocles,</em></span> <span class='ocrx_word' id='word_1_482' title='bbox 2289 597 2351 634; x_wconf 82' lang='lat' dir='ltr'><em>Eq.</em></span> 
     </span>
     <span class='ocr_line' id='line_1_78' title="bbox 1376 636 2352 680; baseline 0.006 -16"><span class='ocrx_word' id='word_1_483' title='bbox 1376 636 1454 673; x_wconf 80' lang='lat' dir='ltr'><em>Arq.</em></span> <span class='ocrx_word' id='word_1_484' title='bbox 1472 637 1500 673; x_wconf 93' lang='lat' dir='ltr'><em>I,</em></span> <span class='ocrx_word' id='word_1_485' title='bbox 1518 638 1547 666; x_wconf 88' lang='lat'><em>8.</em></span> <span class='ocrx_word' id='word_1_486' title='bbox 1562 637 1738 677; x_wconf 85' lang='lat' dir='ltr'><em>Euclides,</em></span> <span class='ocrx_word' id='word_1_487' title='bbox 1754 640 1816 677; x_wconf 86' lang='lat' dir='ltr'><em>Eq.</em></span> <span class='ocrx_word' id='word_1_488' title='bbox 1836 641 1905 669; x_wconf 84' lang='grc'><strong>237.</strong></span> <span class='ocrx_word' id='word_1_489' title='bbox 1922 641 2164 680; x_wconf 73' lang='lat' dir='ltr'><em>Euthymenes,</em></span> <span class='ocrx_word' id='word_1_490' title='bbox 2179 641 2259 672; x_wconf 76' lang='lat' dir='ltr'><em>Ach-</em></span> <span class='ocrx_word' id='word_1_491' title='bbox 2275 643 2352 680; x_wconf 74' lang='lat' dir='ltr'><em>Ary.</em></span> 
     </span>
     <span class='ocr_line' id='line_1_79' title="bbox 1378 682 2355 726; baseline 0.007 -15"><span class='ocrx_word' id='word_1_492' title='bbox 1378 684 1407 711; x_wconf 85' lang='lat'><em>5.</em></span> <span class='ocrx_word' id='word_1_493' title='bbox 1426 682 1647 721; x_wconf 85' lang='lat' dir='ltr'><em>Mnesitheus,</em></span> <span class='ocrx_word' id='word_1_494' title='bbox 1663 683 1742 714; x_wconf 85' lang='lat' dir='ltr'><em>Ach.</em></span> <span class='ocrx_word' id='word_1_495' title='bbox 1761 687 1806 714; x_wconf 90' lang='lat'><em>10.</em></span> <span class='ocrx_word' id='word_1_496' title='bbox 1825 685 2068 724; x_wconf 79' lang='lat' dir='ltr'><em>Euthynienes,</em></span> <span class='ocrx_word' id='word_1_497' title='bbox 2084 687 2162 717; x_wconf 91' lang='lat' dir='ltr'><em>Ach.</em></span> <span class='ocrx_word' id='word_1_498' title='bbox 2179 687 2228 717; x_wconf 85' lang='grc'><em>66.</em></span> <span class='ocrx_word' id='word_1_499' title='bbox 2247 689 2355 726; x_wconf 76' lang='lat' dir='ltr'><em>Mory-</em></span> 
     </span>
     <span class='ocr_line' id='line_1_80' title="bbox 1377 727 2354 770; baseline 0.006 -12"><span class='ocrx_word' id='word_1_500' title='bbox 1377 727 1511 766; x_wconf 88' lang='lat' dir='ltr'><em>chides,</em></span> <span class='ocrx_word' id='word_1_501' title='bbox 1536 728 1616 759; x_wconf 89' lang='lat' dir='ltr'><em>Ach.</em></span> <span class='ocrx_word' id='word_1_502' title='bbox 1636 732 1686 760; x_wconf 88' lang='lat'><em>67.</em></span> <span class='ocrx_word' id='word_1_503' title='bbox 1714 729 1927 769; x_wconf 87' lang='lat' dir='ltr'><em>Theodorus,</em></span> <span class='ocrx_word' id='word_1_504' title='bbox 1954 732 2034 762; x_wconf 90' lang='lat' dir='ltr'><em>Ach.</em></span> <span class='ocrx_word' id='word_1_505' title='bbox 2057 735 2108 762; x_wconf 89' lang='lat'><em>67.</em></span> <span class='ocrx_word' id='word_1_506' title='bbox 2131 733 2354 770; x_wconf 86' lang='lat' dir='ltr'><em>Lacratides,</em></span> 
     </span>
     <span class='ocr_line' id='line_1_81' title="bbox 1377 774 2354 818; baseline 0.007 -14"><span class='ocrx_word' id='word_1_507' title='bbox 1377 774 1457 805; x_wconf 83' lang='lat' dir='ltr'><em>Ach.</em></span> <span class='ocrx_word' id='word_1_508' title='bbox 1488 778 1558 806; x_wconf 87' lang='lat'>219.</span> <span class='ocrx_word' id='word_1_509' title='bbox 1587 777 1810 815; x_wconf 80' lang='lat' dir='ltr'><em>Hipparchus</em></span> <span class='ocrx_word' id='word_1_510' title='bbox 1828 802 1838 815; x_wconf 93' lang='lat'><em>,</em></span> <span class='ocrx_word' id='word_1_511' title='bbox 1866 780 1960 818; x_wconf 86' lang='lat' dir='ltr'><em>Vesp.</em></span> <span class='ocrx_word' id='word_1_512' title='bbox 1987 782 2056 810; x_wconf 83' lang='lat'>706.</span> <span class='ocrx_word' id='word_1_513' title='bbox 2084 779 2273 818; x_wconf 85' lang='lat' dir='ltr'><em>Chabrias,</em></span> <span class='ocrx_word' id='word_1_514' title='bbox 2297 783 2354 811; x_wconf 87' lang='lat' dir='ltr'><em>Av.</em></span> 
     </span>
     <span class='ocr_line' id='line_1_82' title="bbox 1377 823 2354 864; baseline 0.006 -13"><span class='ocrx_word' id='word_1_515' title='bbox 1377 827 1455 859; x_wconf 74' lang='grc' dir='ltr'><strong>Αιῃ.</strong></span> <span class='ocrx_word' id='word_1_516' title='bbox 1471 825 1500 851; x_wconf 93' lang='grc'><em>2.</em></span> <span class='ocrx_word' id='word_1_517' title='bbox 1511 823 1735 860; x_wconf 89' lang='lat' dir='ltr'><em>Arimnestus,</em></span> <span class='ocrx_word' id='word_1_518' title='bbox 1750 826 1808 854; x_wconf 76' lang='lat' dir='ltr'><em>Au.</em></span> <span class='ocrx_word' id='word_1_519' title='bbox 1822 827 1898 864; x_wconf 75' lang='lat' dir='ltr'><em>Arq.</em></span> <span class='ocrx_word' id='word_1_520' title='bbox 1909 828 1938 855; x_wconf 92' lang='lat'><em>7.</em></span> <span class='ocrx_word' id='word_1_521' title='bbox 1955 825 2185 864; x_wconf 73' lang='lat' dir='ltr'><em>Pythodorus,</em></span> <span class='ocrx_word' id='word_1_522' title='bbox 2201 828 2259 856; x_wconf 72' lang='lat' dir='ltr'><em>Aa.</em></span> <span class='ocrx_word' id='word_1_523' title='bbox 2278 828 2354 864; x_wconf 86' lang='grc'><strong>998,</strong></span> 
     </span>
     <span class='ocr_line' id='line_1_83' title="bbox 1380 869 2356 911; baseline 0.005 -14"><span class='ocrx_word' id='word_1_524' title='bbox 1380 869 1459 898; x_wconf 88' lang='lat' dir='ltr'><em>Pac.</em></span> <span class='ocrx_word' id='word_1_525' title='bbox 1479 871 1529 898; x_wconf 88' lang='lat'>60.</span> <span class='ocrx_word' id='word_1_526' title='bbox 1546 869 1784 908; x_wconf 66' lang='lat' dir='ltr'><em>scylliocloruS,</em></span> <span class='ocrx_word' id='word_1_527' title='bbox 1798 872 1879 901; x_wconf 86' lang='lat' dir='ltr'><em>Pac.</em></span> <span class='ocrx_word' id='word_1_528' title='bbox 1897 874 1968 902; x_wconf 89' lang='lat'>604.</span> <span class='ocrx_word' id='word_1_529' title='bbox 1984 873 2171 910; x_wconf 88' lang='lat' dir='ltr'><em>Leocritus,</em></span> <span class='ocrx_word' id='word_1_530' title='bbox 2184 873 2259 910; x_wconf 74' lang='lat' dir='ltr'>Lys.</span> <span class='ocrx_word' id='word_1_531' title='bbox 2276 875 2356 911; x_wconf 78' lang='lat' dir='ltr'><em>Arq.</em></span> 
     </span>
     <span class='ocr_line' id='line_1_84' title="bbox 1381 913 2357 955; baseline 0.006 -13"><span class='ocrx_word' id='word_1_532' title='bbox 1381 913 1510 943; x_wconf 81' lang='lat' dir='ltr'><em>Callias</em></span> <span class='ocrx_word' id='word_1_533' title='bbox 1521 915 1601 952; x_wconf 87' lang='lat' dir='ltr'><em>post</em></span> <span class='ocrx_word' id='word_1_534' title='bbox 1614 915 1820 954; x_wconf 81' lang='lat' dir='ltr'><em>Leocri&#39;tum,</em></span> <span class='ocrx_word' id='word_1_535' title='bbox 1834 917 1911 955; x_wconf 80' lang='lat' dir='ltr'>Lys.</span> <span class='ocrx_word' id='word_1_536' title='bbox 1924 918 2003 955; x_wconf 74' lang='lat' dir='ltr'><em>Arq.</em></span> <span class='ocrx_word' id='word_1_537' title='bbox 2021 915 2201 954; x_wconf 84' lang='lat' dir='ltr'><em>Chabrias,</em></span> <span class='ocrx_word' id='word_1_538' title='bbox 2214 916 2268 947; x_wconf 89' lang='lat' dir='ltr'>Pl.</span> <span class='ocrx_word' id='word_1_539' title='bbox 2288 919 2357 955; x_wconf 82' lang='lat'><em>179,</em></span> 
     </span>
     <span class='ocr_line' id='line_1_85' title="bbox 1379 960 2356 1002; baseline 0.004 -13"><span class='ocrx_word' id='word_1_540' title='bbox 1379 960 1437 989; x_wconf 72' lang='lat' dir='ltr'><em>Ae.</em></span> <span class='ocrx_word' id='word_1_541' title='bbox 1464 962 1542 998; x_wconf 72' lang='lat' dir='ltr'><em>Arq.</em></span> <span class='ocrx_word' id='word_1_542' title='bbox 1572 964 1598 990; x_wconf 71' lang='lat'><em>22</em></span> <span class='ocrx_word' id='word_1_543' title='bbox 1617 962 1772 1000; x_wconf 70' lang='lat' dir='ltr'><em>Diocle3‚</em></span> <span class='ocrx_word' id='word_1_544' title='bbox 1796 962 1851 993; x_wconf 90' lang='lat' dir='ltr'>Pl.</span> <span class='ocrx_word' id='word_1_545' title='bbox 1872 965 1940 994; x_wconf 86' lang='lat'>179.</span> <span class='ocrx_word' id='word_1_546' title='bbox 1968 964 2171 1002; x_wconf 83' lang='lat' dir='ltr'><em>Antipater,</em></span> <span class='ocrx_word' id='word_1_547' title='bbox 2194 963 2249 993; x_wconf 90' lang='lat' dir='ltr'><em>Pl.</em></span> <span class='ocrx_word' id='word_1_548' title='bbox 2275 965 2356 1002; x_wconf 77' lang='lat' dir='ltr'><em>Arq.</em></span> 
     </span>
     <span class='ocr_line' id='line_1_86' title="bbox 1378 1005 2357 1048; baseline 0.005 -13"><span class='ocrx_word' id='word_1_549' title='bbox 1378 1005 1556 1044; x_wconf 75' lang='lat' dir='ltr'><em>Isarchus,</em></span> <span class='ocrx_word' id='word_1_550' title='bbox 1574 1007 1662 1038; x_wconf 77' lang='lat' dir='ltr'>Nub.</span> <span class='ocrx_word' id='word_1_551' title='bbox 1678 1010 1754 1047; x_wconf 73' lang='lat' dir='ltr'><em>Arq.</em></span> <span class='ocrx_word' id='word_1_552' title='bbox 1770 1010 1800 1045; x_wconf 88' lang='lat'><em>8,</em></span> <span class='ocrx_word' id='word_1_553' title='bbox 1819 1010 1891 1046; x_wconf 90' lang='grc'><strong>549,</strong></span> <span class='ocrx_word' id='word_1_554' title='bbox 1911 1012 1980 1039; x_wconf 85' lang='grc'><strong>552.</strong></span> <span class='ocrx_word' id='word_1_555' title='bbox 2000 1009 2152 1046; x_wconf 83' lang='lat' dir='ltr'><em>Alcaeus,</em></span> <span class='ocrx_word' id='word_1_556' title='bbox 2178 1008 2266 1039; x_wconf 72' lang='lat' dir='ltr'><em>A‘ub.</em></span> <span class='ocrx_word' id='word_1_557' title='bbox 2285 1011 2357 1048; x_wconf 88' lang='grc'><strong>549,</strong></span> 
     </span>
     <span class='ocr_line' id='line_1_87' title="bbox 1380 1055 2358 1094; baseline 0.003 -11"><span class='ocrx_word' id='word_1_558' title='bbox 1380 1056 1451 1083; x_wconf 75' lang='grc'><strong>552.</strong></span> <span class='ocrx_word' id='word_1_559' title='bbox 1473 1055 1644 1090; x_wconf 80' lang='lat' dir='ltr'><em>Aminios,</em></span> <span class='ocrx_word' id='word_1_560' title='bbox 1661 1055 1751 1085; x_wconf 74' lang='grc' dir='ltr'><strong>Ναί).</strong></span> <span class='ocrx_word' id='word_1_561' title='bbox 1767 1058 1845 1094; x_wconf 73' lang='lat' dir='ltr'><em>Arq-</em></span> <span class='ocrx_word' id='word_1_562' title='bbox 1864 1058 1894 1093; x_wconf 90' lang='lat'><em>8,</em></span> <span class='ocrx_word' id='word_1_563' title='bbox 1912 1058 1963 1093; x_wconf 84' lang='lat'><em>31,</em></span> <span class='ocrx_word' id='word_1_564' title='bbox 1980 1057 2052 1094; x_wconf 91' lang='grc'><strong>549,</strong></span> <span class='ocrx_word' id='word_1_565' title='bbox 2069 1059 2139 1086; x_wconf 91' lang='grc'><strong>552.</strong></span> <span class='ocrx_word' id='word_1_566' title='bbox 2155 1055 2358 1094; x_wconf 87' lang='lat' dir='ltr'><em>Stratocles,</em></span> 
     </span>
     <span class='ocr_line' id='line_1_88' title="bbox 1380 1099 2358 1141; baseline 0.005 -14"><span class='ocrx_word' id='word_1_567' title='bbox 1380 1099 1470 1129; x_wconf 69' lang='lat' dir='ltr'><em>Nub.</em></span> <span class='ocrx_word' id='word_1_568' title='bbox 1485 1102 1554 1130; x_wconf 83' lang='grc'><strong>584.</strong></span> <span class='ocrx_word' id='word_1_569' title='bbox 1574 1100 1718 1138; x_wconf 82' lang='lat' dir='ltr'><em>Callias,</em></span> <span class='ocrx_word' id='word_1_570' title='bbox 1735 1101 1824 1131; x_wconf 73' lang='lat' dir='ltr'>Nub.</span> <span class='ocrx_word' id='word_1_571' title='bbox 1841 1104 1914 1138; x_wconf 85' lang='lat'>967,</span> <span class='ocrx_word' id='word_1_572' title='bbox 1929 1104 2015 1133; x_wconf 84' lang='lat' dir='ltr'><em>Ran.</em></span> <span class='ocrx_word' id='word_1_573' title='bbox 2030 1104 2109 1140; x_wconf 69' lang='lat' dir='ltr'><em>Ara.</em></span> <span class='ocrx_word' id='word_1_574' title='bbox 2125 1104 2155 1133; x_wconf 88' lang='grc'><strong>3.</strong></span> <span class='ocrx_word' id='word_1_575' title='bbox 2168 1102 2358 1141; x_wconf 73' lang='lat' dir='ltr'><em>Antiqenes.</em></span> 
     </span>
     <span class='ocr_line' id='line_1_89' title="bbox 1380 1146 1956 1186; baseline 0.005 -12"><span class='ocrx_word' id='word_1_576' title='bbox 1380 1146 1466 1175; x_wconf 84' lang='lat' dir='ltr'><em>Ran.</em></span> <span class='ocrx_word' id='word_1_577' title='bbox 1485 1147 1563 1184; x_wconf 67' lang='lat' dir='ltr'><em>Ara.</em></span> <span class='ocrx_word' id='word_1_578' title='bbox 1583 1148 1614 1183; x_wconf 91' lang='grc'><em>3,</em></span> <span class='ocrx_word' id='word_1_579' title='bbox 1633 1149 1669 1184; x_wconf 90' lang='lat'><em>7;</em></span> <span class='ocrx_word' id='word_1_580' title='bbox 1688 1149 1739 1184; x_wconf 85' lang='lat'><em>33,</em></span> <span class='ocrx_word' id='word_1_581' title='bbox 1756 1149 1826 1177; x_wconf 83' lang='lat'>732.</span> <span class='ocrx_word' id='word_1_582' title='bbox 1845 1146 1956 1186; x_wconf 60' lang='lat' dir='ltr'><em>Kcsr]</em></span> 
     </span>
    </p>

    <p class='ocr_par' dir='ltr' id='par_1_29' title="bbox 1339 1188 2360 1323">
     <span class='ocr_line' id='line_1_90' title="bbox 1339 1188 2360 1230; baseline 0.003 -11"><span class='ocrx_word' id='word_1_583' title='bbox 1339 1188 1479 1230; x_wconf 77' lang='grc' dir='ltr'><strong>Ἄρκτος,</strong></span> <span class='ocrx_word' id='word_1_584' title='bbox 1504 1190 1592 1229; x_wconf 67' lang='lat' dir='ltr'><em>virgo</em></span> <span class='ocrx_word' id='word_1_585' title='bbox 1617 1193 1738 1222; x_wconf 79' lang='lat' dir='ltr'><em>Diance-</em></span> <span class='ocrx_word' id='word_1_586' title='bbox 1768 1194 1990 1230; x_wconf 87' lang='lat' dir='ltr'><em>consecrata,</em></span> <span class='ocrx_word' id='word_1_587' title='bbox 2020 1192 2201 1223; x_wconf 86' lang='lat' dir='ltr'><em>Brauroniis</em></span> <span class='ocrx_word' id='word_1_588' title='bbox 2230 1193 2360 1223; x_wconf 74' lang='lat' dir='ltr'><em>crocota</em></span> 
     </span>
     <span class='ocr_line' id='line_1_91' title="bbox 1381 1237 2360 1278; baseline 0.004 -13"><span class='ocrx_word' id='word_1_589' title='bbox 1381 1237 1513 1275; x_wconf 82' lang='lat' dir='ltr'><em>amicta,</em></span> <span class='ocrx_word' id='word_1_590' title='bbox 1532 1239 1609 1276; x_wconf 77' lang='lat' dir='ltr'>Lys.</span> <span class='ocrx_word' id='word_1_591' title='bbox 1630 1240 1701 1275; x_wconf 82' lang='grc'><strong>645,</strong></span> <span class='ocrx_word' id='word_1_592' title='bbox 1722 1238 1820 1276; x_wconf 82' lang='lat' dir='ltr'><em>qu&#39;us</em></span> <span class='ocrx_word' id='word_1_593' title='bbox 1840 1240 1928 1268; x_wconf 90' lang='lat' dir='ltr'><em>ritus</em></span> <span class='ocrx_word' id='word_1_594' title='bbox 1951 1239 2134 1278; x_wconf 76' lang='lat' dir='ltr'><em>oriyinem,</em></span> <span class='ocrx_word' id='word_1_595' title='bbox 2155 1247 2316 1269; x_wconf 88' lang='lat' dir='ltr'><em>caussam</em></span> <span class='ocrx_word' id='word_1_596' title='bbox 2328 1240 2360 1269; x_wconf 89' lang='lat' dir='ltr'><em>et</em></span> 
     </span>
     <span class='ocr_line' id='line_1_92' title="bbox 1382 1284 2236 1323; baseline 0.002 -11"><span class='ocrx_word' id='word_1_597' title='bbox 1382 1284 1550 1313; x_wconf 89' lang='lat' dir='ltr'><em>rationem</em></span> <span class='ocrx_word' id='word_1_598' title='bbox 1564 1284 1682 1314; x_wconf 76' lang='lat' dir='ltr'><em>inultis</em></span> <span class='ocrx_word' id='word_1_599' title='bbox 1697 1285 1850 1323; x_wconf 55' lang='lat' dir='ltr'><em>explicat</em></span> <span class='ocrx_word' id='word_1_600' title='bbox 1869 1284 1975 1315; x_wconf 90' lang='lat' dir='ltr'><em>schol.</em></span> <span class='ocrx_word' id='word_1_601' title='bbox 1989 1285 2083 1316; x_wconf 87' lang='lat' dir='ltr'><em>Adde</em></span> <span class='ocrx_word' id='word_1_602' title='bbox 2091 1284 2148 1323; x_wconf 83' lang='lat' dir='ltr'><em>fr.</em></span> <span class='ocrx_word' id='word_1_603' title='bbox 2164 1287 2236 1315; x_wconf 88' lang='grc'><strong>337.</strong></span> 
     </span>
    </p>

    <p class='ocr_par' dir='ltr' id='par_1_30' title="bbox 1340 1329 2360 1414">
     <span class='ocr_line' id='line_1_93' title="bbox 1340 1329 2360 1370; baseline 0.002 -11"><span class='ocrx_word' id='word_1_604' title='bbox 1340 1331 1548 1367; x_wconf 72' lang='lat' dir='ltr'><em>Areopaqus,</em></span> <span class='ocrx_word' id='word_1_605' title='bbox 1564 1329 1619 1359; x_wconf 86' lang='lat' dir='ltr'><em>Pl.</em></span> <span class='ocrx_word' id='word_1_606' title='bbox 1641 1332 1731 1368; x_wconf 77' lang='lat'>1166,</span> <span class='ocrx_word' id='word_1_607' title='bbox 1754 1332 1843 1360; x_wconf 89' lang='grc'><strong>1167.</strong></span> <span class='ocrx_word' id='word_1_608' title='bbox 1862 1332 1905 1361; x_wconf 91' lang='lat' dir='ltr'><em>In</em></span> <span class='ocrx_word' id='word_1_609' title='bbox 1922 1330 2152 1370; x_wconf 76' lang='lat' dir='ltr'><em>eoJ‘udicandi</em></span> <span class='ocrx_word' id='word_1_610' title='bbox 2169 1331 2247 1361; x_wconf 85' lang='lat' dir='ltr'><em>socii</em></span> <span class='ocrx_word' id='word_1_611' title='bbox 2267 1329 2360 1370; x_wconf 81' lang='lat' dir='ltr'><em>Cylo-</em></span> 
     </span>
     <span class='ocr_line' id='line_1_94' title="bbox 1381 1376 1617 1414; baseline 0.004 -10"><span class='ocrx_word' id='word_1_612' title='bbox 1381 1376 1445 1412; x_wconf 85' lang='lat' dir='ltr'><em>nis‚</em></span> <span class='ocrx_word' id='word_1_613' title='bbox 1460 1376 1524 1414; x_wconf 80' lang='lat' dir='ltr'><em>Eq.</em></span> <span class='ocrx_word' id='word_1_614' title='bbox 1546 1377 1617 1405; x_wconf 88' lang='grc'><strong>445.</strong></span> 
     </span>
    </p>

    <p class='ocr_par' dir='ltr' id='par_1_31' title="bbox 1341 1419 2223 1460">
     <span class='ocr_line' id='line_1_95' title="bbox 1341 1419 2223 1460; baseline 0.001 -11"><span class='ocrx_word' id='word_1_615' title='bbox 1341 1421 1550 1458; x_wconf 73' lang='lat' dir='ltr'><em>Arycntai&#39;i&#39;a</em></span> <span class='ocrx_word' id='word_1_616' title='bbox 1566 1419 1830 1460; x_wconf 77' lang='grc' dir='ltr'>(ἀργυροκοπεῖον)</span> <span class='ocrx_word' id='word_1_617' title='bbox 1843 1420 1994 1459; x_wconf 76' lang='lat' dir='ltr'><em>publica,</em></span> <span class='ocrx_word' id='word_1_618' title='bbox 2017 1421 2112 1460; x_wconf 80' lang='lat' dir='ltr'><em>Vesp.</em></span> <span class='ocrx_word' id='word_1_619' title='bbox 2134 1423 2223 1452; x_wconf 88' lang='grc'><strong>1007.</strong></span> 
     </span>
    </p>

    <p class='ocr_par' dir='ltr' id='par_1_32' title="bbox 1340 1467 2371 2433">
     <span class='ocr_line' id='line_1_96' title="bbox 1340 1467 2362 1506; baseline 0.003 -9"><span class='ocrx_word' id='word_1_620' title='bbox 1340 1468 1441 1504; x_wconf 68' lang='lat' dir='ltr'><em>Aryin</em></span> <span class='ocrx_word' id='word_1_621' title='bbox 1449 1474 1524 1504; x_wconf 89' lang='lat' dir='ltr'><em>usa,</em></span> <span class='ocrx_word' id='word_1_622' title='bbox 1543 1467 1688 1497; x_wconf 79' lang='lat' dir='ltr'><em>AEolidis</em></span> <span class='ocrx_word' id='word_1_623' title='bbox 1702 1467 1867 1506; x_wconf 88' lang='lat' dir='ltr'><em>oppidum</em></span> <span class='ocrx_word' id='word_1_624' title='bbox 1889 1475 1906 1497; x_wconf 91' lang='lat' dir='ltr'><em>e</em></span> <span class='ocrx_word' id='word_1_625' title='bbox 1926 1469 2060 1506; x_wconf 72' lang='lat' dir='ltr'><em>reqione</em></span> <span class='ocrx_word' id='word_1_626' title='bbox 2076 1467 2173 1499; x_wconf 84' lang='lat' dir='ltr'><em>Lesbi</em></span> <span class='ocrx_word' id='word_1_627' title='bbox 2189 1469 2222 1498; x_wconf 80' lang='lat' dir='ltr'><em>et</em></span> <span class='ocrx_word' id='word_1_628' title='bbox 2236 1468 2362 1501; x_wconf 70' lang='lat' dir='ltr'><em>Malea&gt;</em></span> 
     </span>
     <span class='ocr_line' id='line_1_97' title="bbox 1375 1513 2363 1552; baseline 0.004 -10"><span class='ocrx_word' id='word_1_629' title='bbox 1375 1514 1605 1552; x_wconf 83' lang='lat' dir='ltr'><em>promontorii</em></span> <span class='ocrx_word' id='word_1_630' title='bbox 1625 1524 1635 1543; x_wconf 89' lang='lat'><em>:</em></span> <span class='ocrx_word' id='word_1_631' title='bbox 1661 1513 1708 1543; x_wconf 79' lang='lat' dir='ltr'><em>ibi</em></span> <span class='ocrx_word' id='word_1_632' title='bbox 1746 1513 1968 1544; x_wconf 83' lang='lat' dir='ltr'><em>Athenienses</em></span> <span class='ocrx_word' id='word_1_633' title='bbox 2006 1522 2098 1544; x_wconf 88' lang='lat' dir='ltr'><em>anno</em></span> <span class='ocrx_word' id='word_1_634' title='bbox 2129 1515 2213 1546; x_wconf 87' lang='lat' dir='ltr'><em>ante</em></span> <span class='ocrx_word' id='word_1_635' title='bbox 2243 1517 2363 1546; x_wconf 85' lang='lat' dir='ltr'><em>Ranas</em></span> 
     </span>
     <span class='ocr_line' id='line_1_98' title="bbox 1382 1559 2363 1598; baseline 0.003 -9"><span class='ocrx_word' id='word_1_636' title='bbox 1382 1559 1517 1589; x_wconf 88' lang='lat' dir='ltr'><em>doctam</em></span> <span class='ocrx_word' id='word_1_637' title='bbox 1530 1581 1538 1596; x_wconf 95' lang='lat'><em>,</em></span> <span class='ocrx_word' id='word_1_638' title='bbox 1566 1561 1728 1598; x_wconf 76' lang='lat' dir='ltr'><em>Antiqene</em></span> <span class='ocrx_word' id='word_1_639' title='bbox 1753 1560 1920 1591; x_wconf 88' lang='lat' dir='ltr'><em>archonte</em></span> <span class='ocrx_word' id='word_1_640' title='bbox 1933 1583 1941 1598; x_wconf 93' lang='lat'><strong><em>‚</em></strong></span> <span class='ocrx_word' id='word_1_641' title='bbox 1972 1560 2249 1592; x_wconf 67' lang='lat' dir='ltr'><em>Lacedaemonios</em></span> <span class='ocrx_word' id='word_1_642' title='bbox 2278 1563 2363 1593; x_wconf 86' lang='lat' dir='ltr'><em>vice-</em></span> 
     </span>
     <span class='ocr_line' id='line_1_99' title="bbox 1383 1606 2364 1646; baseline 0.002 -11"><span class='ocrx_word' id='word_1_643' title='bbox 1383 1606 1467 1635; x_wconf 79' lang='lat' dir='ltr'><em>runt</em></span> <span class='ocrx_word' id='word_1_644' title='bbox 1487 1613 1549 1644; x_wconf 83' lang='lat' dir='ltr'><em>per</em></span> <span class='ocrx_word' id='word_1_645' title='bbox 1573 1613 1688 1636; x_wconf 80' lang='lat' dir='ltr'><em>servos</em></span> <span class='ocrx_word' id='word_1_646' title='bbox 1712 1607 1963 1643; x_wconf 84' lang='lat' dir='ltr'><em>manumissos,</em></span> <span class='ocrx_word' id='word_1_647' title='bbox 1986 1608 2075 1637; x_wconf 85' lang='lat' dir='ltr'><em>Ran.</em></span> <span class='ocrx_word' id='word_1_648' title='bbox 2098 1608 2157 1645; x_wconf 89' lang='grc'><em>33,</em></span> <span class='ocrx_word' id='word_1_649' title='bbox 2183 1609 2262 1645; x_wconf 86' lang='grc'><strong>191;</strong></span> <span class='ocrx_word' id='word_1_650' title='bbox 2288 1609 2364 1646; x_wconf 85' lang='lat' dir='ltr'><em>post</em></span> 
     </span>
     <span class='ocr_line' id='line_1_100' title="bbox 1381 1650 2364 1691; baseline 0.003 -10"><span class='ocrx_word' id='word_1_651' title='bbox 1381 1659 1536 1690; x_wconf 72' lang='lat' dir='ltr'><em>puqnam</em></span> <span class='ocrx_word' id='word_1_652' title='bbox 1552 1650 1654 1682; x_wconf 90' lang='lat' dir='ltr'><em>duces</em></span> <span class='ocrx_word' id='word_1_653' title='bbox 1681 1654 1881 1691; x_wconf 86' lang='lat' dir='ltr'><em>tempestate</em></span> <span class='ocrx_word' id='word_1_654' title='bbox 1901 1651 2054 1691; x_wconf 81' lang='lat' dir='ltr'><em>impediti</em></span> <span class='ocrx_word' id='word_1_655' title='bbox 2072 1654 2225 1683; x_wconf 85' lang='lat' dir='ltr'><em>mort-uos</em></span> <span class='ocrx_word' id='word_1_656' title='bbox 2247 1653 2294 1684; x_wconf 89' lang='lat' dir='ltr'><em>ad</em></span> <span class='ocrx_word' id='word_1_657' title='bbox 2318 1661 2364 1684; x_wconf 85' lang='lat' dir='ltr'><em>se·</em></span> 
     </span>
     <span class='ocr_line' id='line_1_101' title="bbox 1380 1699 2365 1739; baseline 0.003 -12"><span class='ocrx_word' id='word_1_658' title='bbox 1380 1699 1445 1737; x_wconf 83' lang='lat' dir='ltr'><em>pul</em></span> <span class='ocrx_word' id='word_1_659' title='bbox 1450 1700 1568 1728; x_wconf 78' lang='lat' dir='ltr'><em>turam</em></span> <span class='ocrx_word' id='word_1_660' title='bbox 1576 1707 1640 1729; x_wconf 90' lang='lat' dir='ltr'><em>non</em></span> <span class='ocrx_word' id='word_1_661' title='bbox 1649 1700 1882 1738; x_wconf 75' lang='lat' dir='ltr'><em>quaesiverunt</em></span> <span class='ocrx_word' id='word_1_662' title='bbox 1893 1701 1925 1730; x_wconf 92' lang='lat' dir='ltr'><em>et</em></span> <span class='ocrx_word' id='word_1_663' title='bbox 1936 1700 2125 1739; x_wconf 79' lang='lat' dir='ltr'><em>insepultos</em></span> <span class='ocrx_word' id='word_1_664' title='bbox 2133 1699 2365 1739; x_wconf 85' lang='lat' dir='ltr'><em>reliquerunt;</em></span> 
     </span>
     <span class='ocr_line' id='line_1_102' title="bbox 1383 1744 2366 1786; baseline 0.003 -12"><span class='ocrx_word' id='word_1_665' title='bbox 1383 1753 1530 1784; x_wconf 81' lang='lat' dir='ltr'><em>quorum</em></span> <span class='ocrx_word' id='word_1_666' title='bbox 1559 1744 1685 1776; x_wconf 90' lang='lat' dir='ltr'><em>ducum</em></span> <span class='ocrx_word' id='word_1_667' title='bbox 1727 1754 1788 1776; x_wconf 68' lang='lat' dir='ltr'><em>sex</em></span> <span class='ocrx_word' id='word_1_668' title='bbox 1816 1747 1936 1785; x_wconf 86' lang='lat' dir='ltr'><em>capitis</em></span> <span class='ocrx_word' id='word_1_669' title='bbox 1970 1745 2130 1778; x_wconf 87' lang='lat' dir='ltr'><em>damnati</em></span> <span class='ocrx_word' id='word_1_670' title='bbox 2148 1770 2159 1785; x_wconf 90' lang='lat'>‚</span> <span class='ocrx_word' id='word_1_671' title='bbox 2195 1747 2366 1786; x_wconf 82' lang='lat' dir='ltr'><em>quattuor</em></span> 
     </span>
     <span class='ocr_line' id='line_1_103' title="bbox 1378 1790 2366 1832; baseline 0.003 -12"><span class='ocrx_word' id='word_1_672' title='bbox 1378 1790 1472 1829; x_wconf 76' lang='lat' dir='ltr'><em>fuya</em></span> <span class='ocrx_word' id='word_1_673' title='bbox 1489 1791 1641 1822; x_wconf 88' lang='lat' dir='ltr'><em>salutem</em></span> <span class='ocrx_word' id='word_1_674' title='bbox 1670 1793 1926 1831; x_wconf 77' lang='lat' dir='ltr'><em>quaesiverunt,</em></span> <span class='ocrx_word' id='word_1_675' title='bbox 1951 1792 2055 1832; x_wconf 85' lang='grc' dir='ltr'>ἄτιμοι</span> <span class='ocrx_word' id='word_1_676' title='bbox 2085 1792 2259 1824; x_wconf 89' lang='lat' dir='ltr'><em>declarati</em></span> <span class='ocrx_word' id='word_1_677' title='bbox 2276 1801 2366 1832; x_wconf 83' lang='lat' dir='ltr'><em>:pro</em></span> 
     </span>
     <span class='ocr_line' id='line_1_104' title="bbox 1384 1837 2366 1878; baseline 0.003 -11"><span class='ocrx_word' id='word_1_678' title='bbox 1384 1837 1508 1876; x_wconf 78' lang='lat' dir='ltr'><em>quibus</em></span> <span class='ocrx_word' id='word_1_679' title='bbox 1523 1837 1732 1868; x_wconf 84' lang='lat' dir='ltr'><em>intercedere</em></span> <span class='ocrx_word' id='word_1_680' title='bbox 1747 1837 1885 1868; x_wconf 81' lang='lat' dir='ltr'><em>videtur</em></span> <span class='ocrx_word' id='word_1_681' title='bbox 1899 1838 2144 1878; x_wconf 86' lang='lat' dir='ltr'><em>Aristophanes</em></span> <span class='ocrx_word' id='word_1_682' title='bbox 2157 1840 2245 1870; x_wconf 86' lang='lat' dir='ltr'><em>Ran.</em></span> <span class='ocrx_word' id='word_1_683' title='bbox 2265 1841 2366 1870; x_wconf 85' lang='grc'><strong>689-</strong></span> 
     </span>
     <span class='ocr_line' id='line_1_105' title="bbox 1385 1883 2366 1921; baseline 0.002 -8"><span class='ocrx_word' id='word_1_684' title='bbox 1385 1886 1443 1913; x_wconf 85' lang='grc'><em>705</em></span> <span class='ocrx_word' id='word_1_685' title='bbox 1456 1907 1464 1921; x_wconf 92' lang='grc'><em>,</em></span> <span class='ocrx_word' id='word_1_686' title='bbox 1481 1883 1549 1914; x_wconf 90' lang='lat' dir='ltr'><em>sch.</em></span> <span class='ocrx_word' id='word_1_687' title='bbox 1567 1883 1616 1914; x_wconf 83' lang='lat' dir='ltr'><em>acl</em></span> <span class='ocrx_word' id='word_1_688' title='bbox 1630 1886 1689 1914; x_wconf 89' lang='grc'><strong>698</strong></span> <span class='ocrx_word' id='word_1_689' title='bbox 1707 1886 1740 1914; x_wconf 91' lang='lat' dir='ltr'><em>et</em></span> <span class='ocrx_word' id='word_1_690' title='bbox 1755 1887 1813 1915; x_wconf 88' lang='lat'><em>688</em></span> <span class='ocrx_word' id='word_1_691' title='bbox 1828 1886 1861 1914; x_wconf 89' lang='lat' dir='ltr'><em>et</em></span> <span class='ocrx_word' id='word_1_692' title='bbox 1888 1886 1956 1914; x_wconf 87' lang='grc'><strong>191.</strong></span> <span class='ocrx_word' id='word_1_693' title='bbox 1978 1885 2127 1915; x_wconf 63' lang='lat' dir='ltr'><em>nomina</em></span> <span class='ocrx_word' id='word_1_694' title='bbox 2154 1883 2282 1915; x_wconf 90' lang='lat' dir='ltr'><em>ducum</em></span> <span class='ocrx_word' id='word_1_695' title='bbox 2305 1892 2366 1915; x_wconf 77' lang='lat' dir='ltr'><em>sex</em></span> 
     </span>
     <span class='ocr_line' id='line_1_106' title="bbox 1384 1928 2364 1968; baseline 0.003 -11"><span class='ocrx_word' id='word_1_696' title='bbox 1384 1928 1775 1968; x_wconf 56' lang='lat' dir='ltr'><em>slaudicio-&#39;affeclorum</em></span> <span class='ocrx_word' id='word_1_697' title='bbox 1792 1931 2010 1960; x_wconf 83' lang='lat' dir='ltr'><em>recensentur</em></span> <span class='ocrx_word' id='word_1_698' title='bbox 2027 1937 2069 1960; x_wconf 71' lang='lat' dir='ltr'><em>ex</em></span> <span class='ocrx_word' id='word_1_699' title='bbox 2085 1928 2301 1968; x_wconf 86' lang='lat' dir='ltr'><em>Philochoro,</em></span> <span class='ocrx_word' id='word_1_700' title='bbox 2320 1929 2364 1961; x_wconf 88' lang='lat' dir='ltr'><em>ib.</em></span> 
     </span>
     <span class='ocr_line' id='line_1_107' title="bbox 1388 1975 2367 2014; baseline 0.001 -10"><span class='ocrx_word' id='word_1_701' title='bbox 1388 1977 1477 2006; x_wconf 83' lang='grc'><strong>1196.</strong></span> <span class='ocrx_word' id='word_1_702' title='bbox 1501 1975 1612 2014; x_wconf 89' lang='lat' dir='ltr'><em>Culpa</em></span> <span class='ocrx_word' id='word_1_703' title='bbox 1639 1975 1858 2007; x_wconf 84' lang='lat' dir='ltr'><em>Theramenis</em></span> <span class='ocrx_word' id='word_1_704' title='bbox 1884 1978 1917 2006; x_wconf 85' lang='lat' dir='ltr'><em>et</em></span> <span class='ocrx_word' id='word_1_705' title='bbox 1944 1976 2117 2007; x_wconf 72' lang='lat' dir='ltr'><em>Callixeni</em></span> <span class='ocrx_word' id='word_1_706' title='bbox 2141 1977 2176 2006; x_wconf 87' lang='lat' dir='ltr'><em>in</em></span> <span class='ocrx_word' id='word_1_707' title='bbox 2194 1975 2367 2014; x_wconf 82' lang='lat' dir='ltr'><em>judicium</em></span> 
     </span>
     <span class='ocr_line' id='line_1_108' title="bbox 1385 2020 2367 2062; baseline 0.002 -12"><span class='ocrx_word' id='word_1_708' title='bbox 1385 2020 1523 2051; x_wconf 81' lang='lat' dir='ltr'><em>abducti</em></span> <span class='ocrx_word' id='word_1_709' title='bbox 1549 2024 1652 2053; x_wconf 86' lang='lat' dir='ltr'><em>erant</em></span> <span class='ocrx_word' id='word_1_710' title='bbox 1667 2045 1676 2061; x_wconf 94' lang='lat'><em>,</em></span> <span class='ocrx_word' id='word_1_711' title='bbox 1698 2023 1742 2053; x_wconf 93' lang='lat' dir='ltr'><em>ib.</em></span> <span class='ocrx_word' id='word_1_712' title='bbox 1772 2024 1841 2053; x_wconf 83' lang='grc'><strong>541.</strong></span> <span class='ocrx_word' id='word_1_713' title='bbox 1862 2024 1913 2053; x_wconf 89' lang='lat' dir='ltr'><em>De</em></span> <span class='ocrx_word' id='word_1_714' title='bbox 1938 2030 2058 2062; x_wconf 75' lang='lat' dir='ltr'><em>puqna</em></span> <span class='ocrx_word' id='word_1_715' title='bbox 2082 2021 2212 2053; x_wconf 87' lang='lat' dir='ltr'><em>dictum</em></span> <span class='ocrx_word' id='word_1_716' title='bbox 2244 2021 2286 2052; x_wconf 87' lang='lat' dir='ltr'><em>ib.</em></span> <span class='ocrx_word' id='word_1_717' title='bbox 2307 2024 2367 2053; x_wconf 85' lang='grc'><em>693</em></span> 
     </span>
     <span class='ocr_line' id='line_1_109' title="bbox 1385 2067 2368 2106; baseline 0.001 -10"><span class='ocrx_word' id='word_1_718' title='bbox 1385 2075 1434 2106; x_wconf 69' lang='grc' dir='ltr'><strong>δᾳ.</strong></span> <span class='ocrx_word' id='word_1_719' title='bbox 1454 2077 1463 2097; x_wconf 91' lang='lat'><em>:</em></span> <span class='ocrx_word' id='word_1_720' title='bbox 1476 2070 1584 2105; x_wconf 82' lang='lat' dir='ltr'><em>Pugna</em></span> <span class='ocrx_word' id='word_1_721' title='bbox 1602 2068 1725 2098; x_wconf 84' lang='lat' dir='ltr'><em>navalis</em></span> <span class='ocrx_word' id='word_1_722' title='bbox 1735 2077 1798 2098; x_wconf 85' lang='lat' dir='ltr'><em>una</em></span> <span class='ocrx_word' id='word_1_723' title='bbox 1813 2067 1881 2098; x_wconf 80' lang='lat' dir='ltr'><em>sola</em></span> <span class='ocrx_word' id='word_1_724' title='bbox 1896 2076 2006 2098; x_wconf 71' lang='lat' dir='ltr'><em>servos</em></span> <span class='ocrx_word' id='word_1_725' title='bbox 2020 2067 2204 2098; x_wconf 80' lang='lat' dir='ltr'><em>reddiderat</em></span> <span class='ocrx_word' id='word_1_726' title='bbox 2219 2067 2368 2098; x_wconf 87' lang='lat' dir='ltr'><em>dominos</em></span> 
     </span>
     <span class='ocr_line' id='line_1_110' title="bbox 1386 2113 2369 2153; baseline -0.001 -9"><span class='ocrx_word' id='word_1_727' title='bbox 1386 2116 1418 2144; x_wconf 81' lang='lat' dir='ltr'><em>et</em></span> <span class='ocrx_word' id='word_1_728' title='bbox 1432 2113 1632 2144; x_wconf 82' lang='lat' dir='ltr'><em>Plataeenses.</em></span> <span class='ocrx_word' id='word_1_729' title='bbox 1649 2114 1853 2145; x_wconf 84' lang='lat' dir='ltr'><em>Hellanicus</em></span> <span class='ocrx_word' id='word_1_730' title='bbox 1871 2115 1997 2145; x_wconf 88' lang='lat' dir='ltr'><em>narrat</em></span> <span class='ocrx_word' id='word_1_731' title='bbox 2019 2115 2182 2153; x_wconf 74' lang='lat' dir='ltr'><em>Antiqene</em></span> <span class='ocrx_word' id='word_1_732' title='bbox 2203 2113 2369 2144; x_wconf 84' lang='lat' dir='ltr'><em>archonte</em></span> 
     </span>
     <span class='ocr_line' id='line_1_111' title="bbox 1385 2155 2370 2200; baseline -0.001 -10"><span class='ocrx_word' id='word_1_733' title='bbox 1385 2168 1498 2191; x_wconf 78' lang='lat' dir='ltr'><em>servos</em></span> <span class='ocrx_word' id='word_1_734' title='bbox 1521 2162 1580 2200; x_wconf 86' lang='lat' dir='ltr'><em>qui</em></span> <span class='ocrx_word' id='word_1_735' title='bbox 1595 2160 1711 2191; x_wconf 76' lang='lat' dir='ltr'><em>navali</em></span> <span class='ocrx_word' id='word_1_736' title='bbox 1728 2169 1854 2200; x_wconf 73' lang='lat' dir='ltr'><em>puynae</em></span> <span class='ocrx_word' id='word_1_737' title='bbox 1877 2160 2115 2199; x_wconf 65' lang='lat' dir='ltr'><em>interfuerant</em></span> <span class='ocrx_word' id='word_1_738' title='bbox 2142 2162 2177 2190; x_wconf 91' lang='lat' dir='ltr'><em>in</em></span> <span class='ocrx_word' id='word_1_739' title='bbox 2198 2155 2370 2190; x_wconf 82' lang='lat' dir='ltr'><em>civitatem</em></span> 
     </span>
     <span class='ocr_line' id='line_1_112' title="bbox 1387 2206 2371 2245; baseline -0.001 -9"><span class='ocrx_word' id='word_1_740' title='bbox 1387 2208 1538 2245; x_wconf 88' lang='lat' dir='ltr'><em>receptos</em></span> <span class='ocrx_word' id='word_1_741' title='bbox 1557 2208 1597 2237; x_wconf 90' lang='lat' dir='ltr'><em>ut</em></span> <span class='ocrx_word' id='word_1_742' title='bbox 1608 2206 1834 2245; x_wconf 79' lang='lat' dir='ltr'><em>Platceenscs,</em></span> <span class='ocrx_word' id='word_1_743' title='bbox 1851 2209 1921 2237; x_wconf 87' lang='grc'><strong>694.</strong></span> <span class='ocrx_word' id='word_1_744' title='bbox 1938 2207 2158 2238; x_wconf 85' lang='lat' dir='ltr'><em>Athenienses</em></span> <span class='ocrx_word' id='word_1_745' title='bbox 2171 2207 2276 2237; x_wconf 87' lang='lat' dir='ltr'><em>servis</em></span> <span class='ocrx_word' id='word_1_746' title='bbox 2293 2207 2371 2236; x_wconf 80' lang='lat' dir='ltr'><em>civi-</em></span> 
     </span>
     <span class='ocr_line' id='line_1_113' title="bbox 1389 2253 2369 2293; baseline -0.001 -10"><span class='ocrx_word' id='word_1_747' title='bbox 1389 2253 1436 2283; x_wconf 87' lang='lat' dir='ltr'><em>lia</em></span> <span class='ocrx_word' id='word_1_748' title='bbox 1444 2254 1534 2291; x_wconf 84' lang='lat' dir='ltr'><em>jura</em></span> <span class='ocrx_word' id='word_1_749' title='bbox 1542 2253 1805 2292; x_wconf 81' lang='lat' dir='ltr'><em>pollicebantur</em></span> <span class='ocrx_word' id='word_1_750' title='bbox 1818 2255 1846 2284; x_wconf 87' lang='lat' dir='ltr'><em>si</em></span> <span class='ocrx_word' id='word_1_751' title='bbox 1864 2253 1910 2284; x_wconf 87' lang='lat' dir='ltr'><em>ad</em></span> <span class='ocrx_word' id='word_1_752' title='bbox 1924 2255 2113 2293; x_wconf 73' lang='lat' dir='ltr'><em>Arqinusas</em></span> <span class='ocrx_word' id='word_1_753' title='bbox 2127 2253 2343 2292; x_wconf 75' lang='lat' dir='ltr'><em>puqnassent</em></span> <span class='ocrx_word' id='word_1_754' title='bbox 2356 2264 2369 2290; x_wconf 90' lang='lat'><em>,-</em></span> 
     </span>
     <span class='ocr_line' id='line_1_114' title="bbox 1382 2298 2370 2340; baseline -0.002 -9"><span class='ocrx_word' id='word_1_755' title='bbox 1382 2302 1463 2339; x_wconf 79' lang='lat' dir='ltr'><em>post</em></span> <span class='ocrx_word' id='word_1_756' title='bbox 1473 2308 1632 2340; x_wconf 74' lang='lat' dir='ltr'><em>puynam</em></span> <span class='ocrx_word' id='word_1_757' title='bbox 1645 2301 1734 2330; x_wconf 82' lang='lat' dir='ltr'><em>servi</em></span> <span class='ocrx_word' id='word_1_758' title='bbox 1747 2301 1933 2330; x_wconf 86' lang='lat' dir='ltr'><em>occisorum</em></span> <span class='ocrx_word' id='word_1_759' title='bbox 1946 2308 2092 2340; x_wconf 81' lang='lat' dir='ltr'><em>corpora</em></span> <span class='ocrx_word' id='word_1_760' title='bbox 2106 2298 2282 2338; x_wconf 85' lang='lat' dir='ltr'><em>insepulta</em></span> <span class='ocrx_word' id='word_1_761' title='bbox 2303 2298 2370 2328; x_wconf 84' lang='lat' dir='ltr'><em>col·</em></span> 
     </span>
     <span class='ocr_line' id='line_1_115' title="bbox 1389 2345 2370 2386; baseline -0.002 -9"><span class='ocrx_word' id='word_1_762' title='bbox 1389 2346 1540 2386; x_wconf 70' lang='lat' dir='ltr'><em>liqebant</em></span> <span class='ocrx_word' id='word_1_763' title='bbox 1553 2349 1585 2378; x_wconf 89' lang='lat' dir='ltr'><em>et</em></span> <span class='ocrx_word' id='word_1_764' title='bbox 1599 2347 1759 2378; x_wconf 87' lang='lat' dir='ltr'><em>libertate</em></span> <span class='ocrx_word' id='word_1_765' title='bbox 1772 2345 2008 2385; x_wconf 84' lang='lat' dir='ltr'><em>donabantur,</em></span> <span class='ocrx_word' id='word_1_766' title='bbox 2026 2346 2116 2378; x_wconf 80' lang='lat' dir='ltr'>Nub.</span> <span class='ocrx_word' id='word_1_767' title='bbox 2143 2349 2172 2376; x_wconf 93' lang='lat'><em>6.</em></span> <span class='ocrx_word' id='word_1_768' title='bbox 2190 2346 2273 2376; x_wconf 86' lang='lat' dir='ltr'><em>Post</em></span> <span class='ocrx_word' id='word_1_769' title='bbox 2293 2352 2370 2376; x_wconf 87' lang='lat' dir='ltr'><em>eam</em></span> 
     </span>
     <span class='ocr_line' id='line_1_116' title="bbox 1383 2393 2369 2433; baseline -0.004 -9"><span class='ocrx_word' id='word_1_770' title='bbox 1383 2401 1542 2433; x_wconf 69' lang='lat' dir='ltr'><em>puqnam</em></span> <span class='ocrx_word' id='word_1_771' title='bbox 1554 2393 1802 2425; x_wconf 83' lang='lat' dir='ltr'><em>Lacedoemonii</em></span> <span class='ocrx_word' id='word_1_772' title='bbox 1811 2401 1934 2433; x_wconf 82' lang='lat' dir='ltr'><em>pacem</em></span> <span class='ocrx_word' id='word_1_773' title='bbox 1947 2393 2158 2432; x_wconf 84' lang='lat' dir='ltr'><em>offerebant,</em></span> <span class='ocrx_word' id='word_1_774' title='bbox 2172 2394 2258 2423; x_wconf 83' lang='lat' dir='ltr'><em>Ran.</em></span> <span class='ocrx_word' id='word_1_775' title='bbox 2278 2393 2369 2429; x_wconf 87' lang='grc'><strong>1532,</strong></span> 
     </span>
    </p>

    <p class='ocr_par' dir='ltr' id='par_1_33' title="bbox 1347 2437 2372 3075">
     <span class='ocr_line' id='line_1_117' title="bbox 1347 2437 2372 2478; baseline -0.002 -9"><span class='ocrx_word' id='word_1_776' title='bbox 1347 2440 1466 2478; x_wconf 68' lang='lat' dir='ltr'><em>Argivi,</em></span> <span class='ocrx_word' id='word_1_777' title='bbox 1484 2442 1566 2471; x_wconf 84' lang='lat' dir='ltr'><em>socii</em></span> <span class='ocrx_word' id='word_1_778' title='bbox 1581 2439 1938 2477; x_wconf 79' lang='lat' dir='ltr'><em>Lacedcemoniorum;</em></span> <span class='ocrx_word' id='word_1_779' title='bbox 1958 2447 2070 2470; x_wconf 87' lang='lat' dir='ltr'><em>eorum</em></span> <span class='ocrx_word' id='word_1_780' title='bbox 2086 2437 2262 2469; x_wconf 83' lang='lat' dir='ltr'><em>amicitiam</em></span> <span class='ocrx_word' id='word_1_781' title='bbox 2285 2444 2372 2476; x_wconf 77' lang='lat' dir='ltr'><em>quae-</em></span> 
     </span>
     <span class='ocr_line' id='line_1_118' title="bbox 1389 2482 2369 2526; baseline -0.006 -9"><span class='ocrx_word' id='word_1_782' title='bbox 1389 2486 1430 2517; x_wconf 83' lang='lat' dir='ltr'><em>rit</em></span> <span class='ocrx_word' id='word_1_783' title='bbox 1445 2486 1532 2526; x_wconf 85' lang='lat' dir='ltr'><em>Cleo,</em></span> <span class='ocrx_word' id='word_1_784' title='bbox 1546 2488 1714 2517; x_wconf 81' lang='lat' dir='ltr'><em>accusatus</em></span> <span class='ocrx_word' id='word_1_785' title='bbox 1732 2485 1991 2517; x_wconf 75' lang='lat' dir='ltr'><em>Lacedaemonios</em></span> <span class='ocrx_word' id='word_1_786' title='bbox 2002 2485 2172 2516; x_wconf 81' lang='lat' dir='ltr'><em>convenire</em></span> <span class='ocrx_word' id='word_1_787' title='bbox 2181 2483 2265 2524; x_wconf 89' lang='lat' dir='ltr'><em>apud</em></span> <span class='ocrx_word' id='word_1_788' title='bbox 2282 2482 2369 2522; x_wconf 84' lang='lat' dir='ltr'><em>Argi-</em></span> 
     </span>
     <span class='ocr_line' id='line_1_119' title="bbox 1390 2530 2369 2573; baseline -0.004 -11"><span class='ocrx_word' id='word_1_789' title='bbox 1390 2540 1447 2563; x_wconf 82' lang='lat' dir='ltr'><em>vos</em></span> <span class='ocrx_word' id='word_1_790' title='bbox 1458 2556 1466 2571; x_wconf 93' lang='lat'><em>,</em></span> <span class='ocrx_word' id='word_1_791' title='bbox 1497 2535 1560 2573; x_wconf 85' lang='lat' dir='ltr'><em>Eq.</em></span> <span class='ocrx_word' id='word_1_792' title='bbox 1577 2535 1637 2563; x_wconf 88' lang='lat'><em>466</em></span> <span class='ocrx_word' id='word_1_793' title='bbox 1652 2541 1702 2573; x_wconf 81' lang='lat' dir='ltr'><em>sq.</em></span> <span class='ocrx_word' id='word_1_794' title='bbox 1719 2532 1827 2571; x_wconf 76' lang='lat' dir='ltr'><em>Argivi</em></span> <span class='ocrx_word' id='word_1_795' title='bbox 1840 2531 1910 2571; x_wconf 85' lang='lat' dir='ltr'><em>paci</em></span> <span class='ocrx_word' id='word_1_796' title='bbox 1925 2532 2149 2570; x_wconf 82' lang='lat' dir='ltr'><em>adversantur,</em></span> <span class='ocrx_word' id='word_1_797' title='bbox 2167 2532 2250 2562; x_wconf 77' lang='lat' dir='ltr'><em>Pac.</em></span> <span class='ocrx_word' id='word_1_798' title='bbox 2283 2530 2344 2559; x_wconf 81' lang='grc'><em>493</em></span> <span class='ocrx_word' id='word_1_799' title='bbox 2359 2552 2369 2568; x_wconf 92' lang='grc'><em>,</em></span> 
     </span>
     <span class='ocr_line' id='line_1_120' title="bbox 1389 2573 2369 2619; baseline -0.006 -8"><span class='ocrx_word' id='word_1_800' title='bbox 1389 2583 1420 2610; x_wconf 83' lang='lat' dir='ltr'><em>et</em></span> <span class='ocrx_word' id='word_1_801' title='bbox 1434 2580 1546 2611; x_wconf 85' lang='lat' dir='ltr'><em>auxilii</em></span> <span class='ocrx_word' id='word_1_802' title='bbox 1563 2580 1643 2610; x_wconf 89' lang='lat' dir='ltr'><em>nihil</em></span> <span class='ocrx_word' id='word_1_803' title='bbox 1659 2581 1816 2619; x_wconf 80' lang='lat' dir='ltr'><em>praestant</em></span> <span class='ocrx_word' id='word_1_804' title='bbox 1831 2578 1870 2609; x_wconf 90' lang='lat' dir='ltr'><em>ad</em></span> <span class='ocrx_word' id='word_1_805' title='bbox 1887 2577 2082 2608; x_wconf 85' lang='lat' dir='ltr'><em>liberandam</em></span> <span class='ocrx_word' id='word_1_806' title='bbox 2099 2577 2191 2607; x_wconf 86' lang='lat' dir='ltr'><em>deam</em></span> <span class='ocrx_word' id='word_1_807' title='bbox 2206 2599 2216 2614; x_wconf 93' lang='lat'><em>,</em></span> <span class='ocrx_word' id='word_1_808' title='bbox 2236 2574 2292 2606; x_wconf 88' lang='lat' dir='ltr'><em>sed</em></span> <span class='ocrx_word' id='word_1_809' title='bbox 2307 2573 2369 2605; x_wconf 86' lang='lat' dir='ltr'><em>du-</em></span> 
     </span>
     <span class='ocr_line' id='line_1_121' title="bbox 1389 2623 2370 2657; baseline -0.001 0"><span class='ocrx_word' id='word_1_810' title='bbox 1389 2626 1467 2656; x_wconf 88' lang='lat' dir='ltr'><em>dum</em></span> <span class='ocrx_word' id='word_1_811' title='bbox 1496 2625 1642 2657; x_wconf 89' lang='lat' dir='ltr'><em>derident</em></span> <span class='ocrx_word' id='word_1_812' title='bbox 1674 2625 1896 2657; x_wconf 84' lang='lat' dir='ltr'><em>Athenienses</em></span> <span class='ocrx_word' id='word_1_813' title='bbox 1921 2625 1954 2654; x_wconf 85' lang='lat' dir='ltr'><em>ct</em></span> <span class='ocrx_word' id='word_1_814' title='bbox 1989 2623 2260 2654; x_wconf 82' lang='lat' dir='ltr'><em>Lacedoemonios</em></span> <span class='ocrx_word' id='word_1_815' title='bbox 2286 2625 2370 2656; x_wconf 89' lang='lat' dir='ltr'><em>bello</em></span> 
     </span>
     <span class='ocr_line' id='line_1_122' title="bbox 1390 2669 2370 2710; baseline 0.002 -8"><span class='ocrx_word' id='word_1_816' title='bbox 1390 2680 1518 2710; x_wconf 85' lang='lat' dir='ltr'><em>pressos</em></span> <span class='ocrx_word' id='word_1_817' title='bbox 1530 2695 1539 2710; x_wconf 95' lang='lat'><em>,</em></span> <span class='ocrx_word' id='word_1_818' title='bbox 1555 2672 1633 2710; x_wconf 88' lang='lat' dir='ltr'><em>quia</em></span> <span class='ocrx_word' id='word_1_819' title='bbox 1650 2671 1690 2702; x_wconf 87' lang='lat' dir='ltr'><em>ab</em></span> <span class='ocrx_word' id='word_1_820' title='bbox 1707 2671 1851 2710; x_wconf 83' lang='lat' dir='ltr'><em>utrisque</em></span> <span class='ocrx_word' id='word_1_821' title='bbox 1867 2671 2032 2700; x_wconf 77' lang='lat' dir='ltr'><em>merentur</em></span> <span class='ocrx_word' id='word_1_822' title='bbox 2050 2669 2207 2708; x_wconf 81' lang='lat' dir='ltr'><em>stipendia</em></span> <span class='ocrx_word' id='word_1_823' title='bbox 2218 2693 2228 2709; x_wconf 89' lang='lat'><em>,</em></span> <span class='ocrx_word' id='word_1_824' title='bbox 2246 2671 2288 2702; x_wconf 83' lang='lat' dir='ltr'><em>ib.</em></span> <span class='ocrx_word' id='word_1_825' title='bbox 2311 2674 2370 2704; x_wconf 84' lang='grc'><em>475</em></span> 
     </span>
     <span class='ocr_line' id='line_1_123' title="bbox 1389 2717 2371 2757; baseline 0.002 -9"><span class='ocrx_word' id='word_1_826' title='bbox 1389 2720 1502 2748; x_wconf 83' lang='grc'><strong>-477.</strong></span> <span class='ocrx_word' id='word_1_827' title='bbox 1520 2720 1612 2748; x_wconf 87' lang='lat' dir='ltr'><em>Hinc</em></span> <span class='ocrx_word' id='word_1_828' title='bbox 1632 2726 1721 2757; x_wconf 86' lang='lat' dir='ltr'><em>soepe</em></span> <span class='ocrx_word' id='word_1_829' title='bbox 1737 2726 1759 2748; x_wconf 91' lang='lat' dir='ltr'><em>a</em></span> <span class='ocrx_word' id='word_1_830' title='bbox 1781 2717 1926 2748; x_wconf 86' lang='lat' dir='ltr'><em>Comicis</em></span> <span class='ocrx_word' id='word_1_831' title='bbox 1941 2717 2228 2755; x_wconf 77' lang='lat' dir='ltr'><em>perstrinquntur</em></span> <span class='ocrx_word' id='word_1_832' title='bbox 2246 2719 2286 2749; x_wconf 86' lang='lat' dir='ltr'><em>ut</em></span> <span class='ocrx_word' id='word_1_833' title='bbox 2301 2727 2371 2750; x_wconf 85' lang='lat' dir='ltr'><em>am-</em></span> 
     </span>
     <span class='ocr_line' id='line_1_124' title="bbox 1391 2759 2371 2802; baseline 0.002 -9"><span class='ocrx_word' id='word_1_834' title='bbox 1391 2763 1483 2802; x_wconf 72' lang='lat' dir='ltr'><em>biqui</em></span> <span class='ocrx_word' id='word_1_835' title='bbox 1497 2774 1507 2794; x_wconf 89' lang='lat'><em>:</em></span> <span class='ocrx_word' id='word_1_836' title='bbox 1520 2766 1599 2802; x_wconf 83' lang='lat' dir='ltr'><em>post</em></span> <span class='ocrx_word' id='word_1_837' title='bbox 1616 2764 1771 2795; x_wconf 86' lang='lat' dir='ltr'><em>inducias</em></span> <span class='ocrx_word' id='word_1_838' title='bbox 1786 2763 1911 2793; x_wconf 88' lang='lat' dir='ltr'><em>bellum</em></span> <span class='ocrx_word' id='word_1_839' title='bbox 1928 2761 2174 2793; x_wconf 86' lang='lat' dir='ltr'><em>renovantibus</em></span> <span class='ocrx_word' id='word_1_840' title='bbox 2187 2759 2371 2795; x_wconf 82' lang='lat' dir='ltr'><em>Corinthiis</em></span> 
     </span>
     <span class='ocr_line' id='line_1_125' title="bbox 1391 2808 2372 2849; baseline 0.001 -9"><span class='ocrx_word' id='word_1_841' title='bbox 1391 2812 1471 2840; x_wconf 77' lang='lat' dir='ltr'><em>socii</em></span> <span class='ocrx_word' id='word_1_842' title='bbox 1477 2809 1586 2849; x_wconf 84' lang='lat' dir='ltr'><em>fiunt,</em></span> <span class='ocrx_word' id='word_1_843' title='bbox 1602 2810 1680 2841; x_wconf 88' lang='lat' dir='ltr'><em>ibid.</em></span> <span class='ocrx_word' id='word_1_844' title='bbox 1696 2811 1901 2849; x_wconf 73' lang='lat' dir='ltr'><em>Aryivorum</em></span> <span class='ocrx_word' id='word_1_845' title='bbox 1917 2811 1949 2839; x_wconf 87' lang='lat' dir='ltr'><em>ct</em></span> <span class='ocrx_word' id='word_1_846' title='bbox 1971 2808 2307 2841; x_wconf 84' lang='lat' dir='ltr'><em>Lacedaemoniorum</em></span> <span class='ocrx_word' id='word_1_847' title='bbox 2324 2810 2372 2842; x_wconf 86' lang='lat' dir='ltr'><em>ad</em></span> 
     </span>
     <span class='ocr_line' id='line_1_126' title="bbox 1386 2855 2372 2897; baseline 0 -9"><span class='ocrx_word' id='word_1_848' title='bbox 1386 2866 1509 2897; x_wconf 63' lang='lat' dir='ltr'><em>paona</em></span> <span class='ocrx_word' id='word_1_849' title='bbox 1523 2856 1569 2888; x_wconf 86' lang='lat' dir='ltr'><em>ad</em></span> <span class='ocrx_word' id='word_1_850' title='bbox 1597 2859 1746 2894; x_wconf 86' lang='lat' dir='ltr'><em>Orneas‚</em></span> <span class='ocrx_word' id='word_1_851' title='bbox 1770 2859 1828 2887; x_wconf 84' lang='lat' dir='ltr'><em>Av.</em></span> <span class='ocrx_word' id='word_1_852' title='bbox 1856 2858 1926 2886; x_wconf 83' lang='lat'>399.</span> <span class='ocrx_word' id='word_1_853' title='bbox 1951 2855 2087 2894; x_wconf 80' lang='lat' dir='ltr'><em>Argivus</em></span> <span class='ocrx_word' id='word_1_854' title='bbox 2105 2855 2262 2894; x_wconf 86' lang='lat' dir='ltr'><em>prudens</em></span> <span class='ocrx_word' id='word_1_855' title='bbox 2281 2857 2372 2888; x_wconf 79' lang='lat' dir='ltr'><em>vobis</em></span> 
     </span>
     <span class='ocr_line' id='line_1_127' title="bbox 1390 2901 2369 2944; baseline 0 -10"><span class='ocrx_word' id='word_1_856' title='bbox 1390 2907 1438 2934; x_wconf 81' lang='lat' dir='ltr'><em>est</em></span> <span class='ocrx_word' id='word_1_857' title='bbox 1454 2904 1581 2942; x_wconf 72' lang='lat' dir='ltr'><em>stultuS,</em></span> <span class='ocrx_word' id='word_1_858' title='bbox 1595 2903 1811 2942; x_wconf 81' lang='lat' dir='ltr'><em>Hieronymus</em></span> <span class='ocrx_word' id='word_1_859' title='bbox 1823 2902 1954 2933; x_wconf 87' lang='lat' dir='ltr'><em>stultus</em></span> <span class='ocrx_word' id='word_1_860' title='bbox 1968 2901 2118 2941; x_wconf 83' lang='lat' dir='ltr'><em>prudens,</em></span> <span class='ocrx_word' id='word_1_861' title='bbox 2134 2903 2258 2944; x_wconf 78' lang='lat' dir='ltr'><em>ironia,</em></span> <span class='ocrx_word' id='word_1_862' title='bbox 2275 2903 2369 2934; x_wconf 79' lang='lat' dir='ltr'><em>Eccl-</em></span> 
     </span>
     <span class='ocr_line' id='line_1_128' title="bbox 1393 2947 2371 2989; baseline -0.004 -8"><span class='ocrx_word' id='word_1_863' title='bbox 1393 2954 1463 2989; x_wconf 88' lang='lat'><em>201,</em></span> <span class='ocrx_word' id='word_1_864' title='bbox 1479 2950 1535 2981; x_wconf 88' lang='lat' dir='ltr'><em>ubi</em></span> <span class='ocrx_word' id='word_1_865' title='bbox 1549 2949 1653 2980; x_wconf 87' lang='lat' dir='ltr'><em>schol.</em></span> <span class='ocrx_word' id='word_1_866' title='bbox 1671 2958 1734 2989; x_wconf 89' lang='lat' dir='ltr'><em>pro</em></span> <span class='ocrx_word' id='word_1_867' title='bbox 1749 2950 1882 2979; x_wconf 86' lang='lat' dir='ltr'><em>nomine</em></span> <span class='ocrx_word' id='word_1_868' title='bbox 1894 2948 2038 2987; x_wconf 87' lang='lat' dir='ltr'><em>proprio</em></span> <span class='ocrx_word' id='word_1_869' title='bbox 2051 2949 2144 2986; x_wconf 82' lang='lat' dir='ltr'><em>capit</em></span> <span class='ocrx_word' id='word_1_870' title='bbox 2155 2947 2296 2989; x_wconf 81' lang='grc' dir='ltr'><strong>Ἀργεῖος.</strong></span> <span class='ocrx_word' id='word_1_871' title='bbox 2311 2950 2371 2979; x_wconf 76' lang='lat' dir='ltr'><em>Ar·</em></span> 
     </span>
     <span class='ocr_line' id='line_1_129' title="bbox 1392 2994 2367 3036; baseline 0 -10"><span class='ocrx_word' id='word_1_872' title='bbox 1392 2997 1455 3036; x_wconf 76' lang='lat' dir='ltr'><em>givi</em></span> <span class='ocrx_word' id='word_1_873' title='bbox 1482 2996 1591 3035; x_wconf 81' lang='lat' dir='ltr'><em>sures,</em></span> <span class='ocrx_word' id='word_1_874' title='bbox 1616 2999 1739 3036; x_wconf 60' lang='lat' dir='ltr'><em>Anao„</em></span> <span class='ocrx_word' id='word_1_875' title='bbox 1752 2995 1808 3034; x_wconf 83' lang='lat' dir='ltr'><em>sr.</em></span> <span class='ocrx_word' id='word_1_876' title='bbox 1835 2997 1902 3026; x_wconf 88' lang='grc'><strong>153.</strong></span> <span class='ocrx_word' id='word_1_877' title='bbox 1927 2995 2157 3026; x_wconf 84' lang='lat' dir='ltr'><em>Ostracismus</em></span> <span class='ocrx_word' id='word_1_878' title='bbox 2183 2994 2280 3035; x_wconf 83' lang='lat' dir='ltr'><em>apud</em></span> <span class='ocrx_word' id='word_1_879' title='bbox 2297 3001 2367 3034; x_wconf 73' lang='lat' dir='ltr'><em>eoS,</em></span> 
     </span>
     <span class='ocr_line' id='line_1_130' title="bbox 1392 3046 1541 3075; baseline -0.013 0"><span class='ocrx_word' id='word_1_880' title='bbox 1392 3046 1422 3075; x_wconf 87' lang='lat' dir='ltr'><em>E</em></span> <span class='ocrx_word' id='word_1_881' title='bbox 1449 3046 1541 3074; x_wconf 78' lang='lat'>.855.</span> 
     </span>
    </p>

    <p class='ocr_par' dir='ltr' id='par_1_34' title="bbox 1351 3053 2370 3167">
     <span class='ocr_line' id='line_1_131' title="bbox 1351 3053 2370 3129; baseline -0.002 -9"><span class='ocrx_word' id='word_1_882' title='bbox 1351 3053 1551 3129; x_wconf 65' lang='lat' dir='ltr'><em>Argoqnavis,</em></span> <span class='ocrx_word' id='word_1_883' title='bbox 1568 3088 1753 3128; x_wconf 78' lang='lat' dir='ltr'><em>Euripides</em></span> <span class='ocrx_word' id='word_1_884' title='bbox 1776 3086 1899 3119; x_wconf 84' lang='lat' dir='ltr'><em>Medea</em></span> <span class='ocrx_word' id='word_1_885' title='bbox 1918 3090 2008 3119; x_wconf 82' lang='lat' dir='ltr'><em>Ran.</em></span> <span class='ocrx_word' id='word_1_886' title='bbox 2035 3089 2124 3118; x_wconf 85' lang='lat'>1382.</span> <span class='ocrx_word' id='word_1_887' title='bbox 2152 3087 2370 3118; x_wconf 70' lang='lat' dir='ltr'><em>Memor-atur</em></span> 
     </span>
     <span class='ocr_line' id='line_1_132' title="bbox 1392 3136 1641 3167; baseline -0.004 0"><span class='ocrx_word' id='word_1_888' title='bbox 1392 3136 1460 3167; x_wconf 87' lang='lat' dir='ltr'><em>sch.</em></span> <span class='ocrx_word' id='word_1_889' title='bbox 1479 3136 1534 3167; x_wconf 91' lang='lat' dir='ltr'><em>Pl.</em></span> <span class='ocrx_word' id='word_1_890' title='bbox 1553 3138 1641 3166; x_wconf 89' lang='lat'>1127.</span> 
     </span>
    </p>

    <p class='ocr_par' dir='ltr' id='par_1_35' title="bbox 1354 3181 1785 3222">
     <span class='ocr_line' id='line_1_133' title="bbox 1354 3181 1785 3222; baseline -0.002 -9"><span class='ocrx_word' id='word_1_891' title='bbox 1354 3183 1481 3222; x_wconf 79' lang='lat' dir='ltr'><em>Argolas</em></span> <span class='ocrx_word' id='word_1_892' title='bbox 1495 3183 1629 3222; x_wconf 88' lang='lat' dir='ltr'><em>(heros),</em></span> <span class='ocrx_word' id='word_1_893' title='bbox 1639 3181 1696 3221; x_wconf 85' lang='lat' dir='ltr'><em>sr.</em></span> <span class='ocrx_word' id='word_1_894' title='bbox 1714 3184 1785 3212; x_wconf 88' lang='grc'><strong>284.</strong></span> 
     </span>
    </p>

    <p class='ocr_par' dir='ltr' id='par_1_36' title="bbox 1353 3226 2371 3362">
     <span class='ocr_line' id='line_1_134' title="bbox 1353 3226 2371 3270; baseline -0.006 -8"><span class='ocrx_word' id='word_1_895' title='bbox 1353 3235 1462 3270; x_wconf 73' lang='lat' dir='ltr'><em>Argos,</em></span> <span class='ocrx_word' id='word_1_896' title='bbox 1479 3231 1542 3269; x_wconf 85' lang='lat' dir='ltr'><em>Eq.</em></span> <span class='ocrx_word' id='word_1_897' title='bbox 1558 3231 1629 3267; x_wconf 82' lang='grc'><strong>813,</strong></span> <span class='ocrx_word' id='word_1_898' title='bbox 1650 3229 1778 3260; x_wconf 86' lang='lat' dir='ltr'><em>Thesm.</em></span> <span class='ocrx_word' id='word_1_899' title='bbox 1799 3230 1886 3258; x_wconf 90' lang='lat'>1101.</span> <span class='ocrx_word' id='word_1_900' title='bbox 1902 3227 1943 3257; x_wconf 86' lang='grc' dir='ltr'>Ὦ</span> <span class='ocrx_word' id='word_1_901' title='bbox 1955 3227 2042 3262; x_wconf 81' lang='grc' dir='ltr'>πόλις</span> <span class='ocrx_word' id='word_1_902' title='bbox 2054 3226 2192 3267; x_wconf 80' lang='grc' dir='ltr'><strong>Ἄργους,</strong></span> <span class='ocrx_word' id='word_1_903' title='bbox 2203 3226 2371 3257; x_wconf 76' lang='lat' dir='ltr'><em>exclama-</em></span> 
     </span>
     <span class='ocr_line' id='line_1_135' title="bbox 1395 3272 2370 3315; baseline -0.005 -8"><span class='ocrx_word' id='word_1_904' title='bbox 1395 3279 1439 3308; x_wconf 85' lang='lat' dir='ltr'><em>tio</em></span> <span class='ocrx_word' id='word_1_905' title='bbox 1452 3284 1495 3307; x_wconf 69' lang='grc' dir='ltr'><em>ωε</em></span> <span class='ocrx_word' id='word_1_906' title='bbox 1512 3275 1656 3315; x_wconf 88' lang='lat' dir='ltr'><em>Telepho</em></span> <span class='ocrx_word' id='word_1_907' title='bbox 1671 3274 1860 3314; x_wconf 84' lang='lat' dir='ltr'><em>Euripidis,</em></span> <span class='ocrx_word' id='word_1_908' title='bbox 1875 3273 1931 3305; x_wconf 90' lang='lat' dir='ltr'><em>Pl.</em></span> <span class='ocrx_word' id='word_1_909' title='bbox 1950 3277 2006 3304; x_wconf 90' lang='lat'>601</span> <span class='ocrx_word' id='word_1_910' title='bbox 2029 3274 2061 3304; x_wconf 90' lang='lat' dir='ltr'><em>et</em></span> <span class='ocrx_word' id='word_1_911' title='bbox 2079 3274 2148 3304; x_wconf 86' lang='lat' dir='ltr'><em>not.</em></span> <span class='ocrx_word' id='word_1_912' title='bbox 2170 3278 2268 3312; x_wconf 85' lang='lat' dir='ltr'><em>Argos</em></span> <span class='ocrx_word' id='word_1_913' title='bbox 2282 3272 2370 3304; x_wconf 82' lang='lat' dir='ltr'><em>venit</em></span> 
     </span>
     <span class='ocr_line' id='line_1_136' title="bbox 1396 3324 1779 3362; baseline -0.005 -8"><span class='ocrx_word' id='word_1_914' title='bbox 1396 3324 1560 3362; x_wconf 67' lang='lat' dir='ltr'><em>AEgyptus,</em></span> <span class='ocrx_word' id='word_1_915' title='bbox 1578 3324 1665 3353; x_wconf 78' lang='lat' dir='ltr'><em>Ran-</em></span> <span class='ocrx_word' id='word_1_916' title='bbox 1690 3325 1779 3353; x_wconf 89' lang='grc'><strong>1208.</strong></span> 
     </span>
    </p>
   </div>
   <div class='ocr_carea' id='block_1_5' title="bbox 325 3365 2368 3411">
    <p class='ocr_par' dir='ltr' id='par_1_37' title="bbox 325 3365 2368 3411">
     <span class='ocr_line' id='line_1_137' title="bbox 325 3365 2368 3411; baseline -0.001 -14"><span class='ocrx_word' id='word_1_917' title='bbox 325 3369 473 3399; x_wconf 83' lang='lat' dir='ltr'><em>muntur</em></span> <span class='ocrx_word' id='word_1_918' title='bbox 492 3371 585 3409; x_wconf 74' lang='lat' dir='ltr'><em>I&#39;esp.</em></span> <span class='ocrx_word' id='word_1_919' title='bbox 598 3372 658 3400; x_wconf 83' lang='lat'>963</span> <span class='ocrx_word' id='word_1_920' title='bbox 672 3378 743 3410; x_wconf 83' lang='lat' dir='ltr'>sqq.</span> <span class='ocrx_word' id='word_1_921' title='bbox 757 3370 943 3402; x_wconf 82' lang='lat' dir='ltr'><em>Archontes</em></span> <span class='ocrx_word' id='word_1_922' title='bbox 959 3372 1081 3410; x_wconf 78' lang='lat' dir='ltr'><em>myrtis</em></span> <span class='ocrx_word' id='word_1_923' title='bbox 1099 3369 1295 3401; x_wconf 82' lang='lat' dir='ltr'><em>coronaban</em></span> <span class='ocrx_word' id='word_1_924' title='bbox 1324 3401 1331 3411; x_wconf 71' lang='grc'><strong>,</strong></span> <span class='ocrx_word' id='word_1_925' title='bbox 1357 3371 1480 3409; x_wconf 67' lang='lat' dir='ltr'><em>Arous,</em></span> <span class='ocrx_word' id='word_1_926' title='bbox 1495 3369 1554 3401; x_wconf 84' lang='lat' dir='ltr'><em>liis</em></span> <span class='ocrx_word' id='word_1_927' title='bbox 1569 3371 1692 3406; x_wconf 87' lang='lat' dir='ltr'><em>custos,</em></span> <span class='ocrx_word' id='word_1_928' title='bbox 1708 3370 1740 3400; x_wconf 89' lang='lat' dir='ltr'><em>in</em></span> <span class='ocrx_word' id='word_1_929' title='bbox 1762 3374 1933 3408; x_wconf 76' lang='lat' dir='ltr'><em>pavonem</em></span> <span class='ocrx_word' id='word_1_930' title='bbox 1954 3367 2129 3405; x_wconf 85' lang='lat' dir='ltr'><em>mutatur,</em></span> <span class='ocrx_word' id='word_1_931' title='bbox 2155 3367 2212 3397; x_wconf 78' lang='lat' dir='ltr'><em>Av.</em></span> <span class='ocrx_word' id='word_1_932' title='bbox 2233 3369 2299 3397; x_wconf 84' lang='lat'>102.</span> <span class='ocrx_word' id='word_1_933' title='bbox 2314 3365 2368 3396; x_wconf 88' lang='lat' dir='ltr'><em>In·</em></span> 
     </span>
    </p>
   </div>
  </div>
 </body>
</html>
