2485 3808
941 199 1194 239 SCHOLIA

160 283 426 331 καταληκτικόν.
450 282 488 320 τὸ
509 282 540 333 β’
561 284 746 334 τροχαϊκὸν
763 287 1006 337 ἑφθημιμερὲς.
1028 286 1066 323 τὸ
1087 287 1116 337 γ’
1137 289 1194 324 δα-

161 342 318 380 κτυλικὸν
339 341 495 393 δίμετρον
516 344 575 378 τοῦ
594 341 624 391 β’
644 342 746 385 ποδὸς
769 343 1122 394 προκελευσματικοῧ.
1157 345 1195 383 τὸ

160 400 188 437 δ’
206 398 388 452 τροχαϊκὸν
405 398 566 450 δίμετρον
580 399 821 446 ἀκατάληκτον
834 402 898 437 τῶν
915 401 946 438 α’
962 401 1021 438 καὶ
1035 402 1065 452 β’
1080 404 1195 439 ποδῶν

158 457 316 509 χορείων.
334 456 373 494 τὸ
389 456 414 494 ε’
432 455 549 506 ὅμοιον
569 458 608 494 ἐκ
624 458 779 509 χορείων.
801 458 840 495 τὸ
866 459 894 501 ς’
918 460 1104 510 τροχαϊκὸν
1127 462 1199 497 ἷθυ-
1222 479 1224 494 ;

112 531 128 553 5
159 514 325 567 φαλλικὸν
343 518 400 552 τοῦ
419 515 450 551 α’
467 515 570 557 ποδὸς
588 516 737 567 χορείου.
759 519 776 553 ὁ
791 516 816 560 ζ’
845 517 1004 566 ἷαμὲικος
1018 518 1197 569 τρίμετρος

159 572 412 619 ἀκατάληκτος.
441 572 479 610 τὸ
508 572 540 619 η’
568 573 718 612 Ἰωνικὸν
745 575 805 611 ἀπ’
831 575 1010 617 ἐλάττονος
1038 575 1197 627 δίμετρον

158 630 478 682 ὖπερκατάληκτον.
509 631 565 668 ἐπὶ
607 634 656 683 τῷ
683 631 773 669 τέλει
806 634 840 669 αἱ
871 633 1025 679 συνήθεις
1056 633 1116 670 δύο
1143 635 1197 670 δι-

158 688 277 740 πλαῖ.]

210 759 276 785 898.
309 749 338 784 εἰ
355 762 413 784 και
443 747 491 784 ἑνι
507 748 601 799 μόνῳ
621 747 760 820 ρῖρκέσει
775 748 812 786 τὸ
832 751 934 797 θ’ὖμα.
950 756 986 786 R.

211 817 275 842 899.
307 804 468 856 μάκαρας
489 805 547 843 ἕνα
561 806 637 843 τινὰ
659 819 667 844 2
687 806 808 845 Εἰπὼν
830 808 1068 852 πληθυντικυς
1091 807 1225 845 ἔλαὸε

158 861 197 898 τὸ
210 861 319 899 ἑνικὸν
334 862 476 912 λέγωνὲ
458 878 529 901 ενα.
534 864 546 914 ]

201 938 265 963 902.
293 923 420 975 γένειόν
441 924 513 960 ἐστι
533 921 591 959 καὶ
612 920 740 973 κέρατα
759 936 767 960 :
790 922 872 960 Ἐπὶ
890 924 957 959 τῶν
972 921 1103 974 ἱερείων
1123 923 1192 958 τῶν

150 981 199 1032 μὴ
223 981 373 1034 ἐχόντων
393 980 525 1051 σάρκας
546 980 647 1018 τοῦτό
663 995 780 1032 φησιν.
800 979 873 1017 ἔστι
891 978 926 1017 83
942 980 1189 1031 παροιμιῶδες,

148 1039 233 1078 ὡσεὶ
253 1039 370 1089 ἔλεγε,
392 1038 508 1090 τρίχες
526 1038 585 1076 καὶ
602 1037 743 1089 κέρατα.

201 1111 264 1136 903.
293 1096 446 1149 [θύοντες
464 1095 690 1145 εὖξώμεσθα;
714 1095 873 1167 EkOwffi
898 1094 1016 1147 ἑτέρας
1033 1094 1191 1147 περιόδου

149 1154 335 1205 ἀμοιὸαίας
363 1154 486 1191 κώλων
505 1154 564 1191 καὶ
585 1153 715 1204 στίχων
740 1154 801 1198 ιη’.
831 1157 878 1190 ὧν
910 1156 941 1191 οἱ
973 1153 1020 1200 α’,
1046 1169 1086 1199 3,
1104 1154 1147 1201 θ’,
1170 1170 1179 1190 ι

147 1213 207 1251 καὶ
233 1215 264 1251 οἱ
292 1213 482 1250 τελευταῖοι
509 1211 542 1256 ἓξ
571 1211 707 1262 ἴαμὸοι.
738 1206 830 1250 οὗτοι
856 1211 918 1262 μὲν
954 1212 1192 1258 ἀκατάληκτοι

146 1271 334 1324 τρίμετροι.
352 1271 419 1314 ὅδὲ
441 1271 470 1308 8¹
491 1269 741 1323 ἑφθημιμερῆς.
760 1273 778 1308 ὃ
795 1270 949 1323 δεύτερος
962 1270 1193 1323 χοριαμὸικὸς

146 1329 325 1382 τρίμετρος
349 1328 626 1379 καταληκτικὸς,
642 1328 701 1366 τὸν
725 1331 864 1381 πρῶτον
885 1328 974 1380 ἔχων
993 1328 1085 1366 πόδα
1105 1344 1192 1366 πεν-

93 1401 130 1427 20
146 1386 381 1426 τασύλλαὸον.
403 1386 443 1425 τὸ
464 1387 496 1438 γ’
514 1386 700 1440 τροχαϊκὸν
726 1386 993 1439 πενθημιμερές.
1015 1389 1033 1425 ὁ
1056 1387 1087 1431 ς’
1114 1388 1193 1425 Ἰω-

146 1445 238 1489 vab<
254 1444 486 1498 ἳτετράμετρος
504 1445 850 1498 βραχυκατάληκτος.
868 1444 912 1483 τὰ
934 1447 975 1492 ζ’,
998 1445 1043 1483 ια’
1066 1446 1190 1483 δακτυ-

146 1503 245 1551 λικὰ,
267 1504 307 1542 τὸ
327 1503 390 1555 μὲν
415 1503 691 1556 πενθημιμερὲς,
713 1503 752 1542 τὸ
772 1503 807 1541 83
830 1503 1012 1556 τρίμετρον
1034 1505 1193 1550 καταλη-

146 1561 264 1600 κτικὸν
286 1564 332 1605 εἷς
349 1561 590 1601 δισυλλαὸίαν.
612 1561 655 1599 τὰ
672 1562 721 1609 η’,
747 1562 791 1600 ιδ’
810 1561 1048 1600 ἅναπαιστικὰ
1079 1565 1189 1615 ἑφθη-

148 1623 291 1674 μιμερῆ.
311 1620 369 1659 ἐπὶ
385 1623 434 1672 τῷ
453 1619 544 1658 τέλει
564 1620 825 1673 παράγραφος]

94 1687 127 1714 25
199 1691 264 1718 904.
295 1677 619 1731 Νεφελοκοκκυγίαν
632 1678 695 1724 τὴν
707 1678 922 1729 εὐδαίμονας
942 1677 1117 1731 Ἐργεταί
1137 1694 1189 1721 τις

146 1736 292 1784 ποιητὴς
310 1739 356 1780 ὥς
375 1737 432 1774 ἐπὶ
451 1736 649 1774 νεοκτίστου
668 1736 802 1780 πόλεως
821 1736 978 1788 ἐγκώμια
997 1737 1116 1781 λέξων.

198 1808 261 1834 911.
289 1793 445 1838 δοῦλος
423 1810 471 1832 ων
493 1794 606 1846 κόμην
630 1794 744 1846 ἔγειςε
762 1794 830 1834 Διὰ
857 1795 896 1832 τὸ
916 1794 1088 1848 θεράπων,
1113 1795 1192 1833 δοῦ-

146 1854 203 1897 λος
219 1846 325 1891 εἶπεν.
339 1856 381 1900 ἠν
398 1852 434 1890 δὲ
453 1855 523 1891 τῶν
540 1853 726 1905 ἐλευθέρων
744 1853 783 1891 τὸ
799 1859 924 1904 κομᾶν.

197 1925 263 1952 913.
294 1911 446 1965 περισσὰ
470 1911 558 1955 τινὲς
576 1916 700 1950 ταῦτα.
722 1918 761 1948 Β
782 1912 998 1966 (θεράποντες
1020 1913 1188 1966 ὀτρηροὶ;

93 1981 129 2007 ao
148 1969 330 2018 '’Evt32831
313 1970 454 2024 οτρηροὶ
479 1971 536 2009 ἐπὶ
561 1972 628 2008 τῶν
652 1969 871 2023 θεραπόντων
896 1971 1047 2023 λέγεται.
1069 1971 1192 2009 ἐπεπί-

147 2044 268 2067 στευτο
283 2027 326 2068 δὲ·
329 2044 390 2068 και
402 2032 420 2067 ὃ
433 2028 617 2082 Μαργίτης
631 2033 689 2067 τοῦ
707 2028 868 2081 Ομήρου
884 2034 981 2068 εἶναι.
1000 2031 1035 2067 ἐν
1050 2033 1078 2082 ᾧ
1097 2028 1192 2082 εἴρη-

147 2103 205 2126 ται

105 816 135 841 w

99 1112 129 1135 15

235 2210 393 2242 Μουσάων
410 2209 549 2241 θεοὰπων
565 2209 617 2240 καὶ
631 2209 781 2246 ἑκηὸὁλου
794 2209 1008 2250 Ἀπόλλωνος.)

201 2344 265 2369 915.
295 2330 358 2367 οὐκ
386 2329 473 2389 ἐτὸς..
484 2329 669 2382 ὄτρηρὸνῑ
692 2329 818 2374 Παίζει
842 2329 940 2382 παρὰ
968 2329 1007 2367 τὸ
1033 2330 1192 2383 ὀτρηροὶ,

96 2399 130 2426 35
149 2387 200 2425 ὅτι
221 2386 430 2440 τετρημένον
450 2391 493 2434 ἠν
513 2389 619 2425 αὐτου
635 2386 696 2425 καὶ
713 2387 752 2425 τὸ
768 2387 922 2438 ἱμάτιον.

206 2459 269 2485 918.
305 2444 430 2483 κύκλιά
458 2461 495 2483 τε
523 2444 675 2484 πολλὰς
709 2444 766 2485 Τὰ
797 2445 861 2493 τὴν
893 2446 1000 2493 αὐτὴν
1031 2447 1191 2485 ὑπόθεσιν

149 2503 291 2555 ἔχοντα,
319 2519 429 2541 ταυτα
455 2501 581 2541 κύκλια
601 2502 730 2554 ἔλεγον.
752 2503 829 2542 ἀντὶ
848 2507 909 2542 τοῦ
931 2504 953 2542 ἃ
973 2507 1009 2542 αἱ
1029 2504 1191 2558 παρθένοι

147 2556 240 2613 ῃδον.
270 2561 396 2600 κύκλια
424 2560 460 2599 83
483 2562 672 2599 καλοῦνται
699 2561 811 2613 μέλη,
841 2561 886 2600 τὰ
915 2563 1188 2614 ἐπεκτεταμένα.

148 2619 221 2658 ἔστι
239 2618 275 2658 83
295 2619 558 2679 διηγηματικόν.
617 2618 775 2670 (Ἄλλως.
797 2619 874 2658 ἀντὶ
897 2636 957 2658 του
977 2621 1188 2673 κατάτεγνα.

97 2687 132 2713 40
148 2677 292 2716 ποικίλα
307 2671 411 2715 οἱον“’
393 2693 536 2728 υμνους,
550 2683 720 2724 παιᾶνας,
736 2677 925 2731 προσόδια,
943 2679 1003 2717 καὶ
1023 2678 1065 2717 τὰ
1084 2680 1191 2717 λοιπὰ

149 2736 279 2779 τούτοις
301 2735 545 2784 παραπλήσια.
575 2737 920 2790 προπερισπωμένως
938 2738 974 2775 83
993 2737 1033 2775 τὸ
1061 2737 1189 2788 ὄνομα,

150 2793 195 2832 τὰ
212 2794 408 2847 παρθενεῖα.
424 2792 499 2832 ἔστι
516 2793 553 2832 δὲ
568 2792 613 2832 τὰ
634 2796 680 2838 εἷς
698 2794 890 2847 παρθένους
906 2794 1090 2848 ᾀδόμενα.)

203 2870 268 2896 990.
297 2855 417 2909 [ταυτὶ
442 2856 483 2895 σὺ
508 2870 517 2896 :
539 2857 720 2897 Ἐντεῦθεν
745 2860 928 2911 διαιρεῖται
947 2859 991 2897 τὰ
1015 2859 1188 2910 πρόσωπα

153 2916 200 2958 εἷς
218 2913 478 2965 συστηματικας
496 2915 674 2968 περιόδους
693 2916 882 2967 ἀμοιὸαίας
903 2918 949 2964 η’.
971 2917 1031 2955 καὶ
1050 2917 1142 2956 ἔστιν
1165 2922 1187 2965 ἡ

100 2989 133 3014 45
151 2970 273 3025 πρώτη
297 2971 455 3024 περίοδος
482 2973 610 3024 στίχων
636 2973 811 3024 ἷαμὸικῶν
835 2974 1026 3028 τριμέτρων
1046 2976 1088 3014 δ’.
1109 2980 1132 3023 ἡ
1155 2977 1186 3048 β’

152 3029 282 3081 στίχων
306 3044 366 3067 και
384 3028 507 3066 κώλων
530 3031 573 3074 ζ.
597 3034 645 3068 ων
665 3034 683 3068 ὃ
701 3034 837 3084 πρῶτος
860 3033 1090 3086 χοριαμὸικὸς
1114 3033 1188 3087 τρί-

152 3102 273 3140 μετρος
291 3086 559 3133 καταληκτικός.
579 3087 618 3125 τὸ
636 3088 667 3139 β’
689 3087 806 3139 ὅμοιον
825 3090 985 3142 δίμετρον
1006 3091 1187 3140 ἀκατάλη-

152 3161 244 3193 κτον,
257 3144 315 3182 τὸν
329 3143 516 3197 δεύτερον”
497 3160 586 3196 εχων
600 3145 691 3183 πόδα
703 3148 1002 3188 πεντασύλλαὸον.
1020 3149 1060 3187 τὸ
1073 3150 1186 3222 τρίτον

152 3202 337 3255 περίοδος’
321 3201 356 3246 εξ
369 3201 535 3253 ἷαμῧικῆς
547 3217 607 3241 και
621 3207 808 3255 τροχαϊκῆς
822 3205 967 3257 βάσεως.
981 3207 1021 3245 τὸ
1038 3208 1066 3245 δ’
1085 3211 1186 3247 ἀσυν-

100 3284 135 3309 50
155 3261 301 3313 άρτητον
321 3260 394 3305 ἐξ’
375 3263 628 3308 αναπαιστικῆς
646 3276 706 3299 και
726 3262 893 3312 ἷαμὸικης
921 3264 1069 3316 βάσεως.
1092 3266 1130 3304 τὸ
1158 3268 1185 3305 ε’

151 3316 320 3372 τροχαϊκὴ
351 3318 451 3369 βάσις
469 3320 508 3357 ἐκ
534 3317 692 3370 χορείων.
717 3318 756 3356 τὸ
775 3320 806 3363 ς’
836 3321 999 3371 ἷαμὸικὸν
1027 3322 1185 3373 δίμετρον

154 3375 487 3429 βραχυκατάλτ-κτον
517 3379 544 3414 εἷ
563 3376 597 3414 83
621 3376 756 3427 βούλει,
773 3377 925 3416 Ἰωνικὸν
942 3381 1183 3433 ἑφθημιμερές.

1230 202 1286 240 ΙΝ
1322 203 1483 242 AVES.
2214 222 2283 254 2m

1255 288 1292 326 τὸ
1314 289 1339 333 ζ’
1361 289 1513 327 Ἰωνικὸν
1534 291 1692 344 δίμετρον
1710 297 1963 343 ἀκατάληκτον.
1988 297 2042 349 ὑφ’
2067 299 2084 336 ὃ
2104 300 2292 352 παράγρα-

1253 349 1343 400 τθςᾶ

1305 422 1367 448 922.
1392 413 1453 449 οὐκ
1472 412 1551 464 ἄρτι
1577 410 1682 449 θύωῑ
1707 412 1801 463 Πρὸς
1821 413 1859 450 τὸ
1880 413 1963 457 ἔθος.
1987 430 2120 488 ειρηται
2148 417 2182 454 83
2205 418 2293 471 πρό-

1252 481 1349 519 τερον
1373 468 1458 506 ὅτι’
1444 471 1500 507 επὶ
1524 471 1720 512 ἐνεστῶτος.
1738 470 1825 522 σαφὲ
1812 487 1844 514 ς
1864 472 1898 509 δὲ
1920 472 1969 510 ὅτι
1991 489 2033 510 τα
2054 474 2208 524 ὀνόματα
2227 479 2294 514 τῶν

1254 525 1386 563 παίδων
1408 527 1563 565 ἐτίθεσαν
1584 530 1626 578 τῇ
1648 527 1788 578 δεκάτῃ,
2317 546 2332 567 5

1222 501 1225 523 Ι

1306 597 1370 622 921.
1401 585 1492 622 ἀλλά
1518 601 1569 628 τις
1597 586 1705 622 ὠκεῖα
1738 587 1912 624 Μουσάων
1942 603 1950 626 2
1980 589 2022 627 Ἡ
2052 606 2118 627 των
2148 594 2297 630 Μουσῶν

1253 640 1353 692 φάτις
1372 643 1498 694 ταχεῖά
1519 645 1679 689 ἐστιν,ὡς
1698 642 1803 686 ’ἵππος
1820 645 1939 683 ὠκεῖα.
1958 647 2032 691 ἦτοι
2052 649 2086 685 83
2108 651 2299 692 καθολικῶς

1253 698 1363 749 λέγει,
1379 701 1455 738 ἐπεὶ
1472 700 1660 753 πτερόεντα
1676 701 1720 737 τὰ
1741 701 1806 747 ἔπη
1825 702 1883 739 καὶ
1900 703 2034 754 ταχέως
2052 706 2297 756 διαγγέλλοντα

1254 756 1297 793 τὰ
1325 758 1538 809 πράγματα,
1567 758 1589 804 ἢ
1622 759 1707 810 πρὸς
1736 759 1856 796 ἑαυτὸν
1887 762 2022 812 ταχέως
2052 763 2227 815 γράφοντα
2256 766 2298 804 τὰ

1253 815 1447 865 ποιήματα.

1307 886 1370 913 926.
1402 874 1442 912 σὺ
1471 877 1498 912 δ’
1525 869 1553 913 ῶ
1580 875 1691 927 πάτερ
1718 876 1857 929 κτίστορ
1888 891 1895 915 1

2322 835 2352 857 10

1928 878 1994 917 Ἐκ
2024 882 2091 916 τῶν
2125 882 2298 933 Πινδάρου

1253 933 1514 984 ὑποργημάτων
1539 939 1590 981 [fr.
1613 935 1662 985 71]
1684 953 1697 967 ι
1721 934 1813 978 ξύνες
1834 951 1852 973 ο
1877 952 1910 973 τι
1935 936 2027 987 λέγω
2048 939 2175 982 ζαθέων
2200 941 2227 977 ἱε
2212 956 2299 1011 ;ρων

1253 989 1413 1041 ἐπώνυμε
1434 991 1544 1045 πάτερ
1562 992 1681 1044 κίστορ
1703 992 1875 1036 Αἴτνας.»
1897 997 1992 1032 ἐπειο
1976 994 2016 1041 δ’)
2035 998 2052 1033 ὁ
2071 996 2226 1050 Ἱέρων”
2208 1014 2300 1035 εκτι-

1254 1063 1310 1085 σεν
1326 1050 1444 1096 αὐτην.

1306 1120 1368 1146 929.
1399 1108 1515 1153 παίζει
1530 1109 1619 1161 πρὸς
1635 1108 1674 1147 τὸ
1690 1110 1916 1163 Πινδαρικόν.
1938 1114 1981 1163 τῇ
2000 1111 2065 1165 γὰρ
2081 1115 2214 1166 κεοαὶῇ
2233 1130 2301 1152 επι-

1253 1165 1405 1204 νεύουσιν
1425 1183 1454 1205 οι
1477 1168 1640 1219 βασιλεῖς.
1657 1181 1694 1210 Β
1722 1173 1761 1202 V

2324 1132 2353 1156 15

1306 1238 1370 1264 930.
1403 1225 1479 1275 ε’μὶν
1499 1241 1570 1263 τειν
1593 1240 1601 1265 :
1624 1226 1794 1271 Χλευάζει
1820 1229 1887 1265 τῶν
1916 1229 2218 1281 διθυραμὸοποιῶν
2243 1232 2300 1269 τὸν

1254 1287 1382 1335 συνεχῆ
1410 1285 1443 1321 ἐν
1473 1290 1543 1328 τοῖς
1563 1285 1727 1329 τοιούτοις
1754 1287 1952 1339 Δωρισμὸν,
1977 1288 2036 1326 καὶ
2063 1288 2218 1338 μάλιστα
2244 1291 2300 1328 τὸν

1253 1341 1441 1394 Πίνδαρον,
1462 1347 1615 1397 συνεχῶς
1630 1344 1776 1396 λέγοντα
1794 1347 1828 1383 ἐν
1844 1347 1920 1390 ταῖς
1938 1346 2097 1392 αἷτῆσεσι
2114 1347 2152 1385 τὸ
2167 1348 2254 1398 ἐμίν.

1306 1414 1369 1440 931.
1410 1401 1529 1454 [τουτὶ
1560 1402 1701 1454 παρέξει
1733 1417 1741 1442 :
1775 1403 1819 1443 ‘H
1847 1404 1947 1457 τρίτη
1980 1405 2136 1458 περίοδος
2170 1406 2298 1458 στίχων

1254 1459 1344 1497 ἐστὶν
1366 1459 1540 1510 ἷαμὸικῶν
1557 1460 1750 1513 τριμέτρων
1769 1462 2023 1510 ἀκαταλήκτων
2041 1462 2156 1502 πέντε.
2178 1464 2234 1500 ἐπὶ
2251 1467 2299 1516 τῷ

1252 1516 1343 1555 τέλει
1357 1517 1620 1572 παράγραφος]

1305 1589 1369 1615 933.
1389 1575 1429 1614 σὺ
1452 1576 1568 1627 μέντοι
1583 1577 1767 1617 σπολάδα;
1794 1577 1888 1630 Πρὸς
1903 1578 1966 1625 τὴν
1984 1580 2162 1628 σπολάδα,
2188 1580 2239 1618 ὅτι
2254 1583 2298 1619 δι-

1252 1635 1359 1686 φθέρα
1373 1637 1548 1674 ὁποιαοῦν.
1565 1637 1747 1688 Σοφοκλῆς
1762 1632 2022 1690 ΑἴαντιΛοκρῶ
2038 1639 2298 1677 ικαταστίκτου

1253 1711 1268 1724 «ι
1286 1692 1385 1736 κυνὸς
1405 1692 1536 1736 σπολὰς
1552 1693 1715 1732 Λίὸυσσα
1737 1695 2006 1748 παρδαληερόρον
2030 1696 2178 1750 δέρος.»
2198 1700 2297 1737 Καλ-
2318 1718 2323 1723 ·

1251 1750 1472 1803 λίστρατος
1453 1751 1508 1798 03,
1529 1745 1638 1790 οἱον”
1619 1767 1772 1805 εφαπτον
1793 1752 2010 1804 δερμάτινον.
2034 1754 2260 1807 Εὐφρονιος
2242 1756 2296 1804 οὲ,

1252 1812 1385 1860 χιτῶνα
1406 1809 1625 1863 δερμάτινον.
1644 1810 1810 1862 παρή-[θη
1836 1810 1907 1848 83¹
1894 1827 1975 1855 ισως
1993 1813 2032 1849 ἐκ
2055 1828 2113 1850 του
2135 1814 2297 1867 ἐπιφέρε-

1253 1871 1353 1918 σθαι,
1375 1869 1451 1918 (οὐκ
1473 1867 1546 1913 ἐξὸν
1565 1870 1749 1913 ἐνεζῶσθαι
1773 1868 1946 1921 διφθέραν.
1967 1870 2006 1908 τὸ
2026 1870 2061 1908 δὲ
2087 1872 2296 1924 Σοφόκλειον

1252 1925 1310 1963 ἐπὶ
1329 1929 1390 1964 τοῦ
1411 1925 1581 1979 δέρματος
1599 1927 1735 1980 εἴρηται
1753 1931 1814 1965 τοῦ
1835 1927 2055 1980 κρεμαμένου
2074 1930 2158 1982 πρὸς
2176 1934 2219 1983 τῇ
2237 1936 2296 1969 τοῦ

1253 1983 1450 2037 Ἀντήνορος
1470 1985 1586 2038 οἰκίᾳ.)

1306 2056 1369 2081 935.
1399 2042 1541 2087 πάντως
1559 2043 1596 2081 δέ
1615 2059 1674 2094 μοι
1695 2046 1799 2097 ῥιγῶν
1820 2057 1828 2083 2
1847 2044 1908 2089 Ὡς
1933 2044 1981 2096 μὴ
2006 2047 2217 2098 ἀρκουμένου
2238 2051 2295 2086 αι’,-

1250 2104 1311 2138 τοῧ
1337 2100 1425 2153 μόνῃ
1451 2105 1494 2154 τῇ
1525 2102 1674 2141 σπολάδι
1700 2105 1718 2140 ὁ
1748 2103 1994 2156 Πεισθέταιρός
2020 2120 2123 2156 φησι,
2151 2106 2238 2156 μετὰ
2257 2107 2296 2144 τὸ

1253 2158 1493 2197 ἀποδύσασθαι
1510 2159 1567 2198 τὸν
1585 2160 1692 2213 ἱερέα.
1710 2161 1749 2198 τὸ
1767 2160 1803 2199 83
1821 2165 1923 2214 ῥιγῶν
1941 2163 2096 2215 Δωρικόν
2114 2165 2187 2202 ἐστι
2203 2165 2295 2202 κατὰ

1252 2216 1383 2269 τροπὴν
1401 2221 1461 2255 τοῦ
1480 2234 1497 2256 ο
1515 2219 1562 2261 εἷς
1575 2234 1622 2265 ω,
1639 2221 1753 2271 ῥιγοῦν
1769 2222 1884 2272 ῥιγῶν.

1305 2288 1366 2313 936.
1398 2275 1493 2328 [τόδε
1515 2277 1576 2327 μὲν
1598 2278 1660 2314 οὐκ
1680 2276 1831 2316 ἀέκουσα
1853 2292 1862 2317 :
1881 2278 1926 2318 ‘H
1946 2280 1976 2317 8
1997 2280 2152 2333 περίοδος
2169 2282 2290 2320 κώλων
2332 2298 2343 2304 ’

1252 2333 1326 2371 ἐστὶ
1345 2350 1543 2372 παιωνικων
1571 2334 1794 2386 μεμιγμένων
1822 2343 1995 2389 κρητικοῖς
2012 2339 2072 2376 καὶ
2088 2339 2292 2389 παλιμὸακ-

1251 2392 1357 2443 γείοις
1380 2393 1571 2446 τεσσάρων.
1596 2398 1644 2432 ὥν
1673 2394 1712 2432 τὸ
1740 2394 1772 2432 α’
1805 2395 1987 2449 τρίμετρον
2023 2398 2291 2444 καταληκτικόν.

1251 2451 1291 2492 τὸ
1315 2451 1347 2503 β’
1368 2451 1549 2522 τρίμετρρν
1573 2453 1922 2523 βραχυκατάληκτον,
1948 2458 2006 2492 τοῦ
2037 2455 2068 2507 β’
2094 2456 2197 2500 ποδὸς
2223 2472 2293 2495 πα-

1250 2508 1465 2562 λιμὸάκχου.
1486 2509 1525 2548 τὸ
1552 2510 1664 2563 τρίτον
1692 2510 1852 2565 δίμετρον
1878 2512 2122 2560 ἀκατάληκτον
2149 2515 2206 2553 διὰ
2230 2531 2292 2562 την

1251 2567 1452 2621 ἀδιάφορον.
1481 2570 1515 2606 ἐν
1543 2568 1676 2607 ἐκθέσει
1706 2569 1742 2607 83
1773 2570 1892 2622 στίχος
1921 2571 2083 2622 ἷαμὸικὸς
2113 2573 2292 2627 τρίμετρος

1252 2626 1504 2673 ἀκατάληκτός.
1531 2627 1588 2665 ἐπὶ
1615 2630 1665 2681 τῷ
1683 2627 1775 2666 τέλει
1799 2629 2042 2705 παράγραφος.
2071 2630 2185 2678 ἑξης
2167 2635 2196 2669 ο’
2215 2636 2237 2679 ἡ
2264 2634 2290 2671 ε’

1249 2685 1405 2738 περίοδος
1429 2684 1550 2723 κώλων
1578 2687 1843 2725 ἀναπαιστικῶν
1871 2687 1986 2726 πέντε.
2015 2692 2063 2726 ὧν
2086 2688 2126 2726 τὸ
2154 2692 2290 2742 πρῶτον

1250 2743 1409 2797 δίμετρον
1429 2744 1701 2796 καταληκτικὸν,
1722 2760 1782 2783 του
1801 2745 1942 2798 πρώτου
1968 2747 2071 2791 ποδὸς
2096 2749 2291 2786 πεντασυλ-

1249 2802 1374 2841 λάὸου.
1393 2801 1433 2840 τὸ
1459 2803 1490 2854 β’
1512 2802 1786 2855 πενθημιμερὲς,
1812 2803 1830 2842 ὃ
1848 2805 2006 2843 καλεῖται
2026 2805 2230 2857 δοχμαϊκόν.
2250 2806 2290 2844 τὸ

1248 2860 1360 2913 τρίτον
1388 2860 1540 2900 Ἰωνικὸν
1565 2861 1747 2915 τρίμετρον
1778 2862 2034 2910 ἀκατάληκτον,
2062 2867 2121 2900 τοῦ
2149 2863 2287 2916 πρώτου
2307 2881 2340 2906 45

1217 2941 1286 3188 γα
1248 2919 1350 2963 ποδὸς
1361 2919 1664 2959 πεντασυλλάὸου.
1683 2920 1722 2958 τὸ
1739 2921 1768 2958 δ’
1785 2920 1914 2970 ὅμοιον.
1933 2920 2011 2958 τὸε’
2029 2920 2187 2973 δίμετρον
2207 2925 2288 2974 βρα-

1217 3183 1313 3281 l<

1216 3310 1220 3339 ί

2319 1422 2352 1446 21]

2316 2008 2348 2032 30

1247 2977 1514 3029 χυκατάληκτον
1549 2978 1752 3017 παιωνικόν.
1794 2978 1851 3016 ἐπὶ
1887 2981 1938 3031 τῷ
1975 2979 2067 3017 τέλει
2100 2980 2287 3034 παράγρα-

1248 3034 1339 3087 φος]

1300 3106 1364 3132 940.
1394 3095 1439 3136 ὡς
1467 3092 1686 3143 ἐπιμένοντος
1717 3096 1776 3131 τοῦ
1810 3099 1953 3142 ποιητοῦ
1985 3096 2044 3133 καὶ
2069 3098 2287 3148 ἐνοχλοῦντος

1247 3152 1365 3195 αὐτοῖς
1376 3150 1476 3189 τοῦτό
1491 3166 1588 3203 φησι.
1609 3155 1649 3187 V.

1303 3211 1377 3259 (941.
1408 3208 1611 3259 Νομάδεσσι
1631 3209 1697 3262 γὰρ
1715 3212 1749 3248 ἐν
1771 3211 1951 3257 Σκύθαις;
1970 3213 2042 3251 Καὶ
2059 3217 2168 3252 ταῦτα
2188 3213 2284 3267 παρὰ

1217 3289 1220 3300 ·
1245 3267 1290 3304 τὰ
1321 3269 1359 3305 ἐκ
1384 3267 1561 3321 Πινδάρου
1589 3269 1644 3319 [fr.
1674 3273 1735 3315 72].
1763 3268 1836 3321 ἔχει
1861 3268 1897 3307 83
1919 3286 2027 3314 ουτως
2044 3290 2058 3305 «
2083 3272 2283 3322 Νομάδεσσι

1246 3343 1261 3358 α
1279 3324 1345 3376 γὰρ
1364 3327 1398 3363 ἐν
1424 3325 1575 3370 Σκυθαις
1595 3327 1723 3364 ἀλᾶται
1750 3327 1938 3379 Στράτων,
1959 3328 2037 3372 ὃς(
2020 3329 2282 3382 αιιαξοφόρητον

1247 3402 1260 3415 ‹
1280 3389 1371 3421 οἰκον
1390 3385 1426 3422 οὐ
1444 3400 1486 3422 πε
1480 3384 1609 3422 ’παται.
1633 3404 1646 3418 υ
1661 3385 1779 3423 λαῧὼν
1799 3385 1865 3424 83‘
1849 3386 2010 3430 τ-ωόνςου
2028 3404 2098 3440 παρ
2129 3388 2176 3426 Ἥ
2161 3404 2281 3439 pono<

2305 3173 2338 3196 56
