2533 3808
272 240 344 273 {358

271 323 411 357 Hymen,
442 319 648 353 HymenaeuS,
673 309 704 339 in
731 307 871 337 carmine
893 303 1025 344 nuptiali
1054 304 1132 332 Pac.
1156 303 1230 331 1335
1253 300 1283 328 ct

308 371 396 401 sirpe
414 361 577 396 deinceps,
593 359 652 386 Ao.
674 356 762 391 1742,
782 355 870 382 1754.

274 408 508 447 Hyperboreas
523 403 654 438 Aliaris,
674 402 736 439 Eq.
753 401 823 429 729.

272 453 482 493 Hyperbolus
505 450 707 487 demayoyus
725 454 746 476 a
769 443 944 475 nonnullis
957 440 1158 482 perhibetur
1180 440 1284 477 Syrus

305 488 542 538 ‘oriyine,Pac.
560 493 741 532 092,Jilius
758 491 956 527 Chremetis,
968 488 1092 527 frater
1104 486 1283 522 Charonis,

309 547 351 576 ib.
372 548 441 575 081.
462 546 511 574 De
526 550 561 573 eo
579 538 763 572 Andocides
779 548 787 568 ;
806 537 878 575 ejus
895 537 1029 575 patrem
1051 533 1210 572 stiy'mate
1230 539 1284 560 no-

311 594 424 622 tatum
450 589 563 620 adhuc
586 593 723 617 servum
745 592 814 614 esse
838 585 873 613 in
890 581 1032 621 publica
1057 579 1284 618 aryentaria:

309 640 419 676 ipsum
444 635 666 674 pcreyrinum
694 630 834 670 lychnos
860 627 1021 668 conjicere
1034 650 1042 665 ‚
1077 628 1167 664 Vesp.
1196 625 1283 654 1007.

312 682 509 722 Hyperbolus
534 679 645 710 litibus
668 680 700 708 te
728 675 891 719 opplebit,
915 674 993 705 Acti.
1013 675 1091 710 846,
1109 671 1167 702 ubi
1189 669 1259 700 sch.
1276 678 1286 697 .·

308 730 432 768 ubique
450 727 492 758 ab
510 724 734 763 Aristophane
750 724 788 753 ut
807 722 920 752 litium
941 728 1063 751 amans
1081 717 1285 758 perstrinyi-

310 779 379 806 tur.
402 773 615 814 HyperbquS,
642 770 798 810 pessimus
820 768 911 807 civis,
935 768 1043 805 ὀξίνης,
1065 766 1287 796 lucernarum

311 822 502 855 fabricator
519 821 586 849 sive
604 817 809 856 aryillarius
823 838 831 853 ,
850 813 1084 853 expeditionem
1104 811 1136 841 in
1159 808 1286 840 Chalce-

310 868 426 898 donem
441 868 544 896 tacere
559 864 647 903 cupit
659 887 666 901 ,
687 864 748 901 Eq.
771 863 858 892 1304.
877 865 954 891 lium
971 860 1128 898 respuunt
1142 855 1288 886 triremes

310 915 403 953 ipsae,
419 914 631 943 1305-1315.
658 909 861 947 Lychnorum
875 906 1032 943 venditor,
1045 904 1085 934 de
1097 900 1287 941 Hyperbolo

309 960 452 996 dictum,
466 960 524 997 Eq.
536 959 607 987 739.
620 953 816 994 Hyperbolus
828 961 883 991 pro
892 951 994 991 lapide
1001 945 1288 989 appendendusho-

310 1004 449 1035 minibus
463 1004 494 1033 in
510 1002 694 1032 barathrum
710 998 958 1039 pra-cipitandis,
975 998 1038 1036 Eq.
1062 996 1148 1025 1363.
1171 996 1290 1031 Hyper-

310 1052 420 1089 bolus,
451 1050 640 1088 lycbnorum
668 1046 835 1084 venditor,
862 1044 982 1075 1alenta
1006 1042 1106 1073 multa
1135 1037 1289 1070 lucrifecit

311 1100 440 1137 propter
459 1096 616 1126 malitiam
639 1095 671 1124 el
685 1092 840 1131 fraudes
857 1093 892 1121 in
911 1089 1114 1129 lychnorum
1130 1086 1288 1125 fabrica,

311 1144 432 1184 quibus
444 1143 640 1182 plurimum
656 1138 794 1179 plumbi
812 1137 997 1168 admiscuit
1010 1143 1076 1174 pro
1089 1141 1175 1169 cere,
1197 1130 1286 1162 Nub.

317 1194 406 1220 1005.
422 1189 469 1219 Ab
483 1186 729 1218 Atheniensibus
746 1185 867 1223 legatus
881 1183 920 1213 ad
935 1181 1202 1221 Amphictyonum
1217 1184 1288 1206 con-

312 1238 442 1267 ventum
456 1259 463 1273 ,
478 1234 669 1275 ἱεοομνήμων
683 1256 690 1269 ,
708 1233 793 1262 sorte
815 1230 931 1260 ductus
945 1230 994 1259 est
1009 1237 1016 1258 ;
1038 1227 1066 1258 ei
1079 1230 1148 1257 tum
1161 1224 1205 1255 dii
1219 1222 1288 1253 ade-

313 1285 439 1313 merunt
454 1289 617 1317 coronam,
632 1278 721 1309 Ναί).
735 1280 909 1308 623-625.
931 1274 1054 1305 Talenti
1068 1273 1170 1313 pretio
1180 1269 1291 1301 didicit

312 1331 395 1359 artes
409 1327 584 1358 delusor-ias
597 1349 605 1363 ‚
625 1324 715 1355 Nub.
733 1326 801 1355 876.
822 1321 1021 1362 Hyperbolus
1035 1319 1158 1359 judices
1180 1316 1290 1347 fallens

313 1379 344 1406 et
361 1374 506 1412 irridens,
529 1375 618 1411 resp.
639 1373 727 1401 1007.
746 1371 826 1400 I’ost
845 1370 977 1400 Cleonis
993 1368 1135 1398 mortem
1153 1364 1290 1394 demum

313 1422 443 1458 clarus,
461 1419 549 1450 Nub.
567 1420 638 1455 024,
661 1418 693 1447 el
710 1415 954 1455 rempublicam
971 1420 1100 1453 reyens,
1117 1413 1179 1450 Eq.
1199 1410 1290 1446 1304,

317 1469 385 1504 149,
404 1468 486 1496 Pac.
507 1468 577 1494 681.
594 1462 791 1502 Hyperbolus
809 1459 1035 1499 rempublicam
1049 1455 1291 1488 Atheniensium

312 1511 560 1547 administrans,
588 1510 685 1539 bomo
711 1507 835 1537 malus:
860 1514 979 1545 quare,
1001 1513 1101 1544 quum
1123 1503 1204 1533 alius
1227 1510 1291 1531 non

312 1561 428 1598 proesto
445 1557 560 1593 suerit,
596 1555 628 1586 in
664 1556 789 1593 tempus
815 1554 999 1592 assumptus
1021 1551 1159 1587 (licitur,
1182 1549 1292 1587 utpote

314 1605 515 1634 lucernarum
534 1602 682 1632 venditor
694 1625 702 1640 ‚
721 1609 785 1640 quo
799 1600 911 1629 civitas
926 1608 988 1629 non
1006 1598 1037 1628 in
1060 1596 1198 1628 tenebris
1210 1619 1218 1633 ‚
1236 1594 1289 1625 sed

313 1651 353 1681 ad
370 1651 532 1681 lucernam
549 1657 598 1679 res
611 1656 683 1678 suas
699 1649 781 1686 agat,
798 1649 878 1677 Pac.
899 1648 1075 1676 081—692.
1093 1646 1134 1674 In
1155 1640 1290 1682 quasa·

316 1697 399 1728 bula
421 1705 495 1727 eum
521 1695 666 1735 reprimit
691 1699 862 1734 TrygrcuS,
888 1696 958 1724 921.
983 1691 1115 1723 Athenis
1140 1689 1293 1729 expulsus

316 1742 550 1782 bellosavens,
573 1745 660 1772 1319.
683 1741 729 1771 Ob
742 1741 955 1779 pravitatem
972 1741 1004 1769 et
1023 1739 1104 1778 quia
1120 1737 1292 1768 civitatem

314 1790 388 1829 ejus
405 1789 557 1829 pudebat
570 1812 579 1826 ,
604 1788 802 1817 ostraeismo
819 1786 960 1825 esectuS,
979 1786 1072 1816 Sami
1089 1782 1291 1820 habitabat,

315 1838 396 1866 Pac.
422 1838 497 1872 681,
526 1842 567 1864 ea.-
599 1833 823 1872 Theopompo,
855 1834 945 1870 l‘csp.
975 1833 1062 1861 1007.
1095 1830 1293 1860 Postremus

316 1883 513 1912 ostracismo
536 1880 684 1919 pellitur
703 1879 861 1916 Athenis,
884 1886 949 1908 non
971 1877 1206 1915 obtemperans
1231 1874 1293 1912 lcyi

317 1927 356 1958 ob
373 1927 587 1958 debilitatem
603 1925 813 1964 reipublicce,
829 1926 891 1963 Eq.
908 1927 977 1954 855.
995 1921 1224 1962 Hyperbolum,
1239 1920 1293 1950 ubi

315 1974 411 2004 semel
430 1981 538 2003 ansam
554 1971 641 2001 (ledit
656 1994 663 2008 ,
683 1972 787 2010 ipsum
801 1973 833 2001 et
856 1973 989 2000 matrem
1007 1969 1074 2007 ejus
1090 1967 1215 1998 assidue
1232 1966 1292 1997 cal·

318 2020 436 2050 cabant
451 2018 582 2056 Comici,
604 2017 692 2048 Nub.
712 2020 767 2048 551
790 2026 853 2056 sq„
870 2019 909 2047 ut
924 2019 959 2047 in
973 2017 1113 2047 Marica
1129 2014 1271 2053 Eupolis
1284 2035 1293 2050 ‚

317 2069 375 2097 553
388 2090 397 2103 ,
414 2064 604 2103 Hermippus
626 2065 660 2094 in
681 2064 895 2104 Ἀρτοπώλισιν
909 2085 916 2101 ,
936 2066 993 2094 557
1008 2085 1016 2100 ,
1040 2061 1092 2092 alii
1108 2069 1237 2098 omnes,
1254 2061 1294 2090 ut

317 2112 421 2143 Plato
469 2112 615 2141 comicus
648 2111 783 2149 inteyra
809 2109 966 2148 sabula,
1000 2112 1058 2139 558
1071 2132 1079 2146 ,
1109 2108 1186 2138 coll.
1222 2106 1294 2138 sch.

321 2158 450 2189 Thesm.
480 2159 550 2187 808.
578 2156 764 2195 Hyperboli
790 2158 902 2186 mater
926 2158 966 2186 ut
990 2163 1070 2185 anus
1099 2153 1293 2191 temulenta,

317 2204 485 2234 cordacem
515 2203 632 2233 saltans
653 2202 687 2232 111
712 2201 829 2232 Marica
857 2201 896 2232 ab
921 2201 1072 2240 Eupolide
1098 2199 1293 2236 inducitur,

318 2250 406 2282 Nub.
418 2254 489 2287 555,
500 2248 635 2288 sabula
649 2248 750 2279 docta
766 2250 801 2279 in
815 2249 978 2287 cumpost
992 2249 1135 2278 mortem
1150 2246 1292 2283 Cleonis,

317 2296 360 2326 ib.
372 2300 443 2334 591,
458 2299 542 2327 Ran.
558 2298 626 2326 570.
640 2297 684 2326 In
697 2302 736 2325 ea
748 2294 937 2333 Hyperboti
948 2296 1096 2325 matrem
1105 2293 1194 2332 τηλίᾳ
1205 2300 1294 2322 com-

312 2344 457 2383 paravit
473 2342 615 2381 Eupolis
628 2365 636 2379 ,
659 2341 710 2372 vel
724 2341 914 2380 Hyperboli
933 2350 1009 2372 ossa
1032 2343 1067 2371 in
1083 2341 1187 2377 τηλίαν
1205 2339 1294 2369 diaeit

318 2397 385 2419 esse
409 2389 559 2427 conjecta
574 2410 582 2425 ‚
609 2388 663 2419 Pl.
685 2390 757 2418 1037
777 2389 811 2417 et
831 2389 900 2418 nol.
921 2387 1091 2427 Hyperbcli
1114 2387 1215 2417 mater
1230 2394 1295 2425 quo

317 2437 452 2466 nomine
479 2434 610 2472 suerit,
627 2434 774 2473 frustra
797 2436 1028 2473 qucesiverunt
1052 2434 1293 2473 yrammatici,

324 2482 453 2512 Thesm.
473 2483 543 2511 840.
568 2482 660 2510 Sami
682 2481 838 2510 mortuus
857 2481 904 2510 est
925 2488 989 2519 per
1008 2481 1138 2510 Samios
1160 2481 1189 2509 ei
1212 2478 1296 2516 infe-

318 2529 405 2565 stos,
428 2529 515 2557 Ran.
535 2529 593 2556 570
607 2549 615 2563 ,
633 2525 765 2556 insidiis
785 2527 1000 2556 inimicorum
1016 2525 1293 2563 Atheniensium,

324 2575 401 2603 Pac.
420 2575 492 2610 681,
506 2579 695 2610 corpusque
710 2572 837 2601 mortui
855 2573 927 2601 utri
943 2572 996 2602 ccl
1012 2579 1107 2602 sacco
1124 2571 1293 2601 inclusum

320 2621 353 2650 in
368 2627 462 2649 mare
476 2619 667 2649 demersum
682 2620 744 2655 est,
759 2619 842 2648 teste
857 2618 1076 2657 Theopompo,
1097 2621 1186 2657 resp.
1205 2620 1293 2654 1007,

319 2668 401 2697 I’ac.
422 2668 492 2695 681.
509 2663 708 2703 Hyperbolus
724 2666 879 2694 mortuus
894 2666 928 2694 in
947 2665 1049 2695 [tanis
1069 2664 1189 2694 auxilio
1202 2673 1295 2693 voea-

320 2715 372 2742 tur
387 2720 404 2742 a
418 2720 562 2750 caupona
579 2711 610 2741 in
629 2714 722 2748 Orco,
739 2713 809 2741 570.

281 2757 499 2798 Hypodedios,
516 2757 698 2792 Ὑποδεδιὼς
717 2756 945 2796 (meticulosus)
961 2779 968 2795 ‚
979 2756 1066 2797 ficta
1083 2756 1151 2787 avis
1168 2757 1295 2796 Libyca,

322 2810 380 2837 Ao.
399 2810 449 2837 65.

283 2852 464 2892 Hypsipyle,
479 2851 541 2882 filia
555 2851 781 2890 Thoantis,fr.
802 2854 871 2881 324.

285 2901 397 2938 Hypso
416 2901 446 2930 et
464 2899 663 2938 Hypsipyle,
679 2898 765 2929 idem
781 2906 914 2935 nomen,
936 2899 1000 2937 Eq.
1020 2900 1107 2929 1068.

285 3031 427 3062 Iacchus
451 3033 508 3072 qui
528 3033 573 3062 sit
591 3033 699 3063 aurite
715 3034 907 3069 sententiw,
926 3034 1010 3063 Itan.
1031 3035 1100 3063 324.
1122 3033 1297 3071 Mysterio-

324 3086 402 3107 rum
420 3078 515 3108 εἰκάδι
533 3078 701 3118 educitur,
722 3078 801 3109 ibid.
818 3078 981 3109 Iacchum
995 3078 1173 3109 saltabant
1195 3080 1227 3108 in
1243 3078 1298 3108 ho-

325 3132 441 3154 norem
468 3126 596 3154 Cereris
619 3127 652 3155 et
675 3128 907 3164 Proserpinae,
935 3127 969 3156 in
990 3125 1133 3164 pulbere
1154 3127 1186 3156 et
1211 3125 1297 3156 nube

325 3178 367 3199 en
382 3170 540 3200 Eleusine
558 3173 642 3200 ortis
656 3172 957 3210 prceterbolantem
982 3174 1113 3203 Groecos
1140 3172 1185 3202 ad
1203 3173 1297 3203 Sala-

323 3217 470 3254 minem,
496 3216 584 3246 Nub.
609 3220 678 3247 305⁸.
703 3218 836 3247 Iacchus
853 3218 1020 3248 invocatur
1044 3218 1083 3248 ab
1109 3218 1241 3249 initiatis
1263 3220 1296 3249 in
1345 3219 1351 3225 '

328 3263 429 3292 Hunis
447 3265 506 3292 316
519 3270 582 3301 δᾳ,
602 3266 674 3301 320,
690 3266 864 3302 3211-336,
881 3267 1056 3302 :Mo—352,
1071 3266 1295 3304 φιλοχορευτής,

325 3315 358 3337 m
375 3309 454 3338 astu
468 3309 677 3347 Eleusinem,
701 3313 873 3341 395-413
894 3313 983 3341 Nam
1005 3311 1194 3342 canebatur
1210 3319 1231 3341 a
1246 3312 1299 3342 de-

325 3353 560 3384 scendentibus
577 3363 618 3385 ex
634 3358 713 3386 astu
733 3356 941 3395 Eleusinem,
955 3357 997 3387 ib.
1012 3359 1081 3387 320.
1097 3358 1138 3386 ln
1154 3358 1297 3388 Lenaico

326 3406 431 3437 ayone
446 3399 604 3430 daducho
618 3401 796 3442 clamanti,
810 3405 971 3434 Invocate
987 3402 1099 3441 deum,
1114 3407 1299 3442 praesentes

940 219 1093 256 INDEX
1124 214 1357 253 NOMINUM
1387 214 1450 251 ET
1479 213 1669 251 RERUM.

1388 300 1424 329 ut
1437 299 1533 329 ducat
1549 298 1653 329 laetam
1672 306 1820 337 pompam
1834 298 1926 329 Chori
1943 299 2035 338 longa
2048 299 2110 338 via,
2124 308 2167 330 ex
2182 301 2356 333 Ceramico

1386 345 1607 384 respondent,
1645 345 1782 384 Σεμε).ήί”
1807 345 1912 385 Ἴακχε
1935 347 2142 384 πλουτοδόται,
2168 349 2255 377 Itan.
2283 350 2353 378 479.

1384 391 1529 422 Iacchus
1540 390 1731 422 'secundum
1745 392 1925 422 nonnullos
1936 392 2024 423 idem
2037 395 2095 432 qui
2117 392 2271 424 Bacchus
2287 417 2296 432 ,
2311 394 2354 424 ib.

1385 440 1456 476 404,
1475 440 1545 468 324.

1344 483 1433 514 Iades
1451 485 1582 514 utuntur
1597 483 1736 523 βαυκίσιν
1755 483 1970 521 (calceamenti
1984 485 2111 524 specie),
2120 483 2173 523 fr.
2190 486 2260 515 311.

1346 529 1485 560 [ambici
1501 531 1668 560 trimetri:
1684 537 1720 559 eo
1734 531 1842 559 metro
1855 530 2097 569 comprehensa
2109 538 2357 570 nonnunquam

1385 577 1527 607 oracula
1536 576 1650 614 fuisse
1663 576 1836 614 probatur
1851 576 1936 606 A'ub.
1959 579 2026 607 144.

1345 622 1589 662 Iainboyraphi
1612 624 1688 662 qui,
1718 622 1839 661 quales
1853 645 1862 660 ,
1887 622 1979 653 unde
2001 623 2085 653 clicti
2100 646 2109 661 ,
2130 623 2224 654 Prol.
2244 623 2294 660 X,
2324 622 2355 660 b,

1390 673 1557 700 156-165,

1345 716 1515 749 Ianiscus,
1529 714 1629 754 filius
1645 714 1835 753 AEsculapii
1852 715 1884 744 et
1901 715 2099 753 Lampetioe,
2118 714 2172 745 Pl.
2189 716 2260 745 701.

1346 763 1472 801 Iapetus
1485 785 1493 799 ,
1514 763 1631 799 Titan,
1656 769 1698 791 ex
1714 760 1778 791 diis
1792 762 1873 791 ante
1893 762 2102 798 Saturnum,
2126 760 2307 792 dicterium
2325 763 2359 791 in

1386 816 1495 838 senem
1513 808 1678 844 delirum,
1694 807 1787 838 Nub.
1802 810 1872 838 998.

1346 858 1416 885 Iaso
1434 854 1464 884 in
1483 854 1601 893 templo
1624 852 1808 892 AEsculapii,
1825 853 1898 891 ejiis
1920 852 1972 884 dei
1987 852 2071 892 filia
2097 861 2140 883 ex
2166 855 2361 892 Lampetie,

1387 901 1570 940 Sotisfllia,
1589 899 1775 931 secundum
1789 902 2028 939 Hermippum,
2046 899 2100 930 Pl.
2117 901 2188 938 701,
2202 900 2272 930 sch.
2290 903 2360 931 639.

1387 947 1474 978 Alibi
1496 947 1716 986 Aristophani
1742 950 1810 977 Iaso
1835 947 1883 976 est
1906 945 2089 985 Amphiarai
2106 946 2183 984 filia,
2204 946 2299 985 (quia
2330 947 2361 977 in

1389 993 1571 1033 Amphiarai
1585 993 1704 1032 templo
1724 993 1958 1030 incubabatnr,
1983 994 2015 1023 ut
2038 992 2115 1022 alias
2131 993 2163 1022 in
2181 993 2343 1033 AEsculapii
2355 1016 2363 1029 ,

1388 1040 1426 1070 ad
1447 1041 1537 1070 illum
1555 1039 1715 1078 AEsculapii
1732 1040 1865 1070 comites
1886 1042 1979 1078 poeta
2000 1038 2199 1078 transtulit),
2217 1039 2288 1070 sch.
2304 1041 2359 1070 I’t⁴

1389 1088 1462 1124 701,
1477 1085 1674 1125 Amph.,sr.
1694 1088 1743 1116 83.

1351 1135 1450 1165 lason
1463 1156 1471 1171 ‚
1494 1132 1549 1163 Pl.
1568 1135 1658 1171 1127,
1679 1132 1883 1172 ἠνδραπόδισε
1897 1130 2070 1170 Medeam,
2092 1132 2146 1162 Pl.
2167 1135 2236 1163 521.
2260 1134 2362 1164 Iason

1389 1178 1484 1217 apud
1499 1178 1702 1208 Simonidem
1718 1180 1750 1208 et
1772 1177 1988 1216 I’herecyden
2009 1178 2179 1217 coquendo
2200 1187 2222 1210 a
2243 1179 2363 1210 Medea

1388 1225 1653 1263 injuventutem
1670 1226 1881 1262 restituitur,
1899 1226 1964 1264 Eq.
1987 1228 2075 1255 1321.

1349 1270 1453 1301 Iberes
1473 1270 1646 1301 Aristarchi
1665 1270 1771 1309 (unius
1784 1270 1915 1308 triginta
1935 1272 2146 1309 tyrannorum
2159 1295 2168 1310 ,
2186 1280 2260 1302 cum
2280 1273 2364 1307 τοξό-

1389 1328 1453 1352 ταις
1472 1316 1749 1358 βαρὸαρικωτάτοις
1773 1320 1903 1346 OEnoen
1928 1317 2100 1356 profecti),
2122 1318 2364 1357 Triphal.,sr.

1390 1366 1462 1394 407.

1350 1408 1481 1448 Ibycus,
1499 1409 1686 1449 Rheqinus,
1706 1405 1891 1447 lyricorum
1907 1410 2101 1440 carminum
2113 1412 2235 1449 poeta,
2249 1410 2366 1448 mollis,

1395 1456 1527 1487 Thesm.
1547 1459 1600 1487 161
1615 1479 1623 1494 ,
1641 1458 1709 1486 163.

1350 1503 1487 1533 Icarius
1509 1504 1632 1541 recipit
1650 1501 1825 1532 Bacchum
1844 1503 1902 1541 qui
1920 1500 2115 1532 Pentheum
2125 1501 2242 1541 fuytt,
2266 1504 2299 1533 et
2315 1502 2369 1533 do-

1391 1556 1475 1579 num
1488 1548 1625 1587 hospitii
1642 1547 1684 1578 ab
1698 1555 1734 1577 eo
1747 1549 1885 1586 accipit,
1904 1548 1967 1586 Eq.
1987 1550 2057 1578 700.

1350 1597 1474 1626 Icarus
1495 1605 1505 1625 :
1528 1596 1601 1633 ejus
1610 1593 1746 1632 sabula
1765 1602 1787 1625 a
1805 1595 1943 1632 trayicis
1963 1595 2073 1633 poetis
2095 1595 2267 1633 tractata,
2285 1596 2366 1625 Pac.

1396 1643 1462 1671 141.
1488 1643 1612 1672 Icarus
1626 1642 1659 1671 in
1677 1639 1892 1671 Cretensibus
1909 1639 2089 1678 Euripidis
2104 1640 2263 1680 μονῳδῶν,
2279 1642 2372 1671 criti-

1395 1690 1442 1719 cis
1456 1690 1548 1719 visus
1564 1687 1731 1729 πρόσωπον
1748 1686 1943 1727 Θρασύτερον,
1960 1688 2050 1717 Ran.
2062 1689 2131 1718 849.

1351 1737 1473 1766 Icarus
1491 1735 1608 1766 insula
1632 1733 1763 1772 cyclas,
1788 1735 1894 1764 etiam
1913 1734 2044 1764 Macris
2062 1732 2173 1772 dicta,
2189 1734 2261 1764 nol.
2282 1734 2357 1765 Nub

1394 1784 1464 1812 212.

1352 1827 1416 1858 Ida.
1433 1828 1497 1858 Idae
1513 1826 1569 1858 filii
1590 1826 1754 1857 Cretenses
1772 1835 1779 1855 :
1799 1833 1881 1856 nam
1903 1826 1936 1856 et
1955 1826 2067 1856 Cretoe
2084 1826 2117 1856 et
2139 1825 2281 1857 Troadis
2303 1826 2369 1858 Ida

1394 1882 1490 1904 mons
1506 1875 1595 1912 erat,
1612 1875 1699 1904 Ran.
1719 1875 1807 1902 1355.

1353 1919 1449 1958 Idas,
1461 1919 1585 1958 frater
1601 1920 1740 1958 Lyncei,
1757 1918 1810 1949 Pl.
1826 1920 1895 1948 210.

1353 1966 1472 1997 Idmon
1490 1966 1542 2005 (al.
1558 1964 1719 2004 Iadmon)
1735 1964 1836 2004 κωφὸς
1851 1965 1886 1995 in
1905 1963 2099 1994 libertatem
2115 1963 2304 1995 vindicavit
2317 1965 2374 1996 AE>

1394 2021 1514 2052 sepumv
1531 2013 1613 2043 olim
1630 2019 1783 2049 servum,
1805 2013 1863 2041 Av.
1880 2012 1950 2040 471.

1354 2058 1416 2089 Ido
1430 2061 1462 2089 et
1480 2058 1621 2090 Idothea
1638 2058 1728 2088 idem
1744 2064 1877 2094 nomen,
1899 2057 1963 2096 Eq.
1982 2058 2071 2087 1068.

1354 2106 1385 2135 Ie
1404 2109 1517 2142 Paeon,
1534 2105 1595 2144 eph
1602 2106 1755 2144 ymninm
1771 2105 1804 2133 in
1824 2102 2029 2141 Apollinem,
2047 2104 2129 2134 Pac.
2143 2105 2221 2141 453,
2240 2105 2267 2134 T
2266 2103 2367 2143 hesm.

1396 2156 1467 2182 311.
1486 2152 1712 2188 Ἰηπαιωνίσαι,
1734 2152 1797 2190 Eq.
1814 2152 1885 2180 408.

1354 2199 1438 2229 Ieius
1456 2202 1562 2237 Paean,
1588 2200 1677 2237 l'esp.
1695 2199 1764 2228 874.

1323 2244 1327 2250 ’
1354 2246 1486 2277 Ilissus.
1510 2245 1589 2276 Vide
1603 2245 1774 2275 Helisson.

1355 2292 1480 2331 llitbyia
1501 2291 1700 2322 invocatura
1713 2288 1975 2330 parturientibus,
1991 2290 2069 2328 Lys.
2086 2291 2144 2320 742
2157 2313 2167 2327 ,
2183 2289 2278 2320 Eccl.
2294 2293 2371 2328 369,

1395 2339 1456 2369 hoc
1473 2339 1543 2369 loeo
1552 2346 1617 2378 per
1626 2338 1746 2376 jocum
1760 2345 1778 2366 a
1795 2335 1966 2366 difficulter
1983 2337 2125 2366 cacante.

1354 2385 1455 2415 Illices
1469 2393 1543 2415 aves
1559 2386 1707 2422 caecatae,
1724 2385 1781 2414 Av.
1802 2385 1890 2413 1083.

1355 2431 1452 2471 Illyrii
1481 2433 1574 2462 circa
1602 2430 1785 2461 Thraciam
1823 2428 1980 2459 absonum
2013 2428 2168 2467 strident,
2195 2431 2251 2460 Av.
2284 2432 2371 2460 1521.

1396 2479 1514 2517 Illyrii
1529 2487 1591 2509 non
1606 2486 1730 2517 ayrum
1744 2476 1893 2514 colendo,
1910 2476 1969 2507 sed
1978 2476 2019 2507 de
2032 2478 2134 2516 rapto
2148 2478 2275 2508 vivunt.
2291 2479 2372 2508 Per-

1395 2524 1478 2554 sidis
1492 2526 1625 2563 pentem
1638 2532 1707 2554 esse
1722 2523 1879 2554 nonnulli
1893 2522 2026 2560 dicunt,
2040 2522 2108 2553 ibid

1358 2571 1626 2607 Ininiorlalitas,
1644 2570 1826 2607 Ἀοα«1ασία;
1844 2577 1920 2599 eam
1943 2568 2071 2599 habens
2087 2569 2246 2600 Minerva
2265 2568 2375 2608 Tydeo

1397 2618 1562 2654 (uxorem)
1579 2616 1664 2646 dare
1681 2616 1753 2646 rull
1770 2614 1865 2654 apud
1882 2613 2139 2653 Bacchylidem,
2157 2616 2213 2644 Av.
2235 2617 2320 2645 1356.

1356 2665 1376 2694 I
1380 2663 1466 2694 nach
1473 2662 1562 2701 us,fl
1567 2664 1620 2692 uvi
1626 2670 1664 2692 us
1674 2665 1699 2692 Α
1707 2663 1822 2700 ryirus
1836 2671 1846 2691 :
1860 2659 2025 2700 eJ'usfilioe
2038 2660 2181 2700 βιὸδωροι
2192 2660 2371 2700 Nymphoe,

1396 2709 1588 2747 „sitiscliytuffi
1608 2711 1690 2739 Itan.
1714 2710 1801 2738 1344.

1356 2757 1501 2792 Inaros,
1522 2762 1582 2784 rex
1598 2754 1856 2792 AEyyptiorum,
1882 2760 1904 2782 a
1928 2753 2043 2782 Xerxe
2059 2750 2204 2790 defecit,
2227 2751 2373 2791 adjicias

1399 2801 1441 2832 ab
1458 2799 1728 2836 Atheniensibus,
1744 2799 1798 2829 Pl.
1822 2800 1889 2828 178.

1357 2847 1435 2879 Indi
1451 2856 1460 2876 :
1476 2846 1569 2886 apud
1583 2854 1636 2877 eos
1654 2847 1757 2884 Nyses
1775 2844 1887 2876 dictus
1905 2844 2075 2884 Bacchus,
2093 2848 2180 2877 Ran.
2197 2848 2266 2875 216.

1357 2893 1496 2925 Inducioe
1521 2892 1711 2923 tricennales
1734 2899 1809 2922 vere
1824 2893 1920 2922 initce
1938 2893 2082 2922 mortuis
2102 2891 2270 2930 Cleonexet
2287 2892 2372 2922 Bra-

1396 2939 1471 2970 sida
1486 2963 1497 2977 ,
1518 2941 1580 2978 Eq.
1610 2942 1695 2969 1392.
1719 2939 1761 2968 In
1784 2946 1853 2977 qua
1868 2937 2002 2975 sabula
2025 2937 2185 2976 prodeunt
2206 2939 2237 2967 et
2254 2937 2374 2976 Populo

1397 2986 1567 3017 traduntur
1580 2985 1620 3015 ab
1634 2983 1827 3023 Agonia-ito,
1842 2992 1859 3013 a
1873 2983 1986 3014 Cleone
2000 2983 2121 3014 dudum
2135 2983 2223 3014 domi
2239 2982 2371 3013 abscon·

1398 3041 1453 3069 sae,
1473 3033 1683 3063 1388—1395.

1357 3079 1496 3109 Infantes
1510 3087 1517 3107 :
1536 3086 1645 3109 eorum
1661 3076 1833 3107 nominalia
1845 3074 1968 3106 decima
1982 3076 2057 3114 post
2072 3076 2216 3114 partum
2231 3073 2284 3105 die
2295 3081 2371 3112 epu-

1397 3125 1436 3156 lis
1452 3124 1675 3162 celebrantur,
1695 3122 1882 3154 secundum
1904 3121 2118 3152 Aristotelem
2132 3123 2276 3160 septima
2296 3119 2370 3153 die,

1397 3174 1455 3204 An.
1476 3173 1535 3203 494
1550 3194 1558 3209 ,
1577 3174 1639 3202 922
1664 3179 1728 3210 sq.,
1756 3177 1833 3210 quoe
1857 3167 2067 3199 vocabantur
2091 3166 2370 3207 Amphidromia,

1402 3220 1478 3257 Lys.
1495 3220 1566 3248 757.
1578 3216 1739 3255 Infantes
1755 3222 1866 3246 recens
1881 3215 1979 3244 natos
1996 3215 2026 3244 ἐν
2043 3214 2171 3249 σελίνοις
2183 3212 2371 3253 ponebant,

1403 3267 1493 3304 I'esp.
1517 3266 1588 3294 480.
1608 3262 1807 3301 Infantibus
1831 3268 1946 3292 reeens
1967 3263 2060 3292 natis
2082 3261 2149 3291 mel
2172 3257 2371 3298 linyendum

1398 3312 1508 3343 datur
1520 3313 1602 3342 ante
1616 3312 1670 3341 lac
1678 3322 1689 3348 ,·
1707 3318 1812 3350 quam
1830 3317 1901 3341 rem
1919 3317 1985 3340 non
2001 3308 2152 3339 advertit
2168 3305 2370 3339 Menander,

1404 3358 1533 3390 Thesm.
1550 3362 1619 3388 500.
1640 3357 1801 3393 Infantes
1819 3357 1853 3386 in
1866 3358 1978 3388 urceis
1994 3355 2139 3395 exposui·
2151 3377 2160 3393 ,
2178 3354 2271 3392 Vesp.
2291 3354 2372 3390 289,

1405 3405 1534 3435 Thesm.
1555 3408 1624 3441 505,
1647 3406 1730 3434 Ran.
1751 3405 1839 3434 1190.
