2517 3792
979 171 1644 215 THESMOPHORIAZUSARUM.

260 257 365 293 Com.
395 268 430 305 p.
460 259 547 300 488,
580 259 771 305 verbaque
805 256 866 293 l1ic
898 259 1075 308 apposita
1098 261 1136 296 in
1157 269 1272 297 tetra-

260 322 421 350 metrum
442 314 598 362 redigit,

338 363 426 415 ἧσαν
442 369 618 423 ἅνθρωποι
637 370 672 408 δὲ
688 372 792 410 πέντε
809 374 869 412 καὶ
883 381 1041 424 γυναῖκες
1058 376 1233 427 τέτταρες.

309 469 397 514 688,
424 469 471 513 45
492 470 686 508 literarum
711 473 857 522 aliquot
881 475 1010 511 [0111111ἶ
1027 491 1048 512 α
1071 505 1079 511 .
1100 478 1182 526 ,ηβο
1202 489 1272 524 ap-

255 535 393 575 parent
411 527 447 562 in
475 528 619 565 codice.
653 532 809 568 Rectius
827 532 874 569 de
904 534 977 570 lioc
1007 534 1091 570 loco
1127 534 1274 570 tradere

254 584 497 622 scholiastam
531 588 694 625 Aeliarn.
731 591 804 626 332
847 594 994 629 monuit
1028 592 1270 630 Fritzscliius.

251 642 358 679 Idem
375 653 412 680 et
433 645 688 685 Schneiderus
707 662 745 699 p.
769 650 790 686 8
813 652 1009 700 corrigunt
1026 651 1048 686 l.
1069 650 1117 686 50
1144 651 1178 687 ἐν
1201 655 1275 690 ταῖς

253 702 468 751 μασχάλαις.
497 726 545 732 —-
575 705 618 742 51
659 716 762 744 recte
790 709 890 759 apud
927 710 1139 747 Bekkerum
1173 723 1274 745 κατε-

251 772 404 809 χουσων.

306 817 382 867 693
403 822 487 858 Put.
514 820 571 857 ἐπὶ
588 823 655 859 τῶν
675 823 809 875 μηρίων
826 841 834 863 :
854 825 929 863 ἀντὶ
944 828 1004 863 τοῦ
1022 824 1078 862 ἐπὶ
1093 826 1161 862 τῶν
1182 827 1216 875 β.
1233 846 1274 853 -

249 879 403 924 κεῖσθαι,
422 891 499 915 11011
520 881 736 920 ἀποκεῖσθαι.

302 934 395 984 697,
424 951 438 972 1
461 936 981 991 Ἀριστοφάνους-Θουκυδίδου
1000 941 1134 978 codex.

305 1006 393 1040 702.
430 996 488 1032 Ad
520 997 622 1034 hunc
654 1011 807 1036 versum
844 1000 939 1036 mire
973 1008 1133 1036 annotat
1167 1002 1269 1044 Put.‚

249 1049 358 1094 οὕτως
388 1052 527 1098 ἐνόησεν
560 1055 740 1107 Ἀνδρέας,
768 1058 863 1094 nihil
893 1059 1068 1108 amplius.
1089 1058 1200 1096 Conf.
1222 1057 1270 1094 ad

248 1109 367 1146 schol.
393 1112 549 1160 Lysistr.
574 1114 684 1159 1087,

303 1181 378 1213 710
397 1179 520 1219 poetae
540 1171 708 1210 Cobctus
724 1173 918 1223 eleganter
938 1176 1107 1213 restituit
1121 1174 1216 1221 ἥκεις
1235 1174 1270 1225 γ’

246 1222 322 1262 ὅθεν
339 1227 400 1264 οὐκ
423 1226 503 1272 ἔξει.
528 1231 641 1276 Quod
666 1232 757 1281 legit
773 1234 840 1282 qui
863 1235 1012 1271 tertiam
1032 1236 1269 1284 interpreta-

247 1284 388 1322 tionem
417 1288 582 1338 scripsit.
614 1293 670 1326 De
699 1291 824 1340 prima
845 1293 937 1342 quid
958 1294 1200 1331 statuendum
1221 1295 1268 1331 sit

245 1342 464 1393 ambiguum
481 1356 549 1384 est.
567 1348 641 1385 Sed
660 1349 741 1386 fieri
764 1359 889 1400 potest
906 1360 948 1388 ut
961 1351 1060 1397 ἥκεις
1076 1351 1152 1390 ὅθεν
1172 1351 1268 1398 ἥκεις

245 1401 393 1451 legerit,
412 1405 519 1453 quod
537 1409 808 1455 percommode
834 1411 1063 1460 explicatur,
1080 1425 1128 1446 ex
1154 1416 1265 1447 inau—

243 1467 382 1508 spicato
403 1465 476 1499 loco
495 1470 638 1502 venisti.
653 1491 694 1498 -
718 1467 738 1503 5
765 1469 887 1506 codex
916 1472 933 1507 ὑ
963 1471 1175 1521 συμμαχῶν.
1194 1471 1266 1518 Qui

244 1520 380 1569 legisse
412 1523 577 1572 videtur,
608 1534 652 1562 ut
685 1526 864 1566 observat
900 1531 1142 1578 Fritzschius,
1172 1529 1266 1576 ἥκεις

243 1577 318 1616 ὅθεν
339 1579 435 1626 ἥκεις
451 1582 607 1634 φαύλως,
628 1586 780 1639 ἀποδράς
798 1588 895 1627 τ’-.

299 1641 373 1685 726
405 1640 491 1678 Put.
520 1643 626 1681 τάσδε
651 1644 713 1694 μὲν
734 1661 742 1682 :
763 1646 868 1696 ἤγουν
891 1651 985 1697 ἡμᾶς
1006 1647 1067 1692 τὰς
1083 1655 1259 1699 γυναῖκας.

297 1710 374 1746 729
392 1698 492 1736 idem
512 1701 705 1749 ἦμίκαυτον
723 1703 893 1756 ἄνθρακα.

296 1756 386 1803 730,
422 1763 465 1801 14
487 1768 574 1808 post
600 1762 646 1804 ὡς
672 1761 828 1800 obscuri
852 1764 1048 1802 literarum
1067 1765 1204 1803 ductus
1224 1767 1262 1803 in

239 1815 392 1860 codice,
413 1817 479 1866 qui
499 1818 662 1868 σημαίνει
687 1822 816 1871 potius
840 1823 1055 1872 significare
1084 1825 1263 1862 videntur

239 1887 356 1924 quam
389 1876 494 1926 quod
535 1891 648 1916 sensu
688 1883 908 1931 postulante
950 1885 1065 1934 posui
1107 1883 1257 1922 παιδίον.

239 1934 358 1969 Dum.
373 1958 415 1964 —
433 1935 476 1971 15
491 1934 564 1986 ἔχει
581 1940 601 1983 ἡ
622 1939 709 1975 ἀσκο
730 1941 861 1978 codex,

295 1993 384 2039 746,
409 1998 454 2036 24
473 1997 534 2031 τοῦ
549 2008 624 2032 0111.
642 1998 777 2035 codex.

294 2059 385 2099 747,
407 2065 451 2098 27
475 2062 563 2103 post
593 2055 734 2109 Σκίροις
762 2058 820 2094 vel
848 2059 886 2095 in
905 2060 1044 2098 vicinia
1066 2062 1176 2111 plura
1194 2076 1262 2100 ex-

236 2109 374 2147 cidisse
409 2111 611 2151 videntur:
633 2129 709 2165 quo
741 2118 782 2153 fit
811 2127 853 2155 ut
890 2122 1085 2169 sequentia
1106 2135 1260 2172 quoque

238 2169 277 2205 in
298 2171 490 2219 integrum
510 2174 659 2212 restitui
682 2186 882 2226 nequeant.
907 2182 1079 2216 131211).-
1095 2182 1139 2218 31
1170 2181 1260 2220 κατὰ

236 2226 295 2264 τὸν
315 2228 572 2269 Schneiderus
587 2247 624 2283 p.
643 2235 675 2270 5.
695 2236 825 2273 Codex
845 2236 903 2273 καὶ
923 2237 993 2276 τὸν.

292 2286 364 2332 754
381 2317 391 2334 ,
425 2289 471 2326 33
507 2292 633 2328 malim
670 2291 817 2343 αἵματος
855 2296 1023 2344 δεκτικὸν,
1059 2307 1099 2335 ut
1132 2307 1188 2336 est
1219 2300 1257 2336 in

241 2344 356 2382 schol.
396 2346 550 2394 Lysistr.
596 2363 689 2386 1211
704 2380 714 2397 ,
751 2353 894 2404 πλέγμα
939 2355 1092 2393 δεκτικὸν
1130 2357 1256 2410 ἄρτων.

236 2404 356 2441 Dum.
370 2428 410 2435 ---
427 2406 474 2449 34
500 2407 634 2456 Odyss.
654 2409 695 2455 Γ,
720 2416 808 2455 444.

291 2462 366 2506 760
386 2465 470 2501 Put.
494 2464 604 2514 μίκκα
624 2466 700 2504 ἀντὶ
717 2472 776 2505 τοῦ
799 2469 920 2520 μικρά.
944 2475 992 2509 Et
1015 2472 1061 2509 ad
1086 2474 1175 2521 761,
1202 2474 1258 2519 ἐξ-

234 2518 413 2570 ῃρήσατο,
436 2521 628 2574 ἐφόνευσεν.
648 2526 707 2562 Ad
731 2541 804 2574 770
822 2528 986 2580 (πλάτας)
1009 2529 1140 2574 κώπας.

290 2592 376 2624 771,
401 2581 449 2624 46
479 2574 580 2619 αῧται
609 2586 812 2624 Bekkerus.
834 2589 966 2625 Codex
986 2591 1133 2633 ἑαυταῖς.
1149 2615 1190 2622 -
1206 2592 1251 2630 51

231 2642 432 2687 περιπεσεῖν
455 2639 591 2677 Suidas
611 2654 639 2678 s,
659 2643 892 2692 Παλαμήδης.

289 2697 362 2740 773
371 2723 380 2740 ,
393 2696 440 2733 53
450 2696 640 2746 ἀγάλλεται
650 2702 854 2749 Bekkerus,
865 2705 1050 2743 utSuidas
1059 2706 1255 2760 5.Ἄγαλμα

233 2759 271 2787 et
290 2753 354 2788 alii
373 2757 621 2802 grammatici.
644 2759 772 2797 Codex
793 2759 834 2797 ἂν
853 2760 1012 2811 λέγηται.

288 2811 379 2858 804,
401 2812 522 2860 15-17
542 2815 590 2852 ab
610 2817 790 2866 imperito
808 2820 961 2857 homine
982 2823 1170 2872 profecta,
1188 2828 1253 2876 qui

233 2875 272 2903 et
291 2867 326 2904 ἐν
348 2867 473 2920 Θρᾴκῃ
496 2885 573 2908 non
595 2875 675 2912 sine
697 2876 795 2913 foedo
817 2880 970 2929 scripsit
999 2894 1129 2920 errore
1150 2893 1187 2921 et
1207 2885 1254 2922 de

233 2924 442 2962 certissima
460 2940 501 2963 re
522 2929 650 2980 inepte
669 2933 868 2972 dubitavit.
888 2940 916 2979 F
921 2952 1092 2977 mrzscn.

287 2982 384 3030 808,
406 2985 454 3020 23
477 2985 556 3037 περὶ
578 2992 638 3025 τοῦ
658 2992 902 3044 ἐπιλαγχοίνειν
928 3010 1009 3046 sqq.
1039 2999 1253 3049 explicatur

231 3040 280 3077 ab
302 3041 604 3091 Harpocratione
626 3060 654 3084 s,
674 3047 890 3102 Ἐπιλαχών.
906 3056 964 3091 De
983 3057 1148 3095 Platonis
1166 3059 1251 3097 loco

231 3112 269 3135 v.
287 3099 452 3137 Meinek.
471 3104 501 3147 I,
526 3115 562 3152 p.
585 3105 659 3151 670
679 3120 734 3156 sq.
753 3118 789 3145 et
810 3110 941 3149 Cobet.
959 3113 1072 3150 obss.
1091 3116 1131 3152 in
1156 3118 1248 3155 Plat.

231 3170 330 3195 com.
347 3171 384 3207 p.
412 3158 546 3196 136-8.
561 3187 598 3193 -
616 3164 663 3199 25
686 3164 772 3217 ἀτὰρ
795 3168 831 3204 οὗ
855 3171 1050 3208 Hanovius
1070 3176 1250 3213 Exercitt.

232 3216 316 3252 crit.
334 3217 366 3260 Ι,
384 3229 421 3266 p.
443 3219 504 3266 93.
521 3219 650 3257 Codex
668 3221 796 3274 άγαρου
815 3225 957 3263 habere
977 3229 1184 3267 videtur.—
1201 3236 1249 3270 26

231 3275 305 3315 πῶς
328 3267 386 3312 οὖν
407 3273 450 3320 ἢν
468 3277 600 3314 codex.
623 3273 680 3316 οὖν
698 3281 839 3319 delevit
854 3285 1055 3323 Bekkerus.
1068 3315 1107 3320 -
1126 3302 1173 3335 27
1195 3291 1249 3327 la-

230 3345 368 3370 cunam
415 3334 599 3373 indicavit
640 3339 869 3378 Dindorfius.
912 3342 1058 3390 μηδέπω
1097 3348 1249 3397 scripsit

2287 194 2353 227 511

1340 262 1529 311 probante
1559 264 1747 301 Meinekio
1773 267 2022 306 Fritzschius.
2036 270 2136 307 -28
2156 271 2197 318 δὴ
2215 274 2362 311 Bekke-

1339 334 1413 358 rus.
1430 322 1558 359 Codex
1578 321 1640 371 μὴ.
1654 347 1694 353 -
1709 337 1758 373 29
1776 324 1859 362 dele
1890 328 2165 376 parentheseos
2186 331 2304 381 signa.
2320 355 2360 362 —

1338 380 1384 416 30
1406 380 1516 417 habet
1536 385 1615 418 Put.

1389 438 1483 481 811,
1513 439 1559 474 32
1591 439 1760 476 lacunam
1787 443 1935 480 notavit
1965 445 2218 483 Sc11ntiderus
2246 460 2282 497 p.
2315 449 2357 494 8,

1335 494 1424 532 οὕτω
1450 494 1515 546 γὰρ
1542 496 1683 533 εἰώθασι
1710 499 1768 535 vel
1796 499 1983 548 ejusmodi
2011 504 2154 553 aliquid
2174 505 2358 543 excidisse

1336 561 1521 589 statuens.
1534 578 1574 584 —
1589 556 1637 590 33
1659 555 1778 597 ἁπλῶς
1798 559 2014 603 πεντήκοντα
2032 562 2143 599 idem.

1389 610 1464 646 825
1488 614 1571 649 Put.
1596 611 1699 662 ἤγουν
1718 616 1735 649 ὁ
1752 614 1833 663 (sic)
1856 616 1972 666 κάμαξ
1994 618 2054 656 σὺν
2075 623 2169 672 αὐτῷ
2189 623 2237 673 τῷ
2257 620 2355 674 ξίφει.

1392 669 1480 714 828,
1505 675 1548 713 41
1579 671 1678 707 conf.
1706 673 1864 710 Meinek.
1890 678 1994 713 Com.
2018 682 2056 723 Ι,
2090 693 2127 728 p.
2152 682 2239 717 568.
2267 685 2353 720 Put.

1335 727 1368 763 ἐν
1389 729 1439 778 τῷ
1457 730 1608 780 στρατῷ.
1628 729 1734 766 Idem
1752 731 1799 767 ad
1821 743 2043 782 sequentem
2060 751 2211 775 versum
2224 769 2234 786 ,
2249 739 2354 789 ἤγουν

1334 800 1373 822 το
1393 800 1511 828 σακος.

1387 844 1476 890 834,
1509 845 1557 887 48
1589 846 1646 882 ἐπὶ
1679 846 1798 899 Σκίρῳ
1827 850 2058 888 Fritzschius
2086 865 2132 889 ex
2161 853 2354 903 Stephano

1332 904 1420 950 Byz.
1439 916 1474 939 V.
1495 903 1644 955 Σκίροςε
1667 906 1779 958 Σκῖρα
1800 907 1835 945 δὲ
1856 908 2044 957 κέκληται,
2073 911 2162 954 τινὲς
2188 911 2269 961 μὲν,
2298 911 2354 950 ὅτι

1332 959 1389 996 ἐπὶ
1418 960 1537 1014 Σκίρῳ
1570 962 1730 1011 Ἀθήνησι
1758 967 1819 1016 (τῇ
1848 967 1990 1020 Ἀθηνᾶ.)
2009 969 2149 1006 θύεται·
2173 970 2272 1008 ἄλλοι
2298 972 2352 1018 δὲ,

1332 1017 1401 1055 ἀπὸ
1418 1021 1486 1056 τῶν
1506 1021 1718 1071 γιγνομένων
1745 1025 1844 1075 ἱερῶν
1865 1027 2045 1080 Δημήτερι
2065 1029 2123 1065 καὶ
2150 1028 2247 1081 Κόρῃ
2262 1044 2270 1052 ·
2291 1030 2351 1067 καὶ

1330 1079 1351 1122 ἦ
1365 1077 1463 1127 {opt-l,
1475 1077 1560 1124 αὕτη
1576 1079 1766 1132 Ἐπίσκιρα
1781 1082 2098 1129 κέκληταιᾨοάθκ
2110 1091 2152 1125 R.
2168 1088 2352 1139 ἐπισκυρα.

1385 1138 1460 1173 838
1485 1130 1572 1180 εἶδος
1596 1153 1630 1177 κ.
1661 1140 1693 1177 δ.
1730 1141 1844 1178 habet
1875 1146 2079 1182 Pub—⁶:03
2112 1159 2187 1183 om.
2211 1148 2346 1186 codex.

1329 1193 1372 1230 In
1394 1193 1503 1231 libris
1524 1195 1754 1244 quibusdam
1781 1199 1920 1237 lectum
1944 1201 2015 1238 fuit
2037 1202 2202 1249 ὑστάτην.

1384 1253 1473 1298 840,
1497 1253 1543 1289 53
1563 1248 1656 1291 εἶπεν
1682 1256 1816 1294 codex.
1844 1275 1858 1291 «
1881 1261 2020 1295 Verum
2043 1273 2142 1297 nunc
2167 1261 2259 1298 mihi
2289 1263 2349 1299 vi-

1328 1309 1440 1347 detur
1473 1313 1576 1361 quod
1608 1313 1756 1363 conjeci
1786 1316 1954 1359 πολλάκις
1982 1312 2097 1365 εἷπον,
2129 1320 2234 1368 quod
2271 1335 2350 1358 non

1329 1376 1403 1405 tam
1431 1370 1478 1406 ad
1510 1370 1626 1408 verba
1659 1373 1806 1411 Seleuci
1833 1388 1947 1424 quam
1979 1376 2017 1412 in
2051 1378 2269 1415 universum
2302 1380 2350 1416 ad

1328 1425 1605 1466 dubitationem
1640 1430 1686 1467 de
1725 1441 1845 1469 matre
1885 1435 2119 1484 Hyperboli,
2158 1437 2270 1474 toties
2300 1437 2350 1476 ab

1327 1485 1587 1536 Aristophane
1619 1496 1657 1524 et
1684 1489 1723 1525 in
1759 1491 2030 1540 superstitibus
2060 1502 2096 1530 et
2121 1494 2160 1530 in
2189 1495 2348 1544 perditis

1327 1542 1465 1581 fabulis
1486 1546 1685 1595 exagitati,
1709 1548 1961 1586 referendum.
1982 1552 2164 1589 Similiter
2182 1553 2349 1595 πολλάκις

1327 1594 1421 1639 εἶπον
1445 1603 1589 1641 dictum
1610 1606 1648 1641 in
1670 1606 1788 1643 schol.
1819 1611 1953 1645 Venet.
1975 1612 2091 1660 Vesp.
2120 1613 2237 1656 1281;
2258 1613 2349 1648 πολ-

1325 1660 1423 1703 λάκις
1443 1661 1585 1713 εἴπομεν
1612 1665 1651 1701 in
1670 1665 1788 1703 schol.
1808 1670 1904 1705 Ven.
1940 1671 2024 1705 Pac.
2059 1670 2152 1715 116;
2179 1670 2349 1714 πολλάκις

1325 1719 1513 1772 εἰρήκαμεν
1532 1722 1581 1759 ib.
1602 1729 1690 1772 499,
1716 1726 1838 1773 1295;
1862 1726 2028 1769 πολλάκις
2047 1727 2182 1780 εἴρηται
2207 1730 2347 1779 saepius

1324 1777 1364 1814 in
1387 1779 1517 1817 scholl.
1540 1782 1698 1829 Ranar„
1723 1792 1793 1820 etc.
1817 1785 1924 1821 Conf.
1947 1785 1995 1821 ad
2018 1786 2135 1825 schol.
2157 1791 2229 1825 Av.
2257 1790 2345 1835 764.

1323 1837 1472 1874 Deinde
1502 1839 1624 1876 codex
1651 1839 1843 1892 προὲοἱλλει
1871 1843 2059 1894 ὁμηρικῶς.
2084 1842 2129 1881 Ὁ
2155 1843 2347 1898 Ὁμηρικὸς

1323 1903 1379 1932 est
1395 1896 1588 1943 Seleucus,
1609 1898 1714 1947 cujus
1729 1899 1823 1936 illud
1841 1900 1954 1937 fuisse
1970 1913 2178 1950 cognomen
2199 1914 2347 1942 constat

1322 1966 1370 1990 ex
1408 1954 1525 1991 Suida
1555 1968 1583 1992 s
1615 1956 1796 1998 Σέλευκος.
1831 1960 1910 1995 Suo
1945 1960 2100 1996 nomine
2131 1962 2348 2011 appellatur

1321 2012 1424 2049 infra
1450 2013 1490 2050 in
1519 2014 1664 2051 scholio
1690 2029 1725 2052 v.
1758 2017 1880 2065 1175,
1909 2016 1969 2053 hic
1996 2031 2088 2055 vero
2119 2021 2346 2069 cognomine

1322 2071 1416 2117 solo,
1439 2080 1481 2109 ut
1499 2073 1600 2122 Apio
1615 2073 1654 2110 in
1673 2073 1789 2111 schol.
1810 2078 1897 2112 Pac.
1921 2077 2008 2122 778.
2028 2080 2148 2115 Dum.
2166 2079 2340 2116 Aliorum

1322 2130 1446 2170 minus
1471 2130 1691 2180 probabiles
1706 2133 1912 2170 sententias
1932 2147 1967 2171 V.
1987 2147 2046 2184 ap.
2070 2136 2341 2173 Schneiderum

1321 2200 1357 2236 p.
1375 2188 1419 2225 55
1434 2202 1548 2237 sq.——
1561 2189 1580 2224 3
1597 2189 1798 2241 Ξενοφάνην
1813 2191 2059 2240 Thucydides
2075 2194 2111 2239 6,
2125 2195 2146 2230 8
2165 2203 2202 2230 et
2221 2195 2340 2232 schol.

1319 2245 1480 2282 Acharn.
1499 2247 1585 2294 269.

1374 2304 1463 2349 848,
1489 2305 1510 2340 8
1532 2303 1625 2341 ἄκων
1642 2303 1708 2357 γὰρ
1730 2305 1867 2343 codex.
1891 2308 2068 2345 Correxit
2083 2309 2260 2347 Dindorf.

1374 2363 1448 2398 852
1470 2362 1623 2399 brexius
1649 2364 1784 2401 Suidas
1806 2378 1834 2401 s.
1860 2365 2081 2410 Κοικύλλεις.

1372 2421 1461 2464 868,
1482 2434 1526 2469 19
1544 2421 1743 2470 legendum
1761 2421 1923 2473 κόρακες,
1941 2423 2026 2462 διότι
2042 2424 2147 2478 μέχρι
2161 2439 2208 2463 ex
2222 2426 2339 2464 Suida

1318 2491 1346 2515 S.
1366 2478 1413 2515 Τί
1430 2472 1487 2515 οὖν
1504 2478 1555 2515 ἔτι
1573 2481 1698 2525 ζητῶν.

1372 2538 1460 2584 870,
1477 2551 1524 2574 22
1540 2539 1751 2576 Menander
1764 2539 1868 2589 apud
1884 2540 1977 2577 alios
1992 2533 2079 2577 οἷσθ’
2096 2540 2161 2580 ὅτι
2177 2542 2336 2591 ποίησον,

1317 2595 1362 2632 fr.
1383 2596 1459 2632 inc.
1484 2596 1622 2645 298.—
1641 2603 1688 2640 24
1712 2598 1830 2635 verba
1849 2591 1934 2635 οἷσθ’
1952 2592 2009 2636 οὖν
2033 2599 2050 2636 ὂ
2071 2600 2192 2650 δρᾶσον
2208 2602 2336 2652 legun-

1318 2664 1380 2692 tur
1408 2655 1448 2692 in
1481 2656 1636 2694 Hecuba
1666 2670 1704 2694 v.
1737 2659 1834 2703 225,
1867 2666 1904 2695 et
1935 2659 1975 2695 in
1998 2660 2190 2697 nonnullis
2221 2661 2332 2699 codd.

1316 2714 1494 2763 Gregorii
1515 2717 1601 2751 Cor.
1624 2728 1660 2764 p.
1682 2729 1726 2764 19
1741 2724 1797 2753 est
1819 2717 1875 2753 vel
1895 2717 1980 2769 Εὐρ.
1997 2717 2032 2753 ἐν
2050 2719 2100 2767 τῷ
2122 2718 2332 2770 Πολυδώρου

1316 2771 1468 2824 δράματι
1487 2773 1548 2809 vel
1584 2773 1669 2825 Εὐρ.
1689 2775 1722 2810 ἐν
1747 2773 1924 2824 Πολυξένη
1944 2776 1994 2825 τῷ
2011 2774 2173 2825 δράματι.
2201 2777 2332 2825 Itaque

1315 2841 1379 2868 aut
1400 2833 1603 2882 Euripides
1624 2833 1754 2870 eadem
1779 2835 1908 2883 posuit
1943 2834 2057 2870 etiam
2085 2835 2124 2870 in
2153 2834 2330 2883 Polyido,

1314 2898 1379 2926 aut
1402 2890 1639 2939 grammatici
1665 2890 1832 2927 scribere
1865 2889 2055 2927 debebant
2077 2891 2118 2940 [Ι]
2140 2892 2329 2943 Εὐριπίδης

1314 2947 1468 2998 (Ἔκάὲη
1487 2947 1547 2984 καὶ
1569 2947 1829 2999 Ἀριιττο·.ρεὶ’νης)Ι
1847 2943 2023 2998 Πολυίδῳ.
2041 2951 2248 2987 ἙΒΙΤΖεοΗ.

1367 3007 1439 3053 897
1461 3013 1498 3041 et
1518 3005 1593 3052 898
1610 3006 1750 3041 suntin
1770 3009 1904 3042 Put.--
1920 3006 1966 3048 34
1989 3006 2177 3044 Bekkerus
2192 3008 2327 3045 vitiose

1312 3062 1474 3108 Οἷνηίδος
1495 3062 1678 3099 ediderat.

1365 3127 1440 3170 904
1465 3124 1548 3158 Put.
1567 3120 1699 3172 ἀφασία
1721 3137 1727 3157 :
1745 3120 1873 3172 ἀπορία
1890 3120 2006 3171 λόγου.

1364 3192 1452 3227 910,
1472 3184 1517 3222 41
1540 3178 1659 3220 υἱωνὸς
1682 3192 1742 3229 ap.
1763 3180 1993 3224 Bekkerum‚
2011 3179 2130 3222 οἰωνὸς
2147 3181 2279 3222 codex.

1363 3250 1438 3284 912
1455 3236 1714 3287 Ρυῐ.-ἐσχάρας
1741 3238 1772 3273 οἳ
1804 3237 1947 3275 παλαιοὶ
1972 3236 2016 3275 τὰ
2043 3242 2103 3276 τοῦ
2129 3240 2323 3288 γυναικείου

1311 3293 1439 3330 αἰδοίου
1459 3295 1559 3344 χείλη
1579 3293 1706 3343 ἔλεγον.
1735 3296 1797 3333 Sic
1820 3296 1885 3332 alii
1907 3309 2062 3347 quoque
2085 3298 2319 3347 grammatici

1308 3352 1505 3401 legerunt:
1523 3366 1558 3388 v.
1581 3353 1759 3390 Fritzsch.
1779 3367 1816 3404 p.
1839 3354 1926 3392 352.
