2533 3808
240 272 288 302 40
976 258 1233 297 SCHOLIA
1267 259 1326 297 IN
1360 259 1632 307 EQUITES.

291 346 538 399 αἱματοπώτην
555 358 564 384 :
582 345 653 384 Καὶ
667 349 770 383 τοῦτο
787 345 919 388 οἰκείως
933 344 989 382 ἐπὶ
1002 349 1063 382 τοῦ
1081 343 1273 397 δράκοντος·

237 410 462 457 αἱματοποτεῖ
481 403 547 456 γὰρ
569 403 607 440 τὸ
627 405 723 455 ζῷον·
747 402 805 440 καὶ
823 403 879 440 ἐπὶ
898 406 957 440 τοῦ
988 401 1270 440 ἀλλαντοπώλου.

234 464 278 502 τὰ
287 464 358 515 γὰρ
377 463 493 514 ἔντερα
507 461 565 498 καὶ
581 460 658 504 τοὺς
674 462 845 504 ἀλλᾶντας
862 459 949 510 μετὰ
967 459 1110 510 αι’ματος
1130 459 1201 511 (καὶ
1213 474 1273 496 πι-

234 524 340 572 μελῆς
354 520 413 558 καὶ
430 520 581 572 ἀλφίτων
594 521 774 572 φυρῶντες)
789 521 991 571 πληρουσιν.
1009 517 1272 569 (αἱματοπώτην

201 595 216 619 5
235 584 292 618 οὐν
310 579 366 617 τὸν
385 582 472 628 αἱμα
494 578 795 615 καταναλίσκοντα
814 593 873 615 και
892 576 1009 629 ὥσπερ
1032 579 1254 647 ἐκροφουμζντα
1261 576 1271 625 >

285 651 346 677 199.
378 636 628 708 σκοροδάλμη.
621 650 629 658 ·
649 636 705 686 (Ἡ
723 636 845 689 πικρία
864 641 922 674 ‘tou'
944 635 1107 687 σκορόδου
1127 633 1187 671 καὶ
1212 649 1274 680 της

231 696 379 745 ἅλμης,)
407 694 446 731 τὸ
481 693 569 744 μετὰ
599 697 660 740 τῆς
687 694 802 744 ἅλμης
832 693 981 765 τρίμμα
993 695 1060 730 τιΝ)ν
1088 691 1272 744 σκορόδων.

230 757 298 791 οἷον
314 756 335 799 ἡ
351 752 527 804 δριμύτης.
545 756 619 790 εἰπε
638 752 672 789 δὲ
692 754 822 805 Παφλα
825 751 947 802 (ὄνων,
964 750 1020 789 διὰ
1034 750 1091 788 τὸν
1105 749 1271 797 Κλέωνα,

229 811 347 858 ἐπειδὴ
370 810 572 863 Παφλαγὼν
593 814 648 857 ἠν.

177 888 210 912 10
281 884 344 908 200.
374 869 522 913 ὀπάζει;
547 867 697 916 Δίδωσι,
718 867 877 920 παρέχει.
903 875 985 905 Vict.

280 942 344 968 203.
378 926 612 980 (βυρσαίετοςε
635 926 851 980 Ἀμφιὸόλως
870 925 1085 972 ἐξενήνεκται
1101 923 1193 962 κατὰ
1209 922 1272 970 τὴν

227 985 367 1038 φράσιν.
400 985 459 1024 δύο
478 985 513 1023 δὲ
534 985 628 1023 αἴτια
648 987 695 1028 εἷς
710 987 815 1023 ταυτὸ
831 983 1181 1037 παραλαμὸανόμενα
1202 984 1272 1032 ἀμ-

224 1044 384 1097 φιὸολίαν
405 1043 617 1096 ἐργάζονται.
640 1043 775 1095 εἴρηται
798 1043 832 1080 δὲ
855 1042 954 1095 παρὰ
977 1041 1040 1088 τὴν
1062 1041 1191 1095 βύρσαν
1212 1041 1272 1079 καὶ

225 1102 264 1140 τὸ
285 1102 479 1156 ἁρπάζειν.)

176 1176 208 1200 15
280 1175 343 1201 208.
365 1156 424 1198 εἶθ’
455 1160 703 1211 αἱματοπώτης
729 1173 738 1200 :
760 1159 926 1213 Παρόσον
948 1159 1088 1197 εἰώθασι
1107 1157 1184 1202 τοὺς
1205 1159 1271 1195 ἀλ-

225 1220 352 1262 λᾶντας
370 1218 458 1269 μετὰ
479 1218 627 1268 αἵματος
644 1225 765 1271 φυρᾷν.

278 1292 342 1316 210.
380 1277 456 1314 αἴκε
488 1277 537 1327 μὴ
567 1279 700 1329 θαλφθῇ
723 1290 732 1316 :
764 1274 1024 1329 Καταθαλιρθῇ,
1057 1276 1269 1327 καταπλαγῇ

225 1341 300 1378 ταῖς
325 1335 528 1388 λοιδορίαις,
549 1336 723 1373 τουτέστιν
746 1334 804 1372 ἐὰν
832 1334 879 1384 μὴ
901 1334 971 1384 εἴξῃ
993 1333 1080 1384 μηδὲ
1097 1349 1270 1385 παραχω-

225 1393 312 1446 ρήσῃ
338 1393 606 1446 λοιδορούμενος.
661 1392 803 1435 Ἄλλως.
829 1392 945 1443 ἀπάτη
968 1394 1130 1442 ἀπατηθῇ
1156 1407 1270 1428 κατα-

170 1465 204 1489 20
223 1451 354 1497 πτήξας
363 1454 423 1495 τὰς
433 1451 602 1503 λοιδορίας
620 1450 790 1493 Κλέωνος.
809 1450 966 1487 αἰκάλλει
984 1449 1032 1496 δὲ,
1048 1449 1193 1487 θωπεύει
1212 1465 1267 1499 με.

187 1520 190 1521 ’
222 1510 392 1563 γράφεται
407 1509 441 1547 δὲ
456 1510 515 1547 καὶ
535 1510 636 1547 καλεῖ
648 1524 712 1558 με,
731 1508 806 1546 ἀντὶ
823 1512 882 1546 τοῦ
899 1515 1002 1555 κινεῖ,
1021 1507 1268 1561 προτρέπεται.

221 1568 458 1620 ἐπιτροπεύειν
484 1567 544 1615 δὲ,
566 1567 698 1620 ἄρχειν,
724 1568 876 1607 διοικεῖν.
897 1567 1112 1621 φαυλότατον
1137 1566 1196 1618 δὲ,
1215 1569 1270 1605 εὐ-

220 1626 331 1673 τελὲς,
357 1625 487 1679 βραχὺ,
503 1626 648 1666 ἁπλοῦν.

272 1699 335 1724 213.
366 1684 582 1736 φαυλότατον
604 1697 613 1723 :
635 1683 785 1736 Ῥᾴδιον.
811 1691 894 1722 Υὶοί.
913 1684 1040 1738 ῥᾴδιον,
1059 1683 1205 1728 εὐτελές.
1224 1691 1266 1721 V.

167 1763 200 1787 25
274 1756 335 1781 214.
367 1742 527 1795 (τάραττε
542 1757 551 1781 τ
567 1741 756 1795 Παρῳδίας
770 1741 909 1795 τρόπον.
926 1742 1114 1795 παρῴδησε
1129 1741 1196 1794 γὰρ
1209 1741 1267 1780 τὸν

219 1801 346 1851 ἴαμὸον
370 1801 403 1845 ἐξ
422 1801 661 1854 Ἡρακλειδῶν
682 1801 739 1851 [Ῥ]
759 1800 961 1853 Εὐριπίδου.
978 1803 1216 1853 μεταφορικῶς
1231 1799 1266 1838 δὲ

217 1865 286 1902 τοῖς
300 1859 445 1909 ὀνόμασι
463 1862 593 1911 χρῆται
620 1858 677 1897 ἐπὶ
691 1863 751 1905 τῆς
771 1859 963 1906 πολιτείας,
982 1859 1041 1897 καὶ
1057 1863 1100 1911 τῇ
1120 1863 1179 1897 τοῦ
1203 1861 1269 1897 ἀλ-

217 1916 442 1955 λαντοπώλου
465 1916 583 1969 τέχνῃ.
617 1916 786 1969 τάραττε,
814 1917 916 1969 φησὶ,
946 1917 1005 1955 καὶ
1034 1917 1196 1971 συμφύρα
1222 1917 1265 1955 τὰ

217 1974 421 2027 πράγματα.
413 1976 435 2025 .)

165 2052 199 2075 30
264 2032 439 2105 χόρδωευεε
456 2032 546 2072 Τὰ
528 2049 649 2085 εντερα
660 2031 955 2087 τῶντετραπόδων
967 2033 1094 2087 χορδὰς
1104 2035 1262 2074 καλοῦσι.

217 2091 277 2128 καὶ
305 2106 407 2129 τουτο
426 2094 484 2128 οὐν
514 2091 584 2129 ἀπὸ
611 2108 672 2138 της
693 2091 817 2143 τέχνης
843 2108 902 2130 του
931 2090 1199 2129 ἀλλαντοπώλου
1226 2092 1265 2130 τὸ

216 2149 324 2199 ὄνομα
340 2150 487 2201 εἴρηται.
506 2150 576 2199 (Hic
589 2155 738 2187 desinunt
751 2155 870 2187 scholia
882 2157 1024 2187 Ravenn.
1029 2149 1078 2199 )‘'
1055 2165 1173 2202 ωσπερ
1183 2149 1262 2203 γὰρ,

216 2208 300 2260 φησὶ
315 2238 325 2258 ,
345 2208 494 2259 γεμίζεις
518 2206 578 2244 καὶ
604 2207 748 2260 πληροῖς
764 2207 809 2245 τὰ
829 2207 949 2260 ἔντερα
969 2207 1097 2251 παντὸς
1115 2212 1172 2246 τοῦ
1197 2225 1263 2261 φυ-

218 2267 388 2318 ράματος,
412 2265 537 2303 οὑτωσὶ
555 2264 697 2317 χόρδευε
716 2265 776 2303 καὶ
796 2265 839 2303 τὰ
855 2265 1031 2304 πολιτικά.
1118 2265 1262 2311 Ἄλλως.

163 2340 195 2364 35
215 2322 312 2376 παρὰ
335 2323 373 2361 τὸ
392 2322 580 2375 χορδεύειν.
601 2323 710 2375 χορδὴ
737 2323 803 2374 γάρ
826 2324 953 2361 ἔστιτὸ
969 2324 1095 2362 λεπτὸν
1114 2324 1260 2377 ἔντερον,

216 2381 234 2418 ὃ
254 2381 394 2418 εἰώθασι
410 2381 547 2419 πλέκειν
564 2383 595 2418 οἱ
614 2382 784 2434 μάγειροι.
805 2382 985 2419 διαὸάλλει
1007 2382 1041 2420 δὲ
1061 2382 1166 2421 πάλιν
1185 2383 1262 2427 τοὺς

217 2437 428 2490 στρατηγοὺς
443 2438 675 2490 ταράττοντας
692 2439 751 2476 καὶ
762 2439 1003 2492 χορδεύοντας,
1020 2440 1199 2479 τουτέστιν
1216 2444 1262 2484 εἷς

214 2494 344 2538 πλοκὰς
364 2495 602 2544 ε’μὸάλλοντας
619 2496 680 2541 τὴν
697 2495 809 2533 πόλιν.

268 2566 330 2590 216.
352 2553 612 2604 ὑπογλυκαίνων
632 2567 640 2592 :
660 2554 861 2604 “Ηδύσμασι
881 2553 1059 2607 χρώμενος
1075 2556 1134 2593 καὶ
1156 2555 1261 2609 ἀρτύ-

162 2628 197 2652 40
218 2626 304 2661 μασι
321 2609 379 2647 καὶ
399 2610 607 2653 κολακείαις.

267 2681 333 2707 219.
366 2668 456 2719 ἔχεις
476 2667 652 2705 ἅπαντα’·
643 2695 653 2703 .
673 2667 851 2720 Σύμφι)νά
872 2685 924 2707 σοι
943 2669 1048 2721 ἔχεις,
1069 2672 1128 2709 καὶ
1146 2672 1260 2724 ἁρμό-

215 2731 281 2772 ζεις
303 2728 348 2769 εἷς
375 2726 526 2764 ἅπαντα.
552 2725 657 2763 πάλιν
682 2726 717 2763 δε
744 2728 890 2765 ενταυθα
908 2730 1021 2765 αὐτῶν
1038 2729 1254 2768 καθάπτεται

214 2788 281 2822 τῶν
312 2784 498 2831 Ἀθηναίων
531 2784 590 2821 καὶ
617 2787 685 2822 τῶν
712 2785 1002 2835 πολιτευομένων,
1032 2790 1077 2829 ὡς
1102 2789 1171 2831 τοῖς
1198 2788 1259 2838 μὲν

214 2842 377 2885 τοιούτοις
395 2842 652 2895 ἐγχειριζόντων
675 2841 720 2879 τὰ
740 2842 909 2892 δημόσια,
927 2847 995 2881 τῶν
1016 2844 1051 2882 δὲ
1078 2847 1259 2885 πολιτευο-

163 2921 197 2945 45
221 2900 331 2951 μένων
350 2900 439 2938 οὕτω
453 2900 671 2953 πεφυκότων.

268 2973 332 2997 220.
363 2959 591 3008 συμὸαίνουσι
612 2973 620 2997 :
641 2958 938 3010 συμπράττουσιν.
967 2968 999 2998 V.
1026 2969 1107 2999 Vict.

269 3029 332 3054 221.
362 3018 424 3067 '‘31OE
443 3016 646 3069 Κοαλέμι);

218 3089 325 3119 αυτην
342 3089 387 3116 ως
409 3074 569 3124 Θαίμονα.
587 3090 687 3112 τουτο
705 3089 739 3112 ΟΞ
757 3091 963 3128 παρῳοησεν
981 3079 1020 3114 ἐκ
1033 3081 1094 3124 τῆς
1119 3095 1260 3131 τραγὼ-

664 3017 760 3054 Ἀντι
780 3021 839 3054 τοῦΙ
858 3018 968 3069 ἀνοίᾳ.
991 3020 1242 3058 ἀναπλάττει
1225 3036 1259 3058 οε

218 3131 304 3174 δίας.
325 3130 532 3169 ἀνέπλασε
515 3145 549 3170 οε
567 3149 642 3170 τινα
660 3133 843 3182 δαίμονα
825 3134 894 3172 απὸ
911 3138 979 3172 τιΝ)ν
1000 3137 1260 3190 προειρημένων

165 3212 201 3237 50
220 3192 394 3239 κωμικῶς.
412 3189 586 3227 τουτέστιν
608 3193 814 3243 ἀπατητικιΝ)
830 3192 890 3229 καὶ
911 3194 1047 3246 ἀνοήτῳ
1067 3195 1216 3245 δαίμονι.
1238 3195 1259 3242 ἢ

218 3249 267 3283 τιΝ)
290 3245 457 3283 κωλύοντι
485 3246 541 3284 τὸν
569 3247 625 3284 άνε
631 3263 694 3297 υον
725 3248 783 3285 καὶ
803 3248 948 3287 παύοντι
979 3251 1129 3301 δαίμονι.
1160 3252 1181 3298 ἢ
1211 3256 1260 3305 τῳ

219 3284 486 3354 ἀλλαντοπώλῃ

272 3374 337 3399 222.
367 3360 527 3412 γωπωςε

220 3418 347 3469 γωνιεῗ.
378 3424 410 3455 V.

555 3361 665 3398 λείπει
695 3362 732 3400 τὸ
758 3363 944 3407 σκόπησον.
971 3368 1096 3415 ἀμυνεῖ
1126 3381 1134 3405 ;
1157 3383 1262 3405 κατα-

1385 359 1449 385 224.
1481 345 1618 397 βδύλλει
1636 359 1645 385 2
1666 345 1945 397 Καταπέπληγε,
1962 346 2202 398 βδελύττεται,
2219 346 2374 387 τουτέστι

1333 406 1440 453 μῑσὶῗ.

1385 475 1448 500 225.
1480 462 1557 498 ἀλλ’
1580 460 1665 498 εἰσιν
1685 462 1794 512 ἱππῃς
1811 461 1929 514 ἄνδρες
1949 463 2071 513 ἀγαθοι
2087 463 2222 515 χίλιοι;
2242 465 2321 503 Οἱε
2313 479 2373 502 ιπ-

1331 525 1405 562 πεῖς
1421 519 1580 557 ἐπέθοντο
1599 521 1709 571 αὐτιΝι),
1739 519 1812 557 ἐπεὶ
1831 520 1886 558 ὅτε
1902 525 1943 567 ἠν
1960 525 2005 564 εἱς
2030 523 2154 569 αὐτῶν,
2174 525 2290 566 κακῶς
2306 523 2373 560 αὖ·

1331 577 1409 621 τοὺς
1427 578 1594 624 διέθηκεν.
1614 593 1728 620 ιππεις
1753 581 1810 614 οὐν
1837 578 1956 628 τάγμα
1977 580 2069 617 ἐστὶν
2093 582 2128 618 ἐν
2152 597 2194 633 τῃ
2216 581 2372 633 Ἀττικῇ,
2389 591 2405 614 5

1332 636 1389 688 ἀφ’
1408 652 1454 673 ων
1478 639 1495 674 6
1519 635 1621 688 χορὸς
1644 635 1822 686 σύγκειται
1846 639 1896 673 τῶ
1921 637 2086 689 δράματι.
2119 638 2193 678 ὅθεν
2221 654 2282 677 και
2309 638 2372 686 τὴν

1330 693 1523 747 ἐπιγραφὴν
1539 693 1739 740 πεποίηται.

1383 766 1447 791 22.6
1479 767 1658 802 μισουντες
1678 751 1809 792 αὐτὸν;
1832 752 2048 803 Θεόπομπος
2076 755 2111 791 ἐν
2140 755 2274 808 δεκάτῳ
2296 758 2371 795 Φι-

1329 813 1505 849 λιππικιι)ν
1529 812 1632 864 φησὶν
1653 811 1706 848 ὅτι
1727 813 1757 848 οἱ
1780 812 1897 854 ἱππεῖς
1921 811 2060 862 εμίσουν
2087 813 2202 852 αὐτόν.
2230 829 2373 885 προπη-

1329 866 1503 913 λακισθεις
1523 867 1589 941 γὰρ
1615 870 1672 907 ὑπ’
1694 870 1806 907 αὐτῶν
1835 869 1894 906 καὶ
1920 869 2140 922 παροξυνθεὶς
2169 871 2312 920 ἐπετέθη
2328 875 2371 925 τῇ
2393 889 2425 913 ιο

1329 929 1508 981 πολιτεία,
1522 928 1582 966 καὶ
1600 926 1788 965 διετέλεσεν
1803 929 1849 972 εἷς
1865 927 1989 971 αὐτοὺς
1999 928 2092 966 κακὰ
2105 930 2369 982 μηχανώμενος.

1329 986 1548 1046 κατηγόρησε
1563 986 1629 1039 γὰρ
1645 988 1761 1024 αὐτῶν
1771 989 1816 1030 ὡς
1828 987 2183 1040 λειποστρατούντων.
2204 987 2261 1027 διὰ
2270 993 2373 1028 τοῦτο

1329 1048 1385 1082 οὐν
1404 1044 1557 1095 εμνήσθη
1575 1047 1687 1083 αὐτων
1703 1045 1958 1098 Ἀριστοφάνης.

1383 1117 1446 1142 228.
1478 1103 1569 1147 ὅστις
1590 1103 1664 1141 ἐστὶ
1690 1103 1821 1147 δεξιόςε
1842 1103 1999 1155 Ἀγαθὸς,
2026 1103 2140 1149 εὔνους
2157 1109 2256 1158 ἡμῖν,
2282 1107 2369 1145 ἀπε-

1328 1162 1496 1213 χθόμενος
1512 1162 1595 1214 πρὸς
1611 1161 1673 1208 τὴν
1693 1166 1753 1200 τοῦ
1773 1162 1931 1205 Κλέωνος
1949 1163 2132 1216 πονηρίαν.
2393 1177 2425 1202 15

1381 1234 1443 1258 229.
1474 1220 1683 1273 ξυλληψεται
1706 1234 1715 1259 :
1736 1220 1988 1272 Συμμαχησει.
2016 1229 2099 1259 Ve‘ct.

1381 1292 1445 1317 230.
1477 1277 1747 1328 εξεικασμένοςε
1774 1278 2029 1329 Πεπλασμένος
2056 1279 2142 1333 πρὸς
2169 1280 2371 1330 ὁμοιότητα.

1329 1336 1400 1379 ἔθος
1419 1335 1486 1388 γὰρ
1511 1340 1553 1383 ἠν
1573 1339 1643 1380 τοῖς
1662 1339 1830 1387 κωμικοῖς
1850 1337 1953 1387 ὅμοια
1979 1336 2022 1374 τὰ
2038 1340 2242 1390 προσωπεῖα
2260 1344 2371 1377 ποιεῖν

1326 1396 1396 1438 τοῖς
1420 1394 1761 1447 κωμι)δουμένοις,’
1748 1410 1802 1432 ινα
1825 1410 1962 1447 φανεροι
1983 1397 2069 1432 ὠσιν
2089 1398 2149 1433 ὑπ’
2167 1398 2290 1444 αὐτῶν,
2310 1398 2371 1435 καὶ

1327 1452 1537 1521 περιτιθέναι
1556 1454 1625 1496 τοῖς
1644 1456 1855 1506 ὑποκριταῖς.
1910 1451 2055 1497 Ἄλλως.
2077 1455 2139 1491 οὐκ
2155 1458 2246 1506 εἶχεν
2264 1457 2370 1494 αὐτου
2389 1468 2424 1493 2ο

1327 1513 1543 1583 προσωπεῖον
1564 1510 1621 1549 διὰ
1639 1510 1678 1549 τὸ
1698 1511 1887 1549 δεδοικεναι
1904 1510 1982 1554 τοὺς
2002 1511 2221 1556 σκευοποιοὺς
2239 1513 2300 1551 και
2320 1514 2369 1564 μὴ

1327 1572 1362 1606 θε
1355 1568 1435 1606 λειν
1463 1569 1552 1620 μήτε
1577 1568 1740 1606 πλάττειν
1768 1568 1855 1619 μήτε
1875 1569 2104 1621 σχηματίζειν
2123 1569 2186 1616 τὴν
2213 1571 2292 1623 ὄψιν
2309 1575 2369 1610 τοῦ

1328 1627 1499 1671 Κλεωνος.
1531 1627 1624 1680 λέγει
1658 1631 1715 1666 οὐν
1751 1627 1803 1665 ὃτι
1840 1627 1985 1679 μηδενὸς
2016 1627 2228 1672 ὑποστάντος
2268 1629 2369 1668 αὐτὸν

1326 1685 1588 1738 ὑποκρίνεσθαι,
1610 1685 1712 1729 αὐτὸς
1733 1689 1751 1724 6
1771 1685 2017 1739 Ἀριστοφάνης
2041 1685 2218 1737 μιλτώσας
2245 1687 2369 1727 ἑαυτὸν

1326 1744 1550 1798 ὑπεκρίνατο,
1585 1743 1608 1791 ἢ
1636 1748 1679 1796 τῇ
1708 1744 1830 1796 τρυγίᾳ
1857 1744 1982 1797 χρίσας
2009 1743 2144 1784 ἑαυτόν.
2166 1768 2218 1774 -
2237 1745 2370 1791 ἓξεικα-
2385 1762 2421 1787 25

1325 1802 1481 1854 σμένος;
1504 1802 1719 1853 Ομοιωθείς.
1747 1810 1829 1840 Vict.

1339 1875 1440 1915 s235.
1471 1860 1521 1912 μὰ
1544 1860 1622 1904 τοὺς
1645 1860 1779 1898 δώδεκα
1802 1859 1928 1904 θεοὺςέ
1952 1863 2066 1900 Τουτο
2084 1863 2102 1899 6
2121 1860 2244 1900 Κλέων
2274 1861 2368 1914 λέγει

1324 1919 1404 1958 ἰδὼν
1440 1921 1663 1970 ὁμιλουντας,
1696 1919 1755 1957 καὶ
1785 1919 1833 1970 μὴ
1867 1918 1965 1962 εἷδως
1990 1919 2073 1979 περὶ
2099 1935 2159 1957 του
2188 1922 2366 1971 ὁμιλοῦσι,

1323 1977 1525 2028 συνωμότας
1545 1977 1669 2021 αὐτοὺς
1684 1979 1797 2017 καλεῖ.
1821 1993 1953 2030 πικρως
1973 1981 2030 2015 οὖν
2051 1976 2144 2015 κατὰ
2161 1982 2220 2016 τοῦ
2242 1978 2317 2018 Κλ’
2300 1995 2365 2017 εω-

1322 2053 1377 2079 νος
1397 2038 1477 2089 ἕκφε
1469 2035 1615 2088 ’,ρονται
1635 2052 1680 2079 ως
1696 2052 1840 2074 τοιαυτα
1860 2037 1964 2074 αὐτοῦ
1983 2051 2276 2088 συκοφαντουντος
2292 2037 2363 2076 ἀπὸ
2381 2051 2417 2077 30

1323 2097 1455 2147 μικρῶν
1475 2094 1534 2132 καὶ
1556 2095 1702 2131 εὐτελῶν
1724 2093 1944 2146 προφάσεων.
1963 2091 2186 2147 [χαιρήσετον
2205 2093 2263 2146 δὲ,
2279 2095 2365 2147 χαί-

1322 2168 1435 2206 ροντες
1456 2151 1820 2204 ἀπαλλαχθήσεσθον.]

1374 2225 1437 2250 236.
1469 2209 1716 2261 ξυνώμνυτονζ
1748 2209 1980 2261 Ξυνωμοσίαν
2006 2209 2214 2260 ἐποιήσατε,
2245 2210 2364 2250 τουτέ-

1304 2283 1394 2306 ’στιν
1414 2268 1535 2317 ὅρκους
1558 2268 1625 2306 καὶΔ
1637 2267 1771 2310 πίστεις
1795 2267 1958 2314 ἀλλήλοις
1982 2266 2174 2316 δεδώκατε,
2198 2267 2256 2306 ἵνα
2275 2271 2363 2319 ὁμο-

1320 2327 1501 2380 φωνήσητε
1523 2325 1613 2364 κατὰ
1633 2329 1693 2363 τοῦ
1711 2325 1835 2376 δήμ.ου
2381 2349 2415 2374 35

1336 2413 1350 2427 s
1372 2399 1433 2424 237.
1464 2384 1512 2422 τὸ
1524 2383 1735 2424 Χαλκιδικὸν
1755 2382 1948 2435 ποτήριονε
1966 2380 2185 2434 ”Εγνωμὲν“’
2163 2399 2216 2421 οτι
2234 2386 2252 2422 6
2266 2383 2362 2445 θερά-

1318 2459 1392 2480 πων
1414 2442 1507 2480 ἔπινε
1527 2444 1586 2481 καὶ
1609 2447 1701 2494 εἶχεν
1723 2441 1780 2479 ἐπὶ
1799 2445 1919 2494 χεῖρας
1936 2441 1976 2479 τὸ
1998 2441 2176 2495 ποτήριον.
2198 2441 2279 2480 ἰδὼν
2304 2446 2362 2481 οὖν

1319 2505 1335 2540 6
1357 2501 1490 2548 Κλέων,
1517 2501 1689 2553 προφάσει
1709 2500 1768 2537 καὶ
1787 2499 1897 2552 τούτῳ
1923 2499 2093 2551 κέχρηται
2111 2503 2172 2546 τῆς
2190 2515 2363 2552 συκοφαν-

1318 2559 1410 2602 τίας,
1427 2558 1486 2596 καὶ
1506 2559 1545 2596 τὸ
1564 2558 1727 2610 ποτήριον
1745 2557 1875 2595 εὐθύνει
1892 2560 1937 2600 ὡς
1953 2557 2179 2596 Χαλκιδικόν.
2199 2559 2362 2610 κωμῳδεῖ

1319 2617 1354 2655 δὲ
1375 2616 1477 2654 αὐτὸν
1493 2618 1539 2659 ὡς
1557 2616 1617 2654 καὶ
1635 2616 1691 2653 ἐπὶ
1709 2618 1780 2658 τοῖς
1802 2619 1946 2666 τυχοῦσι
1966 2615 2103 2666 μεγάλα
2123 2615 2358 2668 μεμφόμενον.
2378 2636 2415 2663 40

1317 2677 1348 2713 οἱ
1365 2674 1400 2712 δὲ
1420 2674 1608 2716 Χαλκιδεῖς
1624 2673 1689 2711 εἰσὶ
1707 2672 1768 2723 μὲν
1789 2672 1845 2709 ἐπὶ
1860 2675 1922 2718 τῆς
1934 2671 2085 2715 Εὐὸοίας
2105 2672 2242 2712 ἄποικοι
2259 2673 2360 2720 Ἀθη-

1317 2732 1435 2780 ναίων,
1456 2731 1520 2769 εἰσὶ
1546 2731 1581 2769 δὲ
1607 2731 1666 2769 καὶ
1688 2731 1744 2769 ἔπι
1772 2730 1916 2782 Θράκης
1936 2733 1966 2767 οἱ
1990 2731 2244 2780 Χαλκιδεῖς,”
2222 2747 2361 2770 αποικοι

1318 2791 1412 2833 ὄντες
1437 2790 1506 2827 ἀπὸ
1533 2793 1594 2836 τῆς
1615 2788 1777 2831 Εὐὸοίας.
1798 2787 1912 2826 πολλὰ
1930 2786 1970 2825 δὲ
1999 2792 2041 2833 ἠν
2061 2788 2138 2826 τότε
2163 2789 2276 2842 χωρία
2298 2793 2362 2836 τῆς

1318 2848 1492 2901 Θράκης“
1481 2846 1699 2885 υπακούοντα
1716 2852 1786 2889 τοῖς
1804 2844 2003 2891 Ἀθηναίοις.
2021 2861 2101 2898 περι
2117 2849 2164 2883 ὡν
2177 2850 2236 2885 νῦν
2254 2846 2391 2900 λέγει]

1318 2906 1378 2944 καὶ
1410 2905 1476 2957 γὰρ
1506 2905 1563 2942 ἐπι
1599 2904 1744 2965 Θράκης
1775 2904 1962 2946 Χαλκιδεῖς
1988 2907 2078 2950 ἠσαν
2110 2904 2257 2951 ὑπήκοοι
2289 2908 2357 2943 τῶν
2376 2924 2414 2950 45

1319 2963 1520 3010 Αθηναίιι)ν.
1544 2963 1646 3015 φησὶν
1666 2967 1723 3000 οὐν
1743 2961 1795 2999 ότι
1816 2961 1855 2998 τὸ
1874 2977 2038 3013 ποτηριον
2064 2966 2165 3000 τοῦτο
2182 2964 2358 3001 Χαλκιδι-

1317 3023 1376 3060 κόν
1404 3024 1490 3060 ἐστι.
1526 3021 1585 3058 καὶ
1610 3020 1713 3058 πόθεν
1740 3023 1835 3069 ὑμεῖς
1862 3019 1946 3056 αὐτὸ
1974 3018 2093 3070 ἔχετε,
2119 3021 2148 3057 εἰ
2173 3019 2221 3071 μὴ
2249 3021 2357 3073 δῶρον

1317 3083 1397 3129 ὑμῖν
1427 3078 1546 3125 ἐδόθη,
1574 3077 1630 3115 ἵνα
1657 3080 1873 3123 ἀποστῶσιν;
1902 3076 2008 3114 ἔλαὸε
2031 3079 2067 3115 δὲ
2095 3077 2156 3124 τὴν
2185 3077 2357 3131 πρόφασιν

1318 3137 1474 3189 εὔκαιρον
1503 3141 1562 3174 τοῦ
1590 3136 1756 3186 ὀνόματος
1783 3138 1851 3173 τῶν
1880 3135 2098 3182 Χαλκιδέων,
2131 3135 2187 3173 διὰ
2211 3135 2251 3173 τὸ
2277 3137 2355 3173 κατ’

1317 3198 1444 3233 ἐκεῖνον
1472 3195 1530 3232 τὸν
1550 3194 1668 3246 καιρὸν
1695 3195 1888 3239 ἀποστῆναι
1919 3192 2041 3236 αὐτοὺς
2065 3195 2133 3231 τῶν
2153 3192 2354 3239 Ἀθηναίων.
2374 3210 2413 3235 50

1317 3252 1520 3298 ἀπέστησαν
1540 3251 1574 3289 δὲ
1593 3251 1662 3289 ἀπὸ
1681 3250 1868 3297 Ἀθηναίων
1887 3250 2074 3293 Χαλκιδεῖς
2093 3250 2150 3288 ἐπὶ
2167 3249 2355 3289 Εὐκλείδου

1318 3310 1492 3361 ἄρχοντος.

1368 3380 1432 3405 238.
1464 3366 1660 3410 Χαλκιδέας
1676 3367 1864 3418 ἀφίστατον
1880 3381 1889 3405 :
1909 3365 2019 3409 Πόλις
2029 3364 2198 3411 Εὓὸοίας,
2217 3365 2354 3404 ἄποικοι

1317 3423 1515 3470 Ἀθηναίων.
1536 3426 1688 3477 ἐχρῶντο
1709 3425 1743 3462 δὲ
1764 3428 1834 3468 τοῖς
1853 3422 2068 3476 ὀστρακίνοις
2085 3425 2132 3467 εἷς
2150 3421 2196 3461 τὰ
2214 3422 2356 3474 συμπό-
