2533 3808
258 240 334 274 256

256 322 317 356 τοῦ
338 317 465 360 παίζω.
489 315 570 366 παρ’
594 314 686 352 ὃκαὶ
707 313 746 351 τὸ
763 314 971 362 δημοῦσθαι.
992 311 1135 350 κάλλιον
1157 311 1208 363 (δὲ
1224 312 1283 350 06-

255 376 349 424 τως).
370 373 447 411 ὅσον
464 372 558 410 οὔπω
581 371 679 422 μάξω
696 373 932 421 μελιτοῦτταν.

307 445 372 469 603.
402 430 461 467 καὶ
493 429 640 466 ταυτασί
671 442 679 467 :
707 427 781 470 Τὰς
806 427 957 474 ταινίας,
991 426 1031 470 ἃς
1053 432 1122 470 τοῖς
1154 429 1285 479 νεκροῖς

255 490 409 538 ἔπεμπον
430 489 460 525 οἳ
481 487 583 539 φίλοι.
604 488 639 524 ἐν
657 486 753 538 ἄλλῳ
776 484 813 523 δὲ
833 479 944 537 εῧρον,
961 484 1023 528 τὰς
1038 483 1219 537 δραχμὰς,
1239 486 1286 528 εἷς

218 560 234 585 5
253 546 374 598 μισθὸν
391 549 439 597 τῷ
455 545 614 596 πορθμεῖ.

303 617 367 642 605.
398 603 485 644 τίνος
506 602 582 639 δέει.
600 614 639 643 R

305 675 370 700 607.
402 677 442 698 συ
464 660 499 698 δε
516 658 659 702 κωλύεις
677 657 892 727 ἀνάγεσθαι;
907 657 978 697 Τον
995 657 1148 710 Χάρωνα
1166 658 1285 704 δηλον-

251 720 304 758 ότι
320 721 496 757 ἀναπλεῖν.

305 791 368 816 609.
398 780 468 819 τοῖς
487 774 728 828 προδούλοιςε
751 775 833 817 Τοῖς
852 774 968 816 ἄλλοις
987 773 1144 819 δηλονότι
1160 779 1230 816 τοῖς
1250 773 1281 810 κ’

201 851 233 876 10
250 842 319 879 τοῖς
335 835 374 873 ἐκ
390 839 450 881 τῆς
469 832 666 886 συναρχίας.
687 833 725 870 06
742 832 809 884 γάρ
827 834 921 870 ἐστιν
943 835 989 874 εἷς
1005 834 1022 869 ὁ
1041 830 1244 884 πρόδουλος.

302 908 370 932 610.
401 895 446 935 ὡς
464 892 567 943 5702:
590 890 841 942 Βεὸρεγμένον.

303 965 365 989 611.
394 950 444 988 ὅτ
465 950 542 1001 0672.
558 947 798 1001 προύθέμεσθά
817 960 883 986 σεε
904 946 994 990 Τους
1008 962 1147 998 νεκρους
1164 945 1230 998 γὰρ
1250 947 1281 984 οἳ

250 1010 390 1062 ἀρχαῖοι
407 1008 629 1060 προετίθεσαν
649 1006 717 1058 πρὸ
733 1008 801 1043 τῶν
822 1007 931 1057 θυρῶν
952 1005 1011 1042 καὶ
1032 1004 1229 1042 ἐκόπτοντο.

302 1080 365 1104 612.
398 1065 472 1103 ἀλλ’
497 1067 529 1108 ἐς
548 1064 666 1116 τρίτην
690 1077 700 1102 2
723 1062 869 1108 Ἐπειδὴ
892 1065 935 1114 τῇ
959 1062 1056 1115 τρίτῃ
1077 1061 1116 1099 τὸ
1143 1065 1209 1099 τῶν
1229 1077 1284 1099 νε-

199 1138 231 1163 15
247 1127 339 1177 κρῶν
360 1124 496 1176 ἄριστον
517 1122 710 1175 ἐκφέρεται.

301 1195 365 1221 613.
396 1180 440 1219 τὰ
462 1181 548 1233 τρίτ’
579 1178 864 1229 ἐπεσκευασμένα
887 1191 896 1217 :
919 1176 1010 1216 Ἀντὶ
1033 1180 1092 1215 τοῦ
1111 1174 1156 1215 τὰ
1182 1176 1281 1229 τρίτα

247 1254 309 1277 σου
328 1238 535 1288 ποιούμενα.

299 1311 363 1335 615.
394 1296 470 1334 ἀλλ’
492 1293 786 1345 ἐπαποδυώμεθἮ

299 1369 360 1393 616.
389 1354 475 1398 ὄζειν
502 1354 579 1391 ταδὶ
599 1352 773 1403 μειζόνων

195 1431 230 1455 20
245 1428 377 1463 γματα.

303 1483 365 1507 619.
395 1473 455 1515 τῆς
472 1469 608 1507 Ἱππίου
637 1467 860 1520 τυραννίδος.
877 1465 1106 1518 Τεσσάρων’
1087 1481 1192 1503 οντων
1212 1468 1279 1503 τῶν

246 1529 555 1580 Πεισιστρατιδῶν,
574 1525 711 1567 εἰκότως
726 1529 784 1563 τοῦ
801 1524 939 1564 Ἱππίου
956 1523 1060 1574 μόνου
1074 1523 1282 1573 ἐμνημόνευ-

245 1601 315 1624 σεν.
344 1584 582 1656 πρεσὲύτατος
610 1582 677 1635 γὰρ
708 1587 749 1630 ἠν
779 1587 876 1625 ουτος
907 1583 976 1619 τῶν
995 1581 1109 1619 ἄλλων
1137 1581 1197 1619 καὶ
1216 1581 1278 1628 τὴν

243 1643 424 1695 τυραννίδα
445 1642 603 1688 υπέθετο,
623 1641 783 1694 καθάπερ
802 1639 1021 1685 Θουκυδίδης
1043 1640 1091 1690 [6‚
1109 1641 1159 1690 54]
1177 1639 1276 1692 φησί.

190 1716 225 1741 25
245 1701 395 1752 κατέσγε
420 1700 455 1738 δὲ
480 1703 502 1746 ἡ
520 1715 677 1759 τυραννις
702 1699 759 1737 ἐπι
777 1699 837 1744 ἔτη
857 1699 900 1749 γ’,
918 1713 949 1735 οι
967 1696 1044 1734 δεο
1057 1696 1279 1769 ,Ηρόδοτρς

243 1759 320 1802 δὲς
423 1757 564 1800 Ἄλλως.
588 1761 684 1800 οὗτος
707 1756 871 1809 τύραννος
892 1759 946 1801 ἠν,
973 1754 1008 1797 ὃς
1034 1754 1176 1800 ἐποίησε
1200 1754 1278 1797 τοὺς

243 1816 438 1863 Ἀθηναίους
454 1815 659 1858 κατωνάκας
675 1820 801 1867 φορεῖν,
818 1814 910 1856 ὅπως
928 1811 976 1862 μὴ
999 1813 1169 1857 δυνηθῶσι
1190 1828 1276 1865 προ-

243 1881 391 1925 ενεγκεῑν
412 1873 473 1917 τὰς
492 1879 623 1925 χεῖρας.
640 1877 758 1910 τοῦτον
783 1870 819 1909 δε
839 1869 1034 1910 κατέλυσαν
1051 1871 1080 1907 οἳ
1101 1872 1276 1908 Λακεδαι-

803 1292 894 1332 Ἀντι
910 1296 969 1331 τοῦ
990 1292 1281 1345 ἐπιχειρτ’σωμεν.

800 1350 888 1391 :Ta
909 1353 976 1388 τῶν
996 1353 1165 1402 γυναικῶν
1186 1350 1280 1403 πρά-

271 1931 366 1970 όνιοι.

243 1949 269 1982 μ
296 2003 359 2028 622.
388 2006 421 2032 ες
450 1987 719 2030 Κλεισθένους·
710 2017 719 2026 .
749 1986 855 2025 Ἐπει
892 1991 989 2031 οὗτος
1015 1985 1231 2037 γυναικώδης
1259 1989 1276 2023 6

242 2046 451 2093 Κλεισθένης
478 2045 538 2083 καὶ
578 2047 624 2088 ὡς
655 2046 827 2095 γυναικῶν
857 2044 1169 2097 συναθροιζομένων
1193 2044 1276 2096 παρ’

241 2106 348 2156 αὐτῳ.

291 2175 355 2200 621.
385 2177 428 2198 τα
444 2159 599 2213 χρημαθ
615 2161 743 2209 ἧμῶνε
760 2158 852 2197 Τὰ’
837 2175 873 2197 εν
893 2159 1095 2211 ἀκροπόλει.

289 2233 353 2258 629.
381 2219 477 2256 λύκω
501 2217 664 2268 κεχηνότι
691 2231 700 2256 :
731 2216 870 2270 ’Ὠσπερ
903 2217 1012 2260 οὐδεις
1041 2217 1184 2255 δύναται
1211 2232 1274 2253 πι-

184 2290 220 2315 35
239 2281 379 2314 στεῦσαι
406 2275 502 2314 λύκω
534 2275 702 2326 γαίνοντι.
732 2278 753 2321 ἡ
787 2274 958 2327 παροιμία
978 2274 1036 2312 ἐπὶ
1062 2277 1130 2311 τῶν
1160 2273 1274 2348 μάτην

236 2334 439 2385 χαινόντων.
464 2333 498 2383 (ἢ
520 2333 576 2371 ἐπι
594 2335 662 2370 τῶν
684 2332 886 2385 ἀλλότρια(
870 2332 1109 2384 αρπαζόντων.
1113 2334 1123 2382 )
1145 2332 1181 2370 ὃν
1206 2332 1273 2385 γὰρ

236 2391 361 2441 τρόπον
377 2391 493 2434 λύκοις
509 2392 571 2428 οὐκ
588 2390 662 2427 ἔστι
680 2390 811 2436 πίστις,
832 2389 909 2427 0665
929 2390 1074 2433 τούτοις.

290 2462 354 2486 630.
385 2448 474 2485 ἀλλὰ
504 2447 600 2484 ταυθ’
627 2446 757 2518 ὕφηναν
794 2447 935 2493 εἈλλ’,
958 2441 1142 2499 ὠᾶνδρες,
1162 2451 1272 2485 ταῦτα

238 2505 404 2550 ἐποίησαν
423 2507 457 2542 αἱ
474 2510 632 2554 γυναῖκες
650 2519 703 2540 ινα
720 2519 992 2555 τυραννησωσιν.

291 2576 355 2601 632
388 2564 422 2599 ἐν
440 2562 570 2613 μύρτου
586 2561 688 2598 κλαδί
712 2573 721 2599 1
742 2560 844 2609 (Αντι
863 2564 923 2597 τοῦ
940 2561 1075 2612 κλάδῳ,
1095 2560 1186 2598 κατὰ
1211 2577 1274 2610 με-

238 2619 459 2669 ταπλασμόν.
541 2617 683 2660 Ἄλὶως.
688 2619 697 2666 )
712 2617 796 2687 πρὸς
809 2633 848 2654 το
865 2617 1072 2667 κομμάτιον,
1090 2618 1141 2655 ὅτι
1160 2621 1198 2656 ἐκ
1213 2622 1272 2656 τοῦ

239 2679 414 2715 σκολιοῦ’
400 2692 490 2714 εστιν
511 2675 563 2713 ὅτι
589 2677 624 2713 ἐν
641 2675 795 2727 μυρσίνῳ
815 2674 933 2712 κλάδω
950 2674 989 2712 τὸ
1016 2674 1124 2748 ξίφοςῖ
1127 2675 1272 2728 φορέσο-

241 2749 315 2784 μεν,
342 2734 459 2786 ὥσπερ
492 2732 669 2784 Ἁρμόδιος
700 2731 759 2769 καὶ
790 2731 1062 2782 Ἀριστογείτων.
1085 2736 1177 2771 ουτοι
1205 2732 1271 2785 γὰρ

240 2791 308 2829 ἀπο
327 2794 393 2829 τῶν
415 2791 588 2842 μυρσίνων
605 2790 741 2827 κλάδων
764 2789 807 2826 τὰ
827 2788 905 2841 ξίφη
930 2789 1195 2832 ἀνασπάσαντες
1213 2791 1271 2828 τὸν

191 2001 227 2028 30

185 2579 222 2605 40

185 2865 222 2890 ιε,
239 2848 402 2901 τύραννον
423 2848 630 2886 κατέὸαλον.

291 2920 354 2944 633.
385 2905 546 2958 ἀγοράσω
569 2904 599 2942 τ’
628 2906 663 2941 ἓν
690 2910 759 2947 τοῖς
785 2903 929 2947 ὅπλοιςτ

240 2965 349 3035 ἀγορᾷ
370 2964 538 3016 διατρίψω
566 2962 655 3012 μετὰ
684 2961 996 3014 Ἀριστογείτονος.)

239 3023 350 3074 ἐγγύς.
370 3030 407 3059 R.

292 3092 356 3119 631.
386 3079 516 3130 γίνεται
535 3091 545 3117 t
567 3077 688 3116 Λείπει
707 3076 839 3149 βοηθός.
859 3085 897 3115 R.
912 3084 947 3115 L.

293 3149 357 3176 635.
386 3136 545 3187 χλευάζει
565 3135 617 3173 ὅτι
637 3136 695 3173 καὶ
716 3135 812 3173 αὐτοι
831 3134 996 3187 γέροντες.
1019 3142 1057 3172 P..

293 3208 356 3233 636.
386 3196 424 3231 06
446 3193 512 3246 γὰρ
529 3193 721 3236 εἷσιόντας;
746 3192 830 3231 Ἀπο
845 3195 913 3230 τῶν
935 3193 1078 3243 πληγῶν
1097 3194 1164 3230 τῶν
1185 3193 1299 3245 παρ’.

240 3255 340 3303 ἡμῶν
362 3253 495 3294 ἀλλοῖος
513 3251 654 3301 γενήσῃ.
674 3259 712 3288 R.
728 3259 763 3288 L.

293 3309 630 3361 σ12.ἠρρηφόρουν;
661 3311 706 3346 Οἱ
738 3306 799 3358 μὲν
821 3307 876 3345 διὰ
905 3310 964 3345 τοῦ
993 3323 1033 3353 α,
1053 3307 1267 3359 ἀρρηφορία,

242 3366 360 3412 ἐπειδὴ
378 3366 422 3404 τὰ
440 3366 572 3419 ἄρρητα
593 3367 626 3403 ἓν
646 3365 778 3409 κίσταις
798 3365 915 3418 ἔφερον
932 3367 974 3418 τῇ
994 3367 1059 3417 θεῷ
1077 3367 1112 3402 αἱ
1128 3366 1261 3418 παρθέ-

953 2903 1057 2954 (Ἀντί
1081 2908 1140 2942 τοῦ
1167 2907 1201 2942 ἐν
1228 2921 1270 2956 τῃ

1030 2985 1083 2990 -
1114 2962 1190 3000 ἀντὶ
1209 2967 1269 3001 τοῦ

188 3154 223 3181 50

910 226 1161 267 SCHOLIA
1195 227 1254 267 IN
1288 227 1715 269 LYSISTRATAM.

1340 329 1407 353 νοι.
1431 317 1463 353 οι
1487 314 1521 353 δὲ
1539 315 1595 353 διὰ
1613 319 1671 354 τοῦ
1689 331 1705 353 ε
1725 316 1916 369 ἒρσεφορία.
1933 319 1977 368 τῇ
1992 315 2058 369 γὰρ
2073 315 2188 369 Ἕρσῃ
2211 315 2371 368 πομπεύ-

1341 386 1417 408 ουσι
1425 374 1491 423 ,τῇ
1499 371 1687 431 Κέκροπος
1704 373 1869 424 θυγατρὶ,
1887 390 1933 416 ως
1948 376 2077 425 ἱστορεῖ
2092 371 2239 426 Ἴστρος.

1394 441 1459 467 613.
1488 423 1548 467 εἰτ’
1571 429 1705 481 ἀλετρις
1727 434 1780 473 ἠε
1806 426 1896 469 'H'
1877 447 1952 468 αντι
1975 436 2034 469 τοῦ
2059 435 2112 478 ἠν,
2129 433 2299 484 ὑπῆρχον.
2316 431 2372 482 γί-

1341 500 1457 522 νονται
1474 485 1511 522 δέ
1538 501 1626 528 τινες
1652 489 1720 523 τῶν
1753 491 1789 524 εὖ
1817 492 2001 538 γεγονυιῶν
2032 489 2206 542 ἀλετρίδες
2231 493 2274 541 τῇ
2304 491 2371 542 θεῷ

1340 542 1520 594 παρθένοι,
1542 543 1667 586 αἵτινες
1687 543 1730 580 τὰ
1758 546 1805 588 εἷς
1824 545 1888 592 τὴν
1913 547 2033 584 θυσίαν
2062 547 2202 584 πόπανα
2223 549 2362 585 ἁλοῦσι·
2386 564 2405 590 5

1340 615 1416 660 καιω
1417 616 1508 638 εστιν
1526 600 1661 651 ἔντιμον
1680 605 1794 641 τοῦτο.
1814 606 1903 649 ἦσαν
1922 603 1975 664 δὲ..
1974 603 2033 641 καὶ
2052 604 2137 656 ἱεροι
2153 606 2317 654 μυλῶνες.

1465 657 1538 697 Ἔα
1555 674 1615 696 και
1633 658 1723 696 κατὰ
1739 660 1933 712 συναίρεσιν
1952 665 1989 707 ἠ.

1393 729 1457 754 611.
1488 711 1574 753 οὖσά
1593 715 1623 753 τ’
1643 716 1813 768 ἀρχηγέτι
1835 730 1845 756 :
1876 719 1932 769 Τῃ
1951 718 2114 770 δεσποίνῃ
2134 718 2329 771 Ἀρτέμιδι,
2348 718 2371 765 ἢ

1340 773 1514 827 Δήμητρι.

1393 846 1458 872 645.
1491 832 1615 884 ἄρκτος
1639 835 1660 878 ἠ
1688 831 1950 884 Βραυρωνίοιςῐ
1978 831 2134 885 (Ἄρκτον
2160 832 2372 884 μιμούμεναι
2395 850 2427 874 1ο

1339 890 1379 928 τὸ
1404 890 1592 942 μυστήριον
1624 890 1812 934 εξετέλουν.
1832 892 1867 928 αἱ
1897 890 2146 943 ἀρκτευόμεναι
2171 889 2207 928 δὲ
2234 894 2277 942 τῇ
2308 894 2375 943 θεῷ

1341 948 1514 1001 κροκωτὸν
1533 948 1781 1001 ἠμφιέννυντο,
1801 948 1861 986 καὶ
1883 948 2085 986 συνετέλουν
2108 947 2170 994 τὴν
2192 948 2311 986 θυσίαν
2330 953 2374 1001 τῇ

1341 1009 1547 1063 Βραυρωνίᾳ
1567 1009 1743 1061 Ἀρτέμιδι
1760 1009 1820 1046 καὶ
1841 1013 1884 1061 τῇ
1907 1009 2109 1062 Μουνυχίᾳ,
2130 1009 2376 1060 ἓπιλεγόμεναι

1339 1067 1521 1119 παρθένοι,
1546 1066 1624 1104 οὔτε
1643 1066 1877 1119 πρεσὸύτεραι
1901 1066 1984 1105 δέκα
2009 1069 2094 1105 ἐτῶν
2117 1066 2187 1105 οὔτ’
2212 1067 2377 1110 ἐλάττους

1339 1123 1455 1162 πέντε.
1473 1123 1656 1162 ἐπετέλουν
1674 1124 1708 1161 δὲ
1725 1124 1788 1170 τὴν·
1809 1125 1928 1162 θυσίαν
1946 1127 1981 1162 αἱ
1997 1125 2098 1177 κόραι
2116 1125 2377 1176 ἐκμειλισσόμε·
2398 1142 2429 1167 15

1339 1197 1395 1219 ναι
1409 1181 1471 1228 τὴν
1488 1182 1575 1228 θεὸν,
1590 1181 1708 1228 ἐπειδὴ
1724 1183 1816 1235 λιμῷ
1829 1182 2134 1235 περιπεπτώκασιν
2149 1185 2179 1221 οἱ
2194 1183 2376 1231 Ἀθηναῖοι,

1341 1240 1465 1291 ἄρκτον
1484 1239 1618 1293 ἡμέραν
1648 1240 1855 1293 ἀνῃρηκότες
1879 1244 1921 1292 τῇ
1950 1245 2021 1293 θεᾷ.
2045 1242 2076 1278 οἱ
2093 1239 2129 1278 δὲ
2148 1240 2192 1278 τὰ
2215 1241 2294 1293 περὶ
2311 1242 2374 1288 τὴν

1340 1298 1542 1351 Ἰφιγένειαν
1570 1300 1604 1336 ἐν
1624 1301 1806 1351 Βραυρῶνι
1825 1299 1942 1351 φασὶν,
1962 1300 2025 1337 οὔκ
2048 1300 2082 1337 ἐν
2102 1299 2238 1338 Αὐλίδι.
2259 1301 2376 1352 Εὐφο-

1341 1356 1421 1407 ρίων

1506 1447 1670 1489 Ἀρχία).ον
1686 1449 1853 1489 Βραυρῶνα
1864 1449 2003 1490 κενήριον
2015 1448 2202 1489 Ἰφιγενείας.
2393 1461 2429 1486 20

1339 1530 1430 1567 δοκεῖ
1459 1528 1495 1566 δὲ
1524 1528 1750 1580 Ἀγαμέμνων
1781 1528 1974 1581 σφαγιάσαι
2003 1528 2068 1576 τὴν
2105 1529 2317 1583 Ἰφιγένειαν.
2340 1533 2375 1569 ἐν

1339 1590 1540 1640 Βραυρῶνι,
1564 1588 1626 1624 οὐκ
1646 1588 1681 1624 ἐν
1705 1587 1841 1626 Αὐλίδι.
1862 1587 1921 1625 καὶ
1943 1586 2067 1639 ἄρκτον
2094 1588 2165 1625 ἀντ’
2186 1589 2291 1634 αὐτῆς
2313 1590 2375 1626 οὐκ

1338 1644 1464 1698 ἔλαφον
1505 1647 1721 1698 φονευθῆναι.
1753 1643 1828 1682 ὅθεν
1871 1644 2059 1698 μυστήριον
2097 1645 2238 1697 ἄγουσιν
2270 1647 2374 1698 αὐτῇ.

1336 1702 1493 1753 Ἄλλως.)
1516 1703 1669 1775 ἄρκτος
1655 1719 1706 1746 τις
1724 1703 1860 1740 δοθεῖσα
1878 1705 1924 1746 εἷς
1940 1703 1978 1740 τὸ
1995 1703 2086 1756 ἱερὸν
2104 1707 2165 1749 τῆς
2181 1703 2375 1776 Ἀρτέμιδος

1336 1760 1513 1811 ἡμερώθη.
1529 1759 1613 1798 ποτὲ
1630 1755 1687 1797 οῦν
1708 1760 1772 1809 μία
1789 1776 1839 1804 τις
1852 1760 2018 1813 παρθένος
2036 1760 2153 1806 ἔπαιξε
2170 1777 2254 1813 προς
2270 1764 2372 1814 αὐτῇ,
2389 1774 2426 1799 25

1335 1833 1393 1854 και
1411 1817 1534 1863 ἐξύσθη
1554 1821 1574 1863 ἡ
1593 1817 1670 1870 ὄψις
1686 1820 1793 1863 αὐτῆς
1813 1818 1879 1855 ὑπο
1898 1834 1959 1863 της
1979 1818 2117 1870 ἄρκτου.
2137 1818 2196 1856 καὶ
2211 1818 2374 1864 λυπηθεὶς

1335 1877 1352 1912 6
1369 1875 1513 1927 ἀδελφὸς
1530 1876 1636 1921 αὐτῆς
1656 1876 1770 1912 ἀνεῖλε
1794 1874 1856 1921 τὴν
1879 1875 2017 1928 ἄρκτον.
2038 1879 2060 1922 ἡ
2081 1875 2117 1913 δὲ
2139 1875 2299 1928 Ἄρτεμις
2314 1877 2372 1927 ὄρ-

1334 1935 1491 1983 γισθεῖσα
1524 1932 1682 1970 ἐκέλευσε
1713 1932 1881 1984 παρθένον
1911 1939 2028 1970 πᾶσαν
2061 1933 2282 1983 μιμήσασθαι
2308 1933 2370 1979 τὴν

1338 1990 1463 2042 ἄρκτον
1481 1990 1548 2043 πρὸ
1555 1994 1622 2045 τοῦ
1642 1990 1775 2041 γάμου,
1801 1990 1860 2028 καὶ
1879 1990 2055 2042 περιέπειν
2074 1991 2113 2028 τὸ
2130 1991 2225 2044 ἱερὸν
2239 2006 2369 2043 κροκω-

1332 2048 1389 2085 τὸν
1413 2047 1551 2098 ἱμάτιον
1574 2051 1756 2099 φοροῦσαν.
1776 2047 1835 2085 καὶ
1855 2052 1955 2085 τοῦτο
1972 2047 2198 2100 ἀρκτεύεσθαι
2218 2047 2365 2098 ἐλέγετο.
2388 2067 2425 2092 30

1336 2132 1384 2137 —
1400 2108 1430 2143 οἱ
1456 2104 1491 2143 δὲ
1509 2106 1568 2143 καὶ
1583 2105 1738 2155 λοιμώδη
1763 2105 1860 2143 νόσον
1882 2111 1953 2148 τοῖς
1977 2105 2164 2153 Ἀθηναίοις
2191 2106 2364 2156 ἐμπεσεῖν.

1331 2163 1390 2200 καὶ
1407 2166 1424 2200 6
1441 2163 1513 2206 θεὸς
1530 2157 1623 2201 εἶπεν
1642 2163 1740 2200 λύσιν
1757 2165 1825 2200 τῶν
1842 2165 1959 2200 κακῶν
1977 2162 2133 2210 ἔσεσθαι,
2155 2163 2212 2201 ἐὰν
2229 2167 2290 2210 τῆς
2305 2174 2366 2202 τε-

1330 2220 1550 2268 λευτησάσης
1566 2220 1693 2272 ἄρκτου
1710 2220 1830 2263 ποινὰς
1849 2219 2027 2272 ἀρκτεύειν
2043 2219 2106 2264 τὰς
2120 2223 2252 2258 ἑαυτῶν
2272 2237 2368 2275 παρ-

1331 2277 1446 2322 θενους
1469 2278 1709 2329 ἀναγκάσωσι.
1736 2277 1945 2324 δηλωθέντος
1971 2275 2007 2315 δὲ
2033 2281 2093 2315 τοῦ
2115 2281 2278 2330 χρησμοῦ
2302 2285 2372 2323 τοῖς

1332 2335 1538 2384 Ἀθηναίοις,
1573 2337 1788 2389 ἐψηφίσαντο
1825 2335 1874 2385 μὴ
1908 2335 2076 2388 πρότερον
2119 2335 2369 2381 συνοικίζεσθαι
2387 2354 2423 2380 35

1331 2394 1428 2445 ἀνδρὶ
1448 2393 1628 2446 παρθένον,
1650 2395 1678 2431 εἷ
1699 2393 1785 2444 μὴ’
1767 2392 1984 2453 αρκτεύσειεν
2004 2409 2046 2444 τῃ
2067 2396 2145 2446 θεῷ.
2166 2402 2205 2432 R.

1383 2465 1446 2489 646.
1475 2451 1737 2504 κάκανηφόρουν
1758 2451 1835 2490 ποτ’
1855 2454 1942 2488 οὐσα
1965 2464 1974 2489 :
2002 2453 2090 2494 Ταῖς
2109 2457 2266 2501 πομπαῖς
2287 2452 2372 2489 ε’κα-

1329 2507 1497 2561 νηφόρουν
1519 2511 1554 2546 αι
1583 2506 1758 2561 παρθένοι.
1780 2507 1920 2560 ἐφόρουν
1948 2506 1983 2545 δὲ
2011 2507 2072 2545 καὶ
2096 2509 2250 2552 λοπάδας
2276 2507 2370 2552 τινὰς

1330 2565 1550 2617 ὁλοχρύσους.

1382 2636 1446 2660 617.
1483 2621 1598 2673 ἔχουσ’
1623 2621 1777 2673 ἰσχάδων
1803 2620 1953 2672 ὁρμαθόν
1977 2633 1987 2659 Ζ

1329 2679 1388 2717 καὶ
1409 2679 1578 2730 ὁρμαθοὺς
1595 2678 1736 2729 ἔχουσαι
1752 2681 1820 2715 τῶν
1836 2677 2002 2728 ἰσχάδων.

1383 2750 1445 2774 651.
1476 2735 1642 2788 τούράνου
1668 2735 1735 2787 γάρ
1757 2751 1814 2785 μοι
1836 2734 2019 2784 μέτεστιν;
2040 2737 2113 2773 Τοῦ
2141 2734 2262 2787 ἐράνου
2281 2737 2367 2790 φησὶ

1330 2793 1481 2844 μετέχω.
1501 2793 1626 2845 ἄνδρας
1644 2792 1710 2845 γὰρ
1732 2791 1878 2844 εἰσφέρω
1895 2794 1940 2835 εἷς
1953 2795 2070 2838 τοῦτο,
2089 2793 2174 2830 καθὸ
2192 2793 2365 2832 τίκτουσιν

1330 2850 1454 2902 ἄνδρας
1477 2852 1512 2887 αἱ
1535 2855 1703 2900 γυναῖκες.
1725 2848 1857 2899 ἐγένετο
1881 2847 1915 2885 δὲ
1936 2848 1992 2886 ἐπὶ
2014 2851 2083 2886 τῶν
2106 2851 2273 2895 Μηδικῶν
2291 2851 2366 2904 ψή-

1329 2923 1461 2960 φισμα,
1486 2907 1575 2944 ὥστε
1596 2906 1740 2944 ἕκαστον
1759 2905 1851 2944 κατὰ
1871 2906 2016 2956 δύναμιν
2036 2906 2300 2963 συμὸάλλεσθαι
2319 2911 2366 2954 εἷς
2382 2926 2417 2951 45

2012 2619 2135 2665 Οὕτως
2172 2621 2366 2672 ἐπόμπευον
2383 2643 2421 2669 40

1329 2965 1372 3002 τὰ
1388 2963 1484 3002 κοινὰ
1503 2964 1682 3016 χρήματα.

1381 3021 1545 3073 τούράνου
1563 3019 1700 3059 εΤοῦτό
1714 3035 1815 3073 φησιν
1832 3020 1884 3059 ὅτι
1896 3021 2063 3074 τρέφομεν
2081 3021 2158 3067 τοὺς
2168 3023 2366 3074 πολεμοῦν-

1328 3095 1401 3122 τας,
1423 3084 1458 3113 R.
1478 3085 1513 3114 L.

1380 3136 1526 3188 εἰσφέρω
1546 3149 1555 3174 :
1579 3135 1668 3173 Ἀντὶ
1684 3139 1742 3173 τοῦ
1765 3139 1883 3187 γεννῶ.

1379 3207 1442 3231 653.
1469 3193 1526 3230 τὸν
1541 3192 1659 3244 ἔρανον
1673 3209 1730 3230 τον
1745 3194 1928 3244 λεγόμενον
1948 3196 2120 3233 παππΓ1ον
2141 3196 2179 3233 ἐκ
2197 3197 2266 3232 τῶν
2279 3197 2361 3243 Μη-
2377 3211 2414 3237 60

1327 3253 1430 3289 δικῶν
1453 3264 1462 3289 :
1489 3249 1549 3293 Ως
1567 3252 1676 3288 αὐτῶν
1705 3267 1748 3288 τα
1778 3251 1920 3297 Μηδικα
1947 3252 2114 3303 χρήματα
2134 3252 2360 3323 δαπανηράν-

1326 3324 1407 3346 των.
1428 3329 1470 3333 -
1492 3308 1682 3358 παρέταξεν
1705 3309 1912 3361 Ἀριστείδης
1932 3311 2048 3347 δοῦναι
2071 3315 2141 3354 τοῖς
2160 3309 2358 3361 συμμάχοις

1327 3367 1356 3403 εἰ
1380 3365 1438 3402 ἐπὶ
1463 3363 1540 3408 τοὺς
1561 3364 1756 3418 βαρὸάρους
1773 3368 1965 3417 πολεμοῖεν.
1986 3373 2034 3428 Β..
