2533 3808
239 270 308 301 154

993 241 1238 282 SCHOLIA
1276 242 1334 280 IN
1369 241 1601 280 VESPAS.

236 361 315 397 περι
336 340 498 381 Σικελίαν
518 336 574 375 ἐπὶ
592 331 799 386 δωροδοκία,
819 345 879 368 και
901 328 946 366 τα
966 327 1076 376 ἑξῆς’
1062 327 1119 364 επὶ
1139 325 1268 373 ταύτην
1294 342 1299 365 ι

1379 339 1444 365 848.
1475 325 1550 378 (τὰς
1578 326 1751 370 σανίδας;
1781 327 1931 372 Σανίδας
1959 329 2063 382 φησὶν
2084 331 2117 367 ἓν
2139 333 2192 373 αἱς
2214 329 2363 385 ἔγραφον

236 403 395 453 λέγεσθαι
417 397 478 442 τὴν
499 394 670 432 ὑπόνοιαν.
698 390 752 428 ὅτι
772 389 807 426 δὲ
829 386 1016 440 νοσφιστὴς
1036 402 1096 424 και
1116 384 1182 422 υπὸ
1203 384 1270 421 ἄλ-
1326 383 1388 430 τὴν
1415 383 1552 435 μακρὰν
1572 384 1594 430 ἢ
1612 384 1675 430 τὴν
1698 387 1864 437 βραγεῖαν
1882 390 1944 433 τῆς
1965 388 2072 434 δίκης
2092 389 2225 441 fimf&
2243 388 2280 427 δ,
2306 394 2365 428 νῦν

237 463 304 498 λων
325 455 541 508 κωμωδεῗται
557 449 770 502 προείρηται
788 449 888 483 τοῦτο
908 444 943 482 δε
957 443 1088 496 κομψόν
1110 444 1214 480 ἐστιν.
1233 443 1270 479 06

238 517 329 555 πάνυ
358 514 393 552 83
416 514 538 550 οἰκεῖον
565 509 676 553 δοκεῖ,
707 505 782 544 ἐπει
810 504 873 542 κᾶν
900 503 1146 556 παρεδήλωσεν
1174 499 1270 539 αὐτό.

205 587 220 611 5
241 573 315 612 ἀλλ’
334 572 440 610 ἔοικεν
458 573 475 607 ὃ
495 568 618 613 Λάδης
643 565 1017 614 ι’)νοματοπεποιησθαι
1043 561 1180 606 ἁπλῶς,
1204 574 1273 596 κα-

238 632 346 684 θάπερ
363 633 380 668 ὃ
399 628 517 674 Δάκης
533 629 550 664 ὁ
567 623 663 678 παρὰ
681 621 900 672 Τηλεκλείδῃ
922 622 956 658 ἐν
976 618 1192 672 Πρυτάνεσι,

400 722 503 758 Δάκης
515 719 559 756 τίς
573 719 655 750 ἐστιν
669 717 758 748 ὅντιν’
770 715 936 756 ἀνθρώπων
951 714 1032 754 ὁρᾷς.

237 799 334 842 ἰπνὸς
355 798 424 836 83‘
411 813 429 834 0
447 809 600 865 φουρνος.
623 792 752 845 κυρίως
777 790 839 842 μὲν
855 793 876 836 ἡ
897 789 1058 839 κάμινος,
1078 787 1101 834 ἢ
1119 789 1136 825 ὃ
1156 786 1276 839 φανὸς,

238 869 527 908 καταχρηστικως
545 851 580 890 83
597 855 618 898 ἡ
639 850 786 903 ἐσχάρα.
804 865 865 887 και
881 848 979 885 ἴπνια
1000 847 1044 884 τὰ
1069 845 1274 897 ἀποκαθάρ-

188 927 220 951 10
240 931 334 967 ματα
350 918 408 952 τοῦ
423 915 536 950 ἰπνοῦ.
557 910 579 957 ἢ
593 910 637 947 τὰ
650 909 734 962 πρὸς
752 907 813 954 τὴν
831 907 976 957 κάμινον
995 905 1172 950 ἐπιτήδεια
1187 903 1275 941 καύ-

240 989 341 1024 σιμα.
363 970 593 1021 Καλλίμαχος
611 966 646 1005 δὲ
665 972 717 1013 [sr.
736 971 801 1012 216]
822 964 885 1011 τὴν
902 963 1029 1015 κόπρον
1047 966 1114 1000 τῶν
1135 960 1251 1013 ζώων,

343 1065 398 1096 σὺν
415 1064 440 1095 δ’
459 1063 567 1104 ἄμυδις
577 1060 703 1102 φορυτόν
717 1070 749 1090 τε
760 1059 812 1090 καὶ
825 1059 912 1089 ’ίπνια
926 1057 1037 1097 ὶῦματ’
1053 1055 1162 1096 ἄειρεν
1165 1054 1175 1094 )

292 1154 355 1179 838.
384 1137 576 1192 τροφαλίδα
607 1150 616 1175 :
652 1134 830 1189 Ἰροφαλις
857 1132 983 1186 κυρίως
1016 1135 1034 1170 ὃ
1064 1131 1188 1173 κύκλος
1220 1133 1278 1167 τοῦ

240 1203 380 1252 τρογοῦ.
407 1197 512 1240 πολυς
542 1195 578 1233 δε
602 1194 700 1247 τυρὸς
740 1197 774 1233 ἐν
799 1192 956 1244 Σικελία.
986 1199 1023 1228 R.
1055 1192 1097 1239 (οι
1136 1188 1196 1240 μὲν
1222 1189 1280 1226 τὸν

191 1272 222 1296 15
244 1256 399 1307 ἐπιμήκη
419 1256 578 1327 τυρὸν,οἳ
596 1253 631 1291 83
652 1252 777 1305 τροχὸν
797 1254 911 1303 τυροῦ.
933 1249 1187 1300 πολυθρέμμων
1206 1246 1241 1284 83
1260 1249 1280 1292 ἡ

242 1315 408 1361 Σικελία,
430 1313 481 1351 διὸ
499 1312 598 1364 τυρὸν
619 1310 725 1349 πολυν
742 1325 802 1347 και
817 1306 1041 1346 κάλλιστον’
1023 1321 1106 1357 εχει.
1099 1308 1120 1355 .)

300 1387 366 1412 841.
398 1373 472 1409 ἀλλ’
493 1370 612 1423 ἅτερός
632 1385 716 1422 φησι
737 1367 855 1405 κύων;
878 1368 951 1404 Νῦν
968 1381 1012 1401 τα
1030 1363 1091 1414 μὲν
1109 1362 1282 1415 πρόσωπα

243 1434 310 1470 τῶν
334 1432 444 1468 κυνῶν
477 1431 567 1474 ἐστι,
588 1427 632 1465 τὰ
657 1425 693 1464 83
725 1424 928 1495 πράγματα
943 1421 1119 1460 πολιτικά.
1153 1419 1283 1471 εἰσάγει

242 1488 309 1540 γάρ
327 1503 403 1525 τινα
425 1486 578 1531 κλέπτην
598 1499 688 1529 κατη
692 1482 899 1541 γορούμενον
917 1480 982 1517 ὑπὸ
998 1478 1167 1517 πολίτου
1154 1493 1282 1551 ετερου.

191 1558 224 1581 2⁰
244 1562 383 1600 φανεροι
400 1539 475 1582 δὲ
454 1560 543 1590 ησαν
564 1548 634 1585 τοῖς
653 1541 729 1579 τότε
754 1541 823 1594 (ἀφ’
850 1543 897 1577 ὧν
918 1538 1013 1590 λέγει
1034 1537 1184 1588 δήμων).
1209 1537 1284 1587 ἅμα

245 1604 317 1642 83‘
300 1621 346 1647 ως
364 1602 525 1645 κυνώδεις
546 1600 671 1644 αὐτους
690 1599 885 1637 διαὸάλλει.

296 1676 361 1701 843.
391 1665 440 1714 τῷ
460 1660 588 1713 πατρὶ,
608 1659 630 1705 ἢ
653 1658 774 1701 αὐτους
790 1673 867 1699 τους
886 1654 1003 1697 κύνας.
1026 1662 1064 1692 R.

298 1734 362 1759 5421
391 1718 630 1772 χοιροκομεῒόν
648 1719 739 1754 ἐστιν
758 1714 894 1766 ἀγγεῖόν
913 1729 945 1750 τι
970 1712 1180 1785 (καννωτὸν),
1200 1712 1285 1750 οπου

246 1782 277 1818 οἱ
298 1780 410 1831 χοῖροι
437 1776 630 1829 τρέφονται.
652 1773 810 1824 (Εστίας
836 1771 923 1818 83‚’
908 1787 984 1808 επει
1007 1770 1065 1808 ἐπι
1087 1774 1147 1816 τῆς
1174 1770 1287 1813 ἑστίας

194 1854 228 1879 25
245 1837 408 1890 τρέφουσι
427 1834 574 1886 γοίρους.
598 1831 747 1885 εἰσφέρει
768 1830 803 1868 83
823 1833 923 1867 τοῦτο
940 1829 1015 1866 ἀντὶ
1036 1828 1250 1880 δρυφάκτου,
1265 1827 1286 1873 ἢ

247 1895 434 1946 κιγκλίδος.
466 1895 499 1930 ἐν
525 1895 568 1942 τ7]
594 1889 819 1942 Λυσιστράτῃ
849 1892 950 1934 [1073]
971 1886 1085 1924 κλοιὸν
1107 1886 1284 1936 μᾶλλον
1265 1904 1287 1933 η

251 1954 431 1991 πάσσαλόν
452 1950 627 2003 ἐμφαίνει,
653 1951 698 1991 ὡς
720 1963 780 1985 και
797 1945 917 1983 τούτου
938 1944 1062 1994 ὁμοίως
1080 1922 1266 1994 λεγομένου
1279 1975 1288 1992 ,

251 2027 337 2049 οπου
354 2013 371 2048 ὁ
390 2012 504 2063 χοῖρος
522 2008 667 2045 δέδεται.
749 2005 892 2047 Ἄλλως.
912 2003 1034 2047 ἔξεισιν
1055 2005 1103 2039 8‘
1092 2002 1205 2054 ε’τερος
1221 2005 1288 2040 τῶν

251 2072 392 2109 οἰκετῶν
413 2067 488 2106 ἀντι
508 2066 710 2119 δρυφάκτων
727 2063 965 2116 χοιροκομεῖον
983 2061 1085 2113 ἔχων.
1107 2060 1180 2098 ἔστι
1198 2060 1232 2098 83
1251 2062 1290 2099 τὸ

199 2141 233 2165 30
252 2128 463 2178 καλούμενον
491 2128 652 2177 ζωγρεῖον
683 2121 870 2168 καννωτὸν,
893 2119 979 2158 ὅπου
1009 2121 1040 2156 οἱ
1069 2134 1180 2172 γοιροι
1209 2136 1289 2172 τρε-

251 2188 397 2240 φονται.)

305 2259 368 2284 846.
396 2245 466 2296 (ἀφ’
494 2241 637 2283 Ἑστίας
657 2238 879 2293 ἀρχόμενοςε
902 2236 963 2274 Ἐν
988 2234 1054 2288 γὰρ
1082 2237 1157 2279 ταῖς
1183 2252 1291 2275 σπον-

252 2305 326 2347 δαῖς
346 2302 402 2355 ἀφ’
423 2300 566 2342 Ἑστίας
589 2298 773 2370 &lffl’oku
803 2296 863 2333 καὶ
891 2310 997 2337 ουτως
1020 2296 1060 2332 ἐκ
1080 2297 1147 2331 τῶν
1177 2294 1292 2332 ἄλλων

252 2365 347 2400 θεῶν.
365 2377 410 2404 ως
429 2362 464 2397 ἐν
484 2357 651 2430 κωμῳδία
670 2355 705 2393 83
722 2358 739 2392 ὁ
758 2354 919 2407 θεράπων
937 2352 1052 2396 παίζει
1072 2352 1201 2404 φήσας,
1217 2355 1292 2391 ἐπι-

199 2438 232 2462 35
251 2420 362 2473 τρίψω
381 2417 469 2456 τινά.
491 2416 547 2454 ἐπὶ
572 2415 639 2467 γὰρ
658 2417 718 2451 τοῦ
735 2411 975 2464 χοιροκομείου
998 2410 1116 2461 μέλλει
1142 2411 1291 2456 δικάζειν

252 2482 270 2516 ὁ
294 2475 498 2516 Φιλοκλέων
527 2473 586 2511 καὶ
613 2471 854 2514 καταδικάζειν
882 2473 928 2512 ὡς
953 2469 1136 2521 φιλόδικος
1163 2469 1237 2507 ἔστι
1258 2470 1293 2507 83

252 2534 441 2587 παροιμία,
455 2532 511 2583 ἀφ’
530 2530 671 2572 Ἑστίας
689 2529 810 2580 ἄρχου.
826 2527 1073 2577 μετενήνεκται
1090 2526 1125 2563 83
1141 2527 1209 2564 ἀπὸ
1224 2530 1292 2564 τῶν

253 2609 334 2646 περι
350 2608 394 2629 τα
413 2589 489 2643 ιερὰ
507 2587 724 2638 καθημένων.
744 2589 787 2637 τῇ
807 2585 873 2637 γαρ
895 2584 1020 2623 Ἑστία
1043 2583 1105 2627 τὰς
1131 2585 1295 2643 ἀπαργὰς

255 2651 329 2693 ἔθος
354 2654 396 2694 ἠν
425 2650 608 2686 ποιεῖσθαι.
633 2668 685 2674 -
712 2644 771 2681 καὶ
800 2644 963 2713 ΣοφοκλΝ
942 2658 981 2686 ης
1009 2643 1042 2678 ἐν
1072 2641 1194 2693 Χρύσῃ
1224 2660 1240 2674 «
1266 2645 1294 2679 ὠ

203 2725 238 2750 40
256 2725 333 2761 πριι)
338 2724 379 2761 ρα
401 2706 522 2751 λοιὸἧς
549 2702 674 2742 ζΕι“)’τία
698 2701 779 2739 κλύε
767 2717 810 2744 αις
829 2701 929 2746 τάδε;
956 2718 972 2732 υ
989 2703 1028 2732 V-
1049 2722 1101 2727 —
1127 2703 1232 2748 μῦθον
1258 2699 1293 2736 δὲ

258 2765 441 2811 συνέθηκεν
469 2760 718 2815 Αριστόκριτος
744 2759 851 2801 οὕτως
880 2757 1017 2809 ἔγοντα.
1049 2755 1137 2806 μετὰ
1166 2756 1232 2807 γὰρ
1257 2757 1296 2794 τὸ

258 2825 493 2868 καταλυθῆναι
516 2819 578 2865 τὴν
598 2821 665 2855 τῶν
683 2816 842 2855 Ιιτάνων
869 2814 994 2868 ἀρχὴν,
1020 2814 1077 2852 τὸν
1106 2814 1211 2851 Δία
1194 2814 1294 2858 οεξά-

261 2898 360 2934 μενον
385 2880 447 2927 τὴν
479 2877 670 2931 βασιλείαν,
697 2875 891 2927 ἐπιτρέπειν
922 2873 1045 2924 Ἑστίᾳ
1071 2873 1173 2910 λαὸε
1145 2889 1192 2910 ειν
1218 2889 1236 2910 ο
1263 2889 1296 2910 τι

263 2940 429 2992 βούλοιτο.
448 2937 511 2984 τὴν
533 2935 568 2974 83
586 2938 722 2988 πριΝ)τον
741 2933 801 2984 μὲν
822 2931 1008 2984 παρθενίαν
1026 2933 1186 2977 αἰτῆσαι,
1208 2930 1296 2980 μετὰ

209 3013 243 3037 45
262 2997 297 3035 83
324 3013 386 3042 τνν
410 2994 596 3047 παρθενίαν
625 2990 788 3043 ἀπαρχὰς
817 2989 989 3040 θυομενων
1017 3005 1104 3040 αυτῃ
1134 2988 1298 3038 νέμεσθαι

262 3054 384 3106 πρώτη
404 3069 500 3105 παρα
515 3055 582 3089 τιΝ)ν
601 3050 801 3102 ἀνθρώπων.
823 3048 994 3101 κέχρηται
1011 3046 1045 3084 83
1062 3049 1104 3098 τ7]·
1125 3047 1298 3119 παροιμία

264 3128 324 3150 και
345 3111 528 3151 Πλάτων’
515 3126 548 3146 εν
565 3108 756 3160 Εὐθύφρονι
777 3107 823 3157 [p.
841 3120 874 3153 3,
891 3105 932 3155 A]
947 3123 962 3139 (ι
982 3104 1206 3156 βουλοίμην“λ
1190 3120 1250 3152 αν,
1270 3108 1298 3143 ὠ

267 3188 281 3203 ιι
304 3168 505 3220 Σώκρατες,
526 3166 599 3203 ἀλλ’
618 3166 756 3217 ὀρρωδῶ
777 3163 824 3214 μὴ
843 3162 1037 3201 τούναντίον
1053 3161 1206 3212 γένηται.
1227 3165 1301 3200 ἀτε-

268 3246 282 3261 «
303 3230 393 3278 χνῶς
408 3226 474 3277 γὰρ
495 3224 550 3276 ἀφ’
569 3224 711 3265 Ἑστίας
729 3224 822 3260 δοκεῖ
838 3237 895 3272 μοι
913 3221 1082 3273 ἄρχεσθαι
1098 3227 1300 3272 κακουργεῖν

216 3300 251 3325 50
268 3304 282 3318 ιι
302 3285 364 3331 τὴν
381 3283 492 3329 πόλιν,
511 3282 546 3320 σὲ
565 3283 750 3332 ἐπιχειρῶν
768 3281 908 3318 ἀδικεῖν.
930 3282 957 3330 »)
976 3303 1027 3309 --
1044 3295 1121 3317 τινα
1140 3293 1148 3318 :
1165 3279 1222 3317 τὸν
1239 3295 1301 3317 κα-

267 3344 517 3381 ταδικασθέντα
533 3339 700 3386 δηλονότι.
715 3349 753 3379 R.

322 3411 385 3438 847.
412 3397 528 3444 ἐπειδὴ
547 3396 734 3446 συνετίμων
752 3398 782 3435 οἱ
800 3395 971 3434 δικασταί.
985 3398 1021 3429 R.

1330 442 1406 479 ἀντι
1418 458 1476 480 του
1491 458 1530 479 TO
1545 458 1708 495 γραφείῡν
1722 459 1756 481 ev
1774 461 1802 481 ω
1819 444 1857 494 ἔγ
1861 461 1980 498 ραφῠν.
1984 447 1995 496 )

1381 514 1445 538 849.
1477 500 1580 549 (οἴμοι
1602 501 1814 554 διατρίψειςε
1834 502 2081 555 Ἐπειγόμενος
2097 507 2143 548 εἰς
2162 505 2201 543 τὸ
2217 505 2367 550 δικάζειν

1330 557 1433 610 φησὶ,
1455 557 1606 608 δύναμαι
1623 559 1682 596 καὶ
1701 559 1809 611 χωρὶς
1831 562 1994 614 γραφείου
2012 562 2171 611 δικάσαι,
2191 567 2261 607 τοῖς
2276 563 2368 609 ὄνυξι
2385 577 2403 604 5

1330 615 1393 662 τὴν
1413 619 1472 653 τοῦ
1496 616 1661 669 γραφείου
1678 617 1772 661 τάξιν
1791 620 2033 672 ἀποπληρῶν.)

1384 687 1448 713 850.
1480 675 1649 719 ἀλοκίζειν
1679 689 1687 714 :
1717 678 1892 728 ἀροτριᾶν.
1922 678 2104 727 (ἀλοκίζειν
2130 679 2169 717 τὸ
2196 682 2245 717 τιΝι)
2271 679 2370 731 ὄνυχι

1332 732 1473 785 γράφειν
1495 734 1540 776 εἰς
1558 734 1598 770 τὸ
1616 734 1798 783 τιμητικὸν
1820 734 1992 784 πινάκιον,
2012 735 2118 780 ουτως
2137 736 2285 789 εἴρηκεν,
2302 741 2371 775 οἷον

1334 790 1489 833 αὔλακας
1503 790 1644 841 σχίζειν.
1650 792 1660 840 )

1386 862 1450 887 852.
1483 850 1511 897 (ὁ
1531 848 1665 901 πρῶτός
1685 850 1778 887 ἐστιν
1799 860 1808 884 t
1832 850 1876 889 Ὁ
1901 853 2117 904 κατηγορῶν.
2136 854 2183 895 ὡς
2204 852 2375 905 φιλόδικος
2395 866 2429 891 ιο

1336 906 1371 944 83
1391 907 1600 960 φαντάζεται
1617 907 1812 958 εἰσαγωγήν
1825 923 1914 952 τινος
1929 909 2097 961 πρώτου.)

1388 978 1451 1003 853.
1480 965 1568 1016 (ὁτιὴ
1595 965 1804 1016 ’πιλαθόμην
1832 980 1841 1005 :
1869 967 1986 1004 Πάλιν
2016 966 2231 1020 ὑπερθέσεως
2259 968 2378 1021 καιρὸν

1335 1023 1496 1076 πορίζων,
1516 1024 1618 1076 φησὶν
1639 1025 1864 1070 ἐπιλελῆσθαι
1881 1040 1959 1068 τους
1975 1023 2185 1076 καδίσκους.)

1401 1096 1465 1120 855.
1509 1081 1716 1134 ἀρυστίχους
1750 1095 1758 1120 :
1796 1084 1806 1131 (
1826 1082 2026 1154 Ἀρύστιχος
2056 1082 2116 1120 καὶ
2149 1082 2288 1134 ἄρυστις
2320 1082 2380 1120 καὶ

1338 1138 1491 1191 ἀρυστὴρ
1515 1140 1525 1189 )
1558 1138 1696 1189 ἀγγεῖόν
1731 1140 1822 1176 ἐστιν
1856 1142 1884 1176 ὡ
1916 1138 2008 1176 ἔστιν
2040 1138 2254 1192 ἀρύσασθαι,
2289 1141 2299 1190 (
2318 1156 2380 1178 κο-
2402 1152 2434 1177 15

1337 1196 1479 1243 τύλη,
1461 1214 1483 1242 η
1506 1196 1641 1240 κύαθος.
1661 1206 1752 1248 εἰχον
1778 1195 1830 1243 83,
1848 1196 1970 1269 φησ)ν,
1989 1196 2112 1240 αὐτους
2134 1197 2219 1250 πρὸς
2233 1197 2295 1244 τὴν
2313 1199 2384 1235 δια-

1338 1255 1497 1308 ψήφισιν.
1521 1254 1731 1307 ἀρυστίχους
1752 1254 1786 1292 83
1804 1255 1860 1298 οὓς
1880 1255 1987 1293 ενίοτε
2006 1255 2242 1299 κοτυλίσκους.
2299 1256 2383 1294 Ἄλ-

1338 1316 1417 1356 λως.
1434 1314 1638 1365 ἀρυστίχους
1653 1312 1730 1356 τοὺς
1743 1313 1917 1364 οἰνοχόους
1932 1314 2080 1365 εἴρηκεν,
2096 1313 2165 1351 ἀπὸ
2179 1318 2238 1351 τοῦ
2254 1314 2383 1367 ἀρύειν·

1340 1372 1432 1410 ἔνθεν
1452 1371 1512 1409 καὶ
1539 1371 1720 1422 ἀρύταινα.
1743 1370 1859 1420 ἔλεγον
1881 1370 1917 1408 83
1935 1371 1994 1409 καὶ
2015 1371 2142 1423 ἔφηὸον
2167 1371 2207 1409 τὸ
2231 1376 2385 1410 τοιοῦτον

1341 1434 1472 1472 σκεῦος.
1499 1429 1591 1476 ἥὸην
1617 1428 1684 1481 γὰρ
1705 1431 1735 1467 οἱ
1760 1429 1906 1467 παλαιοὶ
1930 1429 1970 1467 τὸ
1993 1428 2181 1481 τέρπεσθαι
2205 1429 2297 1467 κατὰ
2322 1429 2383 1473 τὰς
2403 1441 2438 1466 20

1342 1488 1491 1540 εὐωχίας
1507 1487 1774 1540 προσηγόρευον.
1794 1487 1854 1524 καὶ
1877 1490 1895 1525 ὃ
1910 1486 2056 1533 ποιητὴς
2072 1487 2185 1526 τοίνυν
2206 1487 2275 1525 ἀπὸ
2295 1487 2385 1524 ταύ-

1341 1563 1404 1593 της
1420 1550 1482 1593 τῆς
1503 1546 1616 1589 αἰτίας
1636 1545 1700 1592 τὴν
1716 1544 1835 1591 εἨἕην
1857 1545 2112 1593 συνεστήσατο,
2131 1545 2192 1583 καὶ
2210 1545 2267 1583 διὰ
2282 1550 2386 1584 τοῦτο

1342 1609 1413 1649 τοῖς
1427 1606 1513 1648 θεοῖς
1532 1606 1756 1656 οἰνοχοοῦσαν
1771 1604 2043 1657 παρεισήγαγεν,
2065 1604 2194 1642 οἰκείαν
2214 1608 2258 1657 τῇ
2281 1620 2388 1642 τετα-

1342 1663 1452 1715 γμένῃ
1471 1662 1630 1700 ὑποθέσει
1645 1661 1708 1708 τὴν
1723 1661 1939 1713 λειτουργίαν
1955 1664 2043 1714 αὐτῇ
2060 1662 2331 1715 προσμερίζων.)

1397 1736 1460 1761 857.
1491 1720 1696 1773 (κλεψύδρας
1720 1733 1729 1758 :
1758 1719 1949 1772 Κλεψύδρα
1976 1720 2086 1773 κρήνη
2107 1722 2142 1758 ἐν
2161 1723 2205 1772 τῇ
2226 1720 2386 1772 Ἀττικῇ,
2407 1733 2441 1759 25

1344 1779 1420 1826 ἥτις
1443 1777 1613 1829 Ἐμπεδὼ
1641 1777 1932 1830 προσηγορεύετο.
1959 1777 2122 1828 σημαίνει
2148 1777 2184 1816 83
2206 1777 2247 1815 τὸ
2267 1784 2389 1823 σκεῦος

1345 1839 1430 1888 νῦν.)

1398 1909 1460 1934 858.
1490 1894 1548 1940 ἡδὶ
1571 1893 1608 1931 δέ
1635 1906 1644 1932 :
1669 1892 1840 1943 (Μήποτε)
1861 1892 1901 1930 τὸ
1921 1894 2048 1931 αἰδοῖον
2072 1894 2192 1945 (αὐτῷ)
2220 1894 2390 1933 δείκνυσιν

1349 1956 1379 2004 (ὃ
1395 1951 1610 2006 πρεσὸύτης,
1627 1950 1678 1989 ὅτι
1699 1950 1792 2004 οὔρει
1806 1954 1851 1994 ὡς
1865 1954 1886 1997 ἡ
1904 1950 2092 2003 κλεψύδρα.
2113 1952 2195 2002 ἀμὶς
2212 1951 2280 2005 γὰρ
2296 1955 2391 2005 αὐτῷ

1347 2011 1583 2062 παράκειται).
2409 2021 2444 2046 30

1400 2084 1462 2108 859.
1492 2066 1742 2119 κάπιχωρίωςε
1767 2061 1865 2117 (Οῖον
1892 2069 2098 2110 σκωπτικῶς
2122 2068 2182 2105 καὶ
2201 2068 2391 2121 φλυάρως.)

1348 2125 1532 2178 επιχώριον
1555 2125 1623 2177 γὰρ
1648 2140 1689 2171 ην
1710 2125 1824 2167 αὐτοις
1850 2123 1889 2161 τὸ
1911 2123 2110 2174 (σκώπτειν
2139 2124 2222 2175 καὶ)
2244 2125 2392 2174 παίζειν,

1351 2186 1400 2235 (ἐκ
1419 2184 1549 2228 πολλῆς
1566 2182 1728 2229 εἰδήσεως
1750 2185 1809 2219 τοῦ
1831 2181 2098 2232 Ἑλληνισμοῦ).

1401 2256 1465 2281 861.
1500 2240 1675 2293 (μυρρίνας
1692 2253 1700 2278 :
1722 2239 1915 2292 Μυρρίναις
1930 2238 1998 2292 γὰρ
2019 2241 2268 2293 ἐστεφανοῦντο
2283 2243 2315 2279 οἱ
2331 2242 2393 2295 ἄρ-

1348 2316 1479 2352 χοντες.
1497 2300 1556 2337 καὶ
1580 2300 1765 2350 μυρρινῶν,
1784 2299 1895 2349 ἀρχῆς
1913 2299 2117 2348 ἐπιθυμῶν).
2412 2307 2447 2334 35

1402 2372 1464 2396 862.
1498 2357 1602 2408 (ὅπως
1630 2356 1671 2394 ἂν
1691 2355 1917 2405 εὐξώμεσθα;
1942 2355 2007 2398 ςΩς
2025 2355 2082 2393 ἐπὶ
2111 2355 2274 2407 μεγίστου
2303 2357 2394 2409 πρά-

1349 2432 1482 2468 γματος
1495 2414 1730 2467 τερατεύεται.
1743 2416 1774 2451 οἱ
1786 2413 1853 2465 γὰρ
1867 2414 2122 2465 ἐπιχειροῦντες
2135 2413 2182 2457 εἴς
2196 2429 2229 2452 τι
2245 2420 2394 2468 πρᾶγμα

1351 2473 1490 2511 εἰώθασι
1505 2477 1575 2515 τοῖς
1589 2474 1676 2514 θεοῖς
1690 2469 1794 2521 εὐχὰς
1807 2473 1918 2507 ποιεῖν
1935 2471 1994 2508 καὶ
2008 2470 2152 2521 θυσίας.)

1404 2544 1466 2569 863.
1497 2529 1577 2582 [καὶ
1593 2528 1661 2579 μὴν
1676 2529 1776 2578 ἡμεῖς
1791 2527 1848 2565 ἐπὶ
1865 2533 1939 2570 ταῖς
1955 2529 2118 2571 σπονδαῖς
2134 2541 2144 2567 :
2162 2527 2208 2567 ‘H
2223 2527 2395 2578 ἀμοιῧαία

1352 2589 1438 2636 αὕτη
1455 2587 1609 2641 περίοδος
1627 2587 1734 2624 ἔοικεν
1751 2585 1883 2623 ἐκθέσει
1902 2587 2041 2632 διπλης·
2062 2585 2114 2623 διὸ
2132 2585 2192 2623 καὶ
2211 2585 2252 2623 τὸ
2274 2601 2390 2638 παρα·
2412 2595 2449 2622 ⁴0

1351 2645 1544 2684 τελευτον”
1525 2662 1540 2682 ε
1543 2660 1598 2696 732
1615 2646 1740 2682 κῶλον.
1756 2642 1829 2680 ἔστι
1841 2647 1921 2693 γοῦν
1938 2643 2106 2695 περιόδων
2117 2645 2238 2702 τριῶν,
2251 2643 2311 2681 καὶ
2328 2642 2394 2681 εἰσὶ

1352 2708 1413 2750 τῆς
1441 2703 1582 2756 πρώτης
1605 2701 1763 2753 περιόδου
1793 2702 1889 2737 κῶλα
1913 2699 2085 2753 τέσσαρα,
2113 2704 2161 2738 ὡν
2189 2701 2229 2738 τὸ
2257 2703 2394 2753 πρῶτον

1354 2761 1604 2800 ἀναπαιστικὸν
1623 2758 1805 2811 τρίμετρον
1828 2757 2084 2805 ἀκατάληκτον.
2105 2758 2149 2796 τὰ
2165 2758 2241 2805 ἑξῆς
2261 2758 2321 2797 δύο
2341 2759 2396 2797 δί-

1355 2836 1464 2873 μετρα
1477 2818 1718 2864 ἀκατάληκτα.
1731 2817 1770 2854 τὸ
1780 2816 1942 2869 τέταρτον
1955 2816 2112 2870 δίμετρον
2127 2818 2395 2865 καταληκτικὸν,

1353 2879 1430 2925 ἤτοι
1456 2874 1669 2945 ἑφθημιμερὲ
1673 2892 1706 2921 ς,
1732 2874 1749 2912 8
1775 2876 1933 2912 καλεῖται
1954 2874 2201 2930 παροιμιακόν.
2229 2876 2304 2925 μεθ’
2321 2875 2372 2913 δ’
2359 2891 2394 2913 εν
2413 2882 2448 2908 45

1355 2936 1499 2975 εἷσθέσει
1515 2934 1677 2985 ἰαμῦικὸς
1691 2932 1871 3006 τρίμετρος
1887 2933 2140 2980 ἀκατάληκτος.
2156 2937 2219 2977 τῆς
2236 2933 2396 2986 δευτέρας

1355 2994 1513 3046 περιόδου
1534 2994 1630 3030 κῶλα
1651 2991 1703 3036 ἓξ,
1728 2995 1774 3028 ὧν
1795 2990 1833 3028 τὸ
1860 2994 1996 3043 πρῶτον
2019 2990 2154 3041 ὅμοιον,
2180 2990 2219 3028 τὸ
2239 2989 2394 3045 δεύτερον

1357 3050 1605 3106 ἑφθημιμερὲς,
1628 3049 1671 3087 τὰ
1701 3051 1776 3095 ἑξῆς
1802 3049 1881 3101 τρία
1911 3049 2054 3102 δίμετρα
2084 3049 2331 3096 ἀκατάληκτα,
2355 3049 2396 3088 τὸ

1357 3111 1453 3149 ἕκτον
1471 3108 1734 3176 πενθημιμερές.
1755 3110 1815 3153 τῆς
1833 3107 1951 3171 τρίτης
1973 3106 2132 3172 περιόδου
2158 3107 2394 3145 ἀναπαιστικὰ

1358 3163 1486 3201 κῶλα
1468 3161 1569 3207 δέκα,
1584 3165 1630 3199 ὡν
1646 3160 1690 3197 τὰ
1706 3175 1828 3212 πρωτα
1845 3159 1999 3210 τέσσαρα
2011 3159 2228 3211 τετράμετρα
2244 3160 2394 3206 καταλη-
2413 3171 2448 3197 50

1358 3220 1477 3266 κτικὰ,
1494 3219 1533 3256 τὸ
1546 3219 1571 3256 ε’
1587 3218 1686 3261 καις’
1701 3218 1867 3269 τρίμετρα
1882 3217 2131 3266 ἀκατάληκτα,
2146 3215 2225 3260 τὸζ’
2237 3216 2392 3263 καὶτὸη’

1360 3278 1503 3330 δίμετρα
1523 3276 1768 3322 ἀκατάληκτα,
1787 3275 1825 3313 τὸ
1848 3276 1876 3313 θ’
1904 3273 2137 3320 ἀναπαιστικὴ
2160 3273 2275 3325 βάσις,
2295 3273 2314 3311 ὃ
2335 3274 2394 3311 καὶ

1359 3334 1614 3387 παρατέλευτον
1638 3334 1860 3383 ὀνομάζεται,
1877 3333 1916 3370 τὸ
1936 3333 1972 3370 83
1997 3332 2018 3369 ι’
2038 3332 2077 3370 τὸ
2093 3350 2109 3365 κ
2128 3331 2191 3378 τὴν
2211 3331 2395 3383 ἀκαλήφην

1360 3392 1565 3445 ἀφελέσθαι,
1592 3409 1605 3424 »
1634 3391 1792 3442 δίμετρον
1811 3389 2076 3435 καταληκτικόν.
2097 3389 2147 3442 ἐφ’
2172 3388 2302 3440 ἑκάστῃ
2327 3404 2394 3426 πε-
