2517 3792
1160 158 1318 197 PACIS.

185 263 300 301 quam
319 261 393 286 om.
414 252 480 295 G.,
507 247 702 285 reserenda
719 246 765 284 ad
784 260 816 283 v.
839 247 1016 293 337-345
1034 244 1081 296 μή
1102 260 1198 282 τι-

185 320 403 374 κεκραγέναι.
424 324 544 358 Dmn.
561 351 602 358 ..
628 334 647 366 7
663 317 806 371 πρόοδος
829 320 920 357 ἐστὶν
938 321 976 357 ἐκ
999 309 1110 357 διστιχ
1128 321 1171 354 V.

241 382 328 426 347,
357 379 404 415 25
430 377 673 429 στρατηγήσας
698 392 771 415 om.
803 378 938 414 suidas
959 393 985 415 5.
1014 375 1198 429 Φορμίων.

187 439 291 477 Idem
308 437 398 479 λιτὸς
413 436 447 473 δὲ
468 431 508 482 ἦν
528 436 586 473 καὶ
600 467 609 483 ,
627 445 663 474 et
683 445 729 475 27
746 435 987 486 ἐξησκημένοι,
1005 446 1041 473 ct
1060 437 1107 472 28
1129 436 1202 472 Τα-

189 496 357 547 ξιοίρχαις,
379 496 558 532 omittens
590 509 637 544 29
659 509 714 543 sq.
746 495 987 547 παρ’-φησίν.
1020 493 1201 544 μανθάνων

187 554 369 603 Bergkius
385 556 598 589 Comment.
621 553 666 589 dc
684 556 788 590 Com.
812 557 888 589 ΛΠ.
911 567 948 602 p.
974 554 1060 589 361.
1080 556 1201 599 Lege-

188 612 302 648 batur
323 610 544 660 μανθάνιι).-
559 612 607 647 30
625 613 843 662 στρατηγιῶν
860 611 1022 660 conjecit
1040 609 1204 647 Meinek.

188 674 294 710 Com.
321 675 350 716 Ι,
372 685 410 721 p.
437 671 624 707 526.—31
648 671 765 717 κοίτην
781 671 965 708 excidisse
984 678 1091 721 putat
1116 668 1206 705 Mei-

188 730 271 767 nek.
295 730 319 765 l.
343 743 374 766 c.
396 742 431 779 p.
465 729 551 766 528.
586 728 750 770 στιὸάδας
779 731 959 778 Bergkius
991 730 1015 765 l.
1053 742 1097 772 c.;
1130 739 1206 775 quo

189 798 344 840 recepto
362 791 505 826 lacuuae
529 790 633 839 sigua
651 789 806 826 delenda
838 797 955 828 eraut.
981 788 1110 825 Codex
1133 801 1206 822 στι-

190 847 305 890 ὅάδος.
336 847 482 900 φάγοιμι
505 848 651 884 Suidas.
688 846 831 899 φύγοιμι
858 856 894 883 et
923 846 956 889 ἐξ
977 845 1057 882 ὅσου
1081 844 1208 880 Suidae

190 906 274 942 cod.
295 906 413 943 Paris.
436 911 487 941 A:
509 906 647 955 reliqui
671 905 759 941 libri
779 903 906 946 ἑξότου.
927 903 1034 956 φύγον
1056 902 1205 939 Suidas.

191 965 300 1017 φάγον
318 968 363 1002 V.
388 964 595 1013 Sequentia
617 976 694 1000 om.
716 962 863 998 Suidas.
881 984 921 990 ——
936 963 981 1004 34
1006 963 1032 1014 ρ’
1061 966 1147 1011 μνᾶς
1173 968 1210 997 et

194 1024 242 1060 38
269 1022 298 1075 ρ’
319 1024 412 1073 μνῶν
432 1022 624 1071 Bergkius.
653 1020 750 1056 Vide
770 1019 989 1056 Boeckhium
1019 1033 1078 1070 ap.
1112 1019 1211 1056 Mei-

192 1082 265 1118 nek
309 1094 347 1130 p.
376 1080 448 1125 527
471 1092 527 1128 sq.
550 1077 743 1115 Edebatur
762 1078 910 1130 ῥάμνους
929 1077 1085 1130 (ῥάμνας
1100 1077 1159 1127 V.)
1175 1086 1211 1113 et

194 1138 403 1191 ῥάμνων.-
421 1138 466 1180 34
491 1135 629 1182 εὐθύνης
655 1140 700 1173 G.
730 1136 879 1187 εὐθύμης
907 1140 950 1174 V.
966 1166 1018 1170 -.-
1039 1138 1085 1173 38
1118 1138 1210 1186 μνῶν

192 1196 311 1233 θυσίαν
334 1197 394 1232 τοῦ
419 1192 587 1231 Διονύσου
618 1194 768 1231 Boeckh.
799 1194 821 1231 l.
838 1209 871 1231 c.
892 1216 934 1221 ——
954 1201 1001 1238 42
1019 1194 1210 1244 Ἀταλάντῃ

191 1254 290 1291 infra
307 1261 393 1302 post
413 1252 582 1304 Κρατῖνος
601 1253 738 1289 lectum
764 1252 838 1289 huc
857 1254 1096 1303 transposui,
1118 1253 1213 1289 indi—

193 1318 276 1350 cata
292 1310 371 1347 illic
402 1310 548 1346 lacuna.
572 1313 666 1346 Nam
698 1311 875 1347 Atalanta
902 1310 1096 1347 Strattidis
1124 1310 1211 1355 fuit,

194 1369 340 1408 Cratini
359 1382 453 1406 vero
478 1368 616 1405 fabulae
631 1382 772 1405 nomen
791 1369 945 1405 excidit.
964 1372 1125 1405 D1Nn.-
1142 1369 1214 1412 45-

193 1433 240 1472 47
260 1428 301 1464 in
324 1431 370 1464 R.
392 1435 449 1464 est
477 1426 538 1468 τὰς
556 1426 769 1477 χαμευνίδας
788 1425 826 1468 ἃς
844 1426 1031 1479 ὑφίσταντο
1057 1428 1087 1464 οἱ
1107 1426 1215 1464 πολέ-

194 1500 278 1535 μιοι.
306 1484 386 1537 περὶ
412 1483 447 1522 δὲ
474 1488 532 1521 τοῦ
554 1484 762 1536 Φορμίωνος
793 1486 972 1536 πολλαχοῦ
1005 1484 1139 1537 εἴρηται
1161 1484 1214 1523 ὅτι

193 1543 318 1594 ἀγαθὸς
341 1542 475 1594 ἐγένετο
492 1542 695 1594 στρατηγός.
724 1543 783 1580 καὶ
802 1545 835 1581 ἐν
856 1550 930 1587 ταῖς
949 1544 1034 1594 [sic]
1056 1543 1213 1588 Ταξιας-

190 1607 273 1654 χαῖς
291 1601 327 1639 δὲ
345 1601 484 1654 φέρεται
503 1603 548 1643 ὡς
568 1601 726 1644 ἐπίπονος
746 1606 791 1639 R.

250 1661 339 1703 353,
359 1674 379 1696 2
403 1661 450 1703 εἷς
467 1658 529 1705 τὴν
546 1659 646 1696 πόλιν
664 1661 746 1698 Ald.
768 1660 807 1698 τὸ
824 1670 862 1697 et
883 1660 918 1698 δὲ
934 1669 971 1698 et
993 1667 1013 1705 4
1033 1659 1122 1704 τινὲς
1138 1675 1212 1698 oni.

193 1722 291 1756 R.—
306 1719 327 1754 5
345 1717 500 1767 ἐγένοντο
517 1721 563 1754 V.
589 1716 645 1755 διὰ
665 1718 704 1756 τὸ
723 1724 818 1756 πᾶσα
837 1722 970 1756 κεῖσθαι
991 1724 1034 1757 R.
1050 1743 1091 1750 -
1104 1720 1126 1755 6
1146 1721 1214 1756 τῶν

192 1775 291 1827 μάλα
313 1775 403 1812 libri
418 1776 541 1813 Suidae
555 1776 819 1814 deteriores.—
831 1792 850 1824 7
869 1776 904 1815 δὲ
920 1777 992 1830 δορὶ
1013 1776 1072 1814 σὺν
1094 1778 1214 1815 ἀσπίδι

193 1834 328 1872 codex.
348 1834 405 1871 lb.
433 1833 572 1885 Ἀχαιοῦ
595 1835 634 1871 ἐκ
658 1834 807 1885 Μώμου.
832 1837 938 1873 Idem
963 1836 1077 1873 tradit
1097 1837 1214 1874 schol.

193 1896 310 1942 Vesp.
343 1893 454 1930 1081.
477 1892 752 1932 Choeroboscus
783 1894 942 1931 Bekkeri
964 1908 1000 1944 p.
1035 1896 1131 1937 1364
1151 1911 1158 1931 ε
1179 1893 1216 1931 τὸ

193 1949 258 1988 σὺν
279 1949 370 2003 δόρει
393 1949 453 1988 σὺν
475 1950 614 1999 ἀσπίδι,
635 1950 718 2003 ὅπερ
744 1951 989 2004 Ἀριστοφάνης
1009 1951 1214 2005 παρεμφαί-

194 2024 246 2047 νει
265 2011 299 2047 ἐν
318 2009 451 2061 Εἰρήνῃ
473 2011 507 2046 ἐν
526 2009 653 2062 Μώμῳ
673 2010 889 2062 Σοφοκλέους
910 2011 1154 2063 προκείμενον,
1172 2013 1217 2053 ὡς

195 2067 263 2106 ἀπὸ
294 2071 355 2105 τοῦ
387 2066 484 2120 δόρος
516 2068 618 2106 ἐστίν.
660 2070 790 2106 Achaei
828 2071 1047 2119 tragoediam
1081 2071 1216 2120 Μῶμον

196 2126 352 2165 aliunde
378 2139 457 2163 non
482 2127 601 2164 novi:
624 2136 758 2164 contra
789 2129 988 2177 Sophoclis
1014 2130 1147 2178 Μῶμος
1171 2142 1217 2166 ex

197 2185 343 2233 aliquot
376 2184 609 2233 scriptorum
658 2186 884 2223 testimoniis
928 2187 1103 2236 cognitus
1147 2195 1215 2225 est.

197 2245 382 2280 Dan.-
400 2255 424 2290 9
445 2240 518 2293 δορὶ
538 2242 672 2282 codex.

251 2301 341 2345 362,
364 2300 408 2335 15
426 2298 555 2336 τούτων
577 2304 620 2338 R.
636 2309 672 2337 et
688 2314 764 2338 om.
781 2301 886 2352 λέγει.

253 2359 345 2406 363,
369 2371 414 2394 21
435 2359 656 2409 κρεωπωλεῖν
677 2360 763 2397 Ald.
778 2382 830 2388 —
845 2374 890 2407 27
914 2361 1068 2398 Κιλικῶν
1089 2364 1133 2398 V.
1158 2362 1218 2398 hic

197 2425 236 2454 et
255 2417 356 2454 infra
381 2425 634 2467 praeterquam
664 2418 704 2455 in
729 2419 824 2456 locis
855 2419 978 2456 tribus
1005 2421 1217 2470 postremis.

199 2474 376 2514 Κιλλικών
397 2475 540 2512 dicitur
557 2476 659 2526 apud
682 2477 839 2514 Suidam
857 2491 884 2514 s.
906 2478 942 2514 h.
965 2491 1011 2524 v.‚
1030 2479 1217 2516 Καλλικῶν

198 2547 228 2571 s.
250 2535 438 2585 Πονηροῖς,
453 2542 490 2570 et
510 2533 696 2571 Καλλίκων
717 2549 744 2572 s.
761 2536 797 2573 h.
815 2550 850 2572 v.
870 2535 965 2587 ὁγάρ
984 2537 1217 2574 Dindorfius.

198 2591 414 2641 Legebatur
432 2592 470 2629 οὗ
489 2591 567 2644 γάρ.
583 2615 635 2620 ——
652 2607 700 2641 29
723 2593 933 2644 Θεόπομπος
956 2595 1144 2631 Prellerus
1162 2599 1220 2633 De

198 2650 404 2688 Polemone
418 2664 454 2700 p.
470 2651 584 2699 59.—
598 2652 640 2687 31
657 2646 763 2704 εἴρων
781 2653 864 2703 [sic]
876 2652 977 2705 φασὶν
994 2653 1095 2690 αὐτὸν
1108 2657 1150 2691 V.
1168 2648 1220 2691 εῧ-

201 2723 257 2760 ρον
269 2707 370 2746 αὒτὸν
388 2707 473 2759 φησὶ
488 2713 533 2747 G.
546 2730 594 2737 —-
612 2711 658 2748 32
675 2709 793 2760 μέλλει
810 2712 917 2749 Suid.
933 2726 960 2748 s.
977 2712 1218 2750 Κιλλικῶν.-

203 2768 250 2812 37
269 2767 489 2818 κρεωπωλεῖν
511 2768 703 2804 codex.—-
724 2770 771 2812 46
789 2770 955 2818 Θεόγενες
973 2775 1019 2808 V.
1038 2780 1075 2808 et
1094 2771 1219 2811 Suidae

202 2824 323 2860 codex
355 2825 473 2862 Paris.
508 2829 542 2863 A
578 2826 664 2877 (qui
700 2826 882 2878 θεογενές).
914 2832 1137 2866 Col-rectum
1173 2844 1219 2867 ex

203 2882 348 2919 scholio
366 2885 586 2921 Ravennate
611 2893 648 2921 et
666 2885 786 2923 tribus
812 2887 938 2924 Suidae
954 2887 1002 2937 (s.
1023 2890 1218 2940 Πονηροῖς)

205 2938 415 2977 codicibus.
451 2941 634 2992 Θειάγενες
665 2944 791 2981 Suidae
819 2945 879 2982 ed.
906 2946 1069 2985 ,Medioh
1110 2947 1218 2999 κόψῃς

204 3002 251 3036 R.
266 2997 375 3049 κόψας
393 3002 438 3035 V.
462 2998 585 3050 κόψαις
608 3002 754 3039 Suidas.
782 3003 1026 3048 Καλικόωντος
1045 3010 1088 3043 V.
1118 3008 1218 3044 Καλ-

204 3055 389 3097 λικόωντος
412 3057 556 3094 Suidas.
580 3059 698 3097 Recte
715 3061 831 3099 schol.
852 3066 1005 3100 Rav.—
1019 3070 1069 3112 49
1086 3068 1220 3102 πυνθα-

206 3112 352 3163 νομένου
372 3114 519 3151 Suidas.
548 3117 801 3166 πυνθανόμενον
825 3123 868 3157 V.
891 3142 944 3148 —
968 3121 1015 3158 50
1032 3122 1218 3159 Καλλίκων

207 3175 253 3208 V.
279 3171 466 3209 Καλλικῶν
487 3172 632 3213 SuidaS.
654 3177 800 3214 Deinde
827 3176 924 3230 παρὰ
947 3177 1009 3224 τὴν
1028 3180 1218 3232 παροιμίαν

210 3228 454 3266 scribendum
475 3238 584 3279 putat
606 3231 782 3271 Dindorf.
797 3262 848 3267 -
863 3249 884 3272 2
909 3235 1063 3274 Κιλίκων
1084 3239 1219 3276 Suidas

208 3300 237 3324 S.
257 3287 295 3324 h.
315 3300 352 3323 v.
374 3290 501 3339 τροφῆς
518 3291 564 3326 G.
578 3311 628 3316 ——
645 3296 664 3333 4
687 3289 722 3328 δὲ
751 3305 825 3329 om.
854 3297 898 3330 R.
913 3295 986 3330 -5
1013 3295 1071 3332 καὶ
1092 3295 1218 3333 Λάκων

210 3345 312 3383 Κιλλ.
327 3345 579 3384 Schneiderus
600 3351 656 3385 De
677 3349 805 3388 scholl.
826 3354 891 3388 Ar.
914 3365 950 3401 p.
969 3366 1030 3400 92.
1053 3348 1101 3396 οἷς
1121 3355 1217 3406 προδ.

2208 160 2284 194 469

1258 248 1302 281 V.
1320 271 1370 276 —
1387 258 1406 292 7
1428 245 1601 294 ἐπήγαγεν
1627 244 1703 281 ἀλλ’
1724 246 1819 280 V.—
1834 243 1855 279 8
1873 242 1978 279 addit
1994 245 2037 280 R.
2057 241 2197 293 ὕστερον
2219 243 2280 293 μὲν

1260 297 1315 338 οἶν
1337 300 1431 353 παρὰ
1446 301 1641 351 Θεαγένους
1666 303 1821 348 εἷο-ἦλθεν
1839 300 2057 351 ὠνησόμενος
2082 301 2188 353 κρέα,
2209 302 2280 338 κά-

1261 366 1369 402 κεῖνος
1387 361 1561 404 ὑποδεῖξαι
1581 361 1758 398 ἐκέλευσεν
1779 360 1881 398 ποὈεν
1902 359 2009 413 κόψαι
2023 359 2125 398 Οέλει.
2145 360 2280 413 προτεί-

1262 434 1320 460 νας
1342 418 1376 456 δὲ
1393 422 1435 469 τῇ
1453 420 1543 470 χειρὶ
1562 420 1816 470 (προτείναντος
1837 418 1871 456 δὲ
1889 419 1951 465 τὴν
1976 425 2077 472 χεῖρα
2095 421 2230 457 Suidas
2249 434 2278 457 s.

1268 476 1454 526 [Ιον-ηροῖς)
1475 476 1647 526 ἀπέκοψεν
1668 477 1729 523 τὴν
1751 479 1872 514 ἑαυτοῦ
1895 478 2023 528 (scrib.
2044 479 2164 530 αὐτοῦ)
2181 485 2282 531 χεῖρα

1265 533 1323 569 καὶ
1347 529 1439 570 εἶπεν
1451 564 1460 581 ,
1478 535 1585 586 ταύτῃ
1604 551 1663 572 σου
1681 538 1722 584 τῇ
1743 534 1831 586 χειρὶ
1850 537 1886 571 οὐ
1913 535 1960 585 μὴ
1982 536 2164 588 προδώσης
2181 537 2281 574 πόλιν

1267 590 1396 643 ἑτέραν.
1413 592 1588 642 μέμνηται
1606 593 1663 630 καί
1686 593 1930 643 Καλλίμαχος,
1952 613 1966 626 «
1993 594 2040 643 μὴ
2062 594 2103 632 σύ
2120 611 2159 645 γε
2177 595 2262 634 Θειό
2277 617 2284 622 -

1267 663 1360 698 γενες
1378 650 1486 702 κόψῃς
1499 651 1586 702 χέρα
1607 651 1875 693 Κιλλικόωντος.
1896 670 1909 683 »

1323 715 1411 759 364,
1433 730 1476 751 10
1493 715 1730 752 scribebatur
1752 715 1846 753 ὅταν.
1861 744 1910 750 —-
1927 732 1940 753 1
1955 732 1966 753 1
1989 717 2124 769 ἡμέραν
2145 733 2218 755 om.
2242 722 2283 754 V.

1270 776 1394 824 spatio
1415 789 1550 822 x‘acuo,
1571 779 1615 813 G.
1638 777 1718 813 sinc
1736 777 1870 826 spatio.
1886 799 1935 806 -—-
1955 791 1997 813 12
2019 780 2067 829 τῷ
2087 779 2284 829 κληροῦντι,

1276 836 1317 869 13
1335 835 1397 882 ἧμ.
1419 833 1464 879 δὲ,
1489 840 1529 877 14
1553 834 1685 880 ἐπειδὴ,
1711 836 1754 871 16
1772 834 2005 884 δικαζομένων
2024 839 2067 873 V.
2092 845 2129 872 et
2154 851 2194 883 ¹7
2212 850 2285 873 0111.

1270 889 1389 928 ὅτι.-
1409 894 1453 929 18
1475 893 1630 938 ποιήσεις
1645 897 1687 930 G.
1701 892 1849 939 ποιήσης
1866 898 1910 931 R.
1926 897 1968 930 V.

1327 957 1414 1004 365,
1442 970 1486 994 21
1510 957 1548 995 τὸ
1565 973 1638 1010 πρ.,
1663 972 1710 994 22
1739 973 1824 1010 φησι
1846 959 1913 995 δεῖν
1941 960 2039 996 καλεῖ
2060 963 2103 995 V.
2121 959 2187 995 δεῖν
2206 974 2289 1011 φησι

1271 1015 1388 1051 καλεῖν
1406 1018 1450 1053 G.
1468 1031 1553 1068 φησι
1573 1017 1692 1053 καλεῖν
1711 1017 1761 1053 δεῖ
1782 1017 1864 1054 Ald.

1328 1081 1415 1129 369,
1437 1083 1484 1119 32
1506 1081 1544 1119 τὸ
1561 1081 1740 1133 ἐπιτρίψαι
1757 1085 1798 1118 V.
1824 1082 1908 1119 Ald.

1328 1146 1402 1191 370
1432 1147 1520 1184 Ald.
1546 1145 1901 1198 πάλιν-ἐχρήσατο,
1923 1146 2049 1183 ὡσανεὶ
2070 1148 2119 1197 τῷ
2148 1145 2290 1196 τελείῳ,

1273 1201 1334 1248 τὴν
1355 1202 1459 1255 ὀργὴν
1478 1206 1580 1241 αὐτοῦ
1601 1201 1866 1256 καταπραῧνων.
1887 1204 2020 1248 παίζων
2041 1199 2098 1242 οἶν
2121 1198 2226 1242 εἶπεν.
2249 1225 2292 1231 -

1276 1262 1323 1298 36
1337 1261 1400 1307 τὴν
1422 1262 1509 1309 θεὸν,
1531 1263 1570 1301 τὸ
1586 1265 1718 1314 γελοῖον
1738 1264 1784 1302 V.
1805 1265 1854 1315 τῷ
1870 1263 1995 1315 γελοίῳ
2018 1267 2062 1300 G.

1329 1328 1417 1374 374,
1438 1334 1484 1375 47
1501 1328 1606 1381 λέγει.
1629 1330 1680 1366 δεῖ
1703 1327 1769 1381 γδιρ
1791 1329 1965 1378 μυηθῆναί
1986 1344 2029 1379 με
2060 1328 2141 1381 πρὶν
2174 1331 2295 1374 τεθνη-

1274 1384 1382 1423 κέναι.
1399 1386 1480 1438 πρὶν
1496 1391 1540 1424 R.

1329 1445 1418 1492 376,
1439 1447 1484 1482 52
1504 1448 1521 1483 ὃ
1538 1460 1612 1483 om.
1627 1450 1672 1484 R.
1891 1475 1922 1494 αι

1330 1504 1425 1550 380,
1459 1505 1528 1550 3-7
1560 1504 1719 1551 ἐπίτηδες
1749 1502 2294 1556 τραγικοῖς-λακήσομαι,ἀντ“ι

1274 1564 1333 1597 τοῦ
1357 1564 1533 1614 σαφηνιῶ,
1554 1563 1575 1599 ὅ
1592 1564 1666 1600 ἐστι
1687 1562 1847 1608 δηλώσω.
1869 1564 1978 1615 τορῶς
1999 1563 2064 1615 γὰρ
2092 1564 2211 1612 σαφῶς
2235 1562 2294 1599 καὶ

1277 1619 1427 1670 ἀκριὲῶς
1443 1620 1518 1658 ἀντὶ
1541 1625 1598 1658 τοῦ
1615 1623 1672 1674 ἀφ.
1693 1625 1738 1658 R.
1756 1650 1803 1656 .-
1823 1628 1842 1665 4
1873 1621 2052 1659 διαέάλλω
2066 1624 2107 1657 V.
2125 1643 2173 1648 —-
2192 1635 2215 1669 9
2234 1622 2295 1657 τοῦ

1276 1678 1446 1728 ἀφανίσας
1465 1682 1510 1716 R.

1331 1744 1419 1792 389,
1436 1745 1481 1780 32
1508 1744 1735 1796 εὐεργετήσας
1756 1748 1802 1781 R.

1333 1810 1422 1857 394,
1440 1811 1485 1845 33
1508 1808 1611 1851 Ἴσως
1631 1823 1706 1846 0111.
1728 1813 1821 1846 R.—
1837 1811 1884 1847 36
1907 1810 2014 1860 prius
2032 1809 2091 1846 καὶ
2108 1823 2183 1846 om.
2202 1812 2296 1845 V.-

1279 1869 1323 1915 37
1345 1867 1412 1904 ὓπὸ
1428 1870 1488 1905 τοῦ
1506 1871 1552 1905 V.
1621 1869 1668 1905 38
1696 1868 1973 1918 ἐπιλαμὸάνεται
1993 1869 2131 1905 Suidas
2147 1882 2175 1905 s.
2200 1867 2245 1905 Εἴ
2264 1883 2297 1903 τι

1277 1927 1508 1978 Πεισάνδρου.
1529 1926 1749 1976 λαμὲάνεται
1765 1931 1809 1964 R.
1825 1931 1872 1964 V.

1333 1993 1406 2030 398
1427 1995 1474 2029 R.
1495 1991 1611 2028 habet
1637 1991 1713 2029 ἀντὶ
1730 1995 1789 2030 τοῦ
1807 1991 2048 2042 κοσμήσομεν·
2076 1991 2149 2029 ἐστὶ
2175 1990 2210 2029 δὲ
2230 1993 2296 2029 αὐ-

1278 2050 1431 2100 τολογία.

1333 2120 1406 2157 402
1429 2115 1482 2151 sic
1503 2114 1543 2150 in
1568 2117 1629 2160 R„
1659 2113 2127 2158 αἰνίττεται-κλέπτοντας.
2145 2114 2239 2165 λέγει
2262 2113 2296 2151 δὲ

1277 2173 1360 2224 παρ’
1381 2172 1543 2209 ὑπόνοιαν
1560 2173 1604 2214 ὡς
1626 2176 1685 2209 τοῦ
1703 2173 1837 2225 Ἑρμοῦ
1851 2173 2032 2224 χαίροντος
2046 2179 2121 2216 ταῖς
2138 2174 2295 2214 κλοπαῖς.

1279 2230 1368 2268 οὕτω
1396 2235 1478 2280 γοῦν
1508 2246 1546 2267 σε
1568 2233 1716 2280 τιμῆσαι
1738 2231 1996 2283 προαιρούμεθα
2022 2231 2125 2284 φησὶν
2154 2231 2296 2269 ὅτι-ἐν

1279 2295 1351 2331 ταῖς
1374 2290 1519 2330 κλοπαῖς
1540 2288 1764 2341 προσέξομεν.
1780 2315 1821 2323 .-
1836 2291 1883 2326 52
1901 2289 2174 2343 προαιρούμενος
2195 2295 2240 2328 V.
2255 2321 2297 2326 .-

1280 2362 1301 2384 2
1325 2362 1378 2398 sq.
1403 2347 1591 2385 αἰνίττεται
1611 2347 1647 2385 δὲ
1662 2351 1706 2385 R.
1722 2348 1806 2385 Ald.

1334 2413 1421 2453 404,
1446 2409 1465 2444 5
1484 2406 1541 2444 ἐπὶ
1559 2421 1632 2443 om.
1649 2410 1692 2443 R.

1334 2468 1422 2513 406,
1452 2469 1473 2503 8
1498 2466 1739 2504 scribebatur
1768 2465 1982 2515 διοσημείας.
2006 2491 2046 2498 --
2070 2481 2093 2516 9
2113 2470 2297 2519 γενομένας

1280 2540 1354 2564 om.
1373 2530 1418 2564 P..
1436 2529 1482 2563 V.

1335 2594 1422 2634 407,
1447 2593 1489 2631 14
1506 2588 1573 2624 τῶν
1592 2595 1629 2623 et
1655 2586 1698 2622 15
1725 2586 1770 2628 εἷς
1793 2599 1868 2622 orn.
1900 2588 1942 2624 V.
1968 2586 2184 2635 Legebatur
2204 2590 2295 2627 ἀπό-

1279 2660 1386 2691 νοιαν,
1405 2646 1509 2696 quod
1529 2654 1744 2682 correctum
1762 2658 1809 2681 ex
1829 2645 1977 2681 scholio
1996 2647 2229 2685 Ravennate.

1334 2717 1423 2758 410,
1454 2725 1497 2759 19
1519 2709 1605 2748 εὈτι
1624 2711 1653 2747 οἱ
1674 2712 1706 2760 β.
1728 2713 1827 2747 V.-
1845 2723 1893 2745 20
1921 2718 2009 2759 post
2033 2712 2163 2761 ἱστορεῖ
2190 2713 2297 2750 addit

1279 2774 1321 2807 V.
1346 2770 1428 2807 Ald.
1447 2771 1578 2820 εὐφυῶς
1597 2767 1630 2806 δὲ
1647 2768 1697 2819 (δὲ
1725 2782 1800 2805 om.
1825 2766 2000 2817 V.)-3·.&
2029 2768 2103 2819 (τὰς
2129 2770 2214 2807 add.
2236 2773 2293 2820 V.)

1280 2825 1678 2878 στάσεις-διαφθείρει,
1715 2839 1799 2875 quae
1824 2827 1969 2863 scholio
1996 2840 2034 2862 v,
2070 2829 2143 2871 406
2167 2830 2295 2868 addita

1280 2896 1367 2924 sunt
1384 2895 1538 2923 auctore
1555 2889 1599 2922 R.
1616 2884 1672 2921 Ib.
1692 2884 2116 2932 ἐπιεικῶς-(24)σελήνη
2144 2886 2294 2925 duobus

1281 2946 1373 2982 locis
1402 2944 1518 2980 habet
1543 2947 1601 2988 V„
1634 2943 1698 2991 qui
1728 2943 1812 2978 loco
1836 2943 1962 2991 primo
1989 2956 2064 2979 om.
2081 2957 2123 2980 21
2150 2946 2293 2994 μᾶλλον,

1280 3012 1317 3041 et
1336 3016 1385 3039 22
1404 3001 1549 3051 praebet
1567 2999 1622 3037 διὰ
1640 2998 1761 3036 τούτου
1781 2999 1815 3036 δὲ
1835 2997 1906 3046 καὶ,
1927 3000 2045 3036 altero
2064 2999 2118 3037 διὰ
2134 3005 2234 3041 τοῦτο
2257 3004 2292 3042 δὲ

1279 3063 1356 3109 καὶ,
1381 3063 1426 3098 23
1448 3060 1574 3111 primo
1596 3058 1682 3095 loco
1701 3057 1892 3107 νενόμιστο.

1334 3121 1422 3165 413,
1452 3119 1499 3155 25
1518 3117 1603 3167 ‘Hyr
1621 3118 1687 3153 τῶν
1712 3114 1934 3165 ἀπολομένων
1952 3119 2020 3163 R„-
2041 3119 2106 3168 qui
2128 3121 2175 3157 26
2194 3121 2292 3160 θυόν-

1279 3196 1361 3218 των.
1392 3177 1448 3215 διὰ
1473 3177 1530 3227 (id
1559 3184 1614 3213 est
1636 3174 1748 3212 λείπει
1777 3172 1833 3211 διά
1861 3175 1901 3212 in
1930 3175 2056 3214 verbis
2087 3179 2182 3216 ταῦτ’
2212 3180 2290 3234 ἄρα.

1280 3237 1416 3286 DIND.)
1435 3235 1509 3273 ἀντὶ
1530 3238 1590 3272 τοῦ
1611 3232 1664 3271 διὰ
1683 3236 1804 3270 ταῦτα.

1334 3309 1406 3348 414
1429 3305 1476 3339 R.
1499 3300 1615 3338 verba
1634 3303 1691 3336 τοῦ
1709 3298 1834 3336 κύκλου
1862 3299 1897 3336 δὲ
1923 3299 1976 3338 ὅτι
2005 3301 2144 3340 ἐπειδὰν
2164 3303 2291 3342 ἴσαι-

1279 3360 1410 3403 παίζων
1432 3360 1540 3409 ponit
1564 3359 1663 3396 infra
1683 3367 1770 3408 post
1792 3359 1978 3409 ἡνιοχείας,
1996 3361 2018 3397 l.
2042 3362 2099 3399 38.
2115 3387 2154 3393 —
2173 3376 2220 3412 29
2238 3361 2290 3401 ὅτι
