2517 3792
1095 191 1233 229 PLUI'
1256 192 1290 229 Ι.

166 289 323 315 acumen
347 279 450 315 visus
470 275 691 313 incredibile
708 275 892 312 tribuisse.
917 276 1067 313 Suidas:
1086 279 1178 327 Λυγ-

167 335 252 377 κέως
284 333 536 385 ὀξυιι1πέστερον
568 332 724 383 βλέπεις·
758 327 853 375 οἶτος
881 335 1014 384 ἐγένετο
1037 335 1178 387 ἀδελφὸς

167 393 267 431 Ἰδα·
292 395 335 434 ὡς
361 392 396 428 δὲ
420 391 663 444 Ἀριστοφάνης
693 392 726 427 ἐν
758 389 936 437 Δαναίσιν,
970 393 1038 434 υἱὸς
1068 393 1177 442 Αἰγύ-

483 451 510 464 si
544 451 573 462 «ν
664 450 672 462 r

167 468 272 489 πτου’
289 456 454 489 τοσοῦτον
480 466 514 488 οε
538 467 799 495 οςυωπεστατος
821 446 860 497 ἦν
883 461 953 489 etc.
982 457 1071 499 Qua*
1096 462 1179 503 post

169 511 362 559 Apollonii
398 524 528 547 versus
571 519 797 559 sequuntur,
833 512 927 547 nihil
968 525 1098 547 corum
1142 512 1178 547 in

166 568 305 605 Suida:
329 577 364 605 et
392 577 478 605 sunt
499 578 700 605 saneuotae
737 570 957 605 recentioris
979 571 1180 618 minusque

166 635 352 676 spectatae.
373 631 578 665 IlmisT.——
596 630 638 665 31
656 632 761 666 Nem.
790 642 820 671 1,
849 630 932 671 115,
950 630 1062 665 inodo
1084 629 1113 664 is
1133 628 1180 664 sit

167 684 286 730 locus,
309 699 384 722 non
403 687 497 723 alius
520 687 655 736 aliquis
679 699 725 722 ex
760 687 904 723 amissis
929 687 1082 723 Pindari
1103 699 1181 722 cur-

165 743 344 790 minibus,
377 758 487 794 quein
528 745 565 780 in
599 745 724 781 animo
762 745 982 781 scholiastes
1023 743 1155 780 habuit
1172 757 1179 778 :

166 814 251 837 nani
267 802 321 838 ibi
341 803 495 851 quidem
515 802 613 855 δρυὸς
639 804 672 839 ἐν
689 802 846 853 στελέχει
870 802 1060 838 sedentem
1076 805 1181 850 Lyn-

166 871 254 896 ceus
280 860 393 897 videt.
418 864 563 897 Hmisr.
601 861 659 897 καὶ
691 861 846 897 accessit
869 872 916 896 ex
947 861 1007 905 Θ.,
1027 859 1092 908 qui
1133 859 1180 895 35

166 917 323 969 ἔνερθεν,
347 920 394 955 36
413 933 487 956 0111.
505 914 568 965 εἷς,
590 920 634 965 37
654 917 713 955 καὶ
727 913 778 963 οῧ,
798 919 919 960 38-43
940 931 1014 953 0111.
1035 918 1069 953 ἐν
1089 919 1180 966 τῶ-

165 975 328 1028 καρτερὸς
341 976 499 1020 Ἴδας.-
511 978 559 1020 46
570 972 664 1018 οὗτος
685 990 760 1012 0111.
774 980 822 1012 V.
848 976 908 1012 Ib.
932 970 1008 1026 εἶρε
1024 973 1180 1024 μέταλλα

165 1042 236 1071 etc.
249 1036 503 1085 Palaephatuni
518 1034 717 1083 descripsit
735 1047 766 1070 e.
790 1046 850 1079 10,
864 1033 929 1070 ubi
944 1047 980 1070 v.
995 1033 1153 1069 Galeum
1172 1048 1179 1069 ε

165 1092 256 1129 item
272 1094 497 1143 Apostolius
522 1106 580 1138 12,
605 1106 616 1128 1
629 1094 662 1129 3.
680 1094 824 1128 Hmisr.
839 1115 875 1121 —
901 1097 947 1138 47
966 1099 1003 1127 et
1023 1105 1104 1141 sqq.
1129 1091 1181 1127 sic

164 1151 203 1187 iu
221 1154 262 1187 V.
281 1152 341 1194 Θ.,
369 1152 482 1188 ἄλλων
506 1150 567 1187 καὶ
589 1149 645 1186 διὰ
672 1153 772 1186 τοῦτο
799 1149 926 1201 ἐρρήθη
961 1149 1104 1200 (εὑρέθη
1121 1151 1181 1198 Υ.)

164 1208 231 1246 ὑπὸ
245 1210 309 1258 γῆς
323 1211 422 1260 ὁρᾶν,
439 1207 558 1254 ἐπειδὴ
577 1207 620 1244 τὰ
636 1205 802 1259 εἰρημένα
822 1207 911 1258 τύχῃ
926 1207 994 1244 τινὶ
1016 1206 1182 1253 ἐπενόησε

163 1265 224 1303 καὶ
253 1261 341 1318 εὗρε.
357 1291 397 1298 -
418 1268 461 1303 51
484 1265 660 1319 ἀναφέρει.
694 1269 836 1302 Omnes
865 1266 952 1302 edd.
981 1265 1180 1318 περιφέρει·

163 1337 233 1360 nec
247 1325 439 1374 discrepat
460 1325 695 1374 Apostolius.
714 1327 789 1361 Res
811 1325 892 1374 ipsa
913 1324 1079 1374 postulat
1094 1325 1182 1360 οἰνα-

164 1379 282 1433 φέρει,
301 1383 406 1432 quod
427 1383 566 1433 legitur
590 1383 628 1419 in
646 1383 868 1432 Palaephato
889 1398 897 1418 :
924 1383 1040 1433 paulo
1065 1390 1152 1419 ante
1172 1397 1180 1418 :

164 1439 306 1493 ἀνέφερε
326 1441 383 1478 τὸν
402 1440 549 1492 χαλκόν.
569 1445 714 1478 ΙΙΕΜετ.

220 1512 288 1535 211
310 1499 349 1536 τὸ
364 1515 401 1536 π.
421 1514 464 1549 με
483 1499 608 1551 βλέψαι
628 1512 704 1535 0111.
724 1499 843 1536 Paris.

217 1563 294 1601 214
312 1556 359 1596 'O
383 1572 458 1594 om.
480 1561 526 1595 V.
548 1560 565 1594 ὁ
588 1557 663 1594 Ἀπ.
689 1571 764 1594 om.
784 1560 828 1595 G.

219 1617 306 1652 215.
327 1616 385 1653 Ad
404 1617 506 1652 hunc
524 1629 674 1652 versum
693 1616 731 1652 in
749 1619 793 1652 V.
811 1615 1045 1665 adscriptum
1061 1629 1183 1651 συναι-

164 1671 256 1723 ρέσει
275 1682 311 1710 et
328 1674 447 1720 τοῦδε,
467 1686 552 1723 qnae
573 1686 646 1709 om.
664 1677 709 1710 G.
729 1674 1008 1722 Corrigendum
1032 1674 1183 1710 videtur

163 1731 380 1783 συναίρεσις,
405 1731 509 1781 quod
534 1739 681 1780 spectat
711 1731 758 1767 ad
786 1724 913 1780 ῶγαθέ.
934 1732 1033 1768 τοῦδε
1056 1741 1180 1768 autem

163 1791 365 1840 suppletur
383 1790 431 1826 ad
452 1791 659 1842 φροντίζετε.
680 1792 798 1825 D1xn.
814 1814 855 1820 —-
874 1803 887 1824 1
903 1803 913 1824 ι
937 1791 1120 1840 χαλεπανῇ
1136 1790 1181 1826 Θ.

217 1862 292 1885 220
307 1849 347 1885 in
361 1852 404 1886 R.
422 1849 516 1884 nihil
539 1856 678 1898 praeter
692 1848 785 1891 haec,
806 1847 1084 1897 σχετλιαστικόν.
1107 1846 1183 1883 ἀντὶ

162 1909 223 1944 τοῦ
240 1908 379 1957 ἀτυχεῖς
390 1936 400 1953 ,
416 1906 562 1948 ἀθλίους.
581 1909 624 1941 Ι11
639 1910 695 1952 V.‚
717 1906 888 1956 πονήρους
899 1936 907 1951 ,
923 1906 1060 1947 ἀθλίους
1075 1935 1084 1952 ,
1102 1907 1184 1942 ἀτυ-

162 1970 236 2016 χεῖς
249 1995 258 2012 ,
278 1964 494 2017 ἀπράκτους,
517 1966 563 2006 ὡς
590 1962 703 2016 φαμὲν
717 1994 726 2010 ,
746 1963 906 2016 πονήρως
931 1967 1016 2013 ἡμῖν
1044 1963 1120 2015 ἔχει
1139 1963 1183 2000 τὰ

162 2023 368 2075 πράγματα.
382 2049 423 2054 -
439 2036 487 2059 22
503 2021 658 2059 στικτέον
680 2023 725 2064 εἰς
743 2021 782 2058 τὸ
797 2037 834 2058 π.
853 2036 930 2071 quo
951 2024 1182 2073 pertincant,

163 2095 299 2132 parum
315 2083 555 2132 exploratum
582 2081 721 2117 habeo.
746 2081 930 2117 Nonnihil
952 2081 1000 2117 ab
1026 2082 1083 2117 his
1103 2082 1182 2117 dis-

163 2149 294 2190 crepat
313 2140 445 2178 Suidas
460 2141 499 2176 in
519 2138 677 2191 Πόνηρος
695 2155 703 2175 :
723 2139 1052 2176 dubitabitautem
1071 2153 1182 2176 nemo

164 2201 257 2249 quin
273 2200 379 2236 vocis
395 2198 544 2250 πόνηρος
566 2198 761 2235 discordes
778 2199 1117 2247 interpretationes
1136 2212 1182 2235 ex

164 2259 325 2296 diversis
357 2257 644 2295 enarratoribus
670 2258 707 2292 in
742 2270 860 2292 unum
895 2257 969 2292 sint
995 2257 1180 2295 conflatae.

163 2317 373 2366 Exemplo,
394 2315 499 2365 quod
519 2316 675 2365 ponitur
689 2344 699 2362 ,
727 2315 909 2351 convenit
940 2315 1033 2351 illud
1055 2316 1184 2351 Philo-

164 2376 270 2412 strati
289 2378 377 2411 Her.
396 2388 434 2424 p.
454 2375 544 2419 664,
572 2374 632 2419 15,
653 2371 813 2424 πονήρως
833 2367 890 2410 οὖν
913 2373 956 2409 τὰ
981 2371 1048 2422 ἐμὰ
1074 2366 1180 2423 εἶχεν.

166 2437 312 2470 ΗΕΜετ.

218 2503 290 2528 221
312 2505 387 2528 om.
405 2494 450 2528 G.
465 2516 505 2523 —
521 2491 569 2527 26
588 2489 734 2542 πόνηροι
751 2489 809 2526 καὶ
830 2489 912 2526 Ald.
928 2515 969 2520 —
983 2501 1032 2538 29
1049 2489 1184 2538 ἀμετα-

165 2550 281 2593 enirm
300 2550 384 2601 πρὸς
403 2548 540 2599 γενικὴν
559 2550 758 2586 Kusterus.

220 2621 310 2649 222,
330 2609 378 2645 38
395 2621 478 2656 sqq.
501 2607 660 2643 totidem
683 2607 763 2643 fere
779 2605 908 2642 verbis
933 2606 973 2642 in
1001 2605 1185 2643 Moscho-

165 2666 247 2715 puli
268 2665 368 2703 Ἔκλ.
389 2665 437 2702 Ἀ.
463 2664 518 2702 Ὀ.
543 2666 731 2714 leguntur.
756 2668 904 2701 Hssmsr.

221 2725 297 2760 223
319 2724 442 2760 simile
463 2724 637 2760 scholion
656 2724 695 2759 in
716 2727 760 2759 V.
782 2721 1110 2774 προπαροξυτόνως,
1133 2720 1186 2759 ὅτι

167 2780 326 2818 σύνθετόν
345 2783 417 2818 ἐστι
436 2781 476 2818 τὸ
495 2780 606 2830 ὄνομα
618 2811 628 2828 ,
655 2780 806 2832 γεωργὸς
829 2779 1040 2833 ξυγγέωργος
1053 2811 1063 2827 ,
1084 2781 1185 2833 σοφός

166 2838 342 2888 πάνσοφος
352 2868 362 2881 ,
379 2837 484 2881 καλός
499 2839 690 2888 πάγκαλος.

224 2905 314 2944 224,
334 2900 381 2942 46
402 2899 529 2948 aptius
549 2894 650 2936 τοῦτο
671 2899 720 2937 δέ.
736 2903 911 2936 D1Nn.-
928 2890 991 2946 47’Χ
1009 2898 1100 2936 ἔστιν
1118 2899 1184 2952 γὰρ

168 2957 347 3009 πετρώδης
366 2959 410 2992 R.
431 2958 478 2993 Θ.
881 2997 884 2998 ⁷

223 3016 314 3059 226,
331 3014 378 3050 52
397 3014 492 3050 male
509 3015 561 3051 ait
578 3015 618 3052 τὸ
637 3015 794 3066 μετέχειν
812 3030 913 3053 11111ιο
927 3018 1182 3054 accusativum

169 3085 303 3123 regere
316 3085 417 3108 nunc
431 3073 654 3121 genitivum.
674 3078 771 3111 Nam
788 3075 945 3125 proprie
959 3089 1113 3125 semper
1128 3089 1186 3112 re-

170 3132 226 3181 git
244 3129 514 3168 accusativum.
533 3131 692 3177 Quando
713 3141 840 3169 autem
867 3133 1036 3182 genitivo
1050 3134 1182 3183 jungi-

171 3197 254 3234 tur,
280 3187 319 3224 id
340 3188 381 3223 fit
401 3200 468 3236 per
491 3188 640 3237 ellipsin
669 3190 873 3226 accusativi
894 3188 1006 3240 μέρος.
1032 3194 1183 3240 Integra

169 3248 320 3298 phrasis
339 3246 439 3283 enim
454 3254 522 3292 est,
543 3246 700 3298 μετέχειν
716 3248 783 3285 τινὶ
801 3248 901 3299 μέρος
917 3249 1005 3291 τινὸς
1019 3249 1184 3302 πράγμα-

169 3319 247 3353 τος,
264 3313 307 3342 ut
324 3305 399 3342 hoc
419 3305 506 3341 loeo
526 3305 628 3354 apud
649 3307 858 3343 Comicum.
878 3310 997 3343 Ktsr.

226 3375 313 3411 227,
335 3364 357 3401 3
376 3364 483 3401 Ποῖον
503 3365 604 3400 τοῦτο
621 3362 639 3400 ὃ
657 3365 713 3409 V.,
734 3365 799 3413 qui
820 3363 958 3416 ἔρχεται
985 3375 1069 3415 post
1089 3365 1178 3416 ἔχων

2166 204 2239 243 553

1239 279 1345 328 ponit
1357 309 1365 325 ,
1385 288 1420 315 et
1438 292 1512 315 om.
1532 280 1568 316 ἐκ
1582 281 1648 316 τῶν
1667 281 1821 332 Δελφῶν.
1837 306 1877 312 -
1893 282 1913 318 5
1932 283 2036 328 αὖτῆς
2051 285 2113 329 τῆς
2129 283 2247 326 θυσίας

1240 337 1323 373 Ald.
1343 346 1379 372 et
1397 338 1482 373 sort.
1500 340 1547 375 Θ.
1565 354 1599 375 τι
1623 339 1728 375 addit
1758 342 1902 377 Heinst.
1924 366 1962 372 —
1983 343 2005 378 6
2035 355 2089 391 sq.
2116 341 2249 384 Ἄλλως

1237 394 1436 439 -λεὲἦτιον
1463 409 1535 431 (ini.
1570 397 1819 434 V.)t0i·1w¹.702:v
1848 403 1888 437 R.
1922 400 1968 437 Θ.
1997 399 2131 452 λειφθὲν
2163 400 2249 438 Ald.

1240 458 1367 498 Quum
1396 454 1519 494 λοιπάς
1538 463 1574 489 ct
1592 455 1815 507 λοιπαδοίριον
1829 487 1837 502 ,
1858 459 1959 506 quod
1986 472 2053 507 per
2083 462 2249 507 reliqua—

1239 516 1330 545 riam
1353 513 1564 560 explicatur
1584 513 1620 548 in
1640 514 1861 561 Glossariis,
1883 518 2112 553 recentiores
2128 517 2250 553 Graec'i

1240 568 1426 613 dixerint,
1443 570 1602 605 verbum
1631 585 1784 620 quoque
1806 573 1960 616 λοιπάζω
1984 575 2172 611 exstitisse
2195 575 2252 610 vi·-

1241 626 1490 676 ‹letur‚'quod
1508 629 1691 675 Ducangii
1712 630 1905 666 Glossario
1923 633 2121 669 inseratur.
2151 631 2251 668 Sub*-

1241 685 1446 721 stantivum
1474 685 1688 734 λοιπασμοὺς
1715 688 1893 737 scriptori
1922 690 2189 740 Pliilopatridis
2215 704 2248 727 c.

1241 754 1289 778 20
1311 755 1380 790 pro
1401 743 1555 791 vulgato
1574 744 1804 793 ἐλειπασμοὺς
1827 748 1992 784 restituit
2011 750 2053 784 ll.
2080 750 2253 785 Valesius

1241 802 1278 838 in
1301 802 1612 839 annotationibus
1634 804 1800 841 ineditis.
1819 809 1938 842 Dixn.
1956 832 1995 837 —
2015 821 2033 853 7
2052 806 2133 843 ἔνιοι
2153 807 2200 853 δὲ,
2216 807 2255 845 τὸ

1241 860 1412 905 λεδήτιον.
1437 865 1520 898 Non
1544 871 1623 907 est,
1651 863 1754 912 quod
1781 865 1878 901 forte
1900 867 1985 915 quis
2016 868 2253 916 suspicetur,

1242 920 1354 956 lectio
1372 920 1497 965 ναι-12,
1524 920 1588 956 sed
1608 934 1705 956 nova
1726 922 1993 971 interpretatio
2016 925 2119 960 vocis
2148 924 2254 976 κρεά-

1241 977 1311 1014 διον
1328 993 1335 1000 ·
1359 991 1436 1027 quo
1457 987 1602 1026 spectat
1622 980 1745 1027 glossa
1765 984 1881 1018 Dorv.
1902 981 1963 1027 τὴν
1981 981 2124 1033 χύτραν.
2145 984 2255 1020 Ratio

1240 1050 1316 1072 non
1335 1036 1526 1073 dissimilis
1545 1036 1692 1075 obtinet
1710 1039 1747 1075 in
1768 1045 1880 1091 κρεῖον
1901 1041 2002 1090 apud
2028 1044 2184 1077 Homer.
2209 1042 2254 1079 Il.

1241 1097 1270 1139 Ι,
1291 1095 1377 1140 206,
1404 1095 1507 1144 quod
1529 1097 1758 1145 capiendum
1782 1099 1880 1135 foret
1902 1112 1973 1149 pro
2001 1100 2084 1150 ipsa
2118 1113 2229 1135 carne
2244 1129 2253 1145 ‚

1241 1166 1289 1188 an
1307 1166 1378 1202 pro
1396 1153 1542 1200 lebete,
1566 1163 1712 1191 veteres
1736 1156 1983 1194 dubitarunt:
2005 1171 2039 1193 v.
2073 1158 2194 1194 schol.
2219 1166 2257 1194 et

1241 1212 1412 1249 Eustath.
1447 1226 1485 1262 p.
1520 1213 1594 1258 767
1609 1243 1618 1260 ,
1648 1216 1812 1263 Hesych.
1850 1216 1887 1252 iu
1930 1217 2053 1267 Κρεῖον
2067 1245 2076 1262 ,
2111 1215 2253 1267 Κρῆϊον.

1240 1271 1386 1306 ΗΕΜΒΤ.
1401 1296 1441 1301 -
1460 1285 1482 1320 9
1501 1271 1849 1320 interpunctionem
1871 1286 1954 1321 quae
1971 1274 2007 1309 in
2033 1272 2163 1310 codice
2183 1282 2256 1316 est,

1241 1327 1495 1365 κατεσθίονται.
1523 1328 1582 1365 καὶ
1600 1329 1824 1366 δαπανῶνται
1845 1329 1997 1381 ἑψόμενα
2023 1330 2065 1375 ἣν
2093 1331 2258 1367 correxit

1242 1386 1475 1433 Schaeferus‚
1502 1387 1543 1432 ἣν
1579 1387 1627 1424 ad
1646 1386 1778 1439 χύτραν
1800 1384 1979 1425 referens.
2007 1389 2132 1425 Bastio
2160 1390 2255 1425 scri-

1242 1444 1408 1481 bendum
1430 1445 1636 1482 videbatur
1652 1445 1686 1483 ἃ.
1708 1449 1764 1482 De
1789 1445 1944 1497 κρεάδιον
1972 1447 2119 1482 Bastius
2147 1448 2259 1482 affert

1243 1504 1470 1553 Alciphron.
1499 1506 1542 1549 3,
1563 1518 1624 1542 22.
1640 1508 1761 1541 Dum.
1788 1505 1892 1541 Idem
1915 1504 2087 1540 scholion
2110 1505 2258 1541 Bastius

1243 1562 1280 1598 in
1299 1563 1398 1599 uotis
1421 1576 1509 1599 mss.
1533 1563 1705 1599 enotavit
1721 1577 1767 1600 ex
1784 1563 1917 1600 codice
1941 1563 2039 1599 2835
2057 1592 2066 1609 ‚
2086 1562 2153 1600 ubi
2180 1565 2214 1599 ἐν
2233 1557 2258 1613 ἧ

1242 1619 1301 1656 καὶ
1328 1620 1412 1672 κρέα
1442 1619 1490 1658 ἔδ.
1512 1622 1654 1670 Regius
1670 1629 1801 1658 noster
1822 1622 1950 1670 (2821)
1973 1637 1980 1658 :
2003 1623 2068 1673 Κρ.
2088 1619 2109 1666 ἢ
2132 1623 2257 1670 τμῆμα

1242 1679 1350 1729 κρεῶν
1372 1677 1475 1729 φησὶν
1489 1708 1497 1724 ,
1516 1677 1538 1723 ἢ
1559 1677 1621 1724 τὴν
1641 1678 1771 1731 χύτραν
1786 1709 1796 1726 ,
1816 1681 1849 1715 ἐν
1874 1673 1898 1729 ἧ
1927 1678 1971 1716 τὰ
1998 1678 2082 1731 κρέα
2106 1678 2258 1730 ἑψόμενα

1243 1735 1378 1772 ἔδονται
1397 1736 1503 1785 ἤγουν
1522 1738 1764 1775 κατεσθίονται
1791 1737 1850 1774 καὶ
1880 1738 2104 1775 δαπανῶνται
2128 1737 2256 1788 βραζό-

1244 1809 1330 1843 μενα
1345 1809 1353 1816 ·
1371 1793 1413 1839 ἦν
1433 1795 1467 1831 ἐν
1487 1796 1528 1844 τῇ
1551 1803 1621 1832 etc.

1297 1866 1372 1901 229
1392 1854 1429 1889 in
1449 1856 1494 1889 R.
1518 1853 1751 1903 adscriptum
1774 1853 1831 1890 ἐπὶ
1848 1857 1908 1890 τοῦ
1927 1855 2064 1890 ἀνῧσαι.
2084 1878 2124 1884 -
2148 1859 2191 1897 14
2207 1853 2259 1891 Τὸ

1244 1911 1453 1961 εἰσενέγκαι,
1478 1926 1520 1959 17
1545 1911 1670 1950 ἅνυσον
1685 1941 1693 1957 ,
1718 1912 1824 1962 ἤγουν
1849 1915 2010 1950 σπεῦσον.
2030 1928 2259 1965 περιφραστι-

1242 1972 1311 2012 κῶς
1324 2001 1334 2020 ,
1358 1970 1518 2011 Ἀττικῶς
1536 1973 1582 2008 Θ.

1297 2031 1386 2073 230,
1408 2030 1451 2064 18
1471 2027 1539 2065 Καὶ
1556 2027 1596 2065 τὸ
1612 2032 1656 2066 R.
1678 2054 1718 2060 -
1741 2042 1785 2065 21
1808 2042 1863 2078 sq.
1881 2028 2013 2070 πάντας
2030 2030 2077 2071 εἷς
2095 2028 2158 2075 τὴν
2179 2028 2255 2066 ὁδὸν

1243 2084 1374 2135 ἔλεγον.
1405 2089 1523 2123 Dorv.

1299 2146 1372 2180 233
1388 2174 1397 2190 ,
1418 2146 1541 2191 29-31
1567 2158 1682 2194 supra
1703 2144 1751 2181 ad
1769 2159 1803 2181 v,
1835 2158 1910 2193 219
1934 2145 2128 2194 adscripta
2146 2144 2259 2181 habet

1243 2205 1286 2239 V.
1308 2203 1397 2250 (non
1421 2203 1479 2251 G.)
1504 2203 1576 2239 hoc
1601 2203 1717 2239 modo
1745 2217 1752 2238 :
1774 2202 1914 2245 δικαίως
1938 2202 2062 2244 ἀδίκως
2082 2203 2120 2239 τὸ
2140 2203 2260 2245 ἁπλῶς

1244 2260 1400 2313 ἔρριπται
1412 2255 1481 2297 οἷον
1500 2260 1596 2311 ποίσῃ
1613 2260 1731 2311 τέχνῃ.
1747 2261 1784 2296 οὐ
1802 2260 1868 2312 γὰρ
1885 2262 1950 2311 οὐχ
1969 2260 2147 2297 ὑπόκειται
2165 2263 2258 2312 αὐτῷ

1245 2318 1358 2360 ἄδικος
1378 2317 1485 2360 οὕτως
1506 2318 1743 2364 ἀπειλητικὸν,
1759 2317 1849 2354 ἀλλὰ
1867 2320 2085 2367 μειλικτικῶς
2106 2333 2262 2368 προσαγ-

1244 2376 1368 2427 γέλλει.
1388 2406 1427 2409 -
1444 2378 1491 2413 30
1510 2377 1631 2428 ἁπάσῃ
1653 2377 1738 2413 Ald.
1758 2402 1796 2408 -
1818 2378 1860 2413 31
1879 2376 2110 2427 προαγγέλλει
2124 2381 2167 2414 R.
2186 2393 2259 2414 πα-

1246 2434 1426 2488 ραγγέλλει
1446 2439 1589 2473 Hemst.

1299 2496 1371 2537 234
1401 2494 1519 2530 habet
1545 2498 1589 2531 R.
1620 2493 1781 2546 φορτικὸν
1809 2497 1983 2544 ἡγοῦμαι·
2005 2503 2041 2530 et
2081 2495 2168 2540 235,
2200 2497 2260 2530 τοῦ

1245 2552 1419 2588 εἰσελθεῖν.
1441 2551 1581 2588 τοπικον
1602 2551 1641 2588 τὸ
1664 2551 1862 2603 ἐπίρρημα,
1886 2550 2015 2588 αὐτόθι.
2037 2549 2142 2597 ὅπου,
2162 2551 2259 2603 φησὶ,

1245 2607 1402 2646 εἰσέλθω.
1438 2610 1593 2659 Duplex
1622 2610 1660 2645 in
1691 2610 1749 2646 his
1783 2610 2018 2660 proponitur
2056 2610 2261 2659 explicatio

1244 2667 1423 2704 vocabuli
1442 2668 1544 2704 αὐτοῦ
1558 2698 1568 2714 ,
1589 2667 1691 2717 quod
1712 2668 1772 2704 alii
1802 2681 1873 2718 pro
1900 2668 2128 2717 pronomine
2151 2680 2262 2703 acce—

1247 2734 1387 2775 perunt
1400 2726 1718 2775 interpretatique
1734 2734 1822 2762 sunt
1835 2729 1894 2762 τοῦ
1912 2727 2088 2772 εἰσελθεῖν,
2110 2726 2172 2761 alii
2191 2739 2261 2774 pro

1245 2784 1429 2821 adverbio
1468 2784 1586 2821 αὐτόθι
1624 2785 1871 2834 significante.
1900 2788 2017 2821 Dum.
2043 2808 2085 2814 —
2116 2785 2162 2830 37
2211 2783 2258 2831 μὴ

1245 2857 1319 2880 om.
1344 2847 1402 2888 V„
1422 2857 1499 2879 non
1524 2847 1569 2880 G.
2212 2848 2216 2852 '

1299 2901 1387 2944 236,
1411 2906 1456 2943 41
1474 2901 1546 2937 Τοῦ
1564 2914 1637 2937 0111.
1660 2904 1777 2937 Dorv.
1793 2923 1834 2929 —
1849 2907 1895 2945 42
1915 2899 2080 2937 ἀπολαύω
2101 2901 2256 2949 Regius.

1244 2957 1412 2995 ἀπολοίέω
1434 2959 1549 2994 Paris.

1299 3019 1389 3063 237,
1412 3017 1458 3060 45
1473 3016 1514 3060 ἢν
1537 3015 1599 3066 μὲν
1619 3015 1686 3067 γὰρ
1710 3018 1757 3057 εἷς
1775 3015 1941 3068 φειδωλὸν
1961 3031 1968 3051 :
1987 3015 2089 3054 Φειδ.
2109 3019 2154 3052 V.
2179 3031 2257 3068 φει-

1244 3073 1350 3116 δωλός
1369 3089 1420 3116 τις
1439 3074 1525 3110 Ald.
1543 3073 1707 3125 φειδωλός
1724 3088 1775 3114 τις
1794 3073 1840 3109 ὢν
1869 3077 1912 3109 R.
1933 3074 1978 3111 Θ.
2006 3082 2043 3109 et
2064 3074 2197 3111 Snidas
2225 3088 2254 3112 s.

1244 3131 1420 3174 Φειδωλός
1442 3147 1449 3168 :
1472 3132 1575 3181 quod
1593 3146 1613 3168 e
1632 3132 1811 3181 proximo
1829 3130 1992 3183 φειδωλός
2023 3147 2072 3172 τις
2099 3131 2145 3168 ὢν
2163 3146 2253 3168 cor-

1243 3200 1412 3241 ruptum.
1430 3190 1468 3228 τὸ
1489 3184 1574 3227 εἶναι
1595 3192 1640 3227 Θ.
1662 3193 1720 3226 τοῦ
1741 3188 1871 3226 διδόναι
1891 3191 2006 3227 Paris.
2022 3216 2064 3222 —
2082 3192 2129 3233 46
2148 3193 2165 3227 ὁ
2188 3205 2252 3226 πε-

1243 3249 1387 3301 ρίψηφος
1406 3249 1577 3286 additum
1597 3261 1644 3283 ex
1663 3251 1707 3284 R.
1727 3251 1772 3283 V.
1793 3252 1883 3294 (non
1900 3248 1962 3298 G.)
1980 3256 2016 3284 et
2037 3248 2163 3286 Suida.
2183 3251 2251 3284 «In

1243 3308 1396 3344 calculis
1417 3307 1576 3343 sollicite
1601 3306 1788 3355 ponendis
1809 3315 2026 3356 occupatus.
2049 3306 2141 3343 vide
2161 3308 2250 3343 Sui-

1242 3366 1327 3402 dam
1341 3379 1366 3402 s.
1382 3363 1561 3413 Αογισταί.
1581 3381 1596 3397 υ
1611 3365 1758 3402 ΗΕΜεΤ.
1769 3363 1968 3406 τινὲς-καὶ
1982 3363 2021 3401 τὸ
2036 3365 2152 3400 δοῦναι
2171 3376 2248 3401 om.
