2517 3792
1125 203 1291 243 PACIS.
2186 219 2262 253 463

226 291 345 339 1509,
380 290 424 326 23
455 302 508 338 sq.
539 290 672 338 ἀγγεῖον
697 287 795 340 ξηρὸν
824 287 943 339 (Er-‚93:5⁴
971 302 1044 325 om.
1073 290 1129 337 G.)
1160 289 1181 334 ἢ

169 349 370 402 φαλάγγιον.
389 346 513 387 ἄλλως.
533 347 578 387 εἷς
593 345 714 396 μικρὸν
726 345 929 382 νακώπτει
947 347 1003 382 vel
1022 348 1182 398 κωμῳδεῖ

170 407 216 448 εἰς
241 404 413 453 iutelligit
442 403 676 440 Dindorlius.
700 430 750 436 —
771 409 815 445 22
836 403 1013 441 Φιλοκλέα
1034 405 1114 441 Α111.
1132 432 1182 438 .-

173 465 219 501 26
252 462 393 513 Ἀγρίων
427 463 580 499 Florvns
612 462 751 500 Christ.
784 463 996 511 Legebaun·
1020 464 1179 512 ἀγγείων.

170 549 208 554 .-
231 522 276 556 28
293 519 350 556 καὶ
366 528 451 556 ante
466 523 617 569 κομῆται
635 534 708 556 0111.
728 520 814 556 Ald.
836 543 886 548 --
912 522 959 556 30
976 523 1005 557 οἱ
1022 520 1185 572 τέσσαρες

168 580 212 614 V.
241 576 262 622 ἢ
283 575 447 627 τέσσαρες
468 582 514 614 G.
546 595 560 609 «ι
578 581 631 613 lta
658 578 735 614 sere
761 579 1093 627 corruptissimum
1112 578 1184 614 fra-

168 649 359 690 gmentum
373 669 382 685 ‚
405 641 444 677 iu
466 654 541 690 11110
566 642 638 678 alia
657 650 794 678 temere
813 643 992 691 repetita,
1010 643 1082 678 alia
1099 655 1183 677 cum

170 698 381 734 scholiastae
401 698 525 736 Verbis
543 699 700 736 confusa
716 708 814 743 sunt,
836 699 1113 736 emendandum
1135 699 1185 735 vi-

170 756 284 793 detur
305 772 312 793 z

223 816 326 866 Τρεῖς
342 831 429 857 τινες
451 815 564 867 μικροὶ
584 817 734 864 κομῆται
755 815 813 851 καὶ
832 815 1023 866 φιλορχικοὶ
1042 814 1118 851 τότε

223 873 341 914 παῖδες
366 872 456 915 ὄντες
472 888 479 895 ·
506 876 563 908 νῦν
588 871 624 909 δέ
648 873 678 921 γ’
707 872 772 909 εἶσὶ
801 872 857 908 καὶ
886 870 1182 923 φιλορχικώτεροι.

224 932 264 967 Β.
276 930 362 966 ἀλλὰ
375 930 423 981 μὰ
435 930 535 968 Δίόὖ
546 935 633 981 τρεῖς
645 929 766 966 ἐκεῖνοί
779 929 903 978 γἐἷσὶν
917 930 1004 965 ἀλλὰ
1016 928 1185 981 τέτταρες.

172 992 304 1027 Cetera
331 1004 407 1027 11011
443 989 681 1027 Pherecratis
699 1017 708 1033 ‚
739 989 802 1025 sed
826 989 1036 1025 scholiastae
1068 989 1186 1025 verba

172 1060 252 1084 esse
269 1050 452 1098 suspicor.
470 1047 656 1084 Videntur
678 1054 801 1083 autem
832 1059 875 1082 ea
892 1055 978 1082 ante
996 1047 1097 1091 δῆλον
1116 1055 1186 1084 etc.

173 1105 349 1154 ponenda
366 1114 403 1141 et
421 1105 458 1141 in
475 1104 575 1140 huuc
593 1103 670 1141 sere
687 1104 842 1140 modum
859 1104 1069 1154 supplenda
1085 1118 1186 1141 esse:

172 1162 230 1199 καὶ
258 1163 427 1214 Καρκίνος
449 1160 510 1211 μὲν
528 1161 723 1214 τραγῳδίας
748 1161 893 1208 ποιητὴς
921 1156 976 1209 ἦν,
1005 1162 1188 1215 Θωρυκίου

173 1219 242 1262 υἱός
255 1236 262 1243 ·
300 1215 389 1266 ἦσαν
427 1220 462 1257 δὲ
494 1221 586 1272 αὐτῷ
621 1221 740 1262 παῖδες
771 1220 941 1271 τέτταρες.
963 1238 976 1253 υ
1014 1224 1187 1257 Mmmzx.

172 1278 269 1316 Hist.
286 1281 390 1316 Com.
411 1293 447 1329 p.
468 1279 541 1315 515
561 1279 646 1315 coll.
669 1281 776 1315 Com.
800 1282 838 1323 Ι,
859 1293 894 1329 p.
916 1279 1003 1327 259.

231 1351 245 1373 1
255 1337 274 1373 5
285 1352 341 1384 10,
355 1339 374 1373 3
385 1352 398 1373 1
421 1337 466 1375 ‘O
479 1335 622 1389 πινοτὴρ
639 1335 700 1379 ἔως
713 1336 796 1387 [sic]
810 1339 867 1374 τοῦ
881 1337 1070 1388 τραγῳδοῦ.
1088 1337 1188 1382 δῆλον

172 1393 224 1431 ὅτι
243 1395 322 1448 περὶ
340 1397 419 1432 Ξεν.
437 1399 502 1442 V.‚
522 1396 586 1445 qui
611 1409 684 1432 om.
710 1394 1118 1447 διαέαλλει-ἇδηφαγον.
1142 1400 1186 1432 R.

174 1452 220 1490 de
243 1453 487 1503 sequentibus
512 1453 626 1490 habet
644 1453 727 1489 πίνα
745 1452 896 1503 ὄστρεον,
921 1462 957 1490 et
977 1455 995 1490 ὃ
1015 1455 1191 1505 ἐπιτηρῶν

173 1508 213 1546 τὸ
226 1511 362 1548 ἐσθίειν.
383 1534 432 1538 -
453 1511 499 1547 33
517 1511 592 1548 ἀλλ’
610 1510 841 1563 ἐπικαρκίνιον
858 1515 902 1548 V.

1304 291 1419 337 1513,
1443 293 1490 335 46
1517 293 1637 343 μικρὸν
1659 298 1702 331 V.
1735 295 1817 331 Ald.
1852 324 1890 329 -
1911 302 1956 342 47
1987 297 2100 335 δ’-τὸ
2126 311 2198 336 om.
2216 303 2259 338 V.

1242 348 1434 401 καταφερές
1451 355 1491 387 R.
1515 375 1553 380 —-
1580 352 1626 394 48
1645 351 1718 401 ἅμα
1746 351 2012 403 μὲν-λαγνείαν
2033 368 2106 392 0111.
2123 359 2166 392 V.

1303 408 1418 451 1515,
1452 408 1493 443 51
1515 406 1746 459 Ὠς-ζωμός.
1779 410 1836 447 καὶ
1867 425 1940 447 0111.
1980 415 2025 449 R.
2059 412 2177 463 ἰχθύας
2211 418 2258 451 G.

1244 467 1338 516 ἰχθῦς
1355 464 1428 507 τοὺς
1445 469 1504 502 τοῦ
1523 468 1697 516 καρκίνου.
1718 466 1769 504 ὅτι
1786 471 1829 504 V.
1849 490 1896 496 —
1915 470 1960 505 53
1981 470 2128 519 μένοντα
2141 501 2151 516 ,
2172 472 2263 509 ἀλλὰ

1244 525 1441 569 πλαττηται
1463 527 1506 561 R.
1530 524 1676 572 μένοντα
1697 539 1771 562 0111.
1791 529 1832 561 V.

1304 581 1414 626 1517,
1443 583 1465 616 6
1490 590 1574 630 post
1601 582 1847 627 διακινήσωσιν
1877 584 1982 620 addit
2010 587 2098 623 Ald.
2126 587 2260 637 βέμὸηξ

1246 637 1279 674 δὲ
1297 640 1314 674 ὁ
1331 637 1458 680 ξύλινος
1479 637 1660 687 στρόμὲος.
1684 640 1717 675 ἐν
1740 639 1981 690 ἐπιγράμματι
2002 659 2014 673 '‹
2031 645 2061 679 οἱ
2081 644 2111 680 δ’
2129 645 2183 695 ἄρ’
2199 645 2264 683 ὑπὸ

1245 697 1401 745 πληγῇσι
1422 694 1499 736 Οοὰς
1515 694 1694 744 βέμὸηκας
1713 695 1861 746 ἔχοντες,
1879 696 2040 751 ἔστρεφον
2060 700 2170 752 εὐρείῃ
2185 709 2265 740 παῖ-

1247 753 1298 795 δες
1313 753 1361 789 ε’νὶ
1387 752 1551 804 τριόδῳ.»
1577 753 1634 789 καὶ
1659 754 1814 803 ἀλλαχοῦ
1840 753 2106 807 Ἀριστοφάνης.
2141 776 2154 790 «
2172 758 2263 808 βέμ-

1247 810 1342 853 ὅικος
1359 810 1454 848 οὐδὲν
1474 809 1645 862 διαφέρειν
1666 811 1716 847 δεῖ
1732 830 1745 842 ι
1767 812 1843 849 ἀντὶ
1859 817 1918 849 τοῦ
1936 814 2111 859 εὐκίνητον
2129 817 2187 852 καί
2205 815 2264 852 εὔ-

1248 883 1392 920 στροφον
1427 862 1513 905 εἶναι
1549 869 1608 905 δεῖ.
1642 867 1716 906 ἔστι
1755 869 1790 906 δὲ
1830 869 1964 920 βέμὸηξ
1996 872 2170 923 ἐργαλεῖον
2184 902 2193 918 ,
2229 872 2264 910 ὃν

1249 927 1391 976 μάστιγι
1406 926 1607 978 στρέφουσιν
1625 929 1654 963 οἱ
1669 928 1801 969 παῖδες.
1822 927 1844 973 ἢ
1860 928 2018 978 παίγνιον
2033 931 2101 966 τῶν
2119 930 2266 975 παίδων,

1247 986 1292 1027 ὡς
1321 984 1441 1036 τροχός
1459 999 1466 1007 ·
1498 984 1532 1026 ὃς
1562 984 1705 1035 μάστιγι
1733 985 1944 1035 τυπτόμενος
1973 986 2168 1040 στρέφεται.
2207 989 2266 1026 καὶ

1250 1042 1441 1092 βεμὸηκιᾶν
1462 1042 1500 1079 τὸ
1522 1042 1820 1096 περιστρέφεσθαι.
1846 1048 1940 1091 Quae
1961 1046 2101 1083 inserta
2115 1055 2202 1083 sunt
2220 1061 2265 1084 ex

1249 1101 1363 1137 Suida
1390 1114 1416 1137 s.
1445 1099 1605 1150 Βέμέηξ,
1624 1102 1689 1151 qui
1712 1103 1849 1152 partim
1866 1115 1912 1139 ex
1937 1103 2054 1139 schol.
2073 1108 2140 1139 AV.
2169 1106 2262 1147 1461

1249 1159 1422 1208 sumpsit.

1307 1217 1403 1260 1524
1417 1247 1426 1263 ,
1449 1231 1494 1253 10
1509 1216 1608 1259 αὐτὸς
1624 1220 1673 1256 V.
1693 1218 1804 1255 Conf.
1825 1219 1940 1255 schol.
1958 1218 2004 1256 ad
2024 1220 2133 1268 1492.
2151 1221 2266 1256 ——'13

1250 1275 1348 1318 ὤζειν
1370 1279 1416 1312 G.
1434 1275 1553 1318 σώζειν
1568 1278 1610 1312 V.
1634 1275 1756 1312 Iidem
1775 1278 1820 1318 ὡς
1834 1276 1959 1325 λέγειν.

1308 1334 1405 1371 1530
1420 1363 1428 1378 ,
1449 1339 1469 1376 4
1492 1348 1548 1384 σχ.
1567 1336 1630 1378 τῆς
1647 1337 1694 1371 R.
1719 1349 1775 1384 σχ.
1797 1350 1831 1371 τι
1854 1338 1914 1380 τῆς
1930 1338 1971 1372 V.
1997 1335 2215 1387 τραγῳδικῆς
2233 1343 2271 1371 et

1253 1392 1425 1443 βέμὸηκες
1436 1395 1482 1429 V.
1503 1392 1580 1429 Ald.
1595 1414 1643 1420 —-
1659 1393 1680 1429 5
1696 1394 1913 1445 περιαγωγαὶ
1925 1392 2084 1431 τουτέστι
2101 1392 2271 1444 χτουτέστι

1252 1466 1328 1489 om.
1348 1453 1408 1501 G.)
1427 1451 1530 1504 σοφαί
1546 1455 1591 1488 V.

1311 1510 1406 1553 1534
1424 1513 1467 1546 R.
1490 1509 1603 1546 habet
1623 1509 1786 1560 glossam
1801 1509 1931 1554 ἔπαιξε.

1133 1703 1320 1760 PAX.

229 1853 507 1885 ARGUMENTUM
530 1850 548 1884 Ι
582 1861 657 1887 om.
678 1851 724 1887 R.
748 1870 798 1876 —-
822 1848 841 1884 3
875 1845 1125 1900 ἀναφερόμενος
1144 1849 1189 1882 V.

177 1911 257 1950 -ί,
286 1905 401 1944 ἀκούει
426 1907 618 1945 Gelenius.
644 1908 792 1950 ἀκούσας
809 1912 852 1946 V.
874 1906 954 1944 Ald.
979 1905 1193 1958 Legebatur

177 1965 498 2015 μετοικησαμένων.
529 1989 580 1994 -
610 1967 632 2002 6
661 1965 927 2016 ε’νοικησάμενος
943 1969 988 2002 V.
1023 1965 1192 2006 ἐνοικίσας

175 2023 258 2061 Ald.
275 2037 358 2068 --.7
376 2022 495 2075 ἄντρον
509 2023 542 2060 τί
559 2023 669 2076 εἴρξας
682 2028 727 2061 V.
745 2023 807 2069 τὴν
828 2026 901 2076 Εἷρ.
919 2023 1096 2075 καθείρξας
1111 2023 1192 2059 Ald.

176 2082 368 2135 ἔπεψόρησε
385 2084 548 2121 Ald.—8
559 2099 666 2134 seqq.
694 2085 746 2121 sic
764 2086 802 2121 in
822 2085 912 2127 Ald..
932 2083 1036 2135 μέχρι
1056 2082 1117 2134 μὲν
1135 2077 1192 2120 οὖν

176 2141 233 2177 ἐπὶ
256 2141 372 2192 ξυροῦ,
390 2142 508 2192 φασὶν,
525 2144 637 2192 ἀκμῆς
652 2141 695 2179 τὰ
710 2144 778 2179 τῶν
799 2141 981 2187 εΕλλήνων
1003 2140 1193 2179 ἐκινδύνευε

176 2198 381 2249 πράγματα.
405 2199 479 2235 ἐπεὶ
506 2199 543 2237 δὲ
569 2199 883 2249 μεταπεμπομένου
903 2200 984 2251 παρ’
1005 2199 1191 2245 Ἀθηναίων

176 2259 234 2292 τοῦ
251 2254 415 2305 Πολέμου
442 2257 582 2294 δοίδυκα
607 2256 665 2294 καὶ
688 2259 782 2309 παρὰ
801 2257 1100 2307 Λακεδαιμονίων,
1124 2259 1192 2293 κά-

177 2318 297 2355 κείνων
313 2317 375 2368 μὲν
386 2318 443 2356 τὸν
454 2318 615 2368 Κλέωνα,
626 2322 693 2356 τῶν
709 2320 743 2357 δὲ
754 2322 1039 2370 Λακεδαιμονίων
1052 2323 1084 2357 ἐν
1100 2321 1194 2373 Θρᾴ-

176 2392 220 2427 κῃ
232 2376 290 2414 τὸν
307 2377 478 2429 Βρασίδαν
493 2377 708 2415 ἀπολωλέναι
722 2379 936 2430 φασκόντων,
950 2379 1006 2420 οὒς
1022 2381 1039 2415 ὃ
1051 2378 1194 2424 ποιητὴς

177 2435 224 2477 ὡς
238 2437 414 2477 κυκῶν-τας
428 2434 490 2480 τὴν
517 2435 672 2473 Ἑλλάδα
689 2435 832 2479 ’δοίδυξιν
849 2435 983 2473 εἴκασεν
997 2466 1005 2482 ,
1021 2429 1115 2479 οὗτος
1132 2435 1192 2484 μὲν

178 2485 371 2538 εἰσέρχεται
400 2487 539 2524 δοίδυκα
570 2487 724 2532 ποιήσων
754 2488 942 2538 αὐτο-χειρί.
978 2490 1011 2524 ἐν
1041 2488 1192 2540 τοσούτῳ

178 2542 213 2580 δὲ
228 2550 403 2595 μηχαναῖς
416 2547 483 2582 τῶν
500 2545 578 2598 περὶ
595 2548 769 2598 Τρυγαῖον
786 2549 946 2597 γεωργῶν
963 2545 1024 2591 τὴν
1041 2546 1194 2597 Εἰρήνην

179 2602 453 2650 ἀνελκυσάντων,
475 2604 536 2640 οὐκ
559 2603 638 2640 ἄνευ
662 2607 723 2649 τῆς
747 2603 881 2656 (Ερμοῧ
907 2603 1105 2655 συνεργίας,
1126 2606 1193 2641 τῶν

178 2663 406 2711 χειροτεχνῶν
426 2659 499 2698 ὅσοι
521 2660 583 2711 μὲν
605 2661 626 2707 ἢ
646 2661 768 2715 λόφους
792 2661 814 2707 ἢ
838 2662 986 2704 ἀσπίδας
1011 2661 1032 2707 ἢ
1057 2662 1142 2699 ἄλλο
1162 2678 1194 2699 τι

179 2719 247 2754 τῶν
262 2718 350 2756 κατὰ
365 2718 516 2769 πόλεμον
531 2720 715 2771 χρησίμων
734 2721 1044 2765 κατασκευάζοντες
1062 2720 1194 2767 διέζων,

181 2776 351 2827 κατηφείᾳ
365 2777 577 2828 συνείχοντο,
593 2781 661 2815 τῶν
677 2777 792 2816 ὅπλων
806 2779 873 2826 ἤδη
891 2779 946 2816 διὰ
963 2778 1025 2825 τὴν
1044 2779 1194 2832 Εἰρήνην

182 2832 373 2881 γενομένων
387 2833 501 2877 ἀξίων.
522 2834 596 2873 ὅσοι
613 2836 650 2873 δὲ
668 2837 740 2886 βίον
761 2831 854 2888 εἶχον
872 2839 911 2874 ἐκ
927 2840 995 2874 τῶν
1015 2839 1195 2889 εἰρηνικῶς

183 2890 406 2940 ἀσκουμένων
434 2894 730 2944 ἐπιτηδευμάτων,
754 2891 822 2933 οἷον
849 2899 954 2934 εἰπεῖν
983 2897 1196 2949 δρεπανουρ-

182 2947 262 2999 γοὺς
285 2947 343 2986 καὶ
362 2951 503 3000 χαλκεῖς
525 2955 676 3001 σμινυῶν
700 2953 760 2990 καὶ
784 2953 872 2996 ὅλως
892 2954 1074 3007 γεωργοὺς,
1098 2957 1196 3007 Τρυ-

182 3005 272 3057 γαίῳ
300 3007 587 3059 συγχωρήσοντες
616 3011 886 3060 παραγίνονται·
918 3014 990 3062 μεθ’
1022 3008 1060 3050 οῧ
1091 3028 1194 3065 κρεο-

185 3063 423 3115 σφαγήσαντες
443 3067 488 3107 ὡς
508 3067 563 3103 ἐπὶ
587 3067 720 3104 δεῖπνον
742 3069 801 3106 καὶ
823 3069 934 3119 γάμον
959 3070 1192 3119 κωμάζουσιν.

185 3124 252 3158 Est
267 3122 360 3167 hoc,
377 3124 501 3172 inquit
519 3125 734 3162 Dindorfius
747 3154 756 3169 ‚
776 3128 1026 3164 recentissimi
1043 3129 1197 3178 supple—

185 3186 353 3215 mentum
367 3182 620 3229 grammatici,
647 3183 712 3231 11111
727 3193 991 3232 argumentum
1008 3186 1048 3221 in
1065 3186 1197 3222 codice

186 3247 255 3272 suo
278 3237 452 3273 mutilum
467 3238 674 3275 invenerat.
695 3261 746 3267 —
769 3255 811 3276 21
832 3256 870 3277 τε
897 3241 940 3277 τὰ
971 3241 1050 3293 περὶ
1072 3247 1119 3280 V.
1147 3264 1197 3272 ·—

188 3305 236 3329 22
257 3293 376 3331 δέοντα
406 3298 451 3331 G.
478 3295 544 3332 δέω
569 3299 611 3333 V.
643 3319 691 3324 —
721 3299 768 3334 32
800 3298 914 3335 ὅπλων
949 3299 1113 3349 γεωργοὶ,
1148 3302 1195 3337 35

186 3351 454 3400 γελλωτοποιούς
466 3356 508 3390 V.
527 3379 577 3386 —-
595 3355 641 3390 36
660 3353 745 3404 ἄγαν
762 3356 1072 3406 ἐπιτετηδευμένων
1091 3359 1190 3407 conj.

1250 1844 1426 1881 Dindorf.
1445 1845 1548 1882 Idem
1567 1851 1615 1890 40
1631 1847 1843 1890 xuOZxavN.
1857 1845 2018 1883 τέθεικεν.
2033 1869 2084 1875 -—-
2099 1861 2121 1896 9
2135 1848 2272 1895 ἐνίκησε

1250 1902 1298 1942 ad
1318 1904 1428 1942 finem
1449 1912 1536 1942 suut
1562 1904 1600 1942 111
1621 1903 1701 1941 Α111.
1727 1925 1777 1933 -
1797 1917 1837 1941 11
1860 1905 2208 1958 πρῶτον-δεύτερον
2229 1910 2271 1944 V.

1250 1985 1297 1990 —
1318 1965 1359 1999 13
1377 1963 1493 2000 verba
1509 1963 1612 2008 ’ἡνίκα
1629 1962 1676 2000 ἔτ’
1691 1957 1733 2008 ἦν
1749 1963 1936 2012 ὑποκριτής
1951 1966 2008 2012 (ut
2020 1964 2124 2009 ἡνίκα
2147 1964 2197 2002 ἔτι
2215 1965 2270 2002 ἐπὶ

1250 2024 1378 2066 σκηνῆς
1401 2016 1442 2068 ἦν
1460 2035 1519 2071 ap.
1542 2022 1768 2071 Procopium
1784 2021 1879 2057 Hist.
1902 2034 1975 2058 arc.
1996 2035 2034 2071 p.
2058 2022 2117 2068 50,
2145 2024 2197 2071 C)
2213 2052 2222 2068 ‚
2241 2024 2271 2059 si

1249 2089 1350 2116 recte
1383 2081 1434 2116 sic
1472 2080 1623 2115 correxi
1655 2080 1832 2116 vitiosam
1868 2079 2010 2116 codicis
2047 2082 2271 2130 scripturam

1249 2137 1353 2182 ἡνίκα
1375 2139 1483 2190 ἑρμῆν
1507 2136 1708 2188 λοιοκρότης
1722 2166 1731 2184 ,
1758 2138 1972 2186 significant
1993 2138 2270 2186 Apollodorum

1249 2209 1335 2232 eum
1353 2195 1638 2244 intelligendum
1655 2209 1734 2232 esse
1749 2196 1815 2244 qui
1829 2204 1907 2231 tum
1927 2197 2106 2245 temporis
2124 2196 2270 2241 histrio,

1250 2253 1492 2302 postmodum
1507 2261 1619 2302 poeta
1634 2253 1704 2288 fuit
1722 2267 1728 2288 :
1747 2265 1831 2301 quae
1846 2253 2052 2289 multorum
2072 2263 2270 2302 poetarum

1250 2311 1418 2347 conditio
1441 2311 1533 2358 fuit,
1553 2311 1658 2347 velut
1677 2311 1847 2347 Cratetis.
1870 2311 2122 2360 Apollodorus
2143 2322 2268 2349 autem

1250 2382 1294 2404 ex
1321 2367 1608 2404 obscurioribus
1637 2368 1756 2404 aetatis
1779 2368 1878 2404 illius
1897 2369 2019 2417 poetis
2033 2370 2146 2406 fuisse
2165 2371 2270 2407 vide-

1251 2434 1324 2472 tur,
1347 2425 1392 2461 de
1418 2425 1556 2475 quibus
1576 2426 1669 2462 1111111
1699 2434 1834 2475 praeter
1861 2439 2000 2462 nomen
2018 2427 2054 2463 in
2078 2440 2269 2478 gramma—

1252 2485 1412 2520 ticorum
1434 2484 1609 2520 notitiam
1628 2484 1810 2533 pervenit.
1826 2486 1944 2519 Dmn.

1302 2546 1396 2577 ARG.
1419 2545 1465 2578 II.
1489 2542 1535 2578 23
1565 2541 1722 2592 ἐκτρύχει
1743 2545 1942 2578 Kusterus.
1968 2542 2185 2594 Legebatur
2213 2545 2270 2581 ἐκ-

1250 2599 1378 2652 τρέχει.
1400 2621 1450 2628 -
1467 2614 1515 2649 29
1536 2600 1782 2652 δυσφοροῦντος
1797 2603 1842 2637 V.

1303 2663 1394 2694 Aac..
1410 2661 1476 2695 111.
1488 2657 1620 2700 Ἄλλως
1635 2659 1897 2708 praescriptum
1913 2660 1954 2695 in
1969 2658 2086 2696 libris.
2099 2659 2269 2697 Φαίνεται

1251 2717 1284 2753 ἐν
1301 2719 1343 2753 V.
1366 2739 1413 2743 —
1434 2717 1480 2759 34
1505 2716 1630 2765 ὁμοίως
1649 2718 1666 2752 ὁ
1683 2715 1752 2768 Ἀρ.
1771 2720 1816 2753 R.
1832 2720 1873 2752 V.
1895 2715 2087 2765 ὁμωνύμως
2105 2718 2269 2753 correxit

1251 2779 1424 2816 Dindorf.
1446 2781 1490 2816 In
1517 2779 1600 2816 Ald.
1625 2788 1701 2825 est,
1732 2778 1872 2831 φέρεται
1891 2780 1925 2815 ἐν
1943 2795 2018 2821 ταις
2036 2779 2117 2825 διδ,
2138 2778 2190 2816 ὅτι
2209 2779 2268 2816 καὶ

1251 2836 1371 2889 ἑτέραν
1392 2838 1569 2888 δεδίδαχεν
1587 2837 1713 2887 ὁμοίως
1731 2837 1801 2888 Ἀρ.
1826 2836 1977 2888 εἰρήνην.
2002 2837 2108 2874 Conf.
2124 2839 2260 2886 Bergk.

1251 2895 1298 2932 ad
1330 2896 1461 2945 fragm.
1493 2896 1680 2944 Aristoph.
1714 2909 1748 2945 p.
1781 2895 1851 2941 175
1876 2908 1958 2944 sqq.
1976 2915 2026 2922 —-
2048 2895 2096 2930 36
2117 2893 2175 2930 δύο
2192 2888 2267 2932 εἶπε

1251 2952 1332 2988 Ald.
1349 2975 1400 2980 —
1422 2954 1469 3001 39
1488 2967 1549 2988 σπ.
1570 2952 1626 2989 διά
1643 2967 1720 2988 τινα
1737 2956 1783 2988 V.

1304 3017 1398 3049 Ano.
1417 3017 1466 3049 IV
1486 3027 1558 3049 om.
1580 3017 1624 3049 R.
1659 3013 1740 3052 Α111,
1759 3012 1980 3049 Dindorfius
1998 3028 2005 3049 :
2025 3027 2088 3049 «V.
2112 3027 2143 3050 1.
2165 3027 2185 3050 2
2207 3015 2266 3051 in-

1253 3072 1374 3109 dicavi
1393 3073 1554 3108 lacunas.
1573 3085 1610 3106 v.
1635 3084 1655 3106 2
1670 3072 1738 3121 Τρ.
1767 3069 1900 3106 ἐλθὼνὲ
1922 3084 1957 3106 v.
1986 3071 2005 3106 3
2029 3069 2164 3121 ὄρνιθ’ἒ)
2189 3086 2221 3109 V.
2241 3078 2262 3116 4

1253 3131 1385 3178 scripsi
1403 3129 1552 3181 Ἑρμῆν.
1571 3132 1614 3163 V.
1631 3127 1714 3177 μὴν,
1729 3131 1776 3164 G.
1798 3127 1860 3177 μὴ.
1887 3132 1932 3164 V.
1951 3129 2260 3168 κατεπιδείκνυσιν.

1253 3203 1284 3224 V.
1304 3189 1325 3224 5
1342 3188 1502 3223 duorum
1522 3199 1699 3223 versuum
1716 3186 1878 3235 reliquiae
1894 3186 2059 3223 confusae
2072 3188 2262 3225 videntur.

1252 3260 1287 3282 v,
1309 3247 1343 3282 8.
1364 3244 1496 3295 ἀγρὸνέ)
1517 3258 1550 3280 V.
1572 3258 1595 3292 9
1615 3257 1766 3293 quoque
1787 3244 1950 3280 duorum
1971 3258 2150 3281 versuum
2171 3246 2264 3282 laci-

1252 3304 1323 3339 niae
1336 3331 1345 3347 ,
1366 3312 1408 3338 ut
1424 3302 1588 3339 videtur.
1610 3304 1656 3337 G.
1680 3301 1718 3338 τὸ
1736 3300 1798 3351 μὲν
1816 3301 1913 3338 καδδ’
1932 3303 1988 3339 ἐπ.
2009 3316 2043 3339 V.
2066 3317 2111 3338 10
2129 3303 2262 3339 delen-

1252 3359 1341 3396 dum
1368 3358 1444 3405 τὴν.
1482 3363 1569 3395 Post
1602 3359 1736 3409 τάγαθά
1773 3361 1959 3397 nonnulla
1990 3361 2261 3398 exciderunt.»
