2485 3808
938 203 1191 243 SCHOLIA
1232 206 1291 244 IN
1325 208 1481 246 AVES.

160 303 243 338 πος,
261 287 351 330 ταῶς
370 279 476 325 εἶπεν.
495 284 647 330 ὀξύνεται
665 285 699 323 65
715 287 774 324 καὶ
794 289 1035 339 περισπᾶται.)
1055 291 1071 326 ὁ
1091 292 1194 339 μ’ὔθος

160 346 195 383 δὲ
229 344 320 396 λέγει
353 344 409 382 τὸν
441 342 564 396 Ἄργον
594 346 638 387 εἷς
664 347 779 382 ταῶνα
809 345 1106 395 μεταέεὸλῆσθαι.
1139 348 1194 385 διὰ

158 404 259 442 τοῦτό
282 418 385 456 φησι,
412 402 555 454 πότερον
583 402 671 456 ὄρνις
694 397 725 440 εἶ
748 403 788 441 σὺ
818 403 1033 454 ὁλεγόμενος
1059 405 1195 458 Τηρεὺς

157 461 254 515 παρὰ
273 461 311 499 τὸ
331 466 445 510 τηρεῖν
471 460 533 506 τὴν
558 460 631 507 Ἰὼ,
657 460 678 507 ἢ
705 464 806 505 ταῶς.
834 463 872 499 rb
902 463 936 500 65
962 463 1071 513 ὄνομα
1097 480 1195 516 περι-

123 533 139 558 5
159 522 291 558 σπῶσιν
316 521 346 557 οἱ
372 518 530 557 Ἀττικοί.
560 542 614 547 —
637 519 727 570 ὄρνις
755 519 777 564 ἢ
803 523 894 563 ταῶς
918 534 925 558 :
957 521 1016 564 Ὡς
1048 522 1194 565 ἐοικότος

156 578 293 631 ὄρνιθος.
314 577 399 629 πρὸς
418 577 456 614 rb
477 577 615 627 μέγεθος
635 576 669 614 65
686 581 784 616 τοῦτο
807 578 897 629 λέγει
917 578 939 624 ἢ
956 578 1011 616 διὰ
1032 579 1092 624 τὴν
1117 595 1195 617 ποι-

156 636 256 683 κίλην
279 637 406 682 ἐσθητα
431 636 473 681 ἢν
500 635 696 673 ενεδύσατο
777 634 920 680 Αλλ.ι)ς
948 637 1064 681 ἔπαιξε
1083 637 1120 675 τὸ
1136 653 1193 688 γε-

156 694 247 732 νικὸν
263 693 382 740 εἰπὼν,
402 697 476 731 εἶτα
497 694 650 745 ἐπηγαγε
667 694 704 731 τὸ
725 695 860 733 εἰδικόν,
877 703 916 737 V

212 765 272 791 10⁴.
302 751 334 789 5·
321 752 510 804 ερρύηκε.
504 766 511 773 ·
535 751 695 803 Παρόσον
716 751 890 803 ἅνθρωπος
910 751 1110 798 ἐξελήλυθε,
1141 751 1189 802 μὴ

107 822 138 846 ιυ
157 810 245 863 ἔχων
264 809 374 862 πτερὰ
387 809 477 854 πλὴν
498 812 558 855 τ’ἧς
574 811 724 862 κε’ραλῆς
742 810 871 859 ὄρνιθος
891 809 1138 862 ἐπτερωμένης.

211 883 271 908 108.
300 871 346 911 ὡς
365 867 422 906 ἐπὶ
438 870 505 905 τῶν
523 869 646 920 φυτῶν.
668 874 704 904 R.

212 941 274 965 107.
304 925 370 978 [νῲ
392 924 503 978 βροτώ
525 938 533 963 :
558 924 650 977 Πρὸς
674 923 736 969 τὴν
754 922 943 974 παράθεσιν
962 925 1028 960 τῶν
1054 922 1190 973 λε’ξεωι,

155 983 208 1022 ὅτι
227 985 266 1021 ἐκ
281 983 507 1036 παραλλήλου
527 985 548 1027 ἡ
569 980 714 1034 διαφορὰ
740 978 914 1026 δηλοῦται.
940 980 979 1017 τὸ
1000 979 1034 1018 65
1059 996 1085 1032 7
1109 996 1192 1033 προς

156 1042 195 1079 τὸ
220 1040 362 1093 συνεχὲς
377 1043 444 1077 τῶν
463 1038 620 1090 &vinc-34]

212 1112 272 1138 108.
301 1098 374 1136 ὅθεν
395 1099 431 1135 αἱ
450 1097 597 1150 τριήρεις
617 1098 652 1133 αἱ
673 1095 778 1133 καλαί
797 1109 805 1134 :

155 1160 235 1196 νῶν.
246 1156 367 1254 9(μέγα
384 1155 451 1208 γὰρ
468 1154 626 1208 ἐφρόνουν
648 1155 817 1200 Ἀθηναῖοι
836 1154 892 1192 ἐπὶ
911 1155 1125 1207 ναυμαχία.)

305 1213 479 1254 Ἥλιαστά
509 1227 517 1252 :
548 1213 733 1251 Δικασταί.
763 1213 831 1250 ἀπὸ
864 1217 924 1251 τοῦ
957 1213 1108 1264 μεγάλου
1139 1213 1188 1250 δι-

150 1272 357 1334 καστηρίου
360 1288 421 1318 της
441 1271 613 1314 Ἡλιαίας.
643 1270 699 1309 οὔ.
684 1287 749 1314 -ως
775 1270 809 1308 δὲ
831 1271 983 1319 ἐκλήθη,
1010 1270 1066 1308 διὰ
1090 1270 1128 1308 τὸ
1155 1286 1189 1308 εν

153 1332 311 1384 ὑπαίθρῳ
324 1335 412 1368 εἰναι
430 1330 526 1382 τόπῳ
542 1329 601 1368 καὶ
621 1327 687 1367 ὑπὸ
707 1333 767 1367 του
787 1329 884 1375 -ἱλίου
904 1329 1106 1381 βάλλεσθαι.

99 1405 139 1430 20
207 1389 256 1441 μὴ
277 1387 367 1427 ἀλλὰ
386 1370 528 1439 θατέρου
547 1386 706 1441 τρόπου·
729 1387 896 1425 Πέπονθε.
918 1389 1028 1426 κεῖται
1054 1388 1088 1425 δε
1113 1389 1188 1425 ἀντι

151 1451 211 1486 τοῦ
232 1446 310 1494 οἲικ,
327 1445 417 1484 ἀλλὰ
433 1445 576 1498 θατέρου
591 1446 720 1498 τρόπου
732 1476 742 1495 ,
760 1445 915 1483 τουτέστι
935 1444 1116 1496 μισόδικοι.

207 1520 268 1546 110.
299 1504 482 1556 μισόδικοι.
564 1499 602 1541 rb
623 1503 812 1553 μισόδικον.
830 1506 867 1541 R.

206 1577 266 1604 111.
297 1561 411 1613 ὀλίγον
438 1563 548 1608 ζητῶν
572 1575 581 1600 ;
614 1564 728 1600 Τοῦτο
753 1561 866 1612 λέγει,
892 1578 944 1599 οτι
971 1564 1002 1600 οἱ
1033 1562 1187 1614 ἄγροικοι

153 1622 250 1674 μόνοι
267 1622 352 1660 εἰσὶν
370 1623 401 1659 οἱ
428 1620 476 1671 μὴ
498 1618 757 1673 φιλοδικασται,
775 1623 822 1663 ὡς
847 1619 971 1672 ὀλίγων
991 1621 1098 1658 ὄντων
1118 1623 1186 1658 τῶν

98 1694 133 1719 25
153 1680 338 1732 μισοδίκων
355 1678 414 1717 καὶ
433 1677 563 1716 τούτων
583 1677 766 1730 ἀγροίκων.
786 1673 839 1715 ἀει
859 1675 894 1716 65
912 1678 1051 1722 τούτους
1073 1694 1110 1716 τε
1127 1679 1185 1716 καὶ

149 1756 227 1783 τους
251 1741 367 1780 ἱππεῖς
386 1739 531 1775 επαινεῖ.

150 1796 386 1852 σπερμάτων
381 1796 511 1832 μᾶλλον
530 1792 626 1845 παρὰ
641 1798 711 1837 τοῖς
728 1788 900 1846 ἀγροίκοις
920 1794 1130 1847 εὑρίσκεται.

205 1869 264 1894 113.
294 1853 370 1892 ἀντι
387 1857 445 1891 τοῧ
464 1855 510 1896 εἷς
528 1851 666 1903 ὁμιλίαν
686 1853 806 1891 ἐλθεῖν.
828 1859 866 1889 R.

829 1095 853 1113 ἰ
907 1097 914 1110 ι
979 1100 1000 1108 ω
1035 1096 1063 1111 ν·
1087 1096 1096 1109 ³

107 1118 139 1143 15
834 1112 918 1134 ιιντι
942 1111 1000 1134 του
1030 1112 1063 1140 ες
1092 1099 1166 1143 Aer,

584 1736 659 1786 ἅμα
678 1750 738 1773 και
757 1752 809 1773 οτι
829 1737 872 1773 τὰ
889 1736 1097 1781 σπανίζοντα
1115 1739 1184 1775 τῶν

204 1926 265 1954 120.
296 1911 352 1950 διὰ
369 1927 494 1950 ταυτα.
512 1918 550 1948 R.

203 1985 263 2010 121.
291 1969 406 2022 εὔερον
426 1984 434 2008 ;
456 1963 552 2019 (Οἶον
567 1967 727 2019 μαλακὴν
742 1967 860 2020 ὥσπερ
877 1968 1021 2021 σισύραν
1041 1969 1182 2022 εὐέριον.

150 2029 300 2068 Πλάτων
329 2027 536 2080 εΥπερίῗόλιι)
563 2045 579 2060 τι
608 2026 668 2064 καὶ
699 2030 859 2064 τοο-οἶτον
890 2027 1023 2079 εὖερίας
1056 2028 1184 2066 ἀπολέ-

149 2087 283 2138 ιιλαυχ’
304 2084 536 2138 Ἱπέρὸολος,
562 2082 643 2121 ὥστ’
665 2084 884 2135 αὖχμότατός
903 2101 1023 2123 εστι.»
1052 2087 1183 2138 Κρατῖ-

148 2161 203 2188 νος
219 2144 362 2196 Πυλαία
381 2162 397 2177 ιι
416 2143 578 2193 γλῶσσαν
599 2143 751 2194 εὐέρων
747 2145 908 2181 βοτῶν.»
929 2143 1022 2195 λέγει
1047 2144 1082 2182 65
1105 2145 1184 2196 περὶ

148 2205 216 2240 τῶν
246 2201 442 2253 προὸοίτων.
454 2202 464 2250 )
494 2215 542 2226 μ-
570 2199 646 2237 ἀντὶ
675 2203 734 2237 τοῦ
762 2200 912 2253 εὐάερον.
940 2207 1084 2240 τοιαῦτα
1116 2202 1183 2254 γὰρ

95 2272 129 2296 35
149 2263 306 2307 ζητοῦσιν
325 2260 356 2296 οἱ
372 2256 653 2308 μετοικιζόμενοι.
671 2256 693 2303 ἢ
714 2257 731 2295 ὃ
752 2257 870 2308 βαλεῖν
900 2258 968 2296 ἀπὸ
988 2267 1184 2313 μεταφορᾶς

146 2321 206 2356 τοῦ
225 2316 327 2369 ἐρίου.
346 2329 384 2359 R.

202 2375 292 2424 (122).
324 2371 466 2424 σισύραν
488 2385 497 2411 :
527 2372 680 2425 Σισύρνα
700 2372 759 2410 καὶ
777 2373 901 2424 σισύρα
920 2374 980 2412 καὶ
997 2375 1091 2419 σίσυς
1107 2377 1181 2414 δια-

147 2431 299 2485 φέρουσι.
322 2429 446 2481 σισύρα
468 2428 530 2480 μὲν
546 2429 612 2482 γάρ
630 2431 702 2467 ἐστι
721 2429 760 2467 rb
781 2431 812 2468 ε’ζ
835 2431 974 2482 αἰγείιι)ν
1001 2433 1181 2485 δερμάτων

146 2489 197 2526 ἔτι
224 2487 285 2531 τὰς
305 2487 424 2539 τρίχας
450 2486 528 2538 ἔχον
552 2486 781 2538 σκέπαστρον.
808 2487 871 2534 τὴν
897 2489 932 2527 65
958 2490 1121 2543 σισύρναν
1150 2494 1180 2529 οἱ

74 2557 129 2583 40
146 2545 238 2585 κατὰ
265 2545 399 2592 Λιὸύην
417 2544 555 2595 λέγουσι
582 2545 621 2582 τὸ
644 2546 683 2583 ἐκ
711 2548 779 2583 τῶν
804 2547 937 2585 κωδίων
966 2549 1180 2600 ῥαπτόμενον

145 2603 370 2656 ἀμπεχόνιον.
390 2603 487 2646 σίσυς
502 2602 540 2641 δε
559 2605 632 2641 ἔστι
652 2603 748 2656 παχυ
775 2605 913 2655 ιμάτιον
939 2607 998 2645 καὶ
1024 2607 1179 2656 εὐτελὲς,

144 2678 229 2716 προς
248 2661 284 2700 δὲ
302 2663 362 2700 καὶ
386 2662 521 2715 μικρὸν,
544 2662 737 2708 επιτήδειον
765 2666 812 2707 εἷς
838 2664 872 2702 ἓν
900 2665 972 2702 ἅπ-
960 2669 1082 2713 εσθαι,
1109 2670 1179 2705 οἷον

147 2720 337 2770 ἐξωμίδιον.
368 2743 421 2748 -
447 2718 588 2793 σισύρα
600 2720 747 2771 χλαίνης
779 2716 867 2766 εἶδος
898 2725 1074 2774 εὐτελοῦς,
1109 2730 1178 2764 οῖον

148 2777 309 2820 ἄπλοιδος
331 2777 354 2823 ἢ
383 2776 588 2828 ἐξωμίδος
569 2794 591 2823 η
620 2778 774 2817 τοιούτου
804 2780 903 2825 τινός.
934 2782 1180 2856 Ἀριστοφάνης

97 2852 130 2877 ιε
149 2838 183 2874 ἐν
202 2835 374 2887 Νεφέλαις
388 2835 454 2906 [ιο]
473 2853 488 2869 «
505 2837 540 2873 ἐν
559 2835 660 2874 πέντε
680 2838 881 2891 σισύραις.»
901 2848 941 2877 V.
969 2844 986 2879 ὁ
1012 2841 1047 2879 δὲ
1075 2842 1179 2915 Ερα-

147 2892 308 2938 τοσθένης
325 2891 372 2935 ὥς
398 2893 472 2929 ἐστι
498 2893 618 2943 βαίτη,
640 2895 797 2963 καθάπερ
822 2897 861 2934 τὸ
881 2897 1016 2952 δένδρον
1035 2900 1074 2937 τὸ
1094 2903 1178 2940 αὐτὸ

148 2965 208 2988 και
230 2949 420 3001 ἄνδραχνον
444 2949 503 2986 καὶ
525 2950 652 3002 ἀνδρόχ
653 2968 713 2998 νην
738 2955 922 3005 καλοῦμεν,
944 2955 1094 3000 οὕτιι)ς”
1071 2974 1178 3010 ῳοντο

149 3006 291 3060 σισύραν
306 3023 365 3045 και
381 3006 477 3044 σίσυν
491 3007 548 3044 ἐπι
561 3013 620 3045 τοῦ
633 3012 736 3048 αὐτου
748 3012 968 3063 ἐκδέχεσθαι,
982 3015 1042 3053 καὶ
1058 3017 1177 3070 τρίτην

148 3063 456 3119 προσλαμὸάνουσι
477 3064 638 3118 σισύρνην
662 3070 691 3105 οἱ
717 3069 808 3106 κατὰ
834 3071 970 3118 Λιὸύην
989 3073 1029 3111 rb
1051 3090 1089 3112 εκ
1110 3079 1177 3114 τῶν

98 3139 132 3164 50
149 3122 295 3169 κωδίων,
314 3121 353 3159 rb
376 3121 584 3173 ἀμπεχόνιον
604 3124 826 3175 καλούμενον.
845 3149 888 3154 —
908 3130 968 3168 καὶ
990 3131 1052 3177 τὴν
1075 3133 1176 3172 σισύ-

149 3197 210 3234 ραν
236 3179 358 3232 βαίτην
375 3178 548 3217 ὖπέλαὸον
569 3184 654 3218 εἶναι
672 3182 771 3226 τινές.
787 3184 826 3222 rb
846 3186 881 3223 65-
901 3189 963 3226 οὐκ
980 3188 1071 3227 ἔστιν
1089 3193 1174 3238 ἀλη-

151 3238 223 3285 θὲς,
253 3236 343 3276 ἀλλὰ
372 3236 517 3289 χλαίνης
548 3231 633 3281 εἶδος
664 3241 837 3289 εὐτελοῦς,
872 3248 940 3284 οἱον
969 3245 1118 3297 ἐξωμίδα
1153 3253 1174 3296 ἡ

146 3294 305 3334 διπλοιδα
323 3294 346 3341 ἢ
360 3294 511 3332 τοιουτόν
526 3310 571 3334 τι.
587 3295 692 3339 οὕτως
708 3299 741 3334 ἕν
760 3314 809 3351 τιι)
824 3300 958 3354 λεξικῶ.
976 3314 1017 3343 V.

200 3353 490 3405 ἐγκατακλιθῆναι
514 3366 522 3392 :
547 3352 667 3397 Οὕτως
692 3354 855 3404 Ἀττικοι,
881 3361 926 3402 ὡς
953 3360 995 3403 ἐν
1005 3361 1175 3415 Νεφέλα
1161 3381 1175 3390 ,

96 1989 132 2015 80

1221 762 1226 827 Ι

1206 3367 1209 3389 ¹
1234 3366 1332 3409 πόλις
1356 3383 1417 3412 της
1440 3368 1719 3414 Πελοποννήσου.

2217 228 2289 260 213

1257 290 1340 358 [σοι]
1360 310 1375 324 «ι
1395 291 1484 329 ἀλλὰ
1504 294 1758 339 κατακλινεὶς
1739 310 1845 351 οευρι.
1873 317 1885 330 ι
1906 299 1944 336 τὸ
1968 300 2003 338 65
2027 303 2203 349 κλινθηναι
2226 321 2294 342 κοι-

1255 348 1323 387 νόν.
1352 371 1396 376 —
1425 352 1642 401 μαλθακήνῑ
1665 356 1843 404 μαλακην.
1871 357 1962 408 λέγει
1983 359 2018 397 65
2041 359 2102 406 τὴν
2122 363 2188 399 τῶν
2214 379 2293 416 προ-

1256 405 1384 445 6άτιι.)ν
1400 420 1439 450 v,

1310 477 1367 502 123.
1397 469 1463 504 τῶν
1494 469 1664 520 Κραναῶν
1691 483 1700 508 :
1729 473 1808 509 Τῶν
1837 473 2006 522 Ἀθηνῶν,
2034 475 2090 514 διὰ
2114 477 2153 515 rb
2181 479 2291 531 τραχὺ

1254 522 1313 559 καὶ
1334 524 1539 574 λεπτόγεων.
1561 526 1635 575 (ἢ
1619 527 1688 564 απὸ
1706 531 1868 580 Κραναοῦ
1889 533 2088 583 βασιλέως.)
2311 553 2326 575 5

1309 594 1370 619 124.
1403 583 1749 635 (προσφορωτέραν
1731 601 1766 623 οε
1783 589 1848 624 νῶν
1871 602 1880 626 :
1908 589 1996 628 Ἀντι
2021 596 2080 629 τοῦ
2104 595 2188 644 ἡμῖν
2212 596 2289 632 ἐπι-

1253 638 1404 684 τηδείαν,
1426 639 1535 685 ἀλλην
1554 643 1752 693 ζητοῦμεν.)

1309 708 1368 733 125.
1400 698 1722 750 ἀριστοκρατεισθαι
1757 714 1765 739 :
1803 702 1891 740 Ἀντι
1926 709 1985 742 τοῦ
2017 708 2289 759 ὀλιγαρχεῖσθαι.

1253 753 1518 806 Ἀριστοκράτης
1552 755 1607 803 65,
1642 759 1812 797 Σκελλίου
1848 761 1934 808 υἱὸς,
1965 763 2214 804 ἐπεὲούλευσεν
2246 771 2292 811 εἰς

1251 812 1441 850 κατάλυσιν
1467 817 1516 851 τιΝ)
1545 814 1659 868 δημῳ.
1695 816 1856 866 (Ἄλλως.
1884 819 2042 865 ἀρίστους
2065 824 2285 896 κεκριμένους
2310 837 2340 859 ¹⁴·

1252 873 1286 907 θε
1279 869 1396 913 λεις”
1378 887 1468 922 εχειν
1489 872 1658 924 ἄρχοντας
1685 890 1744 912 του
1766 875 1876 926 δημου
1903 893 1961 916 και
1981 895 2042 925 της
2070 881 2219 929 πόλεως,
2236 883 2290 921 οἵα

1250 930 1271 973 ἡ
1293 928 1389 980 παρὰ
1406 931 1696 980 Λακεδαιμονίοις
1722 934 1878 971 πολιτεία
1901 939 1953 982 ἠν.
1981 939 2002 983 4,
2032 953 2098 990 γαρ
2115 955 2182 977 των
2200 940 2292 987 Ἀθη-

1251 984 1355 1022 ναίων
1372 986 1590 1055 δημοκρατία
1605 992 1658 1035 ἦν.
1669 991 1678 1038 )

1306 1057 1368 1082 126.
1394 1045 1454 1082 καὶ
1474 1046 1530 1082 τὸν
1555 1047 1723 1085 Σκελλίου
1745 1062 1752 1086 :
1779 1049 1886 1110 Παρα
1912 1051 1951 1088 τὸ
1971 1052 2080 1103 ὄνομα
2106 1053 2289 1106 πέπαιχεν,

1250 1102 1325 1139 ἐπεὶ
1346 1102 1611 1156 Ἀριστοκράτης
1629 1106 1797 1145 Σκελλίου
1820 1111 1861 1155 ἠν
1882 1109 1972 1156 υἱὸς,
1992 1110 2028 1148 ὃν
2046 1114 2063 1148 ὃ
2080 1112 2193 1165 ῥητωρ
2214 1118 2289 1161 An-
2313 1133 2342 1156 ις.

1251 1160 1417 1209 μοσθένης
1448 1161 1625 1215 (ἔγραφεν.
1662 1165 1910 1217 ἀριστοκρατία
1942 1167 1978 1204 65
2010 1171 2031 1214 4,
2065 1169 2285 1223 ὄλιγαργία).

1250 1218 1310 1256 οὔτ
1312 1236 1358 1262 ως
1377 1223 1447 1267 ουν,
1465 1220 1568 1273 φησὶ,
1591 1224 1681 1259 υ.ιισιΝ)
1698 1222 1761 1269 τὴν
1784 1226 2062 1277 ἀριστοκρατίαν,
2084 1227 2136 1266 ὅτι
2152 1230 2211 1266 καὶ
2234 1230 2288 1268 τὸν

1250 1277 1518 1331 Ἀριστοκράτην
1536 1282 1648 1329 μισιιΝ),
1666 1279 1717 1318 ὅτι
1737 1281 1905 1330 κέκληται
1924 1287 1973 1322 τῶ
1995 1285 2140 1336 ὀνόματι
2160 1288 2283 1341 τούτῳ.

1305 1348 1365 1373 129.
1397 1336 1453 1373 ἐπὶ
1474 1336 1536 1382 τὴν
1554 1337 1657 1390 θύραν
1686 1355 1751 1389 μου
1772 1339 1890 1391 πριι)ί“;
1913 1325 1985 1381 N6v
2006 1345 2043 1382 06
2064 1344 2127 1391 τὴν
2150 1356 2288 1399 πρωῖαν

1248 1376 1358 1443 λέγει,
1380 1393 1489 1431 ἀλλ’ν
1477 1410 1547 1432 ισον
1569 1399 1617 1448 τῷ
1643 1412 1677 1433 εν
1697 1396 1771 1449 ὥρα
1797 1398 1886 1451 πρῴ.
1905 1400 2032 1449 (οὕτως
2057 1402 2124 1455 γάρ
2150 1405 2222 1442 ἔστι
2248 1405 2286 1443 τὸ
2306 1422 2339 1444 20

1247 1451 1349 1503 πρωί.
1371 1452 1421 1489 διὸ
1440 1453 1475 1496 ὀξ
1479 1453 1606 1493 ύνεται.
1628 1454 1667 1492 rb
1695 1454 1730 1492 65
1755 1471 1831 1508 πριι)
1854 1466 2078 1510 περισπᾶται.
2088 1463 2098 1511 )
2128 1484 2172 1488 -—
2198 1463 2286 1502 οὕτω

1249 1487 1442 1557 μονοσυλλ
1412 1511 1515 1554 ιαὸως
1546 1511 1695 1562 λεγουσι.
1725 1513 1876 1558 Εὔπολις
1901 1515 2056 1560 Βάπταις
2082 1537 2096 1552 «
2125 1521 2198 1557 ἐκεῖ
2219 1521 2285 1574 γὰρ

1248 1566 1323 1613 ἑξης
1340 1570 1373 1604 ἀ
1363 1568 1452 1618 γαθα
1469 1570 1617 1607 πολλὰ
1600 1570 1641 1616 οὴ
1662 1571 1750 1624 πρῴ.
1769 1590 1783 1605 n
1801 1586 1838 1615 R

1302 1639 1362 1664 132.
1395 1628 1614 1678 (λουσάμενα
1641 1629 1719 1682 πρῴ
1749 1644 1757 1669 :
1794 1630 1916 1675 Οὕτως
1947 1633 2106 1674 Ἀττικοί.
2134 1639 2168 1680 ὂς
2155 1636 2286 1676 ύνεται

1247 1683 1281 1721 65
1302 1685 1360 1722 καὶ
1379 1685 1417 1722 rb
1436 1702 1445 1722 ι
1467 1685 1524 1737 575
1510 1703 1539 1723 ,ι
1561 1687 1630 1724 ἀπὸ
1647 1703 1706 1725 του
1724 1704 1815 1741 πρωι
1839 1689 2034 1740 γενόμενον,
2054 1710 2108 1736 ιι),
2127 1696 2196 1733 ἀπὸ
2218 1699 2286 1747 βα-
2306 1709 2338 1732 25

1247 1741 1338 1794 ρείας
1353 1743 1412 1780 καὶ
1429 1743 1537 1787 ὀξείας
1553 1744 1606 1794 ὂν,
1627 1748 1673 1789 ὡς
1689 1746 1727 1783 rb
1745 1746 1876 1790 ἑσταως
1895 1749 2029 1800 ἑστώς.)

1300 1814 1361 1840 134.
1393 1801 1442 1851 μή
1463 1818 1521 1852 μοι
1540 1802 1616 1841 τότε
1639 1804 1670 1854 γ’
1690 1803 1789 1856 ἔλθης
1816 1819 1824 1842 :
1857 1808 2036 1858 Παροιμία
2061 1811 2118 1847 ἐπὶ
2144 1814 2211 1849 τῶν
2235 1814 2283 1864 μὴ

1245 1861 1505 1911 συνερχομένων
1532 1862 1587 1899 τοῗ
1588 1878 1602 1905 ς
1628 1862 1738 1915 ,ρίλοις
1762 1864 1796 1900 ἐν
1822 1865 2002 1909 κινδύνοις.
2031 1868 2145 1912 παίζει
2173 1870 2209 1907 65
2239 1874 2286 1915 εἷς

1243 1917 1282 1954 τὸ
1301 1918 1464 1958 εναντίον.
1483 1923 1505 1965 ἡ
1527 1919 1593 1973 γαρ
1611 1921 1782 1972 παροιμία
1797 1938 1886 1969 εστι,
1903 1942 1918 1956 ι
1934 1924 1983 1974 μή
2003 1926 2142 1973 μοιτότ’
2162 1927 2283 1981 ἔλθῃς,

1243 1973 1324 2014 ὅταν
1342 1976 1410 2028 ἐγω
1427 1977 1572 2031 πράττω
1588 1981 1716 2022 καλως.
1739 1998 1753 2013 ‘³
2272 2008 2278 2014 ·
2305 1995 2337 2018 5³⁰

1298 2047 1360 2074 135.
1392 2036 1653 2106 ταλαιπωρων;
1676 2038 1741 2077 Ἔν
1759 2039 1926 2090 εἰρωνείᾳ.

1298 2106 1360 2132 139.
1391 2110 1419 2131 ιι)
1436 2096 1524 2133 Στιλ
1527 2094 1683 2142 Ξωνίδηε
1704 2090 1751 2134 ΝΩ
1768 2096 1909 2149 λαμπρὲ
1925 2099 1985 2136 καὶ
2005 2101 2073 2138 ἀπὸ
2091 2104 2283 2153 βαλανείων

1243 2153 1375 2189 κεκαλλ
1378 2168 1569 2203 ωπισυιενε.
1606 2177 1651 2181 -
1687 2152 1709 2199 ἢ
1747 2155 1866 2198 ἄπλως
1900 2156 2011 2207 ὄνομα
2051 2158 2168 2212 κύριόν
2195 2178 2284 2206 τινος

1242 2207 1346 2259 λέγει.
1376 2221 1414 2250 Β
1446 2208 1532 2255 ἢΣ
1534 2210 1696 2254 τίλοιι)νος
1724 2217 1800 2251 παῖ.
1829 2213 1982 2266 διασύρει
2016 2216 2051 2254 65
2076 2234 2210 2270 τουτον,
2239 2238 2284 2264 ως

1242 2268 1351 2304 παῖδα
1374 2266 1510 2318 ἔχοντα.
2301 2291 2333 2315 35

1298 2338 1360 2364 141.
1391 2327 1453 2363 οὐκ
1474 2325 1616 2375 ἔκυσας,
1636 2329 1673 2365 06
1701 2330 1893 2380 προσεῖπας
1920 2345 1928 2369 :
1961 2332 2049 2371 Ἀντὶ
2077 2338 2137 2372 τοῦ
2164 2352 2207 2374 πε
2194 2353 2280 2389 ,ριε-

1241 2382 1369 2426 πλεςω.
1397 2386 1414 2420 ὁ
1441 2385 1502 2433 μὲν
1514 2384 1609 2459 γὰρ
1615 2385 1677 2429 τὰς
1703 2403 1764 2433 της
1789 2388 1935 2441 γαστρὸς
1953 2391 2083 2463 τρυφὰς
2103 2393 2281 2442 ε’ὀούλετο,

1242 2442 1259 2477 ὁ
1276 2440 1310 2478 65
1325 2440 1385 2484 τὰς
1403 2442 1549 2494 αἷσι-χαρὰς
1564 2444 1699 2489 ἡδονάς.
1714 2446 1942 2498 προσηγάγου
1958 2448 2012 2496 65,
2030 2451 2106 2488 ἀντὶ
2122 2457 2180 2490 τοῦ
2197 2454 2282 2507 πρὸς

1241 2499 1359 2536 εαυτὸν
1378 2498 1499 2544 ἕλοιοες
1520 2503 1565 2544 εἷς
1582 2503 1777 2542 συνουσίαν.

1290 2557 1798 2610 [142].ιῗ)ρχιπέδησας;Ἀντὶ
1813 2578 1873 2600 του
1887 2567 1955 2602 τῶν
1972 2564 2103 2618 ὄρχεων
2124 2571 2203 2619 ηγω
2220 2586 2280 2609 και
2300 2578 2329 2604 4¹}

1239 2615 1407 2668 κατέσίες
1431 2619 1595 2670 αἰσχρῶς.
1620 2620 1886 2673 (δειλακρίων
1868 2621 1922 2669 οὲ,
1948 2624 2143 2674 δειλότατε,
2169 2629 2279 2666 κακό-

1239 2674 1375 2724 δαιμον.
1384 2676 1427 2725 )'
1413 2691 1447 2712 εν
1466 2676 1575 2722 ἤθει
1558 2676 1610 2724 οὲ,
1629 2695 1651 2723 4,
1673 2680 1807 2725 ἀληθῶς
1822 2679 1926 2731 λέγει.

1293 2745 1357 2771 145.
1387 2733 1485 2806 παρα
1497 2733 1560 2780 τὴν
1582 2735 1726 2788 ἐρυθρὰν
1753 2737 1931 2775 θάλασσαν
1963 2753 1972 2777 :
2001 2739 2047 2779 ‘H
2064 2743 2188 2794 ερυθρὰ
2214 2745 2277 2782 θά-

1237 2790 1378 2828 λασσα.
1367 2791 1463 2843 παρα
1479 2792 1537 2830 τὸν
1556 2793 1758 2831 ἀνατολικὸν
1780 2794 1960 2834 Ὠκεανόν.
1971 2796 2085 2849 ἶκατὰ
2103 2799 2138 2836 65
2153 2800 2219 2838 ἀλλ
2222 2817 2277 2844 ους

1236 2864 1298 2894 την
1318 2848 1504 2899 εὐδαίμονα
1524 2850 1687 2902 Ἀραὸίαν
1704 2851 1806 2902 λέγει.
1811 2850 1828 2901 ]
2294 2872 2324 2897 45

1292 2919 1353 2945 14.7
1383 2909 1441 2952 ἡ
1688 2908 1759 2946 Δύο
1775 2908 1841 2946 εἰσι
1860 2926 1936 2955 νηες
1958 2912 2055 2964 παρὰ
2080 2930 2150 2957 τοις
2174 2916 2275 2962 Ἀθη-

1235 2963 1341 3007 ναίοις
1358 2965 1575 3016 ὑπηρέτιδες,
1595 2969 1616 3011 4,
1635 2965 1800 3018 Πάραλος
1816 2982 1874 3003 και
1897 2971 1917 3012 ἡ
1939 2970 2152 3020 Σαλαμινία.
2181 2978 2228 3011 ιῗΝ
2252 2979 2273 3020 4,

1236 3021 1299 3071 μὲν
1315 3022 1515 3071 Σαλαμινία
1538 3039 1614 3066 τους
1630 3023 1900 3073 ἐκκαλουμενους
1919 3028 1965 3069 εἷς
1980 3028 2090 3079 κρίσιν
2113 3034 2206 3080 ἠγεν,
2231 3033 2272 3078 ην

1236 3081 1280 3117 ἐπ
1282 3079 1484 3119 ’Ἂλκιοιάδ
1468 3096 1527 3125 ην
1544 3095 1656 3132 φησι
1646 3083 2092 3133 εμοθνναιΘουκυειοπς,
2109 3090 2130 3132 4,
2145 3087 2181 3125 δε
2199 3090 2273 3127 Ποί-

1238 3138 1338 3188 ραλςο
1355 3153 1415 3180 τας
1428 3137 1600 3189 θεωρίας
1583 3148 1630 3174 απ
1620 3154 1670 3187 η
1656 3154 1726 3184 ἐν,
1747 3139 1903 3178 τουτέστι
1922 3140 1966 3179 τὰ
1982 3144 2028 3186 εἷς
2047 3145 2166 3182 θυσίαν
2185 3163 2228 3184 πε
2233 3164 2272 3184 υ.
2292 3163 2326 3185 50

1235 3194 1384 3244 πόμενα.
1405 3218 1456 3223 —
1471 3195 1545 3232 ἀντὶ
1566 3199 1624 3232 τοΝυ
1643 3195 1814 3248 μάρτυρα.
1835 3208 1874 3238 Β

1291 3264 1351 3290 149.
1396 3251 1429 3289 τί
1444 3254 1482 3290 06
1493 3253 1549 3289 τὸν
1567 3252 1668 3290 ἰε’ῗΗλ
1657 3268 1704 3290 οι
1716 3253 1895 3306 Asta-9501!
1915 3259 2004 3295 Καθ’
2024 3259 2200 3311 ὑφαίρεσιν
2211 3277 2271 3299 του

1237 3324 1248 3344 ι
1272 3308 1311 3346 τὸ
1340 3308 1507 3361 Λέπρειον
1536 3314 1642 3349 εἶπεν.
1666 3310 1739 3348 ἔστι
1765 3311 1800 3349 65
1819 3329 1880 3358 της
1898 3316 2090 3386 Γριρυλίας
2111 3319 2268 3364 πλησίον,

1753 3370 1945 3423 Λέπρεον
1927 3372 1963 3410 οε
1992 3373 2139 3425 Δίδυαός
2169 3391 2268 3429 φησιν

1426 2908 1626 2957 Σαλαμινία
1649 2921 1658 2946 :
