2485 3808
938 187 1187 228 SCHOL'IA
1225 192 1281 230 IN
1314 193 1519 235 PACEM.

2225 220 2293 252 187

165 272 229 327 ὅρα
246 273 355 311 τοίνυν
379 274 451 315 πῶς
469 271 647 324 ἀμφότερα
669 272 935 324 διαπράττεται,
953 274 1012 311 καὶ
1034 274 1073 312 τὸ
1096 276 1198 313 ἀδιά-
1225 287 1230 306 ¹
1256 272 1348 329 εἶχον
1369 280 1466 319 οἴκοι.
1487 283 1674 331 ἐπαύξησις
1695 286 1729 324 δὲ
1752 290 1820 326 τῶν
1843 292 2084 343 παρελθόντων
2104 300 2237 350 κακῶν,
2265 300 2297 337 εἴ

163 347 265 385 φορον
288 334 354 369 τῶν
376 330 598 380 σκωμμάτιον
626 331 858 383 ἀποκρύπτων
879 331 922 369 τὰ
943 333 1099 383 μείζονα·
1121 335 1198 372 ἐπεὶ

164 388 234 440 εἴγε
259 389 317 427 καὶ
346 390 458 426 αὐτῶν
489 389 726 427 καθάπτεσθαι
755 390 936 438 ἐδούλετο,
958 394 986 429 εἰ
1007 392 1065 429 καὶ
1091 392 1198 442 μηδὲν

163 446 276 499 ἕτερον
299 451 370 498 εἶχε
393 446 483 484 κατὰ
506 450 573 484 τῶν
599 448 783 494 Ἀθηναίων
811 450 930 495 εἰπεῖν,
954 450 1092 500 ἐγγύθεν
1118 455 1198 499 γοῦν

125 520 143 546 5
160 504 310 551 ἠδύνατο
329 505 397 543 ἀπὸ
423 508 489 543 τῶν
511 508 701 557 Μεγαρέων
721 507 853 553 Mem,
881 508 1119 558 μνημονεύσας
1137 513 1196 546 τοῦ

1254 351 1292 386 γε
1311 337 1414 390 μέχρι
1435 340 1493 377 καὶ
1513 344 1580 378 τῶν
1600 342 1761 382 τοιούτων
1781 346 1961 400 ἐστέρηται
1983 351 2160 403 ῥημάτων.

1308 409 1371 433 523.
1403 398 1498 450 χαῖρ’
1524 400 1645 452 ὀπώρα
1669 416 1676 440 :
1700 402 1760 446 Ὡς
1780 405 1839 441 καὶ
1865 407 1993 445 τούτων
2013 409 2074 447 σὺν
2096 415 2137 458 τῆ
2162 414 2291 466 Εἰρήνη

1255 453 1477 494 ἀνελθουσῶν.
1497 458 1692 496 ὑποτίθεται
1709 460 1744 497 δὲ
1765 462 1870 506 αὐτὰς
1889 467 1934 507 ὡς
1953 466 2091 518 πόρνας.
2122 455 2127 463 ⁴
2275 457 2281 467 ι

1307 524 1371 549 526.
1424 514 1627 564 ἀστρατείας
1648 531 1655 554 ;
1679 517 1767 555 Ἀντὶ
1784 524 1843 557 τοῦ
1862 522 2014 574 εἰρήνης,
2033 526 2106 563 ἐπεὶ
2124 530 2157 565 ἐν
2175 529 2291 581 εἰρήνη
2313 547 2329 570 5

159 562 237 601 κατ’
250 565 362 600 αὐτῶν
380 563 712 617 ψηφίσματος,ὅπερ
728 566 801 615 μετ’
819 565 932 615 ὀλίγον
951 566 1101 611 ποιήσει.
1120 568 1195 603 ἀλλ’
1221 576 1226 628 Ι
1254 569 1291 605 οὐ
1311 570 1567 621 στρατεύονται.
1587 573 1694 611 θέλων
1712 575 1746 612 δὲ
1763 579 1870 615 εἰπεῖν
1892 582 2034 626 εὐωδίας
2054 584 2075 630 ἢ
2097 585 2203 624 ἄλλου
2222 604 2292 626 τοι·

160 619 299 658 ἐπειδὰν
319 623 365 665 εἷς
382 623 496 659 ἐκεῖνα
514 623 711 673 γενώμεθα,
733 622 795 668 τὴν
817 623 942 675 ἀρετ-ην
964 628 1022 661 τοῦ
1050 639 1195 670 ποιητου

160 678 326 729 δείξομεν,
340 679 497 731 λέγοντες
518 680 580 727 τὴν
598 681 723 729 αἰτίαν,
738 682 779 719 δι’
796 682 838 728 ἢν
859 684 896 719 οὐ
911 686 968 720 νῦν
987 682 1196 732 ἐμνημόνευ-

159 752 233 787 σεν,
251 737 342 775 ἀλλὰ
358 738 445 776 τότε.
468 748 505 776 V.

104 819 142 846 10
212 823 277 848 507.
306 808 392 860 πρὸς
420 807 481 853 τὴν
511 808 686 846 θάλατταν
714 821 723 846 :
751 806 872 858 (Ἴσως
901 808 957 845 διὰ
991 807 1111 846 τούτου
1135 810 1196 852 τ’ἧς

156 867 242 920 πρὸς
258 869 335 910 τοὺς
358 867 498 918 Πέρσας
518 866 612 911 νίκης
628 865 886 916 ὑπομιμνήσκει
908 866 1046 912 αὐτοὺς,
1064 865 1195 917 ἀναφέ-

158 942 225 978 ρων
242 929 288 969 ὡς
310 925 362 963 ὅτι
378 925 437 962 καὶ
461 925 514 962 ἐπ’
537 924 673 961 ἐκείνων
694 926 762 960 τῶν
782 924 914 975 χρόνων
932 923 1194 976 ἐθαλασσοκρά-

155 1000 235 1022 τουν
253 984 434 1030 Ἀθηναῖοι.
495 980 652 1029 Ἄλλως.)
671 983 746 1018 καθ’
765 981 782 1018 ὃ
802 981 1036 1024 ἐπιέαίνοντες
1053 981 1192 1031 ἔτεμνον

155 1042 218 1088 τὴν
235 1040 442 1087 Λακωνικὴν
463 1040 521 1077 καί
538 1039 600 1085 τὴν
621 1039 730 1085 ἄλλην
752 1040 1030 1085 Πελοπόννησον.
1057 1041 1192 1090 ἀποχω-

103 1115 136 1141 ιε,
157 1101 245 1153 ρεῖτε
270 1094 340 1146 οὖν,
361 1099 468 1152 φησὶ,
487 1097 546 1136 καὶ
569 1097 762 1135 ἀποπλέετε
779 1099 826 1141 εἰς
848 1098 891 1135 τὰ
908 1098 978 1135 ἴδια
1003 1097 1063 1135 καὶ
1079 1098 1191 1148 ὀλίγον

154 1161 216 1205 ἰ-ῆς
230 1157 321 1196 κατὰ
338 1158 512 1195 θάλατταν
536 1155 610 1207 βίας
633 1155 758 1193 ἔνδοτε.
780 1157 1104 1208 ἐθαλασσοκράτουν
1124 1155 1191 1209 γὰρ

152 1217 242 1256 τότε.
258 1240 312 1246 —
328 1214 469 1258 Ἄλλως.
491 1214 610 1260 ἐπειδὴ
630 1214 697 1267 γὰρ
715 1214 885 1261 Ἀθηναῖοι
902 1215 984 1267 πρὸς
1000 1218 1043 1267 τῇ
1060 1215 1192 1252 θαλάσ-

154 1286 198 1322 ση
221 1274 318 1321 εἰσὶν,
338 1274 487 1312 ἐκώλυον
511 1279 581 1316 τοῖς
607 1274 797 1323 μεσογείοις
816 1273 908 1325 ἔχειν
935 1273 979 1311 τὰ
1002 1276 1189 1324 ἀναγκαῖα.

153 1320 238 1387 φησὶ
251 1332 286 1371 δὲ
306 1333 375 1380 ὅτι,
393 1334 422 1370 εἷ
442 1332 556 1370 θέλετε
573 1333 768 1383 εἷρηνεῧσαι
785 1332 870 1384 πρὸς
888 1331 950 1378 τὴν
970 1335 1100 1370 ἑαυτῶν
1118 1332 1191 1383 χώ-

101 1403 137 1429 20
155 1407 217 1445 ραν
237 1391 297 1430 καὶ
318 1390 376 1429 τὸν
396 1390 481 1428 ἴδιον
506 1389 610 1428 τόπον
627 1390 686 1427 καὶ
709 1390 766 1428 τὸν
784 1390 879 1443 παρὰ
902 1391 1088 1437 θάλατταν,
1106 1394 1191 1428 ὑπο-

151 1449 338 1502 χωρήσατε
351 1449 411 1487 καὶ
429 1449 477 1499 μὴ
488 1451 555 1487 τῶν
573 1449 761 1501 ἀλλοτρίων
779 1450 1019 1486 ἀντιποιεῖσθε·
1040 1451 1107 1486 τῶν
1126 1464 1190 1498 με-

152 1507 295 1561 σογείων
313 1507 415 1554 δῆλον
435 1506 488 1544 ὅτι
503 1507 624 1553 ἤθελον
647 1507 706 1544 καὶ
722 1509 783 1552 τ’ἧς
799 1510 861 1557 γῆς
878 1512 1029 1559 κρατεῖν.
1050 1509 1090 1545 V.

206 1580 271 1605 509.
301 1568 448 1618 χωρεῖτε
470 1579 479 1604 :
503 1565 594 1608 Τοὺς
616 1564 677 1615 μὲν
700 1564 825 1608 ἄλλους
847 1565 980 1608 πάντας
994 1570 1053 1603 τοῦ
1076 1565 1189 1603 ἕλκειν

153 1623 348 1670 ἀπέστησεν
375 1626 393 1661 ὁ
422 1623 576 1675 <Ερμῆς,
595 1624 665 1665 τοῖς
684 1624 847 1676 γεωργοῖς
872 1623 986 1672 μόνοις
1003 1622 1189 1676 ἐπιτρέψας

98 1698 134 1723 25
152 1681 277 1722 ἕλκειν.
296 1682 365 1728 διὸ,
383 1682 488 1735 φησὶ,
509 1685 565 1719 νῦν
585 1680 775 1733 προκόπτει
791 1681 830 1719 τὸ
854 1681 965 1734 ἔργον.

205 1766 269 1791 512.
299 1752 362 1803 ἄγε
381 1755 439 1789 νῦν
468 1764 476 1789 :
498 1750 672 1803 [Κορωνὶς
694 1750 753 1788 καὶ
779 1750 924 1794 εἴσθεσις
949 1755 1055 1803 χοροῦ
1085 1768 1187 1802 μονο-

151 1810 317 1864 στροφικὴ
338 1809 458 1848 κώλων
477 1810 525 1856 η’.
547 1803 593 1846 ῶν
613 1809 651 1847 τὸ
672 1808 734 1858 μὲν
756 1810 787 1846 α’
811 1809 1047 1856 ἀναπαιστικὴ
1072 1810 1185 1861 βάσις.

150 1869 189 1907 τὸ
208 1868 362 1921 δεύτερον
385 1867 500 1916 ὅμοιον
519 1868 689 1919 δίμετρον.
715 1867 759 1905 τὰ
778 1868 827 1919 γ’,
850 1868 896 1918 δ’,
915 1869 945 1912 ς’
968 1869 1116 1919 ἰαμὸικὰ
1137 1870 1188 1907 δί-

151 1943 272 1980 μετρα.
293 1927 331 1964 τὸ
347 1928 372 1973 εἴ
393 1926 511 1977 ὅμοιον
530 1926 772 1979 ἑφθημιμερές.
795 1926 833 1963 τὸ
853 1926 880 1971 ζ’
901 1928 1089 1965 παιωνικὸν
1109 1927 1186 1979 τρί-

97 2005 132 2031 ³⁰
151 2001 273 2038 μετρον
289 1984 593 2037 ὖπερκατάληκτον
614 1986 653 2021 ἐκ
669 1984 961 2036 παλιμὲακχείων
982 1985 1042 2023 καὶ
1062 2002 1185 2038 κρητι-

148 2047 231 2082 κῶν.
260 2043 300 2081 τὸ
326 2043 360 2090 η’
386 2043 544 2095 δίμετρον
577 2043 884 2095 ὑπερκατάληκτον
916 2043 1045 2093 ὅμοιον.
1081 2045 1135 2096 ὑφ’
1168 2044 1186 2082 ὃ

148 2100 320 2153 κοριι)νίς.]
349 2102 453 2147 διπλῆ
484 2100 544 2138 καὶ
572 2100 716 2143 εἴσθεσις
741 2102 787 2144 εἷς
811 2101 968 2153 περίοδον
997 2101 1118 2139 κώλων
1150 2103 1183 2149 η’

149 2158 340 2208 ἀμοιὸαίων
366 2162 425 2196 τοῦ
451 2161 557 2208 χοροῦ
583 2158 642 2194 καὶ
667 2161 726 2194 τοῦ
755 2161 952 2210 ὑποκριτοῦ.
982 2159 1022 2196 τὸ
1047 2162 1184 2211 πρῶτον

147 2215 397 2253 ἀναπαιστικὸν
415 2217 568 2252 διπλοῦν.
588 2215 626 2252 τὸ
649 2216 678 2266 β’
701 2215 863 2265 ἷαμόικὸν
881 2217 1125 2270 ἑφθημιμερές.
1146 2217 1185 2255 τὸ

95 2291 129 2317 25
147 2273 179 2324 γ’
197 2273 256 2310 καὶ
275 2273 313 2311 τὸ
333 2274 361 2310 δ’
381 2272 544 2322 ἰαμὸικὸν
569 2273 726 2325 δίμετρον
745 2274 1000 2320 ἀκατάληκτον.
1023 2276 1050 2318 ζ’
1071 2276 1130 2313 καὶ
1149 2277 1183 2323 η’

147 2331 284 2382 ὁμοίως.
299 2331 358 2369 καὶ
375 2331 443 2381 μὴν
463 2334 624 2380 ὁμοῧστιν
640 2331 707 2378 ἤδη
727 2332 801 2369 ἀντὶ
820 2336 878 2370 τοῦ
897 2333 1009 2384 ἐγγύς.
1028 2342 1065 2371 R.

199 2403 263 2428 515.
294 2388 369 2426 ἀντὶ
388 2393 446 2427 τοῦ
467 2387 634 2439 ἕλκωμεν.
657 2397 695 2426 R.

199 2473 262 2498 517.
291 2452 320 2496 ῶ
348 2453 402 2497 εἶα
428 2452 456 2497 ‹f›
481 2453 533 2497 ε’ἰα
565 2472 573 2498 :
603 2459 788 2511 Ἀνηνέχθη
814 2462 835 2506 ἡ
867 2460 1009 2512 Εἰρήνη.
1036 2461 1125 2500 οὕτω
1148 2462 1183 2501 δὲ

146 2515 304 2556 εἰώθασιν
323 2519 354 2555 οἳ
376 2519 637 2560 ἐπιστατοῦντες
657 2517 794 2569 ἐπέχειν
816 2517 878 2564 τὴν
898 2519 1008 2572 ὁρμὴν
1035 2524 1102 2559 τῶν
1125 2523 1183 2559 ἑλ-

95 2591 131 2618 40
147 2573 286 2613 κόντων.

198 2652 263 2677 520.
291 2631 339 2691 [ῶ
355 2637 479 2676 πότνια
499 2652 508 2678 :
529 2638 689 2682 Εἴσθεσις
708 2640 831 2686 διπλῆς
847 2641 1034 2691 ἀμοιὸαίας
1051 2643 1180 2695 στίχων

146 2695 215 2734 να’.
237 2690 284 2733 ῶν
309 2699 340 2734 οἱ
366 2695 428 2746 μὲν
452 2697 506 2748 λγ’
534 2697 691 2747 ἶαμὸικοὶ
719 2698 896 2751 τρίμετροι
929 2701 1178 2747 ἀκατάληκτοι.

147 2754 180 2790 οἱ
197 2752 232 2790 δὲ
247 2753 322 2799 ἑξῆς
342 2755 385 2800 ιη’
405 2755 585 2807 τροχαϊκοὶ
600 2756 825 2810 τετράμετροι
841 2759 1104 2805 καταληκτικοί.
1123 2760 1180 2797 ἐπὶ

147 2812 223 2853 ταῖς
256 2810 438 2849 ἀποθέσεσι
461 2812 699 2867 παράγραφος.
728 2815 785 2852 ἐπὶ
810 2815 846 2853 δὲ
868 2819 917 2869 τῷ
944 2817 1034 2855 τέλει
1060 2821 1081 2864 ἡ
1115 2818 1180 2864 ἔξω

96 2867 290 2920 45’διπλῆ.]

205 2931 430 2983 (βοτρυόδωρε
452 2946 461 2971 t
485 2933 612 2986 Βότρυς
637 2936 847 2987 δωρουμένη.
869 2932 896 2977 ‹Y›
915 2940 1176 2992 εὐφραντοποιέ.

149 2989 224 3026 ἐπεὶ
240 2991 275 3026 ἐν
289 2987 404 3040 εἰρήνῃ
421 2988 562 3041 φύονται
579 2994 614 3029 αἱ
630 2993 790 3042 ἄμπελοι.
805 2997 928 3033 οἰκεῖον
943 2996 978 3034 δὲ
992 3001 1060 3041 τοῖς
1074 3015 1180 3051 γεωρ-

147 3049 219 3097 γοῖς
238 3045 298 3084 καὶ
317 3046 361 3083 τὰ
374 3046 464 3105 ἕταρ’
482 3049 592 3086 αὐτῶν
616 3051 754 3089 ἐπίθετα
766 3082 776 3102 ,
800 3054 1012 3106 βοτρυόδωρε
1029 3056 1087 3093 καὶ
1111 3073 1176 3107 μυ-

149 3102 334 3156 ριάμφορε,
361 3107 428 3141 οἷον
458 3104 577 3156 βότρυς
598 3108 823 3160 δωρούμενον.
858 3112 1096 3166 μυριάμφορον
1123 3115 1176 3162 δὲ,

95 3178 131 3204 50
147 3160 259 3211 τίμιον
272 3161 331 3200 καὶ
344 3163 563 3209 πολυπληθῆ,
576 3165 705 3217 μυρίων
720 3168 900 3220 ἀμφορέων
916 3170 1020 3214 ἄξιον.
1037 3172 1057 3217 ἢ
1070 3174 1176 3226 μυρία

146 3218 297 3270 κεράμια
323 3221 483 3270 χωρῆσαι
509 3220 708 3270 δυνάμενον.
732 3225 801 3262 ἀπὸ
827 3225 862 3263 δὲ
886 3230 953 3265 τῶν
979 3230 1091 3276 ληνῶν
1118 3232 1176 3269 καὶ

145 3275 253 3314 πίθων
272 3279 314 3328 τῇ
332 3282 510 3329 μεταφορᾷ
527 3278 735 3330 ἐχρήσατο.)

198 3351 259 3377 522.
288 3341 326 3377 οὗ
346 3339 413 3392 γὰρ
433 3345 524 3391 εἰχον
546 3341 675 3380 οἴκοθεν
698 3356 707 3381 1
730 3341 840 3388 Ἄξιον
865 3351 924 3385 σοῦ
951 3349 1091 3388 ἐπαίνου
1112 3353 1174 3390 οὐκ

1253 624 1370 673 ούτου,
1387 632 1488 666 τοῦτο
1507 630 1590 682 παρ’
1614 632 1776 670 ὑπόνοιαν
1795 630 1882 674 εἰπε.

1306 697 1371 723 527.
1403 686 1520 735 γυλίου
1555 701 1563 726 :
1599 689 1768 741 [[’Λγγεῖον
1803 698 2062 745 στρατιωτικὸν,
2097 703 2144 744 εἷς
2182 702 2200 740 ὃ
2232 703 2292 748 τὰς

1252 741 1377 793 τροφὰς
1394 742 1534 793 ἄγονται
1554 748 1584 783 οἱ
1604 750 1846 802 στρατιῶται]
1864 753 2063 803 πλέγματος
2084 772 2291 810 στρατιωτι-

1251 803 1312 835 κοῦ
1337 801 1544 853 σκευοφόρου
1569 804 1654 854 πρὸς
1680 806 1719 843 τὸ
1749 807 1798 857 μὴ
1829 810 2077 861 κατάγνυσθαι.
2102 817 2205 862 οησὶν
2234 816 2290 856 οὖν

1251 855 1300 893 ὅτι
1322 859 1359 894 οὐ
1380 860 1503 896 ταυτὸν
1525 861 1651 900 ὄδωδεν
1677 866 1694 900 ὃ
1714 865 1829 915 γύλιος
1853 868 1912 906 καὶ
1937 872 1958 915 ἡ
1987 857 2123 925 θεωρία..
2150 876 2209 912 καὶ
2236 876 2291 914 διὰ

1249 914 1379 951 τούτων
1400 916 1435 954 δὲ
1457 917 1636 971 σύγκρισιν
1655 924 1806 960 ποιεῖται
1832 928 1901 962 τῶν
1926 930 1988 973 τῆς
2011 930 2147 981 εἰρήνης
2175 935 2290 971 καλῶν

1249 971 1307 1008 καὶ
1327 975 1387 1016 τῆς
1407 975 1440 1011 ἐν
1462 978 1520 1034 τῶ,
1530 976 1675 1030 πολέμῳ
1694 981 1944 1034 ταλαιπωρίας.
1968 986 2109 1037 πλέγμα
2129 1005 2162 1026 τι
2185 1006 2291 1044 στρα-

2314 842 2345 866 10

1248 1030 1419 1077 τιωτικὸν,
1440 1033 1474 1069 ἐν
1494 1036 1522 1085 ᾧ
1544 1035 1745 1075 ἀπετίθεντο
1760 1039 1861 1091 τυρὸν
1882 1041 1942 1078 καὶ
1963 1044 2082 1089 ἐλαίας
2102 1048 2161 1085 καὶ
2177 1049 2290 1102 κρόμ-

1249 1102 1332 1136 μυα.
1351 1088 1423 1127 ἔστι
1438 1089 1472 1128 δὲ
1486 1092 1546 1129 καὶ
1560 1095 1657 1144 ζῷον,
1673 1090 1712 1132 οὗ
1730 1095 1906 1146 μέμνηται
1924 1100 2080 1154 Σώφρων
2099 1086 2286 1158 ἹΙράκλέις

1246 1148 1365 1196 πνῖγος
1384 1149 1500 1197 γυλιόν
1517 1166 1561 1188 τι.
1583 1150 1656 1189 ἔστι
1677 1153 1711 1191 δὲ
1733 1156 1750 1191 ὃ
1770 1156 1982 1207 καλούμενος
1999 1161 2067 1199 ὑπό
2085 1178 2186 1203 τινων
2209 1183 2289 1220 ’χοι-

1248 1203 1457 1256 ρογρύλλιος.
2223 1213 2234 1220 “

1299 1276 1363 1302 523.
1393 1265 1519 1309 πλέκος
1547 1279 1556 1305 :

2310 1133 2342 1158 15

1590 1267 1881 1320 Ἐσχημάτισται
1910 1275 1956 1318 ὡς
1982 1276 2051 1315 ἀπὸ
2082 1283 2143 1318 τοῦ
2170 1284 2289 1334 βλέπω

1249 1321 1396 1370 βλεπτός
1410 1323 1469 1360 καὶ
1486 1324 1647 1369 Ἀττικῶς
1663 1327 1788 1378 βλέπος
1799 1359 1809 1379 ,
1825 1330 1884 1368 καὶ
1901 1334 1947 1375 ὡς
1963 1334 2031 1372 ἀπὸ
2045 1340 2103 1374 τοῦ
2123 1339 2188 1391 ῥέω
2204 1343 2287 1394 ρέος.

1246 1378 1319 1416 ἔστι
1345 1379 1380 1417 δὲ
1406 1383 1593 1434 Εὐριπίδου
1621 1386 1659 1422 ἐκ
1679 1386 1842 1440 Τηλέφου
1868 1389 1908 1427 τὸ
1928 1409 1943 1424 «
1965 1392 2137 1434 ἀπέπτυσ’
2163 1401 2286 1454 ἐχθροῦ

1246 1438 1356 1490 φωτὸς
1375 1438 1531 1490 ἔχθιστον
1548 1442 1656 1487 τέκος.
1679 1463 1693 1477 »
1713 1453 1754 1482 V.
2196 1445 2204 1452 ⁶

1299 1510 1362 1534 529.
1392 1499 1738 1552 κρομμυοξυρεγμίας
1754 1516 1763 1542 t
1786 1504 1960 1558 Ἀπεψίας·
1976 1509 2128 1561 (δριμεῖα
2144 1515 2211 1569 γὰρ
2228 1518 2288 1556 καὶ

1246 1553 1355 1599 ἀηδὴς
1369 1558 1390 1601 ἡ
1409 1555 1550 1604 τοιαύτη
1569 1558 1686 1610 ἐρυγή.
1705 1560 1774 1599 ἀπὸ
1791 1561 1827 1600 δὲ
1849 1566 1917 1601 τῶν
1938 1569 2128 1618 κρομμύων
2148 1575 2209 1612 καὶ
2226 1580 2287 1623 τῆς

1245 1611 1405 1658 ὀξύτητος
1424 1614 1483 1651 καὶ
1497 1618 1558 1662 τῆς
1574 1618 1696 1669 ἐρυγῆς
1712 1619 1875 1668 συνέθηκε
1894 1622 1955 1669 τὴν
1973 1624 2073 1669 λέξιν.
2092 1634 2202 1669 ταῦτα
2219 1633 2285 1687 γὰρ

1245 1669 1384 1707 εἰώθασι
1408 1672 1558 1721 κομίζειν
1585 1677 1631 1718 εἷς
1653 1675 1711 1713 τὸν
1729 1678 1907 1730 πόλεμον.)
1929 1705 1973 1709 -
1995 1682 2029 1727 ἐξ
2053 1679 2100 1722 ῶν
2128 1689 2286 1739 δυσώδης

1244 1728 1303 1765 καὶ
1329 1732 1346 1766 ὁ
1370 1729 1494 1779 γύλιος.
1527 1731 1548 1777 ἢ
1574 1733 1633 1771 καὶ
1659 1733 1710 1771 ὅτι
1738 1736 1794 1773 ἐπὶ
1823 1737 1910 1775 πολὺ
1939 1741 2238 1792 ἐγκαλυπτόμενος
2267 1753 2284 1788 ὁ

1243 1786 1359 1837 γύλιος
1382 1791 1421 1826 ἐκ
1448 1792 1515 1827 τῶν
1547 1791 1718 1844 διαφόρων
1749 1793 1842 1846 ὄψων
1872 1812 1909 1833 τε
1936 1798 1996 1835 καὶ
2024 1784 2148 1851 ζωμῶν
2177 1806 2285 1852 ὀξίδος

1244 1844 1437 1895 σύμμικτόν
1457 1863 1534 1884 τινα
1555 1849 1666 1899 ὀσμὴν
1684 1850 1821 1899 ὄδωδεν,
1843 1854 1907 1904 οὐχ
1927 1857 1972 1898 ὡς
1991 1860 2012 1903 ἡ
2035 1860 2187 1913 Θεωρία.
2208 1873 2248 1902 V.

1296 1917 1361 1942 530.
1392 1905 1580 1943 Διονυσίων
1615 1921 1624 1945 :
1660 1908 1750 1946 Ἀντὶ
1784 1914 1843 1947 τοῦ
1875 1912 2025 1958 πλήθους
2056 1918 2115 1955 καὶ
2146 1923 2284 1962 πολλῶν

1243 1962 1444 2002 Διονυσίων.
1466 1965 1501 2001 ἐν
1522 1964 1588 2017 γὰρ
1609 1967 1727 2018 εἰρήνῃ
1750 1972 1901 2021 συνεχῶς
1919 1966 1961 2018 ἦν
1978 1989 1999 2019 η
2021 1974 2094 2015 θέα.

1295 2034 1357 2059 531.
1390 2023 1516 2069 αὐλῶν,
1538 2027 1725 2077 τραγῳδῶν
1747 2040 1756 2065 :
1776 2027 1878 2066 Ἐπεὶ
1897 2030 2044 2070 καθόλου
2062 2034 2124 2082 μὲν
2145 2039 2162 2074 ὃ
2179 2039 2282 2084 αὐλὸς

1242 2080 1275 2115 ἐν
1294 2079 1455 2130 εὐωχίαις
1472 2080 1525 2118 ἀεὶ
1543 2082 1602 2119 καὶ
1619 2083 1752 2127 θαλίαις
1769 2084 1973 2131 ἐξετάζεται.
1992 2091 2028 2127 ἐν
2044 2091 2078 2129 δὲ
2095 2100 2167 2138 τοῖς
2182 2098 2282 2134 ἱστα-

1242 2136 1354 2186 μένοις
1371 2139 1502 2190 χοροῒς,
1523 2139 1578 2182 οὓς
1598 2141 1806 2180 συνίστασαν
1822 2146 1852 2181 οἱ
1871 2147 2016 2197 χορηγοὶ
2033 2149 2089 2186 διὰ
2108 2155 2176 2189 τῶν
2195 2158 2280 2193 Διο-

1241 2194 1376 2242 νυσίων,
1397 2196 1534 2239 πάντως
1550 2198 1609 2235 καὶ
1626 2199 1778 2246 αὐλητὰς
1796 2200 1863 2238 ἔδει
1879 2204 2074 2254 προσιέναι,
2091 2211 2137 2252 ὡς
2155 2213 2280 2257 Δημο-

1241 2252 1360 2298 σθένης
1386 2254 1419 2290 ἐν
1446 2257 1494 2306 τῷ
1523 2255 1614 2292 κατὰ
1643 2257 1788 2295 Μειδίου
1818 2264 1862 2307 [p.
1891 2267 1955 2308 520]
1980 2268 2150 2318 μαρτυρεῖ
2173 2249 2279 2314 οὕτως

1240 2309 1360 2361 λέγων.
1381 2329 1395 2343 a
1414 2312 1443 2348 Εἰ
1461 2311 1508 2361 μὴ
1528 2313 1734 2367 Τηλεφάνης
1750 2318 1767 2352 ὁ
1786 2317 1937 2365 αὐλητὴς
1954 2322 2085 2373 ἀνδρῶν
2103 2324 2279 2375 βέλτιστος

1239 2368 1318 2420 περὶ
1339 2368 1400 2418 ἐμὲ
1421 2369 1566 2420 ἐγένετο.
1590 2389 1605 2404 »

1293 2427 1519 2480 (Σοφοκλέους
1539 2431 1651 2478 μελῶν
1679 2443 1687 2469 :
1711 2429 1797 2470 ’Ότι
1816 2432 1902 2478 ἡδέα
1921 2433 1965 2472 τὰ
1987 2436 2075 2486 μέλη
2098 2440 2276 2493 Σοφοκλέ-

1239 2499 1306 2527 ους.
1324 2485 1575 2538 -περιέργως
1597 2487 1635 2525 δέ
1655 2504 1743 2532 τινες
1767 2491 1814 2533 εἰς
1839 2490 1882 2528 τὰ
1909 2493 1943 2529 ἐν
1969 2497 2018 2546 τῷ
2045 2496 2172 2549 Ἰνάγω
2196 2502 2275 2554 περὶ

1237 2546 1298 2579 τοῦ
1320 2543 1466 2595 ἀρχαίου
1489 2544 1565 2595 βίου
1582 2545 1641 2582 καὶ
1661 2550 1722 2590 τῆς
1745 2549 1974 2599 εὐδαιμονίας.
1994 2570 2007 2583 c·
2027 2539 2224 2605 εὐδαίμονες
2243 2560 2273 2597 οἱ

1237 2599 1315 2638 τότε
1331 2600 1450 2652 γέννας
1464 2602 1605 2654 ἀφθίτου
1622 2604 1712 2648 θείας
1728 2605 1904 2657 λαχόντες.
1928 2625 1942 2640 ›·
1959 2617 1998 2646 V.
2015 2610 2135 2650 θέασαι
2150 2615 2184 2652 δὲ
2201 2619 2275 2660 πῶς

1237 2658 1293 2696 τὸν
1316 2659 1378 2709 μὲν
1404 2661 1586 2713 Σοφοκλέα
1609 2662 1669 2700 καὶ
1692 2669 1761 2707 τοῖς
1785 2665 1950 2715 ὀνόμασιν
1976 2669 2127 2722 ἐπαίρει,
2153 2673 2210 2711 τὸν
2237 2675 2272 2712 δὲ

2307 1427 2341 1452 20

2304 1715 2338 1739 25

2302 2007 2336 2032 30

2298 2295 2331 2320 35

2293 2587 2328 2612 40

1238 2717 1428 2769 Εὐριπίδην
1450 2719 1648 2771 σμικρύνει,
1671 2722 1744 2759 ἐκεῖ
1763 2722 1824 2770 μὲν
1844 2723 1954 2774 λέγων
1973 2726 2188 2779 Σοφοκλέους
2210 2746 2273 2780 με-

1235 2776 1318 2822 λῶν,
1336 2777 1483 2814 ἐνταῦθα
1505 2777 1540 2814 δὲ
1560 2778 1731 2816 ἐπυλλίων
1749 2781 1966 2832 Εὐριπίδου.)

1288 2836 1419 2884 κιχλῶν
1437 2847 1446 2872 :
1466 2837 1510 2872 Αἱ
1531 2836 1650 2887 κίχλαι
1671 2831 1756 2879 εἶδος
1773 2841 1958 2889 στρουθῶν.
1977 2840 2114 2878 δοκοῦσι
2130 2842 2164 2880 δὲ
2186 2844 2272 2896 πρὸς
2289 2879 2328 2904 45

1235 2891 1366 2943 τρυφὴν
1393 2893 1432 2929 ἐκ
1459 2895 1526 2930 τῶν
1558 2894 1670 2931 ἄλλων
1699 2897 1837 2941 πτηνῶν
1865 2897 2156 2949 περισπούδαστοι
2183 2896 2276 2940 εἶναι
2308 2895 2312 2900 ¹

1236 2951 1380 2998 μᾶλλον.
1407 2949 1461 2986 ἀεὶ
1485 2950 1520 2987 δὲ
1544 2951 1602 2988 τὸν
1632 2952 1814 2999 Σοφοκλέα
1843 2957 2059 3006 σεμνολογεῒν
2087 2956 2274 3007 βούλεται,

1256 3008 1293 3044 οὐ
1315 3008 1420 3059 φιλῶν
1445 3007 1546 3045 αὐτὸν
1567 3008 1644 3045 ὅσον
1667 3010 1860 3061 Εὐριπίδην
1882 3014 2003 3060 μισῶν.
2024 3013 2063 3050 τὸ
2083 3015 2274 3054 κάλλιστον

1235 3059 1292 3102 οῧν
1317 3068 1384 3102 τῶν
1411 3065 1608 3115 ἐδεσμάτων
1637 3067 1725 3116 μετὰ
1752 3067 1815 3114 τὴν
1844 3068 1973 3107 ἐκείνου
2003 3070 2142 3121 μνήμην
2172 3073 2273 3119 εὐθὺς

1233 3122 1420 3173 ἐπήγαγεν,
1442 3123 1692 3174 ἐνδεικνύμενος
1710 3127 1756 3168 ὡς
1775 3125 1914 3163 πάντων
1935 3129 2002 3164 τῶν
2024 3128 2139 3167 ἄλλων
2160 3133 2267 3183 ἀναγ-

1232 3180 1395 3233 καιότερα
1419 3180 1464 3218 τὰ
1490 3183 1594 3220 αὐτοῦ
1629 3182 1810 3232 ποιήματα
1835 3186 1878 3235 τῇ
1903 3184 2028 3236 χρήσει
2051 3190 2118 3224 τῶν
2136 3191 2265 3240 κιχλῶν

1231 3237 1530 3290 παραὸαλλόμενα
1541 3267 1549 3275 .

1285 3309 1349 3335 534.
1382 3298 1578 3346 (δικανικῶν
1610 3310 1619 3335 :
1649 3299 1804 3336 Τοιαῦτα
1834 3300 1912 3352 γάρ·
1948 3302 2196 3355 δικανικώτερα
2222 3305 2265 3342 τὰ

1232 3353 1439 3406 Εὐριπίδου,
1467 3354 1589 3405 ἔχοντα
1614 3355 1750 3400 πεύσεις
1769 3357 1828 3395 καὶ
1853 3358 2059 3410 ἀποκρίσεις.
2083 3360 2104 3406 ἢ
2128 3361 2201 3398 ἐπεὶ
2221 3361 2266 3398 τὰ

2285 3167 2325 3191 50
