2533 3808
240 189 287 222 34

235 283 320 305 σατο
339 267 372 304 δὲ
385 296 394 312 ,
411 265 467 303 ἵνα
486 266 531 306 εἷς
550 262 661 311 ἀνάγκ
651 277 703 307 ην
722 276 778 297 τον
797 259 909 311 ἕτερον
926 272 1130 307 καταστησῃ
1145 257 1301 315 πρῶτος

235 325 414 363 συνθέσθαι
440 338 472 360 τι
501 337 560 359 και
591 319 859 369 συυὸουλευσαι.
888 316 926 354 τὸ
956 315 1011 361 δὲ,
1043 317 1114 356 πῶς
1143 314 1183 350 ἂν
1212 317 1269 350 οὖν

234 398 336 428 ποτε,
363 381 437 418 ἀντὶ
459 384 538 425 του,
562 393 598 415 ου
620 379 753 429 θαρρῶ,
775 390 891 428 φησιν,
919 374 1026 410 εἰπεῖν
1047 370 1124 409 οὐδὲ
1147 370 1186 408 τὸ
1208 386 1270 406 τυ-

963 169 1225 210 SCHOLIA
1264 169 1328 206 IN
1369 167 1643 216 EQUITES.

1384 255 1470 307 [τΓιν
1485 254 1706 307 δειροαένωνε
1723 255 1803 292 Τῶν
1800 250 2091 325 ἀποδερουένων
2095 267 2135 289 το
2151 250 2278 288 αἰδοῖον
2291 252 2373 288 ὓπο-

1328 315 1436 365 χωρεῖ
1454 314 1606 352 ὄπισθεν.
1629 329 1677 363 μη
1699 328 1771 355 πως
1782 315 1838 349 οὖν
1851 311 1910 349 καὶ
1926 314 2019 361 ἡμᾶς
2031 309 2215 356 νοήσαντες
2225 311 2255 347 οἳ
2268 309 2373 355 Ἀθη-

1328 374 1418 408 ναῖοι
1449 371 1636 423 φεύγοντας
1660 385 1860 423 κρατησωσι
1885 369 1944 406 καὶ
1973 367 2204 420 ἀποδέρο)σι.]γ
2232 364 2373 418 δερομέ-

233 439 306 490 χόν.
333 436 571 489 βαρέαρίζει
554 434 589 472 03
615 437 660 477 ὡς
684 434 848 482 δουλος.)-
832 436 1022 468 -He10dian.
1043 429 1123 480 περὶ
1145 426 1272 480 προθέ-
1329 443 1408 466 νων.
1428 435 1468 465 V.

198 511 213 533 5
235 512 331 533 σεων.
351 498 430 533 Τῶν
460 492 494 530 33
514 491 708 544 προθέσεων
735 493 756 536 ἡ
778 491 812 527 ἐν
833 505 892 527 και
915 488 964 525 ἐνί
985 486 1127 539 εὕρηται
1150 488 1183 523 ἐν
1203 488 1273 528 τοῖς

232 554 405 603 ποιήμασι
431 553 507 589 κατ’
533 550 718 589 ἐπέκτασιν
742 547 924 599 λεγομένη.
953 546 1002 584 ἔνι
1028 561 1143 596 μεντοι
1167 560 1272 595 μετα-

233 612 324 650 θέσει
342 627 402 649 του
422 609 520 648 τόνου
540 625 601 648 ουκ
628 607 677 646 ἔτι
700 607 878 659 πρόθεσις,
901 605 976 641 ἀλλ’
1004 606 1051 646 εἷς
1079 602 1270 654 ῥηματικον

234 668 451 720 μεταδαίνει,
481 671 525 711 ὡς
547 671 568 713 ἡ
596 665 705 718 παρά·
731 664 828 716 πάρα
854 663 889 700 33
919 661 996 699 ἀντι
1021 677 1080 698 του
1110 660 1271 712 πάρεστι.

231 735 353 766 Victor.
357 732 368 774 ]

289 801 332 825 18.
369 785 696 844 (κομψευριπιδικῶς
730 796 738 819 :

235 847 350 887 δεινΓις
362 874 371 890 ,
389 847 457 882 οἷον
476 841 690 894 πανούργως.
709 838 838 891 κομψοι
859 837 894 874 33
912 852 1010 888 παρα
1029 836 1099 878 τοῖς
1120 833 1277 886 ἀρχαίοις

235 902 395 953 ἐλέγοντο
423 917 454 939 οι
479 904 676 970 πανοῦργοι.
706 913 808 950 φησιν
837 900 908 942 οὖν,
938 898 1011 937 πῶς
1041 893 1082 931 ἅν
1110 909 1160 936 τις
1188 892 1280 930 εἴποι

234 958 531 1012 περιεσταλμένως
550 957 608 995 καὶ
629 955 838 1002 λεληθότως,
859 954 960 991 οἱονεὶ
981 951 1028 1003 μὴ
1048 952 1223 1004 φανερΓμις)

290 1032 332 1057 19.
364 1016 412 1067 μὴ
433 1014 712 1066 διασκανδικίσῃς
736 1010 1039 1065 εΔιευριπιδίσῃς.
1064 1012 1096 1060 (ἡ
1123 1008 1189 1061 γὰρ
1213 1008 1281 1059 μή-

185 1090 216 1113 15
235 1092 300 1128 τηρ
326 1074 518 1128 Εὐριπίδου
546 1073 733 1115 σκάνδικας
758 1071 985 1123 ἐπίπρασκεν,
1011 1068 1031 1106 ὅ
1056 1070 1147 1106 ἐστιν
1177 1068 1281 1120 ἁγρια

235 1135 384 1186 λάχανα.
441 1132 503 1170 '‘AJ
505 1134 583 1174 λως.
600 1130 647 1181 μὴ
664 1131 807 1168 ἀποδειλ
800 1129 927 1181 ιιάσῃς,
941 1126 1012 1178 μὴ
1007 1126 1186 1164 μεταμελ’
1156 1142 1262 1177 ιησῃς.
1268 1126 1279 1176 )

237 1191 388 1231 σκώπτει
420 1191 455 1229 δὲ
487 1190 544 1228 τὸν
576 1189 766 1241 Εὐριπίδην
798 1190 844 1230 ὣς
873 1162 1157 1237 λαχανοπώλιδος
1190 1183 1273 1222 υἱόν.

240 1253 390 1304 (σκάνδιξ
409 1252 475 1305 γὰρ
492 1246 578 1294 εἶδος
593 1249 776 1301 λαχάνου.)

290 1325 335 1349 2ο.
368 1310 540 1362 (ἀπόκινον
576 1323 584 1347 :
619 1307 756 1358 Φυγην,
787 1305 1024 1380 ἀπρχώρησιν.
1056 1304 1130 1342 ἔστι
1158 1303 1192 1341 δὲ
1222 1303 1282 1341 καὶ

187 1386 220 1410 20
241 1365 326 1414 εἶδος
350 1370 525 1423 ὀρχήσεως
552 1370 726 1420 φορτικῆς.
755 1382 785 1404 οι
814 1365 849 1403 33
876 1364 990 1415 μέλος.
1017 1379 1076 1401 και
1103 1366 1120 1400 ὃ
1151 1366 1278 1414 βαυκι-

239 1428 350 1480 σμός.)

291 1501 337 1526 21.
366 1486 445 1537 λέγε
465 1485 505 1531 δὴ
528 1484 716 1535 μόλωμενζ
743 1481 856 1533 (Τινὲς
875 1480 913 1518 τὸ
938 1480 1097 1531 μόλωμεν
1117 1494 1284 1532 προπερι-

192 1543 195 1545 ’
241 1546 381 1595 σπῶσι.)
400 1543 641 1596 προσποιεῖται
656 1541 691 1579 δὲ
709 1540 927 1579 ὑποτίθεσθαι
943 1539 1078 1592 φεύγειν
1093 1538 1208 1582 αὐτὸν,
1224 1537 1283 1574 καὶ

240 1603 366 1655 λέγειν,
404 1600 700 1652 αὖτομολησωμεν
737 1614 821 1652 προς
853 1614 932 1641 τους
962 1595 1280 1646 Λακεδαιμονίους,

188 1680 221 1704 25,
242 1661 354 1712 (αὐτος
378 1658 650 1714 παραιτούμενος
675 1657 813 1708 λέγειν).
835 1657 1074 1706 αὒτομολησαι
1096 1655 1132 1692 δέ
1153 1657 1226 1692 ἐστι
1245 1653 1283 1691 τὸ

242 1721 429 1773 προδουναι
459 1734 536 1761 τους
567 1717 670 1761 ἰδίους
700 1733 760 1754 και
791 1719 892 1754 ἐασαι
923 1731 983 1752 και
1012 1716 1171 1751 ἀπελθεῖν
1200 1713 1284 1766 πρὸς

242 1795 318 1822 τους
338 1776 509 1819 ἐναντίους
528 1775 586 1813 ε’πι
603 1774 802 1826 συμμαχία.

298 1838 368 1887 (22).
400 1833 554 1879 ἐξόπισθέ
568 1850 625 1871 νυν
648 1847 656 1871 ε
679 1832 850 1871 Κατόπιν.
866 1829 1043 1877 τουτέστι,
1057 1829 1231 1882 πρότασσε
1245 1829 1284 1866 τὸ

247 1895 409 1944 μόλωμεν
432 1908 493 1930 του
515 1890 617 1938 αὐτό,
639 1895 713 1928 εἶτα
733 1889 837 1927 πάλιν
857 1904 917 1926 του
942 1888 1111 1938 μόλωμεν
1127 1903 1167 1924 το
1187 1886 1283 1925 αὐτό.

192 1969 226 1992 30
247 1951 446 2004 βούλεται
429 1949 463 1987 03
483 1949 523 1987 λέ
508 1965 607 2000 εγειν,
638 1947 932 1998 αὖτομολήσωμεν
957 1961 1041 1999 προς
1069 1961 1146 1988 τους
1171 1948 1286 1983 Λακε-

246 2009 454 2082 δαιμονίους,
485 2009 758 2080 αἰνιγματωδῶς
776 2006 811 2044 33
842 2005 930 2055 μετὰ
954 2006 1148 2054 δισταγμου
1173 2003 1225 2041 λέ
1215 2019 1286 2054 γ,ει

245 2071 352 2107 ποιῶν
368 2068 494 2106 ἐκεινον
509 2066 692 2103 συνάπτειν
709 2081 769 2108 τας
784 2063 908 2107 λοιπὰς
925 2065 1019 2116 αὐτῷ
1037 2065 1121 2101 συλλ
1125 2062 1193 2100 αξ
1154 2079 1222 2105 ας
1236 2063 1290 2112 [τὸ

248 2128 283 2164 33
301 2125 381 2179 φάθι
399 2125 467 2162 ἀπὸ
483 2128 542 2162 τοῦ
557 2123 647 2176 φημὶ
665 2124 764 2177 φήσω
776 2153 785 2169 ,
805 2122 901 2175 ἔφην,
917 2120 997 2175 φὰς,
1015 2121 1138 2174 φάντος
1150 2150 1159 2167 ,
1179 2119 1290 2173 φάθι.]

247 2183 330 2237 ὅπερ
356 2186 373 2220 ὃ
400 2181 461 2233 μὲν
482 2180 712 2224 Ἀπολλώνιος
740 2179 868 2226 ὀξύνει,
894 2183 911 2217 ὃ
937 2179 973 2217 33
993 2179 1203 2231 εΗρωδιανὸς
1225 2181 1291 2230 βα-

196 2257 228 2281 35
250 2240 349 2294 ρύνει.
369 2239 590 2292 [παραλόγως
606 2239 672 2292 γὰρ
692 2238 897 2289 ὄξύνεσθαι.]

301 2313 349 2338 24.
372 2298 490 2372 ὥσπερ
505 2297 686 2350 δεφόμενος
703 2311 710 2335 :
727 2297 817 2335 Ἀντὶ
831 2301 890 2334 τοῦ
905 2295 1082 2348 ἀποδέρων
1098 2296 1136 2333 τὸ
1155 2297 1293 2333 αἰδοῖον.

183 796 214 820 10
770 779 858 819 Ἀντι
886 795 944 817 του
976 777 1192 829 ευριπιδικΓις
1220 791 1280 813 και

251 2375 280 2396 οι
304 2357 370 2411 γὰρ
395 2356 583 2407 ἁπτόμενοι
604 2372 670 2393 των
692 2356 846 2402 αἰδοίων,
867 2358 932 2406 οὐχ
950 2372 996 2398 ιις
1014 2354 1178 2407 ηρξαντο,
1205 2353 1294 2391 ἀλλα

252 2413 516 2465 σπουδαιότερον
542 2429 673 2451 κινουσι
700 2412 969 2484 [ἐκπυρούμενοι
990 2429 1033 2462 τη
1059 2412 1221 2464 συνεγεία
1237 2414 1298 2458 τῆς

253 2488 304 2510 κιν
308 2471 435 2523 ήσεως]
450 2487 533 2523 προς
550 2475 592 2523 τῇ
609 2474 669 2516 τῆς
685 2475 785 2522 γονης
800 2470 961 2523 ἐκκρίσει.
983 2472 1094 2520 (τουτο
1110 2486 1167 2507 ουν
1184 2469 1235 2507 λέ
1225 2485 1297 2521 γει

201 2545 235 2569 40
256 2530 307 2568 ότι
326 2532 462 2582 πρΓιτον
483 2528 574 2566 κατὰ
595 2545 727 2581 μικρόν,
749 2533 822 2566 εἶτα
844 2530 996 2579 συνεχῶς
1015 2527 1127 2578 λέγε.)

310 2602 354 2626 26.
388 2587 485 2638 (αὐτὸ
502 2587 662 2637 μόλωμεν
687 2586 966 2636 αυτομόλωυμεν
958 2616 966 2624 .
989 2585 1049 2628 Ὡς
1068 2584 1302 2635 swam-1602&-

258 2662 356 2696 μενος
383 2647 488 2683 αὐτοῦ
514 2650 613 2683 τοῦτο
636 2644 739 2695 λέγει.
767 2624 970 2694 αὐτομολειν
996 2643 1031 2680 33
1057 2660 1095 2681 το
1114 2643 1198 2695 πρὸς
1217 2658 1296 2686 τους

256 2704 439 2755 πολεμίους
457 2703 643 2754 ἀπελθεῖν.)

315 2764 386 2813 (27).
416 2763 457 2807 ἢν
475 2761 612 2812 οὖχὴδύ
628 2775 636 2799 :
652 2759 760 2807 Ἰδοὺ,
775 2759 1048 2813 ἐρωτηματικόν.
1062 2758 1155 2810 λέγει
1172 2758 1225 2805 33,
1243 2760 1304 2797 οὐκ

206 2847 240 2871 45
261 2821 352 2859 ἔστιν
369 2819 433 2867 ἡδὺ
451 2820 489 2857 τὸ
507 2818 754 2870 αὐτομόλωμεν
768 2835 776 2865 3
792 2819 864 2861 ἔθος
881 2819 915 2856 33
934 2814 974 2864 ἦν
992 2817 1051 2856 καὶ
1067 2817 1144 2860 τοὺς
1161 2817 1301 2860 δούλους

261 2878 357 2931 παρὰ
385 2878 462 2919 τοὺς
488 2877 672 2928 πολεμίους
700 2877 847 2930 φεύγειν,
879 2878 908 2914 εἷ
936 2875 1105 2928 πάσχοιέν
1134 2892 1167 2913 τι
1197 2875 1304 2913 κακὸν

264 2937 331 2974 ὑπὸ
350 2940 409 2974 τοῦ
431 2936 608 2974 δεσπότου.
635 2936 674 2973 τὸ
695 2935 729 2973 33
751 2935 900 2988 φεύγειν,
921 2936 1127 2985 αὐτομολεῖν
1146 2933 1304 2985 λέγουσιν

264 2994 448 3040 Ἀθηναῖοι.
517 2992 661 3037 Ἄλλως.
678 2996 695 3031 ὃ
714 2993 776 3040 τὴν
793 2992 935 3044 γνώμην
950 2993 1059 3043 λέγων
1076 2992 1236 3046 ἐφίστησι
1256 2993 1306 3044 τῷ

264 3051 356 3103 λόγῳ
378 3051 621 3102 αἰσθανόμενος
637 3056 696 3090 τοῦ
717 3052 886 3104 ῥήματος,
903 3053 948 3094 ὡς
968 3051 1228 3101 ἐξηπατημένος
1243 3050 1304 3088 καὶ

214 3136 248 3159 50
267 3108 614 3161 παρακεκρουσμένος
637 3112 743 3147 εἰπεῖν
766 3109 805 3147 τὸ
825 3109 1136 3159 αὐτομολήσωμεν.
1163 3107 1306 3151 Ἄλλως.

269 3165 316 3215 μὴ
347 3167 382 3203 οὐ
406 3166 523 3204 καλόν.
555 3169 592 3204 οὐ
618 3167 700 3219 πρὸς
726 3167 851 3213 ἡδονὴν
878 3166 1129 3217 ἀποδοκιμάσω
1154 3182 1215 3204 σου
1245 3165 1307 3212 τὴν

269 3223 482 3273 συμὸουλήν.
501 3223 574 3274 [τὸν
592 3224 707 3261 οἰωνὸν
727 3223 778 3271 δὲ,
795 3225 835 3263 τὸ
854 3225 1028 3275 σημεῖον.]

323 3295 370 3319 29.
391 3280 485 3333 [ὁτιὴ
508 3280 547 3318 τὸ
564 3280 674 3332 δέρμα
698 3295 706 3319 :
728 3280 813 3319 εὈτι
835 3281 951 3333 ὥσπερ
971 3285 1039 3319 τῶν
1061 3279 1255 3332 δεφομένων
1275 3281 1314 3318 τὸ

271 3339 379 3392 δέρμα
398 3340 608 3391 ἀπέρχεται,
625 3338 713 3377 οὕτω
730 3339 788 3377 καὶ
806 3342 873 3377 τῶν
891 3338 1206 3390 αὐτομολούντων]

1385 499 1430 524 30.
1450 484 1596 537 βελτιον.
1614 492 1655 521 V.
2393 493 2410 518 5
2437 467 2442 472 ἱ

1386 558 1431 582 31.
1460 542 1544 595 πρὸς
1569 541 1691 595 βρέτας
1716 555 1724 581 2
1751 540 1924 591 (Ἄγαλμα
1945 543 2042 580 θεῶν.
2086 542 2296 593 προσπεσεῖν
2318 534 2386 586 δὲ),

1333 602 1448 645 ἱκέτας
1464 600 1617 639 καθίσαι.
1635 600 1656 646 ἢ
1672 601 1880 652 καταφυγεῖν
1897 599 1980 651 πρὸς
1999 598 2120 651 βρέτας
2132 629 2141 645 ,
2162 598 2258 650 (πρὸς
2273 597 2378 649 ἱερὸν,

1339 661 1424 714 πρὸς
1440 660 1599 710 τέμενος,
1616 659 1637 705 ἢ
1661 659 1745 710 πρὸς
1764 658 1852 703 ἕδος,
1870 657 1892 703 ἢ
1909 658 1993 709 πρὸς
2013 658 2157 708 ἄγαλμα
2177 660 2273 695 θεῶν.
2297 656 2375 709 βρέ-

1335 736 1396 762 τας
1416 719 1451 756 33
1479 718 1613 768 εἴρηται
1644 717 1697 768 [τὸ
1727 715 2020 769 ἀνθρωπόμορφον
2047 715 2198 753 εἴδωλον.
2229 716 2292 766 Μ.]
2310 714 2380 752 ἀπὸ

1336 782 1394 815 τοῦ
1417 779 1529 829 βροτῷ
1547 774 1693 814 ἐοικέναι
1712 774 1808 813 αὐτό.
1829 773 1868 811 τὸ
1883 772 1919 811 δὲ
1941 774 2046 820 ἐτεόν,
2064 775 2199 820 ἀληθῶς
2211 772 2301 811 οὕτω
2317 788 2380 810 πε·
2406 780 2438 804 ¹0

1337 835 1544 881 πίστευκας,
1561 834 1651 871 οὕτω
1671 832 1878 884 καταδέχῃ.)

1464 891 1689 944 (βρετέτταςῐ
1714 892 1776 930 Εν
1796 891 1980 943 παρολκῇ,
1999 889 2204 934 παίζων.ου
2226 888 2328 939 μόνον
2350 888 2386 926 33

1337 969 1379 1001 τη
1395 907 1548 1003 3γλώττῃ
1578 950 1772 1023 προσέπαις
1757 949 1790 986 ⁷3
1817 952 1861 999 τῇ
1884 947 2128 1001 παρονομασία
2150 953 2211 986 τοῦ
2243 947 2386 1001 βρέτας

1338 1010 1427 1047 ἀλλα
1446 1009 1518 1060 καὶ)
1535 1009 1637 1062 φησὶν
1653 1008 1705 1046 ὅτι
1720 1011 1748 1046 εἷ
1767 1006 1815 1058 μὴ
1835 1011 1923 1054 ἠσαν
1939 1006 2031 1054 θεοὶ,
2049 1008 2111 1044 οὐκ
2128 1022 2170 1044 αν
2186 1006 2282 1058 ἤμην
2300 1008 2388 1050 θεοῖς

1339 1068 1467 1121 ἐχθρός.

1393 1127 1498 1173 (ἐτεὸν
1513 1130 1589 1178 ἡγεῖ
1602 1143 1667 1187 γαρ
1680 1125 1796 1169 θεούς·
1788 1157 1796 1164 .

1338 1186 1427 1223 ὑπολ
1430 1185 1597 1236 αμὸάνεις
1611 1189 1696 1222 εῖναι
1711 1183 1823 1226 θεούς·
1816 1213 1825 1229 ,
1839 1198 2017 1234 τεκμηριω
2032 1183 2068 1219 δε
2080 1212 2089 1228 ,
2102 1181 2367 1234 παραδείγματι
2379 1204 2389 1220 ι

1341 1245 1543 1296 μαρτυρίιι.)
1564 1246 1614 1282 Εὖ
1638 1241 1851 1295 προσέιέάζε
1856 1257 1882 1284 ις
1900 1257 1961 1290 με,
1985 1240 2131 1289 πείθεις,
2154 1244 2352 1293 παραινεῖς,
2366 1241 2389 1287 ἢ

1341 1302 1506 1354 στοχάζῃ.
1527 1326 1579 1330 -
1600 1302 1714 1346 παίζει
1737 1317 1787 1371 ως
1796 1301 1924 1343 δουὶος.
1941 1307 1978 1336 R.

1393 1374 1437 1398 33.
1460 1361 1595 1411 ἔγωγεε
1623 1369 1742 1403 1-191·,0d
1774 1357 1885 1407 ηέγώ
1900 1357 1958 1394 τὸν
1978 1357 2018 1408 γέ
2037 1357 2287 1410 προσλαὸουσα
2308 1357 2392 1396 σύν-
2409 1376 2445 1401 20

1341 1418 1479 1467 δεσμόν,
1501 1417 1608 1468 ἔγωγε
1623 1448 1633 1468 ,
1653 1415 1889 1468 ὓποοιὸασμῶ
1906 1431 1964 1453 του
1987 1415 2083 1453 τόνου
2103 1416 2311 1469 προφέρεται
2331 1419 2391 1457 καὶ

2411 1077 2441 1099 15

1820 1125 1969 1170 Αληθῶς
1984 1123 2073 1161 οὕτω
2085 1122 2317 1167 πεπίστευκας
2330 1138 2390 1162 και

1342 1477 1379 1513 οὐ
1406 1474 1508 1526 μόνον
1541 1475 1683 1527 μείωσίν
1714 1490 1791 1512 τινα
1817 1473 1928 1525 ταύτῃ
1956 1473 2013 1510 διὰ
2039 1473 2077 1511 τὸ
2106 1478 2166 1511 τοῦ
2198 1474 2391 1526 συνδέσμου

1342 1550 1524 1585 μειωτικον
1545 1536 1664 1582 δηλοῖ,
1689 1531 1778 1571 ἀλλα
1799 1531 1859 1570 καὶ
1887 1531 2085 1584 κατάφασιν
2105 1533 2234 1585 ἐνίοτε,
2254 1527 2324 1571 οἷον
2352 1534 2394 1572 τὸ

1339 1597 1409 1636 ναί.
1426 1600 1511 1631 Vict

1397 1657 1463 1706 (35).
1496 1653 1571 1690 ἀλλ’
1598 1651 1699 1704 ἑτέρα
1717 1662 1803 1687 ποι;
1823 1649 1951 1687 Ἀλλ’ε
1937 1649 2043 1702 ετέρῳ
2059 1648 2176 1704 τρόπω
2191 1652 2242 1689 δεῖ
2262 1650 2393 1705 σκέψα-
2413 1665 2447 1690 25

1341 1718 1427 1752 σθαι·
1430 1712 1613 1785 [γράφεται
1649 1709 1684 1746 33
1704 1723 1764 1745 και
1779 1723 1841 1754 πη
1863 1707 1936 1746 ἔστι
1954 1707 1990 1746 δὲ
2013 1709 2184 1762 περιττόν.
2188 1711 2292 1761 ]-—
2278 1709 2395 1763 ετέρα,

1341 1774 1500 1823 ἀλλαχῃ,
1519 1768 1631 1821 ἕτερόν
1651 1784 1695 1805 τι.
1717 1774 1754 1803 R.

1395 1844 1439 1869 37.
1461 1826 1798 1881 (παραιτησώμεθα;
1820 1823 1974 1876 Περιττὴ
1992 1827 2014 1870 ἡ
2035 1825 2146 1878 παρά.
2165 1825 2239 1864 ἔστι
2263 1825 2330 1877 γαρ
2348 1827 2399 1864 αἷ-

1342 1888 1543 1938 τησώμεθα.
1555 1883 1869 1938 παρακαλέσωμεν.
1879 1883 2107 1928 πλεονάζουσι
2121 1883 2188 1936 γὰρ
2203 1884 2263 1922 καὶ
2284 1884 2398 1922 ἐλλεί-

1343 1963 1446 1985 πουσι
1478 1946 1552 1988 ταῖς
1582 1942 1963 1997 προθέσεσινἈττικοί.)
1985 1967 2030 1973 ——
2048 1943 2086 1980 οὗ
2114 1948 2230 1996 χεῖρον
2263 1956 2273 1982 z
2302 1942 2382 1994 βέλ-
2402 1962 2438 1988 30

1344 2021 1426 2043 τιον.
1443 2005 1498 2054 R]

1398 2077 1443 2100 38.
1473 2060 1635 2107 ἐπίδηλον
1656 2062 1742 2111 ἡμῖν
1769 2074 1778 2100 ;
1800 2059 1989 2106 Δεικνύειν,
2015 2059 2133 2112 φησὶν,
2152 2062 2237 2109 ἡμῖν
2258 2058 2315 2100 διὰ
2332 2061 2399 2097 τῶν

1347 2119 1542 2175 προσώπων
1574 2121 1602 2156 εἷ
1622 2119 1785 2172 χαίρουσι
1813 2125 1884 2162 τοῖς
1912 2117 2122 2169 λεγομένοις.
2158 2118 2217 2170 [ἐκ
2245 2116 2311 2170 γὰρ
2339 2121 2400 2156 τοῦ

1348 2178 1533 2233 προσώπου
1553 2179 1717 2224 δηλοῦται
1732 2181 1753 2223 ἡ
1775 2181 1836 2224 τῆς
1855 2180 1968 2230 ψυχῆς
1988 2176 2173 2226 Summae]

1402 2252 1449 2277 39.
1470 2236 1524 2287 (ἢν
1549 2242 1618 2279 τοῖς
1635 2235 1733 2273 ἔπεσι
1753 2235 1923 2288 χαίρωσιν
1941 2249 1950 2273 :
1969 2234 2098 2273 ’Έπεσι
2111 2240 2181 2277 τοῖς
2196 2233 2400 2284 ποιήμασιν,
2421 2250 2455 2276 35

1351 2296 1373 2343 ἢ
1395 2302 1466 2339 τοῖς
1478 2293 1689 2346 λεγομένοις.
1710 2293 1732 2340 ἢ
1753 2295 1824 2336 τοῖς
1839 2293 1991 2345 ἷάμὸοις.
2011 2299 2082 2331 πᾶν
2097 2292 2164 2345 γὰρ
2179 2292 2302 2345 μέτρον
2318 2292 2401 2335 ἔπος

1353 2357 1512 2394 καλοῦσι.
1530 2353 1717 2406 πράγμασι
1735 2352 1791 2399 33,
1809 2355 1884 2396 τοῖς
1902 2352 2076 2402 ποιήμασι
2093 2357 2163 2394 τοῖς
2178 2350 2400 2402 λεγομένοις.)

1406 2427 1452 2452 40.
1468 2413 1553 2464 [νῷν
1567 2411 1634 2463 γάρ
1645 2413 1717 2448 ε’στι
1734 2409 1904 2458 δεσπότης
1916 2424 1924 2449 :
1936 2409 2076 2462 ‘'sto-7739
2088 2409 2165 2447 τινὰ
2179 2409 2289 2447 οἷκίαν
2299 2425 2405 2447 κατα-

1357 2472 1517 2515 σκευάζει
1533 2469 1596 2516 τὴν
1614 2468 1730 2508 πολιν.
1749 2468 1959 2515 δεσπότην
1941 2469 1977 2506 03'
1994 2484 2078 2522 φησι
2097 2468 2154 2506 τὸν
2172 2469 2294 2518 δημόν,
2309 2468 2403 2506 οἰκέ-

1356 2545 1416 2572 τας
1436 2528 1470 2566 33
1487 2544 1564 2571 τους
1579 2527 1927 2580 προχειριζομένουςε
1915 2528 1971 2564 υπ’
1989 2528 2094 2564 αὐτου
2111 2529 2294 2578 ὑπηρετεῖν
2311 2528 2405 2580 αὐτῶ
2422 2537 2460 2564 4ο
2474 2541 2478 2544 ·

1358 2588 1392 2624 ἐν
1409 2590 1452 2638 τῇ
1466 2602 1533 2623 των
1546 2588 1667 2623 κοινΓιν
1684 2585 1876 2637 ἐπιμελεία.
1891 2584 2061 2636 ὑπηρέται
2072 2584 2238 2637 γάρτινες
2254 2579 2341 2622 εἰναι
2355 2565 2408 2623 δό-

1359 2649 1458 2683 κοῧσι
1468 2659 1527 2681 του
1539 2644 1650 2693 δήμου
1659 2645 1689 2680 οι
1701 2658 1862 2696 αρχοντες
1872 2645 1902 2680 οἱ
1916 2645 1984 2680 τῶν
1994 2645 2116 2680 κοινῶν
2127 2642 2385 2694 προϊστάμενοι.
2389 2643 2408 2696 ]Ι

1412 2716 1459 2741 41.
1490 2701 1646 2754 ἄγροικος
1664 2701 1768 2753 ὀργὴν
1788 2715 1796 2740 ;
1819 2700 1986 2751 (Δύναται
2005 2704 2026 2747 ἡ
2056 2700 2140 2753 ὀργὴ
2161 2700 2217 2739 ν’ὔν
2246 2700 2408 2755 ἑκάτερον

1361 2763 1499 2807 δηλοῦν,
1517 2760 1576 2798 καὶ
1604 2760 1728 2812 κυρίως
1755 2763 1888 2797 κεῖσθαι
1917 2759 1975 2797 καὶ
2005 2759 2063 2796 ἐπὶ
2084 2762 2142 2797 τοῦ
2166 2758 2321 2812 τρόπου.)
2349 2759 2408 2798 τὸν

1360 2824 1485 2872 τρόπον
1507 2818 1620 2871 ἄγριος
1646 2818 1704 2855 καὶ
1725 2817 1871 2870 σκληρὸς
1890 2817 1950 2854 καὶ
1972 2817 2144 2869 ἀνήμερος
2172 2817 2245 2867 (καὶ
2265 2817 2406 2870 τραχύς.
2425 2833 2460 2858 ⁴5

1362 2876 1384 2923 ἢ
1414 2876 1554 2930 ἀφελής.
1579 2875 1774 2927 ἀκράχολος
1798 2875 1833 2913 δὲ
1862 2875 1968 2926 ἤγουν
1997 2877 2044 2918 εἷς
2063 2874 2168 2928 ὀργὴν
2195 2875 2406 2929 πρόχειρος.)

1363 2934 1551 2987 ἀκράχολος
1570 2935 1616 2976 εἰς
1630 2933 1733 2985 ὀργὴν
1753 2933 1900 2976 εὔκολος.
1921 2941 1959 2970 R.

1417 2990 1623 3043 κυαμοτρὼξ
1646 3004 1654 3029 :
1679 2991 1917 3041 (Δικαστικὸς,
1939 2991 2094 3042 κυάμους
2114 2990 2247 3029 ἐσθίων.
2264 2991 2410 3042 κυάμοις

1367 3049 1403 3088 33
1424 3051 1577 3102 ἐχρῶντο
1601 3051 1632 3086 οἱ
1655 3049 1817 3087 δικασταὶ
1846 3049 1903 3087 διὰ
1934 3049 1972 3087 τὸ
2002 3049 2049 3099 μὴ
2076 3049 2307 3096 καθεύδειν.ἢ
2334 3048 2410 3088 ἀντὶ

1367 3107 1503 3161 ψήφων.
1523 3107 1621 3144 ἄλλοι
1639 3106 1673 3144 33
1701 3106 1756 3144 διὰ
1773 3111 1832 3144 τοῦ
1854 3123 1886 3154 σ,
1903 3107 2124 3160 κυαμοτρώς,
2152 3110 2170 3145 ὃ
2189 3107 2336 3158 κυάμοις
2356 3108 2411 3145 δι-
2428 3122 2462 3146 ειο

1369 3165 1494 3211 κάζων,
1511 3167 1528 3201 ὅ
1548 3164 1760 3216 τιτρώσκων.
1782 3164 1913 3209 τούτοις
1927 3164 1993 3235 γὰρ
2011 3167 2162 3217 ἐχρῶντο
2181 3165 2257 3202 ἀντὶ
2273 3164 2409 3217 ψήφων.

1369 3221 1526 3271 Ἄλλως.)
1539 3237 1596 3273 τρε
1601 3220 1744 3274 ’.ρόμενος
1759 3223 1826 3260 ἀπὸ
1839 3225 1906 3260 τῶν
1920 3223 2076 3273 κυάμων·
2090 3222 2158 3276 πρὸ
2170 3221 2237 3275 γὰρ
2250 3225 2312 3268 τ’ῆς
2322 3222 2411 3275 εὑρέ-

1371 3295 1457 3322 σεως
1474 3282 1541 3316 τῶν
1558 3279 1682 3332 ψήφων
1710 3280 1856 3331 κυάμοις
1873 3297 1888 3319 ε
1890 3297 1915 3333 7
1918 3284 2025 3334 ρΓιντο
2043 3282 2077 3318 ἐν
2093 3281 2168 3324 ταῖς
2165 3280 2412 3340 χειροτονίαις

1372 3340 1439 3376 τῶν
1455 3336 1631 3389 ἀρχόντων
1647 3353 1705 3375 και
1720 3338 1753 3375 ἐν
1770 3340 1845 3382 ταῖς
1860 3338 2071 3388 ἐκκλησίαις.
2086 3340 2133 3381 ὡς
2147 3342 2204 3376 οὖν
2221 3340 2288 3376 τῶν
2304 3340 2412 3390 ψηφι-
