2485 3808
0 3398 10 3543 ,σεε-Α
0 3312 7 3322 n

903 201 1152 241 SCHOLIA
1186 202 1245 240 IN
1278 202 1504 242 VESPAS.

145 286 263 333 ἐπειδὴ
281 286 484 337 θεσμοθέται
502 286 561 324 καὶ
579 285 718 330 δέκατος
734 289 752 325 6
767 287 992 359 γραμματευς
1007 290 1172 340 κληροῦσι

145 348 223 389 τοὺς
241 345 405 389 δικαστὰς
428 361 505 388 τους
513 361 589 405 ..της
606 347 711 391 αὐτης
728 348 836 398 ’.ρυλῆς
852 346 1003 390 ἕκαστος

145 407 225 448 λως.
244 407 355 457 ἀρχῆς
376 403 484 453 ὄνομα
508 407 554 441 ὡν
571 407 641 447 τοῖς
661 404 880 456 ψηφίσμασιν
903 408 960 456 ἑχε
947 408 1176 475 ,ιροτονοῦντο

145 465 174 501 οἱ
193 462 365 500 δικασταί.
402 462 462 499 καὶ
479 465 586 512 ἦρχον
604 478 715 499 αυτων
733 461 857 508 ου’τως,
875 466 920 506 ι’1ς
936 463 993 500 καὶ
1012 462 1176 500 δύνασθαι
1206 465 1210 503 ἶ

69 520 75 525 Χ
112 532 128 557 5
146 520 302 559 ἐκὸαλεῖν
327 520 387 557 καὶ
410 519 458 570 μὴ
483 521 541 556 ἐᾶν
560 520 701 558 εἰσιέναι
726 522 771 563 εἰς
789 521 827 558 τὸ
848 520 1079 572 δικαστηριόν.
1101 523 1176 556 εἰπε

145 578 182 616 δὲ
197 578 256 616 καὶ
274 578 404 624 ἑκάστη
429 577 517 631 φυλὴ
536 578 620 629 πρὸς
637 578 695 616 ἕνα
713 581 759 621 εἷς
782 579 821 616 τὸ
841 578 917 622 τ1ἲ1ς
936 579 1060 628 νόμους
1077 580 1175 622 εἰση-

145 638 305 689 γεῖσθαι.)

199 707 262 733 778.
296 693 441 743 (δάκνων
471 693 614 732 σεαυτόν
639 707 647 732 :
673 694 796 733 Ἐπειδ
814 721 819 740 ,

146 754 165 790 6
184 751 351 797 δικαστὴς
368 752 426 789 τὸν
445 751 590 802 λέγοντα
608 752 859 801 καταδικάζει.)

95 821 129 846 10
200 824 266 850 779.
297 812 383 859 (πῶς
399 804 456 847 οὖν
479 810 715 859 διαγινώσκειν
736 824 744 848 :
765 809 909 854 Ἐπειδὴ
933 803 1025 846 εἶπεν
1048 808 1139 857 αὐτῷ
1159 807 1176 842 6

147 867 381 913 Βδελυκλέων,
396 867 559 905 δύνασθαι
576 868 756 911 δικάζοντα
771 868 826 904 ἐπὶ
842 870 902 912 τῆς
915 866 1023 908 οἰκίας
1040 864 1174 908 ἐσθίειν,

147 927 248 979 φησὶ,
265 929 339 969 πῶς
358 925 549 975 δυνήσομαι
566 926 685 962 ἐσθίων
706 925 893 974 δοκιμάσαι
910 925 953 961 τὰ
970 923 1140 972 λεγόμενα
1151 922 1174 970 ;)

200 998 264 1024 783.
298 983 584 1034 (ἀναμασώμενοι
622 998 630 1020 ;
668 982 756 1020 Ἀντὶ
792 986 850 1019 τοῦ
891 980 1174 1030 διαλογιζόμενοι.

146 1041 327 1092 νοούμενον
353 1040 437 1093 πρὸς
463 1040 501 1077 τὸ
530 1040 691 1091 χρειῶδες
718 1041 867 1076 ἐνταῦθα
896 1037 1092 1089 παρέλαὸεν
1117 1035 1175 1073 ἐπὶ

97 1114 130 1138 15
149 1103 206 1137 τοῦ
225 1098 402 1141 ἐσθίοντος.
485 1096 626 1139 Ἄλλως.
648 1098 687 1133 ἐκ
711 1102 907 1148 μεταφορᾶς
928 1099 996 1133 τῶν
1014 1098 1175 1143 ἀναπεμ-

147 1155 324 1201 παζόντων
347 1155 410 1201 τὴν
428 1154 557 1208 τροφὴν
577 1154 672 1206 ζῴων
692 1154 751 1192 καὶ
776 1148 870 1197 αὖθις
890 1151 1175 1203 ἀναμασωμένων

145 1214 186 1252 τὸ
203 1212 471 1264 ἀναμασώμενοι
490 1211 649 1264 εἴρηκεν.)

197 1285 261 1311 787.
291 1270 526 1323 Λυσίστρατος
548 1283 557 1308 :
579 1268 794 1312 Σκωτττικός.
820 1269 897 1319 (καὶ
917 1271 952 1306 ἐν
972 1269 1177 1320 Ἀχαρνεῦσι

146 1329 228 1380 [855]
247 1347 263 1362 «
280 1327 516 1380 Λυσίστρατός
533 1328 563 1365 τ’
584 1329 618 1364 ἐν
647 1330 756 1380 ἀγορᾷ
773 1327 982 1380 Χολαργέων
1002 1327 1138 1368 ὄνειδος.
1161 1344 1176 1357 ι»

93 1387 220 1426 Ξοέστι
254 1386 290 1425 δὲ
316 1386 376 1424 καὶ
411 1386 524 1439 ἔτερος
554 1386 810 1439 Λυσίστρατος,
841 1392 923 1429 παῖς
962 1383 1176 1437 Μακαρέως,

147 1445 389 1495 σκωπτόμενος
413 1446 460 1487 εἰς
482 1444 665 1481 κιναιδίαν.
747 1443 889 1487 Ἄλλως.
917 1445 1007 1481 δυοῖν
1029 1442 1096 1493 γὰρ
1123 1443 1176 1479 δι-

146 1508 292 1546 κασταῖς
319 1502 448 1540 ἐδίδοτο
481 1501 622 1554 δραχμὴ
656 1501 741 1551 μία,
761 1502 821 1539 καὶ
849 1501 956 1544 οὕτως
983 1500 1177 1552 ἐμερίζοντο

145 1561 230 1614 πρὸς
257 1561 347 1612 τρεῖς
375 1560 527 1603 ὄὸολούς.
559 1576 605 1602 ως
629 1563 688 1597 τοῦ
712 1559 951 1611 Λυσιστράτου
978 1559 1053 1608 ἅμα
1082 1559 1177 1594 αὐτῶ

147 1618 323 1670 εἰληφότος
348 1617 509 1688 δραχμὴν
538 1617 623 1669 ὑπὲρ
643 1621 701 1654 τοῦ
730 1619 928 1654 δικαστικοῦ
951 1619 1096 1667 μισθοῦ,
1118 1615 1177 1652 καὶ

846 694 950 732 ἐνίοτε
971 692 1041 730 ἀπὸ
1060 691 1176 737 πείνης

93 1691 128 1716 25
149 1674 465 1726 ἐμπεπιστευμένου
484 1674 692 1725 κερματίσαι
712 1674 832 1721 αὖττν,
847 1673 937 1712 ὥστε
957 1674 1175 1726 μερίσασθαι,

146 1734 206 1772 καὶ
230 1732 472 1785 παρασχόντος
500 1734 595 1769 αὐτῶ
614 1732 691 1770 ἀντὶ
717 1732 879 1786 ἀργυρίου
905 1731 1064 1777 λεπίδας,
1085 1733 1176 1781 ἀγα-

144 1794 263 1839 πητῶς
282 1791 355 1842 ἔχει
375 1790 414 1828 τὸ
432 1790 532 1840 μόνος
547 1789 739 1840 λαμὸάνειν
756 1789 834 1833 τοὺς
853 1790 1016 1840 μισθούς.)

197 1863 265 1889 788.
297 1847 472 1900 (δραχμὴν
501 1848 575 1897 μετ’
597 1848 681 1897 ἐμοῦ
700 1846 817 1885 λαὸών
839 1860 848 1886 :
874 1847 973 1886 Καθὸ
993 1849 1038 1889 εἰς
1067 1845 1126 1884 δύο
1153 1849 1174 1891 ἡ

145 1906 286 1959 δραχμὴ
297 1906 426 1944 ἐδίδοτο
439 1905 499 1943 καὶ
518 1906 615 1943 αὐτοὶ
632 1906 809 1962 διῃροῦντο
825 1906 1106 1959 κερματίζοντες,
1120 1903 1175 1941 ἵνα

92 1977 128 2002 3ο
147 1965 195 2016 μὴ
219 1967 249 2003 οἱ
267 1963 482 2016 κωλακρέται
500 1963 613 2015 κέρμα
631 1963 860 2016 εἰσφέρωσιν.)

197 2036 261 2061 789.
291 2024 325 2060 ἐν
354 2027 424 2064 τοῖς
446 2020 581 2072 ἰχθύσιν
606 2033 615 2059 :
637 2021 698 2059 Ἐν
724 2026 795 2063 τοῖς
813 2020 1065 2072 ἰχθυοπωλίοις.
1093 2020 1175 2070 (ἀπὸ

144 2082 212 2118 τῶν
239 2078 470 2128 πωλουμένων
498 2094 576 2121 τους
599 2080 798 2121 πωλοῦντας
829 2078 950 2116 εἰπών.
971 2078 1114 2122 λοπίδας
1139 2077 1175 2115 δὲ

145 2137 184 2180 ἃς
201 2139 301 2187 ἡμεῖς
318 2135 462 2178 λεπίδας
479 2136 677 2184 καλοῦμεν.)

203 2194 298 2244 (790).
326 2191 528 2242 κεστρέων.
552 2191 724 2243 Κεστρευς
752 2186 839 2234 εἶδός
864 2193 955 2229 ἐστιν
988 2209 997 2228 ι
986 2190 1118 2243 χθυος,
1142 2193 1175 2242 [6

92 2263 126 2288 35
143 2251 327 2302 λεγόμενος
339 2250 485 2302 κέφαλος
495 2250 523 2300 ,]
535 2249 690 2299 μεγάλην
706 2249 863 2286 zeniam*
845 2264 923 2300 370v
940 2265 1020 2286 και,
1010 2253 1173 2301 παχεῖαν,

145 2313 190 2353 ὡς
208 2308 368 2346 ὑπόνοιαν
389 2307 496 2353 αὐτὴν
514 2307 605 2358 ἔγειν
623 2307 795 2359 ἀργυρίου.

197 2379 262 2405 791.
292 2363 388 2415 κάγυ
399 2364 571 2402 ’νεκαὺαε
588 2364 786 2416 Ἐνέκαῶα,
798 2363 940 2411 ἐνέθηκα
951 2365 1174 2416 τῶστόματι,

145 2422 291 2472 νομίζων
308 2426 395 2459 εἶναι
416 2421 589 2473 ἀργύριον.
613 2423 764 2470 (πολλοῖς
781 2421 848 2474 γάρ
866 2425 957 2460 ἐστιν
978 2407 1085 2465 ἐθος
1071 2439 1105 2460 εν
1125 2426 1174 2476 τῷ

144 2479 291 2530 στόματι
310 2478 493 2531 φυλάττειν
509 2479 548 2516 τὸ
565 2479 736 2531 ἀργυριον.
729 2479 752 2528 .)

90 2547 127 2574 ⁴0
199 2518 331 2589 (ᾠόμην
351 2536 470 2574 λαὸεῖν
489 2550 498 2575 2
518 2534 535 2551 ό
570 2552 604 2574 τι
632 2538 733 2583 δηλοῖ
751 2536 808 2575 τὸν
833 2538 972 2588 λεπτὸν,
992 2538 1106 2582 ὁποῖός
1124 2555 1175 2582 τις

143 2590 197 2642 ἧν.
213 2592 254 2642 ἦν
270 2594 306 2632 δὲ
325 2596 457 2647 ἀργυρᾶ
476 2594 686 2645 νομίσματα.
707 2594 912 2647 ὀσφρόμενος
931 2596 966 2633 δὲ
984 2599 1044 2642 τῆς
1063 2593 1173 2634 &usus-

144 2652 219 2696 δίας
236 2651 459 2702 αἰσθόμενος.)

197 2723 267 2749 794.
304 2709 539 2762 (ἀλεκτρυόνος
563 2711 600 2761 μ’
625 2710 772 2763 ἔφασκεν
795 2725 804 2750 :
827 2711 928 2750 Ἐπεὶ
947 2711 1061 2749 πάντα
1087 2712 1173 2750 πέτ-

145 2782 260 2805 τουσιν
278 2769 310 2804 οἱ
329 2767 550 2820 ἀλεκτρυόνες
565 2768 780 2820 θερμοτάτην
800 2768 933 2806 κοιλίαν
953 2769 1118 2820 ἔχοντες.)

92 2831 128 2858 ⁴5
198 2837 262 2863 795.
291 2824 392 2875 (ταχυ
410 2829 491 2895 γοῦν
517 2826 704 2878 καθέψειςε
728 2825 817 2869 Τους
845 2826 984 2870 ὄὲολους
1005 2829 1174 2880 ἀργυροῦς

147 2880 298 2933 εἴρηκεν,
313 2883 359 2924 ὡς
374 2897 432 2918 και
445 2883 544 2932 ἡμεῖς
559 2882 705 2934 λέγομεν
717 2886 886 2935 χαλκοῦς,
902 2884 1050 2937 ἀργύρου
1063 2886 1168 2929 ὄντος.

146 2936 170 2983 ἢ
189 2936 307 2975 καθότι
330 2941 419 2989 τρεῖς
439 2939 596 2976 ὁὸολοὶ”
576 2956 667 2983 οντες
695 2943 864 3001 ἀργυροῦν
883 2942 1033 2994 τριώὸολ
1035 2958 1070 2980 ον
1098 2944 1172 2993 ἐγέ-

147 2996 267 3044 νοντο.)
288 3015 335 3020 -
349 2994 400 3032 ὅτι
418 3011 478 3033 και
492 2996 605 3034 ὂὸολοὶ
626 2999 780 3050 ἀργυροῖ·
785 3003 886 3045 ἦσαν.
908 3008 945 3037 R.

201 3046 237 3098 (ἠ
256 3052 285 3089 δ’
307 3051 341 3094 ὃς
364 3052 502 3102 λέγων;
528 3053 617 3091 Ἀντι
643 3059 698 3092 τοῦ
724 3056 801 3108 ἔφη.
821 3072 881 3094 και
907 3057 998 3095 ἔστιν
1025 3057 1170 3096 ἀπὸτοῦ

95 3121 131 3147 ⁶0
148 3108 224 3159 ἠμί.
240 3108 408 3160 κέχρηται
423 3109 458 3146 δὲ
474 3111 568 3162 αὐτῷ
583 3115 732 3183 euve-7634
749 3116 766 3150 6
784 3113 966 3152 Πλάτων’
951 3115 1008 3152 επὶ
1028 3115 1173 3164 μέλλον-

146 3181 203 3210 τος
222 3166 337 3216 μόνου·
358 3169 389 3203 οἱ
408 3166 443 3204 δὲ
458 3183 604 3215 κωμικοι
620 3169 678 3205 καὶ
697 3170 753 3207 ἐπὶ
770 3173 838 3208 τῶν
855 3171 969 3209 ἄλλων
983 3172 1129 3224 χρόνων.
1133 3176 1144 3223 )

198 3237 263 3264 798.
294 3224 401 3273 (ταῦθ’
421 3224 492 3270 ἥξω
515 3238 524 3263 1
544 3223 600 3263 Τὰ
620 3225 704 3278 πρὸς
718 3227 758 3264 τὸ
778 3232 900 3279 σχῆμα
919 3234 979 3268 τοῦ
1003 3232 1171 3278 δικαστη-

149 3281 221 3337 ρίου
238 3281 456 3331 ἐπιτηδεύει.)

204 3352 266 3382 799.
295 3338 359 3390 ὅρα
380 3339 419 3376 τὸ
439 3341 560 3390 χρῆμα
587 3353 596 3377 :
618 3341 738 3378 Ταῦτα
760 3341 845 3392 πρὸς
866 3343 998 3391 ἑαυτὸν,
1020 3348 1079 3383 τοῦ
1098 3347 1170 3383 υἱοῦ

1087 347 1172 385 Ax-
1203 332 1210 367 ¹

2192 217 2260 249 153

1235 288 1453 332 εἰσελθόντος.
1474 291 1534 327 οὐκ
1550 291 1603 328 ἐπ’
1625 290 1768 344 ἀληθεία
1784 291 1819 330 δὲ
1841 292 1949 330 ταῦτά
1971 309 2086 345 φησιν,
2104 294 2156 333 ὅτι
2171 310 2264 348 χρη-

1235 346 1320 396 σμὸς
1340 346 1437 393 ἐδόθη
1450 377 1459 394 ,
1478 347 1567 385 ἀλλὰ
1584 350 1667 400 πρὸς
1685 349 1723 387 τὸ
1746 350 1917 403 φιλόδικον
1937 352 2049 390 αὐτων
2068 353 2196 398 παίζει.

1206 378 1210 462 ἱ
1288 403 1330 441 τὰ
1287 404 1483 500 80γλόγισιῑ
1504 409 1549 445 Οἱ
1569 408 1722 458 χρησμοὶ
1740 413 1799 446 τοῦ
1820 409 2043 454 Ἀπόλλωνος.
2065 419 2105 450 V.

1380 463 1564 502 Ἑκάταιον
1586 478 1594 503 :
1614 466 1637 514 (
1641 466 1733 516 Ιερὸν
1748 466 1951 514 Emi-ms
1933 485 1978 512 ι1ς
1996 471 2063 506 τῶν
2078 469 2263 516 Ἀθηναίων

1205 512 1210 553 ἶ
1234 475 1417 570 πανταχοῦ
1443 522 1652 572 ἱδρυομένων
1677 523 1782 569 αὐτην
1810 527 1856 567 ὡς
1884 525 2003 578 ἔοορον
2034 527 2172 564 πάντων
2205 529 2263 566 καὶ
2281 546 2297 570 5

1235 578 1471 630 κουροτρόφον.
1508 579 1694 618 (Εκάταιον
1737 585 1796 618 οὖν
1835 582 1876 621 ‘E
1880 583 1987 629 κᾶτι-,ς
2028 584 2190 635 ἄγαλμα,
2224 586 2264 624 τὸ

1236 633 1444 681 Εκατησιον
1458 636 1655 686 λεγόμενον.
1673 641 1740 689 τῇ
1730 640 1919 690 προσωδία)
1940 641 2201 693 Καλλίστρατος
2219 646 2264 686 ὡς

1235 692 1409 730 επινίκιον.
1427 693 1474 741 (ἔν
1490 709 1558 731 τισι
1574 710 1641 745 γαρ
1664 710 1806 746 ευρηται
1829 696 2038 738 (ΕκατεῖοκΗ

1287 763 1352 788 807.
1376 751 1481 821 (ρίμις
1499 751 1560 800 μέν
1582 766 1590 790 :
1611 753 1803 805 Οὖρητρὶς,
1824 755 1968 806 οὖρηρὸν
1990 757 2136 805 ἀγγεῖον.
2157 759 2264 808 οὐρη-

1233 806 1356 859 τιάσῃς
1372 807 1407 844 δε
1422 809 1566 860 οὖρησαι
1585 809 1793 861 βουλησῃ,
1775 827 1796 856 η
1815 813 2063 864 στραγγουρίας
2076 815 2265 867 περιπέσῃς
2286 830 2318 853 10

1235 879 1416 914 νοσηματι.
1421 867 1431 914 )

1287 935 1349 960 810.
1381 924 1669 997 (στραγγουρίαςῖ
1695 928 1860 970 Φυσικῶς
1872 930 1972 965 τοῦτο
1988 932 2094 967 εἶπεν.
2113 930 2266 979 συμὸαί-

1235 995 1283 1016 νει
1302 979 1368 1033 γὰρ
1387 980 1463 1025 τοὺς
1485 983 1672 1034 ἐπεχοντας
1696 984 1739 1021 τὰ
1759 1000 1843 1036 ουρα
1868 993 2129 1038 στραγγουριᾶν.
2134 990 2165 1056 )Ν

1288 1051 1351 1076 811.
1383 1039 1621 1092 (προσέστηκε
1664 1045 1757 1094 φακῆ
1794 1057 1803 1081 t
1836 1042 1979 1095 υΩσπερ
2010 1044 2049 1081 τὸ
2077 1060 2165 1090 συκη
2198 1045 2266 1082 ἀπὸ

1236 1095 1369 1133 συκέα
1359 1111 1577 1148 περισπυσι,
1595 1099 1654 1136 καὶ
1673 1099 1711 1137 τὸ
1732 1102 1801 1145 ἀμυ
1804 1101 1915 1150 γδαλῆ
1935 1101 2002 1138 ἀπὸ
2018 1105 2077 1139 τοῦ
2103 1104 2265 1153 ἀμυγδα-
2287 1113 2319 1137 15

1235 1151 1316 1199 λέα,
1332 1152 1369 1190 06
1375 1169 1423 1190 τω
1439 1154 1498 1191 καὶ
1518 1170 1611 1207 φακη
1633 1157 1702 1194 ἀπὸ
1718 1161 1777 1195 τοῦ
1794 1158 1917 1196 οακέα.
1921 1158 1934 1209 )

1287 1223 1351 1248 814.
1384 1212 1616 1264 ῥοφησομαι·
1607 1244 1615 1251 .
1643 1214 1704 1257 Ὡς
1725 1215 1786 1253 καὶ
1811 1219 1923 1268 οακῆς
1953 1215 2148 1269 ῥοῦ-ἤματος
2177 1219 2268 1255 διδο-

1237 1267 1338 1316 μένου
1370 1275 1440 1312 τοῖς
1468 1271 1679 1319 ἀσθενοῦσιν,
1716 1272 1889 1324 (ἔπαιξεν,
1920 1274 1995 1312 ἐπει
2031 1277 2062 1313 οἱ
2094 1279 2268 1321 νοσοῦντες

1236 1325 1369 1376 χυλὸν
1358 1326 1529 1375 πτισάνης
1550 1331 1714 1382 ῥοφοῦσι).

1288 1397 1349 1421 815.
1382 1384 1426 1433 (τί
1443 1385 1500 1423 τὸν
1515 1386 1606 1439 ὄρνιν
1629 1401 1637 1426 :
1659 1388 1719 1432 Ὡς
1736 1389 1795 1426 καὶ
1813 1389 2025 1442 ἀλεκτρυόνα
2045 1390 2268 1441 ἐξαγαγόντος
2287 1400 2321 1424 20

1236 1444 1295 1478 τοῦ
1315 1443 1598 1495 Βδελυκλέωνος.)

1288 1513 1355 1538 817.
1548 1503 1684 1555 Κυρίως
1699 1504 1738 1542 τὸ
1759 1505 1851 1557 ᾅδειν
1871 1506 1928 1544 ἐπὶ
1947 1510 2006 1545 τοῦ
2028 1506 2266 1558 ἀλεκτρυόνος,

1237 1558 1413 1603 κοκκύζειν
1435 1558 1470 1596 δὲ
1488 1560 1545 1597 ἐπὶ
1565 1565 1623 1598 τοῦ
1641 1561 1835 1614 κόκκυγος.)

1289 1618 1762 1671 819.(θήρι1ονεΤὸὶερὸν
1791 1625 1850 1659 τοῦ
1871 1620 1980 1674 ἥρωος
2004 1624 2132 1664 Λύκου.
2162 1625 2266 1662 πάλιν

1236 1670 1349 1709 δὲκαὶ
1368 1677 1466 1711 τοῦτο
1483 1679 1530 1717 ὡς
1546 1675 1742 1728 φιλόδικος.)
2284 1698 2318 1722 25

1287 1743 1350 1768 820.
1398 1731 1546 1782 πάρεστι
1571 1734 1664 1771 τουτί

1235 1787 1431 1838 γραμμένος
1449 1783 1490 1834 ἦν
1507 1792 1524 1826 6
1541 1790 1661 1834 Λύκος.

1287 1859 1352 1883 821.
1385 1846 1598 1896 (χαλεπὸν”
1575 1849 1629 1900 αρ’
1656 1843 1731 1895 ἧσθ’
1759 1851 1840 1888 ἷε.νδ

1234 1903 1468 1955 γραμμένου
1451 1908 1510 1942 τοῦ
1530 1905 1650 1957 ἥρωος.
1654 1909 1666 1957 )

1286 1974 1349 1998 822.
1379 1961 1446 2004 οἶός
1463 1978 1528 2015 περ
1548 1966 1663 2013 ἠμῖνε
1687 1964 1781 2018 (App
1785 1970 1889 2016 υθμος
1907 1983 1967 2005 και
1983 1969 2129 2040 μακρός.
2150 1970 2264 2020 προεί-
2285 1984 2320 2008 30

1236 2034 1337 2070 ρηται
1357 2035 1422 2071 γαρ
1442 2020 1494 2057 ὅτι
1526 2024 1654 2073 φαῦλος
1683 2028 1724 2069 ἠν
1750 2040 1812 2070 την
1833 2025 1911 2077 ὄψιν
1936 2026 1996 2063 καὶ
2023 2027 2267 2071 κακοσύνθετος

1233 2077 1271 2114 τὸ
1292 2092 1394 2127 σωμα
1414 2080 1432 2114 6
1454 2080 1509 2116 Κλ
1512 2079 1672 2129 εώνυμος.
1693 2085 1792 2119 τοῦτο
1810 2082 1845 2120 δὲ
1863 2064 1949 2133 Ιειπε)
1968 2085 2054 2122 καθὸ
2078 2085 2137 2122 καὶ
2155 2087 2265 2137 χαλε-

1233 2134 1296 2177 πὸς
1313 2151 1355 2180 ην
1375 2136 1591 2186 δημαγωγός.
1614 2154 1643 2190 ρ.
1634 2137 1775 2190 ίὼασπις
1792 2140 1826 2177 δε
1845 2156 1898 2185 ην.

1285 2205 1348 2230 823.
1381 2193 1470 2241 (οὐδ’
1494 2194 1621 2237 α’1τός;
1645 2196 1790 2242 Ἐπειδὴ
1820 2198 1985 2249 ῥίψασπις
2004 2202 2022 2236 6
2043 2201 2097 2237 Κ)
2100 2200 2262 2249 ειι’1νυυ.ος.

1234 2264 1326 2300 ειχον
1352 2250 1386 2286 δὲ
1407 2250 1466 2287 καὶ
1491 2253 1521 2288 οι
1552 2251 1662 2303 ηρωες
1683 2254 1890 2292 πανοπλίαν.
1918 2256 1978 2293 καὶ
2008 2257 2109 2302 δτλον
2138 2259 2176 2295 ἐκ
2194 2273 2262 2295 των
2283 2268 2315 2293 35

1233 2306 1385 2343 Δαιταλ
1369 2323 1444 2345 εων.
1449 2309 1459 2357 )

1286 2377 1354 2403 830.
1387 2364 1466 2403 ἄνευ
1487 2381 1712 2418 Ορυΰακῗου.

1389 1501 1494 1553 (ᾅδων
1516 1515 1524 1538 τ

1693 1748 1702 1773 :
1730 1735 1900 1774 Πινάκιον
1925 1738 2074 1788 κομίζει,
2098 1741 2132 1776 ἐν
2155 1734 2184 1792 ᾧ
2206 1756 2267 1791 γε·

1864 1851 2001 1895 ῑὩς
1982 1869 2155 1907 ουσαορεο
2145 1871 2179 1892 1υ
2205 1870 2266 1905 γε-

1734 2369 1802 2421 Δρ
1786 2385 1935 2422 υοακτος
1952 2370 2019 2408 τὸ
2008 2372 2263 2423 παρατεινόμε-

1233 2438 1309 2460 νον
1307 2422 1370 2474 ζὼς
1390 2422 1541 2476 εἴρηται]
1564 2423 1660 2468 ξύλον
1680 2429 1735 2463 τοῖ’
1734 2443 1749 2469 ς
1766 2428 1953 2471 δικασταῖς.

1285 2494 1351 2519 831.
1383 2480 1401 2517 ὃ
1432 2497 1569 2533 πριι1τ1ν
1598 2486 1719 2533 ἡμῖν·
1709 2515 1718 2522 .
1742 2484 1824 2522 Ἀπὸ
1854 2488 1921 2522 τῶν
1950 2486 2110 2526 θυόντων.
2142 2490 2262 2526 ἐκεῖνοι

1232 2538 1330 2590 γὰρ
1319 2554 1454 2590 πρῶτον
1471 2539 1510 2577 τὸ
1529 2543 1661 2592 ἧπαρ’
1646 2546 1934 2589 επισκοποῦνται,
1955 2548 2028 2582 εἶτα
2047 2547 2183 2592 σπληνα
2203 2563 2261 2584 και
2280 2559 2314 2583 4ο

1232 2595 1275 2633 τὰ
1289 2597 1407 2635 λοιπά.
1427 2619 1480 2625 —-·
1497 2613 1582 2646 ημιν
1599 2604 1667 2642 τοῖς
1684 2600 1875 2643 δικασταῖς.
1893 2609 1934 2638 V.

1284 2667 1348 2692 833.
1379 2654 1431 2704 (τό
1455 2670 1494 2705 γε
1519 2656 1601 2707 παρ’
1621 2657 1732 2694 αὐτίκ’
1752 2657 1845 2696 ἔνδον
1868 2672 1876 2696 :

1232 2711 1398 2761 σκόμενον
1419 2711 1494 2749 ἀντὶ
1514 2717 1572 2750 τοῦ
1593 2713 1812 2766 δρυφάκτου.)

1284 2783 1347 2808 834.
1380 2769 1424 2818 (τί
1443 2785 1525 2807 ποτε
1554 2786 1594 2807 -ο
1608 2785 1758 2823 [ρπιιαῑ
1780 2775 1893 2810 Τοῦτο
1919 2776 1936 2810 6
1956 2774 2141 2842 νεανίσκρς.
2160 2777 2260 2813 ,ιιλο-

1368 2826 1395 2840 ’ΚΧ

1230 2827 1343 2879 χωρία
1364 2828 1466 2876 63‚)
1448 2843 1530 2864 ωσει
1521 2827 1644 2878 ιέλεγε
1672 2829 1710 2866 τὸ
1732 2830 1984 2880 επιχωριάζειν.
2009 2832 2057 2875 (δε

1903 2658 1953 2697 Τὸ
1980 2660 2142 2711 παραυτὰ
2167 2663 2261 2714 εὕρι-

2062 2832 2139 2877 ινὸν,
2158 2848 2258 2883 φησι,
2278 2845 2312 2869 45

1230 2885 1274 2923 τὰ
1294 2886 1465 2936 ἐπιχώρια
1487 2888 1609 2938 φιλεῖν,
1627 2886 1711 2924 ὅπου
1738 2887 1797 2924 καὶ
1816 2892 1913 2930 ουτος
1929 2905 1974 2925 τα
1996 2905 2030 2925 εν
2048 2891 2259 2943 δικαστηρίῳ

1231 2944 1321 2995 φιλεῖ
1340 2943 1479 2991 πάντα.)

1283 3014 1345 3039 835.
1379 3000 1502 3051 (βάλλ’
1530 3001 1563 3042 ἐς
1584 2999 1735 3052 κόρακας
1763 3014 1772 3038 :
1799 3000 1952 3045 Ἐξεισιν
1980 3006 1998 3040 ὃ
2026 3003 2160 3051 οἰκέτης
2184 3006 2258 3043 κυνὶ

1231 3060 1400 3108 ἐγκαλῶν.
1418 3057 1528 3095 λείπει
1555 3058 1591 3095 δὲ
1612 3058 1719 3101 οὐδεὶς
1741 3058 1896 3111 ὤφειλεν,
1916 3059 1937 3105 ἢ
1957 3062 2124 3111 χαλεπὸν,
2142 3062 2164 3108 ἢ
2191 3065 2259 3101 δει-

1229 3116 1309 3164 νόν.)
2276 3135 2310 3158 5ο

1282 3186 1346 3211 836.
1378 3172 1430 3222 (οὐ
1447 3187 1513 3223 γαρ
1534 3174 1551 3208 6
1571 3171 1692 3217 Αάοης
1709 3173 1863 3224 ἀρτίὼςτ
1885 3172 2042 3213 Ἔσωθέν
2055 3177 2254 3219 τιςτούτω1.

1229 3247 1279 3268 τω
1299 3231 1333 3267 δὲ
1365 3229 1440 3267 κυνὶ
1465 3229 1572 3279 ὄ1ομα
1595 3229 1718 3275 Λάδης
1745 3231 1813 3268 ἀπὸ
1839 3236 1898 3269 τοῦ
1927 3233 2116 3282 λαμὸάνειν
2142 3235 2254 3286 θηρία.

1229 3288 1329 3339 τυρὸ1
1358 3287 1393 3324 δὲ
1419 3286 1576 3339 ἥρπασεν
1605 3290 1713 3330 οὗτος.
1747 3288 1786 3324 ἀζ
1773 3292 1877 3332 ιοῦσι
1909 3289 1946 3327 δέ
1972 3306 2040 3328 τινε
2044 3307 2059 3333 ς
2089 3294 2134 3334 ὥς
2160 3308 2255 3344 παρα

1196 3389 1204 3393 ὴ
1231 3345 1379 3396 γράμμα
1416 3345 1656 3396 κωμῳδεῖσθαι
1690 3345 1841 3396 Λάχητα
1871 3346 1929 3385 τὸν
1967 3363 2253 3399 στρατηγησαντα
