2485 3808
0 3292 64 3376 s

834 233 1091 274 SCHOLIA
1120 233 1177 272 IN
1213 232 1647 275 LYSISTRATAM.

226 337 272 363 22.
300 323 512 374 συγκαλεῖς·
534 321 746 373 Συνηγαγες.

225 396 272 422 23.
304 384 378 432 μῶν
396 380 455 418 καὶ
475 381 573 432 παχύ
596 394 605 419 2
629 380 693 423 Ἱὶς
710 379 792 432 πρὸς
808 379 847 417 τὸ
871 381 1010 418 αἰδοῖον.

225 454 271 479 25.
301 441 367 490 οὐχ
391 442 488 482 οὗτος
507 441 525 476 ὁ
544 437 668 491 τρόπος
689 452 698 477 :
721 438 809 476 ’Λντὶ
832 442 891 476 τοῦ
915 439 953 476 οὐ
981 436 1072 475 κατὰ
1090 440 1209 475 τοῦτον

171 498 229 536 τὸν
247 497 372 550 τρόπον
391 497 483 548 λέγω
497 496 535 535 τὸ
554 511 701 549 πραγμα
718 491 804 534 εἶναι
819 496 909 547 μέγα
927 495 985 533 καὶ
1002 495 1119 546 παχὺ,
1134 495 1210 532 καθ’

136 569 153 593 5
171 556 208 595 ὃν
228 555 268 594 σὺ
291 559 456 599 ὑπονοεῖς.

222 627 269 653 27.
299 612 602 683 ερριπτασμένον.
593 611 906 682 ,Γεγυμνασμένρν
920 610 979 649 καὶ
998 609 1207 662 ηὑρημένον.

170 671 258 710 ὥστε
280 672 529 725 μεριμνῶσάν
524 687 566 709 ιιε
586 671 809 725 ῥιπτάζεσθαι
823 670 882 707 καὶ
899 668 1117 721 στρέφεσθαι.
1137 682 1210 704 τοι-

169 734 264 769 οῦτοι
283 729 350 784 γὰρ
370 733 400 768 οἱ
422 732 665 783 μεριμνῶντες.
694 728 748 781 βέ)
736 744 827 766 ιτιον
849 727 883 766 δὲ
911 726 979 764 ἀπὺ
999 728 1066 763 τῶν
1091 724 1207 762 >aiem

168 789 231 836 τὴν
246 788 443 841 μεταφορὰν
457 790 543 826 νοεῖν
564 786 846 839 (ἀνερριμμένων,
864 784 988 828 ὅπως
973 799 1014 822 αν
1028 782 1131 822 ἔλθοι.
1149 798 1208 820 και

119 860 152 887 ιο
169 847 235 900 γὰρ
256 847 313 886 ἐπι
338 851 406 885 τῶν
429 846 545 885 κύὸων
568 846 824 895 ἀναὸάλλομεν,
850 843 971 895 μέχρις
995 842 1036 880 ἂν
1063 840 1146 892 ἔλθῃ
1169 840 1208 878 τὸ

168 906 394 957 προκείμενον
415 906 610 957 βληθηναι).

222 978 268 1004 31.
299 966 353 1002 ἐπ’
373 964 488 1015 ὀλίγου
509 962 576 1015 γὰρ
594 961 736 1013 εἴχετοε

167 1038 231 1069 την
251 1021 408 1076 ἀφορμὴν
426 1038 486 1068 της
487 1021 686 1081 σωτηρίας.

221 1092 266 1119 33.
295 1079 317 1126 ἢ
337 1079 460 1130 μηκέτ’
475 1083 562 1117 εἶναι
588 1078 676 1129 μηδε
697 1075 1027 1123 Πελοποννησίουςε
1046 1073 1109 1121 Μὴ
1125 1089 1206 1111 πει-

117 1149 149 1176 15
169 1138 343 1182 σθέντας’
326 1140 410 1188 ημῖν
432 1138 534 1188 (μήτε
559 1152 637 1180 τους
656 1135 853 1183 Ἀθηναίους
872 1150 961 1186 μητε
985 1133 1072 1177 τουςῚ
1089 1134 1206 1172 Πελο-

166 1196 396 1247 ποννησίους).
415 1198 460 1240 ὡς
479 1194 684 1249 φιλόπατρις
704 1193 739 1232 δὲ
757 1192 984 1240 ἀπεσιώπησε
1007 1191 1084 1235 τοὺς
1103 1192 1203 1238 Ἀθη-

165 1255 291 1299 ναίους.

219 1326 266 1352 34.
296 1312 420 1364 μηκέτ’
436 1306 524 1351 εἶναι
539 1310 581 1359 νὴ
599 1310 665 1350 Δία
686 1325 694 1350 :
714 1309 808 1364 Πρὸς
824 1310 901 1353 τοὺς
914 1306 1207 1360 Λακεδαιμονίους

166 1370 356 1418 ἀπήντησε.

112 1442 148 1468 2ο
218 1442 264 1470 36.
295 1429 372 1467 ἀλλ’
391 1429 496 1482 ἄφελε
519 1428 580 1472 τὰς
602 1426 791 1479 ἐγχέλεις.
783 1441 791 1450 ·
810 1426 872 1466 Ἐν
892 1425 958 1478 γὰρ
978 1428 1020 1477 τῇ
1041 1420 1205 1464 Κωπαιδι

165 1486 270 1540 λίμνῃ
289 1487 451 1538 μέγισταί
470 1489 554 1525 εἰσιν
573 1485 787 1538 ἐγχέλεις,”
764 1501 874 1523 ωκουν
893 1500 930 1522 τε
953 1500 1013 1530 την
1035 1482 1205 1522 Βοιωτίαν

164 1561 224 1584 και
238 1548 268 1583 οἱ
287 1544 466 1596 λεγόμενοι
482 1545 678 1597 Ἐγχελεῖς,
699 1544 778 1597 περὶ
794 1548 842 1582 ὧν
859 1542 1097 1584 Ἑλλάνικος’
1082 1557 1117 1578 εν
1136 1545 1206 1583 τοῖς

165 1606 389 1647 Βοιωτιακοῖς
411 1603 526 1656 φησίν.
608 1601 750 1646 Ἄλλως.
777 1600 896 1648 ἐπειδὴ
919 1600 988 1638 ἀπὸ
1016 1597 1204 1642 Κωπαιδος

164 1661 287 1713 λίμνης
306 1661 474 1704 Βοιωτίας
490 1660 647 1714 φέρονται
668 1660 820 1712 ἐγχέλεις
835 1659 1012 1706 Ἀθήναζε.

217 1733 260 1758 37.
290 1722 352 1758 οὐκ
372 1719 676 1770 ἐπιγλωττήσομαι
702 1732 711 1758 ;
734 1720 788 1758 Οὐ
812 1716 1013 1772 φλυαρῆσω.
1034 1717 1072 1755 οὗ
1094 1717 1205 1768 βλασ-

164 1778 331 1833 φημήσω.

215 1851 262 1876 38.
294 1838 371 1874 ἀλλ’
391 1835 581 1883 ὑπονόησον
604 1848 613 1874 t
631 1834 648 1851 ‘¹

213 1908 262 1934 41.
291 1897 417 1945 ἡμεῖς.
431 1896 474 1933 Αἱ
493 1894 655 1933 Ἀττικαί.

214 1967 261 1993 4;.ι
299 1952 536 2003 ἐξηνθισμέναι
570 1965 580 1991 :
615 1950 728 1999 Ἀνθη
764 1955 941 2005 φοροῦσαι.
978 1952 1032 1990 τοῖ’
1033 1968 1048 1995 ς
1086 1951 1202 1989 ἄνθεσι

108 2027 144 2053 :30
161 2011 438 2063 κεκοσμημέναι,
461 2014 551 2049 οῖον·
546 2010 697 2064 ψιμυθίῳ
715 2011 774 2049 καὶ
791 2010 891 2064 φύκει
905 2026 964 2048 και
980 2016 1048 2053 τοῖς
1061 2010 1200 2060 ὁμοίοις.

213 2084 259 2109 45.
288 2071 348 2108 καὶ
365 2070 551 2122 Κιμὸερίκ’
568 2068 804 2130 ὄρθοστάδια;
826 2067 1046 2122 Κιμὸερικα,
1062 2068 1084 2115 ἢ
1109 2071 1202 2119 Κιμ-

162 2126 302 2181 6ερινὰ,
318 2130 364 2171 ὣς
390 2128 614 2180 Ταραντῖνα,
642 2128 728 2170 ειδος
750 2126 958 2177 ἐνδυματος,
990 2126 1058 2164 ἀπὸ
1081 2126 1200 2164 τόπου.

160 2185 365 2240 ὀρθοστάδια
379 2185 414 2223 δὲ
435 2188 466 2223 οι
487 2201 607 2223 στατοι
623 2188 783 2237 χιτῶνες,
803 2187 834 2223 οἱ
855 2184 890 2222 δὲ
909 2183 1093 2237 συρόμενοι
1119 2199 1201 2236 συρ-

205 2244 214 2256 r

161 2260 226 2284 τοι.

213 2301 439 2355 περιὸαρίδας
471 2314 480 2340 :

161 2363 208 2404 ὡς
228 2359 439 2411 Θεόπομπος
461 2361 494 2397 ἐν
515 2361 679 2412 Σειρῆσιν
703 2377 717 2394 τι
739 2360 868 2397 ὑποδοῧ
887 2358 1005 2396 λαὲὼν
1025 2358 1086 2402 τὰς
1109 2374 1200 2411 περι-

162 2418 317 2471 ὅαρίδας.
336 2436 351 2452 υ

212 2489 258 2515 48.
287 2475 500 2527 χῆγχουσαε
521 2474 574 2514 Τὸ
599 2475 730 2528 πλῆρες
748 2490 808 2512 και
831 2477 853 2521 ἦ
881 2475 1050 2526 ἄγχουσα.
1070 2473 1143 2512 ἔστι
1162 2489 1198 2512 οε

755 960 844 1000 Ἀντὶ
866 963 924 998 τοῦ
943 957 1072 1012 μικρὰν
1089 957 1207 1009 ἔχουσι

111 1733 146 1757 25

685 1852 717 1874 τι
731 1837 942 1874 ἀπολοῦνται
960 1833 1129 1882 δηλονότι.

107 2315 143 2340 35
505 2300 516 2314 ²
540 2300 750 2351 ’ποδῆματος
782 2294 869 2343 εἶδος
892 2302 927 2338 αἱ
957 2299 1199 2353 περιὸαρίδες,

159 2527 246 2576 εἶδος
279 2533 444 2585 βοτάνης,
473 2537 514 2579 ἧς
541 2535 562 2579 ἡ
587 2533 664 2585 ῥίζα
684 2531 828 2585 ἐρυθρά,
846 2536 867 2584 ᾑ
897 2531 1132 2585 ἐρυθραίνουσι
1154 2547 1198 2570 τα

106 2601 142 2628 4ο
158 2590 329 2644 πρόσωπα
346 2593 381 2628 αἱ
401 2592 572 2642 γυναῖκες.

212 2650 360 2702 διαφανῆ
382 2663 391 2689 :
412 2651 465 2688 Οὖ
493 2649 538 2687 τὰ
557 2648 727 2701 λαμπρὰ,
753 2649 820 2686 ἀλλ
823 2648 844 2687 ὰ

159 2706 375 2760 διαφαίνεται
390 2706 434 2745 τὰ
453 2707 601 2758 σώματα
618 2710 685 2745 τῶν
702 2709 886 2758 γυναικῶν.

211 2777 258 2802 46.
286 2765 382 2802 ταυτ’
410 2765 499 2803 αὔτα
514 2766 581 2819 γάρ
610 2779 690 2805 τοι;
710 2768 832 2805 Ταυτα
858 2763 926 2837 γάρ
947 2765 1019 2802 ἐστι
1046 2781 1090 2802 τα
1109 2767 1197 2803 ὓπο-

160 2821 301 2871 δήματα
325 2837 385 2860 και
400 2839 445 2861 τα
464 2824 657 2874 ἐνδύματα,
679 2824 701 2861 ἃ
721 2823 840 2868 σώζειν
864 2827 956 2873 ἡμας
975 2825 1168 2876 προσδοκῶ.

212 2893 258 2918 51.
289 2881 519 2932 (κροκωτὸν”
497 2896 592 2942 αρα;
615 2884 660 2920 Εἰ
682 2881 750 2935 ἄρα
773 2880 880 2925 οὕτως
899 2880 992 2933 ἔχει,
1012 2883 1196 2920 καλλωπι-

159 2937 332 2988 σθησομαι
349 2938 408 2975 καὶ
425 2955 532 2991 γραυς
549 2943 648 2979 οὐσα.
658 2941 669 2990 )

211 3010 256 3034 55.
287 2996 325 3033 οὗ
344 2994 439 3048 γὰρ
433 2995 482 3032 u&
501 2996 553 3034 Δί’
571 2997 661 3034 ἀλλὰ
682 2996 874 3048 πετομένας
891 3010 900 3037 :
922 2999 976 3038 Οὔ
992 2996 1082 3048 μετὰ
1105 3001 1193 3051 βρα-

159 3055 301 3098 δυτῆτος
316 3052 411 3099 ἥκειν
433 3053 500 3091 ἔδει
510 3083 520 3101 ,
535 3053 625 3092 ἀλλὰ
641 3056 843 3106 πετομένας.

210 3124 255 3150 56.
278 3111 355 3163 οψει
369 3126 422 3148 τοι
440 3111 558 3164 σφόδρ’
570 3111 675 3157 αυτὰς
690 3113 886 3158 Ἀττικάςτ

895 2647 905 2664 x
1094 2643 1175 2662 «²⁰⁸

869 2665 913 2687 τα
943 2649 1067 2702 &fist-¹1,
1091 2664 1123 2686 οι
1150 2653 1196 2686 ὧν

106 2888 142 2914 45

909 3114 974 3158 “Ως
996 3131 1064 3152 των
1083 3113 1195 3162 Ἀθη-

102 3169 262 3207 ωναίων
291 3169 344 3206 ἀεὶ
370 3168 576 3218 μελλόντων.
604 3170 664 3207 και
693 3187 754 3216 τας
782 3187 948 3222 γυναικας
968 3174 1087 3223 (γουν)
1117 3173 1194 3228 ὄψει

156 3226 320 3270 Ἀττικὰς
338 3226 506 3298 ἀκριὸῶς,
528 3231 598 3265 οἷον
619 3228 842 3277 μελλούσας
828 3246 862 3268 εν
874 3247 924 3268 τω
947 3231 1140 3283 πράγματι.

208 3299 254 3325 58.
284 3285 360 3323 ἀλλ’
377 3283 454 3323 οὐδε
471 3285 666 3337 παράλωνε
687 3287 816 3337 (Τῶν’
802 3303 837 3324 εν
848 3288 998 3342 παράλω
1012 3291 1191 3329 οἰκουσῶν.

159 3343 316 3397 παραλία
340 3341 408 3396 γὰρ
429 3343 533 3395 μοῖρα
553 3346 613 3388 τῆς
632 3342 807 3390 Ἀττικῆς·
818 3345 828 3394 )
855 3345 998 3397 διῄρητο
1016 3345 1082 3398 γὰρ
1100 3346 1191 3389 εἷςδ’
1218 3344 1222 3387 Ι

163 3401 303 3455 μερίδας
315 3416 354 3440 το
374 3400 523 3439 παλαιὸν
547 3403 569 3447 ἡ
592 3400 743 3447 Ἀττική·
765 3401 928 3441 Πανδίων
947 3401 1015 3456 γὰρ
1033 3403 1191 3449 διαδεξά-
1217 3397 1224 3427 ⁴¹

1166 2473 1194 2489 ι

1180 2531 1189 2545 ι
1225 2477 1228 2556 Ι

2232 249 2310 286 249

1272 336 1372 371 μενος
1383 321 1446 368 τὴν
1465 322 1641 375 Κέκροπος
1659 322 1837 375 βασιλείαν
1849 354 1859 372 ,
1878 327 2183 379 προσκτησάμενος
2198 329 2233 368 δὲ
2251 332 2311 370 καὶ

1269 379 1332 425 τὴν
1363 380 1608 433 Μεγαρίδα,
1590 397 1701 431 ενειμε
1724 381 1786 428 τὴν
1816 397 1935 436 χώραν
1968 391 2039 429 τοῖς
2064 388 2185 425 παισὶν
2211 390 2257 432 εἷς
2278 388 2314 428 δ’

1271 437 1404 489 μοίρας·
1422 439 1522 488 Αἰγεῖ
1543 438 1605 488 μὲν
1627 455 1690 485 την
1717 439 1813 492 παρὰ
1845 442 1884 479 τὸ
1917 458 2004 481 αστυ
2034 443 2137 496 μέγρι
2164 446 2309 493 Πυθίου,

1271 496 1493 533 Πάλλαντι
1475 495 1510 533 r3
1530 512 1592 542 την
1619 498 1819 549 Παραλίαν,
1843 499 1990 553 Λύκῳ
1972 500 2007 538 οὲ
2032 517 2095 549 την
2120 504 2310 557 Διακρίαν,

1270 552 1405 605 Νίσῳ
1387 568 1423 590 03
1439 552 1501 598 τὴν
1523 554 1720 606 Μεγαρίδα.
2326 585 2343 608 5

1322 631 1367 654 59.
1398 617 1485 666 (οὐδ’
1511 619 1550 655 ἐκ
1576 619 1776 669 Σαλαμῖνος
1802 633 1812 658 ;

1268 674 1500 727 Μεγαρίδος.)

1320 751 1366 776 60.
1397 737 1455 775 ἐπὶ
1485 739 1553 776 τῶν
1579 737 1734 785 κελητων
1757 752 1767 779 :
1789 735 1961 787 Κέλης
1929 746 1978 779 εἰσ
1982 758 2015 785 ος
2042 746 2222 797 πλοιαρίου
2246 764 2308 798 μι-

1266 799 1362 846 κροῦ.
1384 796 1443 834 καὶ
1468 795 1572 840 ἵππος
1601 796 1637 834 δὲ
1657 797 1761 843 κέλης
1788 801 1805 836 ὁ
1825 799 1963 850 γυμνός.
1991 800 2068 853 λέγε
2074 818 2083 838 ι
2110 807 2168 841 ουν
2202 805 2255 843 ὅτι
2272 809 2306 845 3v

1266 853 1378 906 πλοίῳ
1397 854 1484 892 εἷσιν
1504 853 1699 928 ἐρχόμεναι.
1715 856 1773 909 αφ’
1793 860 1831 894 οὑ
1847 861 1905 894 νῦν
1920 859 2151 912 κακεμφάτως
2168 863 2224 900 ἐπι
2239 867 2306 902 τῶν
2329 881 2360 905 10

1268 893 1494 962 Σαλαμινίων
1506 929 1544 951 το
1556 915 1683 952 αἰδοῖον
1698 914 1794 968 φησί.
1811 917 1965 955 ναυτικοὶ
1983 917 2017 956 δὲ
2032 920 2062 956 οἱ
2080 920 2306 971 Σαλαμίνιοι,

1267 969 1365 1021 (ἐπεὶ
1382 970 1441 1008 καὶ
1460 973 1660 1023 νησιῶται).

1841 619 1886 659 Ἡ
1919 623 2081 673 Σαλαμὶς
2110 628 2214 675 μοῖρα
2247 630 2308 674 τῆς

1320 1047 1364 1071 62.
1394 1033 1456 1077 τὰς
1487 1034 1720 1087 Ἀχαρνέων·
1711 1066 1719 1075 .
1752 1035 1924 1085 Εἰκότως,
1957 1038 2032 1078 ἐπεὶ
2063 1042 2247 1092 πολεμικοὶ
2275 1046 2306 1082 οἱ

1267 1093 1455 1145 Ἀχαρνεις.
1516 1091 1659 1138 Ἄλλως.
1666 1094 1824 1146 εἰκότως,
1839 1097 1914 1134 ἐπεὶ
1934 1098 2010 1135 6⁸*
1969 1112 2075 1149 οημος
2093 1102 2161 1138 τῶν
2179 1101 2307 1154 Ἀχαρ-

1266 1150 1350 1188 νέων
1365 1151 1567 1203 ἐτετίμητο,
1584 1153 1640 1191 διὰ
1655 1157 1756 1191 τοῦτο
1770 1153 1833 1198 τὰς
1852 1156 2005 1194 ἐκεῖθεν
1994 1159 2171 1212 προσδοκᾷ
2183 1166 2304 1209 γυναῖ-
2327 1176 2360 1201 15

1265 1226 1339 1254 κας.
1369 1213 1386 1248 ὁ
1407 1209 1443 1248 δὲ
1469 1210 1644 1262 Θεογένης
1667 1228 1876 1259 κομπαστης
1903 1214 2101 1269 Ἀλαρνεύς.
2128 1216 2250 1264 ἐπειδὴ
2270 1216 2306 1256 δὲ

1265 1268 1395 1315 κέλητα
1415 1273 1525 1320 εἶπεν,
1546 1270 1720 1322 ἐπήγαγεν
1738 1271 1891 1311 ἀκάτιον.

1318 1347 1364 1373 64.
1396 1333 1538 1373 ἀκάτιον
1559 1334 1598 1372 τὸ
1613 1334 1797 1382 Ἑκάτης
1783 1335 1913 1379 ςόανον.
1931 1344 1972 1376 R.

1316 1410 1363 1435 67.
1393 1397 1695 1450 Ἀναγυρουντόθεν
1731 1411 1740 1438 ζ

1264 1453 1450 1507 Ἀναγύρου
1475 1455 1598 1507 ἥρωος.

1317 1526 1363 1552 68.
1383 1512 1479 1565 παρὰ
1498 1513 1559 1559 τὴν
1579 1513 1785 1566 παροιμίαν,
1802 1514 1934 1563 κινήσω
1952 1515 2009 1555 τὸν
2030 1516 2211 1570 ἀνάγυρον.
2232 1518 2305 1557 ἔστι

1264 1571 1300 1610 δὲ
1320 1571 1390 1610 πόα
1411 1571 1577 1618 δυσώδης.

1316 1644 1364 1670 71.
1395 1630 1469 1668 ἀντι
1485 1635 1545 1668 τοῦ
1567 1630 1730 1681 μεγάλου,
1748 1635 1786 1670 Β.

1395 1688 1504 1726 δεκ)

1315 1703 1363 1729 73.
1435 1702 1472 1727 ιτ
1499 1688 1585 1727 Αντὶ
1602 1705 1660 1726 του
1683 1688 1762 1728 δέει.

1776 1398 1896 1449 Δῆμός
1938 1415 1991 1443 τις
2029 1399 2204 1450 Ἀττικῆς,
2235 1402 2306 1441 ἀπὸ

2324 1479 2359 1504 20

1316 1766 1363 1792 74.
1393 1721 1510 1804 ὀλίγου
1531 1752 1595 1804 γ·

1315 1824 1362 1850 80.

1315 1890 1362 1916 81.
1384 1878 1431 1920 εἷς
1446 1878 1554 1914 ἐκεῖνο
1567 1875 1669 1914 τείνει
1684 1875 1736 1914 ὅτι
1745 1876 1934 1929 εὖημέρουν
1944 1877 2021 1915 τότε
2032 1879 2063 1916 οἱ
2077 1878 2252 1924 Λάκωνες.
2264 1893 2302 1924 R.

1315 1934 1371 1973 ναὶ
1399 1933 1462 1973 σιώ
1478 1947 1487 1973 2
1522 1934 1614 1978 Τοὺς
1644 1934 1851 1988 Διοσκόρους
1883 1935 1988 1987 λέγει.
2019 1939 2231 1982 Λακωνικῶς
2265 1939 2301 1977 δὲ

1261 1994 1465 2047 φθέγγεται,
1498 1994 1544 2037 ὡς
1564 1995 1599 2031 αἱ
1616 1992 1769 2031 Ἀττικαὶ
1787 1993 1828 2041 νὴ
1851 1993 1901 2031 τὼ
1918 1993 2002 2042 θεὼ,
2030 1995 2123 2047 (ἤτοι
2145 1995 2207 2043 τὴν
2226 1997 2302 2036 Κό-

1262 2069 1324 2106 ρην
1340 2052 1400 2090 καὶ
1415 2052 1478 2098 τὴν
1491 2051 1698 2104 Δήμητρα).

1586 1785 1594 1792 .
1616 1752 1706 1791 Ἀντι
1724 1756 1783 1790 τοῦ
1804 1752 1887 1806 πρὸς
1903 1753 2037 1806 βραχὺν
2055 1754 2189 1808 χρόνον.
2320 1776 2354 1801 25

1393 1817 1520 1864 σφριγᾷ
1542 1824 1551 1850 :
1574 1812 1977 1862 Εὐσθενεῒ,εὔσωματεῖ.

2320 2075 2356 2100 30

1689 2121 1752 2159 Ἐν
1772 2119 1839 2173 γὰρ
1858 2123 1908 2174 τῷ
1933 2121 2166 2172 γυμνάζεσθαι
2185 2125 2302 2171 πηδᾶν

1260 2179 1420 2227 εἰώθασι,
1448 2178 1508 2217 καὶ
1536 2181 1567 2217 οἱ
1594 2177 1697 2222 πόδες
1725 2178 1894 2218 ἅπτονται
1920 2183 1981 2227 τῆς
2006 2184 2118 2232 πυγῆς
2141 2185 2202 2219 τοῦ
2227 2198 2302 2230 πη-

1313 2135 1358 2160 82.
1387 2120 1631 2172 γυμνάδδομαι
1652 2134 1661 2159 :

1260 2239 1395 2281 δῶντος.

1312 2314 1358 2339 83.
1389 2302 1435 2343 ὡς
1461 2298 1495 2337 δὲ
1519 2297 1626 2337 καλόν
1649 2312 1659 2338 t

1259 2358 1326 2412 γὰρ
1343 2359 1451 2411 ἱερεῖα
1469 2357 1652 2408 μέλλοντες
1669 2358 1759 2396 θύειν
1777 2360 1998 2411 ψηλαφῶσιν,
2016 2360 2045 2396 εἰ
2063 2358 2196 2413 λιπαρά
2213 2362 2298 2398 ἐστι.
2319 2379 2352 2404 35

1310 2430 1357 2456 84.
1386 2417 1570 2469 ψηλαφᾶτε
1589 2423 1629 2452 R.

1311 2489 1357 2514 87.
1388 2475 1463 2513 ποθ
1484 2475 1550 2526 ὑμε
1571 2507 1578 2514 .
1571 2475 1692 2514 ’Ἀντὶ
1712 2479 1772 2513 τοῦ
1792 2473 1876 2552 πρὸς
1893 2477 1993 2526 ὑμας.

1310 2554 1356 2579 88.
1385 2538 1491 2578 καλόν
1505 2540 1536 2572 ν’
1551 2539 1679 2591 ἔχουσα
1695 2539 1734 2577 τὸ
1749 2539 1891 2579 πεδίον.
1909 2538 2059 2591 Λέγεται
2073 2538 2140 2592 γὰρ
2153 2556 2174 2586 η
2190 2542 2301 2578 Βοιω-

1256 2598 1314 2637 τία
1334 2597 1493 2642 ευπεδιας
1512 2602 1611 2636 εἰναι.

1682 2299 1746 2344 ξΩς
1765 2299 1896 2347 ἐκείνης
1916 2300 2098 2353 ἇψαμένης
2118 2302 2236 2348 αὖτῆς.
2257 2301 2301 2340 τὰ

1646 2664 1802 2715 Κομψῶς
1821 2660 1950 2714 ἔχουσα
1969 2660 2009 2700 τὸ
2029 2663 2168 2701 αἰδοῖον.
2190 2662 2299 2700 ἅπτο-
2317 2680 2351 2706 40

1257 2722 1343 2774 μένῃ
1368 2720 1403 2759 δὲ
1424 2723 1527 2759 αὐτοῦ
1550 2721 1651 2759 τοῧτό
1674 2736 1769 2774 φησι.

1420 2784 1429 2797 Ι
1548 2787 1559 2798 r
1571 2783 1598 2799 ῚΧ
1764 2782 1774 2796 Ι
1913 2782 1924 2796 Ι
2115 2781 2124 2795 Ι
2199 2781 2226 2796 R!
2268 2784 2279 2797 9

1312 2787 1435 2837 βληχω
1455 2801 1494 2836 γε
1517 2798 1526 2823 :
1557 2787 1626 2830 Ιην
1644 2785 1836 2834 λεγομένην
1856 2785 2037 2835 βληχωνα.
2058 2785 2174 2827 παιζει
2195 2796 2230 2820 οε
2250 2799 2298 2826 εις

1255 2842 1294 2881 τὸ
1313 2849 1507 2894 γυναικεῖον
1528 2844 1655 2880 αἰδοῖον
1677 2840 1908 2892 αἰνιττομένη.
1935 2840 2084 2879 Ἀττικοὶ
2104 2839 2139 2877 δὲ
2161 2839 2217 2877 διὰ
2235 2844 2297 2878 τοῦ

1256 2905 1277 2955 β
1296 2901 1437 2953 λέγουσι
1455 2900 1518 2948 τὴν
1540 2900 1674 2953 βληχώ.

1433 2961 1446 2976 ‚l
1525 2964 1535 2977 3
1603 2963 1611 2976 Χ
1674 2966 1696 2974 Ν
1727 2963 1736 2976 9
1815 2960 1824 2976 Χ
1883 2960 1891 2974 ἱ
2082 2960 2091 2974 Ι
2163 2960 2173 2973 Ι
2264 2961 2272 2974 Ι

1307 2979 1353 3003 90.
1381 2980 1469 3016 χαια
1493 2977 1502 3003 :
1532 2967 1616 3002 Αντι
1636 2979 1696 3000 του
1718 2965 1830 3013 αγαθη
1852 2977 1927 3012 μεν,
1948 2962 2115 3014 Κορινθια
2135 2962 2184 3000 δε.
2206 2977 2292 3000 παι·
2312 2981 2346 3006 45

1254 3026 1303 3068 ζει
1325 3023 1361 3062 δὲ
1380 3021 1478 3075 παρὰ
1497 3021 1535 3060 τὸ
1555 3020 1754 3073 κεχηνέναι.

1306 3101 1352 3125 91.
1382 3085 1547 3138 Κορινθία
1570 3099 1580 3124 :
1603 3084 1742 3137 Πόρνη,
1763 3081 1820 3121 διὰ
1838 3081 1900 3129 τὴν
1920 3079 2049 3121 Λαΐδα.
2079 3081 2193 3133 ἀγαθὴ
2215 3080 2294 3134 μὲν,

1252 3148 1291 3185 οὔ
1315 3145 1461 3199 σώφρων
1482 3144 1536 3192 δὲ,
1555 3143 1629 3182 ἐπεὶ
1646 3146 1667 3189 ἡ
1698 3142 1866 3196 Κόρινθος
1884 3141 2031 3189 πληθύει
2047 3144 2123 3185 ταῖς
2138 3140 2292 3194 πόρναις.

1309 2678 1356 2702 89.
1387 2661 1623 2715 κομψότατα.
1614 2675 1623 2683 ·

1641 3211 1821 3263 ἁπτομένη
1841 3214 1909 3250 τῶν
1936 3211 1996 3250 δύο
2021 3210 2156 3265 φύσεων
2182 3210 2291 3250 ταῦτά

2310 3292 2345 3317 50

1306 3230 1352 3255 92.
1381 3212 1576 3253 τάντευθενί
1604 3226 1613 3252 :

1253 3291 1348 3330 φησι.
1369 3282 1406 3312 R.

1304 3347 1352 3372 93.
1382 3331 1586 3378 ξυνα)ίαξε;
1609 3329 1832 3383 Συνηθροισε.

1306 3416 1350 3441 94.
1382 3401 1604 3453 μυσιδδέτωε
1627 3399 1786 3451 Λεγέτω,
1806 3397 1840 3437 τί
1859 3397 1948 3436 θέλει
1968 3400 2069 3448 ἡμᾶς.
