2533 3808
175 237 224 271 94

228 323 370 377 (σεμναί
388 337 423 359 τε
444 320 546 358 θεαὶ;
568 319 648 368 Οὐχ
667 316 756 355 ουτω
774 315 867 366 λέγει
888 315 949 359 τὰς
971 315 1129 387 Νεφέλας
1154 331 1211 353 σε·

944 222 1197 261 SCHOLIA
1236 222 1296 261 IN
1330 222 1530 262 NUBES.

1275 316 1472 387 Αἰγύπτιος.
1489 333 1607 370 καιρον
1631 312 1689 356 ουν
1717 317 1821 371 ευρὼν
1849 319 1988 370 μνήμην
2013 324 2073 358 τοῦ
2097 320 2224 360 Νείλου
2246 337 2312 360 πε-

176 384 263 436 μνὰς
278 382 354 423 Οεὰς
373 379 488 429 ὥσπερ
510 376 569 419 τὰς
586 376 751 427 Ἐρινῦς
736 373 981 426 εκτρεπόμενοι
996 373 1122 417 πάντες
1138 375 1214 411 ὄνο-
1272 374 1426 420 ποίη.ται
1442 383 1481 412 V.
1499 375 1685 427 πρόχουσιν
1702 377 1784 425 δὲ,
1768 378 1928 429 αγγείοις.
1947 401 1993 405 —
2007 379 2223 432 πρόγςουσιν
2239 379 2314 432 Ἀγ-

178 456 282 492 μαστι
303 438 413 487 λέγειν
431 433 535 476 αὐτὰς
554 433 745 483 Εὐμενίδας
762 433 821 470 καὶ
840 431 968 482 σεμνὰς
985 431 1062 474 θεὰς
1078 447 1213 485 προση-

173 497 353 549 γόρευσαν.
371 493 409 531 τὸ
426 491 491 544 γὰρ
514 490 689 536 σιωπηλὸν
706 489 830 540 σεμνὸν
849 490 942 527 λελό
933 505 1059 539 γ.ισται
1070 490 1079 539 )

229 550 549 606 βροντησικέραυνοι
572 563 580 588 :
603 548 810 601 [Αλληλαις
834 547 901 600 γὰρ
925 547 1214 601 προσερχομένων

173 615 241 651 τῶν
257 613 418 663 νεφελων,
436 613 505 662 πῦρ
522 607 704 652 ἐξάπτεται
719 609 758 645 ἐκ
771 623 831 677 της
848 610 977 652 πυκνῆς
997 605 1214 658 ἐκτρίφεως]

138 572 156 598 5

175 670 318 722 [οικείως
338 670 513 706 κάνταῦθα
530 669 578 718 τῷ
593 665 737 718 ἐπιθέτῳ
756 665 867 717 τούτῳ
883 680 920 702 κε
922 680 1061 717 χρηται
1080 665 1216 701 δοκοῦσι

174 728 240 781 γάρ
271 744 343 770 πως
374 728 409 764 αἱ
441 725 579 778 νεφέλαι
606 723 847 777 προδεικνύναι
876 722 936 760 καὶ
967 722 1215 774 προσημαίνειν

173 788 258 838 ἡμῖν
280 785 358 828 τούς
381 800 417 822 τε
444 784 593 836 ὅμὸρους
619 783 679 821 καὶ
705 782 766 826 τὰς
790 781 947 833 χαλάζας
970 785 1031 818 τοῦ
1052 783 1215 834 οὐρανοῦ,

123 859 157 884 10
179 844 234 882 ὅτε
254 847 380 897 βροντᾷ
396 843 455 880 καὶ
476 841 680 895 ἀστράπτει.
764 839 908 883 Ἄλλως.
925 841 963 877 ἐκ
982 842 1050 876 τῶν
1068 841 1216 891 νεφελῶν

175 918 260 957 φασι
278 902 339 945 τὰς
356 900 536 953 ἀστραπὰς
552 900 612 937 καὶ
631 898 774 951 βροντὰς
790 898 962 949 γίνεσθαι,
978 897 1215 950 συγκρουομέ-

173 978 234 1005 νας
255 965 411 1013 βροντᾶν,
428 958 694 1011 συντριὲομένας
712 957 954 1009 ἀστράπτειν]

228 1034 290 1057 266.
320 1018 465 1071 [ἄρθητε
498 1031 507 1055 t
537 1015 788 1068 Φυσικώτερον
819 1014 994 1067 ἐχρήσατο
1024 1013 1135 1066 τούτῳ
1168 1016 1217 1067 τῷ

174 1077 284 1130 λόγῳ,
306 1077 431 1129 ἄρθητε
448 1074 565 1122 εἰπὼν,
585 1074 686 1112 οἱονεὶ
707 1073 891 1126 ἐπάρθητε.
908 1072 993 1125 φασὶ
1009 1072 1075 1123 γὰρ
1092 1072 1153 1115 τὰς
1169 1088 1219 1110 νε-

123 1147 157 1172 15
176 1136 279 1185 φέλας
296 1137 342 1178 εἷς
363 1134 446 1187 ὕψος
466 1133 623 1186 αἴρεσθαι
639 1134 716 1170 κατ’
735 1132 849 1182 ὀλίγον
867 1131 938 1169 ἀπὸ
961 1134 1022 1177 τ’ῆς
1040 1134 1102 1182 γῆς
1118 1130 1140 1177 ἢ
1157 1147 1218 1177 της

176 1193 362 1240 θαλάσσης.

228 1268 277 1289 τω
294 1262 502 1304 φροντιστῃ;
521 1249 675 1287 Δύναται
695 1264 756 1286 και
781 1247 838 1285 ἐπι
859 1251 919 1285 τοῦ
938 1246 1144 1299 Σωκράτους
1160 1262 1219 1284 και

177 1310 233 1348 ἐπι
253 1313 311 1346 τοῦ
338 1325 402 1360 πρε
389 1308 533 1345 σὸύτου
553 1310 715 1346 νοεῖσθαι.
740 1306 797 1343 ἐπὶ
821 1306 862 1356 μὲ
849 1322 883 1344 ν
908 1310 966 1344 τοῦ
988 1305 1217 1358 Σωκράτους,

176 1366 231 1404 ι’να
249 1371 269 1418 ᾐ
298 1367 513 1418 παρακαλων
535 1381 628 1402 αυτω
651 1367 800 1416 φανῆναι
823 1364 882 1407 τὰς
905 1363 1073 1416 Νεφέλας·
1103 1362 1160 1400 ἐπὶ
1184 1361 1219 1399 δὲ

106 1434 160 1476 β20
177 1429 238 1462 τοῦ
268 1425 444 1477 γέροντος,
477 1425 523 1466 ὡς
551 1423 617 1469 ἤδη
646 1426 1004 1475 συγκαταριθμοῦντος
1032 1421 1131 1459 αὐτὸν
1159 1437 1219 1458 του

177 1483 385 1535 Σωκράτους
402 1485 450 1534 τῷ
464 1484 532 1518 τῶν
553 1480 747 1533 φιλοσόφων
766 1479 956 1532 συλλόγῳ]

192 1552 196 1553 ’
230 1555 293 1579 267.
325 1540 431 1590 μήπω
447 1555 502 1589 γε,
518 1539 625 1588 μήπω
644 1555 683 1589 γε
701 1552 709 1577 2
730 1538 992 1589 (Ἀναδίπλωσις
1006 1539 1163 1576 καλεῖται
1183 1554 1222 1576 το

177 1603 331 1637 τοιοῦτον
350 1602 472 1649 σχῆμα
495 1601 554 1635 τοῦ
571 1597 693 1647 λόγου,
717 1597 756 1634 τὸ
777 1597 826 1639 δὶς
847 1598 912 1640 τοῖς
935 1600 1049 1639 αὐτοῖς
1077 1598 1222 1647 ὀνομασι

177 1659 350 1710 χρῆσθαι).
378 1655 643 1708 παρεπιγραφή.
670 1655 907 1698 διπλασιάσας
929 1654 996 1707 γὰρ
1020 1654 1059 1691 τὸ
1083 1657 1221 1704 ἱμάτιον

125 1723 159 1747 25
178 1713 428 1767 vt5ptss'0th5'c500tt
456 1713 560 1766 φησὶν
590 1713 671 1750 αὐτὸ
699 1712 808 1750 θέλειν
837 1712 923 1765 ὑπὲρ
949 1716 1008 1750 τοῦ
1035 1712 1222 1750 σκέπεσθαι

180 1773 257 1826 [καὶ
282 1769 384 1819 ἧττον
406 1773 508 1809 αὐτοῦ
534 1770 736 1808 καθικέσθαι
763 1771 819 1808 τὸν
847 1771 942 1808 ὑετὸν
963 1775 1023 1808 τοῦ
1050 1770 1220 1821 σώματος.

181 1835 202 1878 ἧ
220 1831 285 1883 γὰρ
306 1830 397 1882 ἀρχὴ
419 1833 487 1867 τῶν
507 1829 696 1867 Διονυσίων
716 1832 887 1880 χειμῶνος
907 1829 1042 1878 ἄγεται.
1065 1851 1105 1853 -
1132 1845 1223 1867 πτυ-

182 1890 293 1939 ξωμαι
320 1903 328 1927 :
354 1888 483 1939 ’Ἡγουν
514 1887 745 1940 καλύψωμαι,
781 1887 1030 1938 συσπάσωμαι.
1068 1890 1149 1926 l'iel.
1178 1888 1217 1926 τὸ

180 1947 373 1991 πτύξασθαι
396 1949 435 1984 ἐκ
464 1953 660 1999 μεταφορᾶς
686 1945 820 1998 εἴρηται
837 1948 904 1983 τῶν
929 1945 1122 1999 ζωοφύτων,
1147 1947 1226 1993 ἤτοι

129 2015 165 2040 30
182 2006 373 2058 ὀστράκων,
392 2005 481 2057 ἅπερ
500 2007 601 2042 οἱονεὶ
618 2004 772 2056 πτύχας,
791 2005 868 2051 ἤτοι
884 2004 997 2049 πύλας
1012 2004 1056 2042 τὰ
1071 2005 1224 2057 ὄστρακα

183 2065 324 2116 ἔχοντα,
355 2064 414 2101 καὶ
440 2067 550 2100 ταῦτα
577 2062 819 2110 συνάπτοντα,
849 2066 982 2106 ἑαυτοῖς
1009 2067 1226 2115 περιποιοῦσι

181 2122 221 2160 τὸ
238 2121 401 2174 ἀσφαλές.
416 2121 524 2196 Υἱοὶ]

236 2195 298 2219 268.
330 2180 385 2231 (τὸ
413 2179 448 2218 δὲ
479 2180 527 2230 μὴ
556 2195 662 2226 κυνην
691 2179 1028 2232 ζΠερικεφαλαίαν,
1059 2179 1226 2232 ἀγροίκων

183 2239 337 2292 φόρημα.
359 2239 464 2282 ούτως
482 2238 517 2276 δὲ
534 2238 661 2285 ἐκλήθη
673 2269 682 2286 ,
704 2238 822 2285 επειδὴ
840 2255 977 2291 πρωτον
996 2239 1065 2276 ἀπο
1081 2239 1226 2276 κυνείων

131 2313 165 2338 35
185 2297 364 2350 δερμάτων
391 2301 443 2344 ἠν.
476 2321 526 2326 -—
555 2297 830 2350 περικεφαλαίαν
864 2297 940 2343 ἤτοι
972 2296 1225 2347 καμηλαύκιον.

184 2370 270 2408 φασι
296 2354 331 2392 δε
353 2371 392 2392 το
424 2354 590 2408 πρότερον
620 2355 689 2393 ἀπὸ
717 2354 909 2405 καμηλείου
939 2354 1106 2407 δέρματος
1134 2354 1228 2406 γίνε-

186 2417 276 2455 σθαι.
290 2421 330 2451 V.

238 2471 363 2521 ἔχοντα
383 2485 391 2509 :
416 2472 469 2509 Οὐ
498 2471 611 2523 μωρὸν
637 2470 813 2519 δηλονότι,
832 2473 893 2509 οὐκ
916 2472 1085 2523 ἀνόητον,
1115 2474 1229 2510 ἔλλει-

185 2528 246 2572 πὲς
264 2528 332 2580 γὰρ
354 2528 523 2580 εἴρηται.)

240 2601 303 2625 270.
334 2586 611 2638 [χιονοὸλήτοισι
644 2585 795 2633 κάθησθε
831 2601 840 2626 2

188 2645 338 2698 Ὁμήρῳ
356 2650 430 2691 [od.
449 2653 489 2691 Z,
509 2650 556 2691 42]
579 2644 713 2696 λέγοντι

133 2607 169 2632 40
876 2588 1230 2641 Ἀντιπαρατάττεται

314 2732 519 2772 Οὔλυμπόνδ’,
531 2732 576 2763 ὅθι
590 2733 664 2773 φασὶ
676 2732 752 2763 θεῶν
764 2732 829 2768 ἐ’δος
843 2732 983 2774 ἔμμεναι.

189 2811 401 2864 χιονόὸλητα
425 2810 492 2864 γὰρ
518 2810 562 2849 τὰ
590 2811 707 2864 ὑψηλὰ
736 2814 803 2849 τῶν
835 2813 922 2864 ὀρῶν
953 2813 1170 2865 πληροῦσθαί
1195 2829 1231 2851 τε

190 2870 250 2908 καὶ
275 2871 448 2923 διατηρεῖν
472 2869 535 2916 τὴν
560 2871 661 2922 χιόνα
689 2870 853 2924 πέφυκεν.
883 2870 1023 2909 εἰώθασι
1047 2871 1082 2909 δὲ
1104 2871 1163 2910 καὶ
1188 2871 1232 2909 τὰ

138 2948 173 2974 45
192 2928 276 2981 νέφη
291 2928 421 2972 τούτοις
441 2929 704 2981 ἐπικαθῆσθαι]

245 3000 308 3025 271.
338 2986 418 3038 [εἴτ’
437 2987 606 3025 Ὠκεανοῦ
625 2987 756 3039 πατρὸς
773 3000 782 3026 :
801 2987 872 3026 Καὶ
889 2991 988 3027 τοῦτο
1008 2987 1150 3042 φυσικόν
1167 3003 1232 3041 φη·

194 3060 259 3091 σιν,
287 3045 358 3081 ἀπὸ
386 3049 443 3082 τοῦ
472 3045 643 3084 Ὠκεανοῦ
672 3046 789 3084 πάντα
815 3046 872 3084 τὸν
899 3046 986 3100 ἀέρα
1012 3046 1076 3093 τὴν
1105 3046 1233 3094 νοτίαν,

193 3102 257 3149 τὴν
275 3102 405 3152 ἰκμάδα
423 3103 482 3140 καὶ
498 3103 554 3141 τὸν
571 3104 666 3141 ὑετὸν
684 3103 815 3148 τούτοις
831 3105 1084 3158 ἐπιχορηγεῖν]

252 3159 460 3212 (Νύμφαιςε
481 3160 602 3199 Λείπει
619 3164 640 3207 ἡ
661 3162 721 3199 σόν
737 3162 914 3210 Ἀττικῶς,
935 3163 994 3200 σὺν
1016 3163 1205 3216 Νύμφαις.)

248 3231 311 3256 372.
333 3219 526 3269 ’(προχοαῖς
544 3232 553 3257 2
576 3218 700 3257 Λείπει
716 3223 737 3265 ἡ
760 3220 838 3270 ἐπί,
859 3220 915 3258 ἵνα
933 3216 955 3273 ᾖ
974 3222 1030 3260 ἐπὶ
1048 3223 1124 3265 ταῖς
1144 3237 1233 3274 προ-

196 3279 296 3328 χοαῖς
317 3280 376 3313 τοῦ
402 3276 538 3315 Νείλου.
563 3300 615 3305 ——-
644 3280 796 3323 ζητεῖται
819 3278 855 3316 δὲ
880 3279 970 3323 τίνος
998 3279 1109 3318 ἑνεκεν
1132 3280 1236 3330 μόνου

197 3339 259 3373 τοῦ
285 3335 412 3374 Νείλου
440 3351 482 3385 με
468 3334 627 3385 έμνηται.
657 3335 709 3373 ὁτι
739 3338 960 3387 σεμνολογεῖν
992 3337 1186 3384 λεληθότως
1220 3341 1237 3375 ὃ

200 3393 345 3440 ποιητὴς
375 3393 580 3443 βουλόμενος
607 3393 651 3431 τὰ
678 3395 754 3432 καθ’
781 3395 895 3433 αὑτόν·
920 3400 962 3443 ἠν
985 3396 1052 3449 γὰρ
1077 3396 1116 3434 τὸ
1144 3396 1239 3448 γένος

144 3245 179 3272 50

1280 1247 1289 1260 t
1439 1247 1447 1260 Ι

1339 1305 1348 1318 Ι

1198 1424 1219 1433 ω

1285 1478 1300 1492 31
1378 1478 1463 1493 (xxx

1325 1508 1339 1516 ς.

1205 1539 1214 1551 N
1430 1536 1439 1549 Ι

1400 1558 1415 1574 J

1125 1595 1132 1608 1
1289 1597 1299 1609 ε
1367 1595 1374 1609 Ι

1139 1654 1147 1667 Ι

1189 1829 1198 1842 Ι

1386 1885 1438 1900 x«

1318 1944 1326 1957 Ι

1299 2002 1346 2017 lc]

1346 2038 1351 2052 fl

1273 431 1399 483 γείοις,
1416 432 1575 484 ὑδρείαις.
1587 437 1668 472 Ποῖ.
1675 435 1687 485 )

1331 490 1420 540 (2’.]3)
1446 490 1468 536 ἢ
1493 493 1652 529 Μαιῶτιν
1674 491 1834 543 λίμνην
1860 495 1975 555 Περι
1975 496 2102 542 ταύτης
2130 495 2315 548 Ἡρόδοτος

1276 550 1583 600 [4,100,120,123]
1605 557 1771 621 μαρτυρεῖ
1793 551 1919 601 λίμνην
1944 557 2029 591 εἶναι
2048 554 2209 597 Σκυθίας.
2234 554 2316 625 [ρἰπο
2335 566 2351 591 5

1275 622 1344 644 των
1363 623 1530 657 ποταμων
1549 607 1584 644 δὲ
1608 607 1771 660 ἀρύονται
1797 608 1888 661 ύδωρ
1916 612 1960 653 εἷς
1982 627 2120 663 χρησιν.
2145 612 2201 650 διὰ
2222 613 2257 651 δὲ
2277 612 2316 651 τὸ

1277 664 1417 712 ἄδηλον,
1437 667 1476 702 ἐκ
1495 665 1666 718 διαφόρων
1686 668 1786 703 καλεῖ
1807 666 1928 713 αὐτὰς,
1945 684 1998 705 ινα
2014 673 2194 722 πιστευθῇ.
2198 671 2212 721 ]

1329 722 1488 775 νιφόεντα
1505 724 1717 773 Μίμαντος;
1737 724 1807 763 Τὸν
1832 724 1884 762 ἀει
1904 725 2096 777 νιφόμενον.
2119 727 2194 780 ὅρος
2219 728 2320 782 Θρά-4

1277 797 1339 828 κης
1359 782 1392 832 [ὃ
1412 781 1546 832 Μίμας.
1568 782 1628 819 καὶ
1655 782 1816 836 Ομηρος
1839 788 1913 829 [Od.
1933 792 1975 831 Γ,
2006 790 2069 831 172]
2091 804 2106 818 «
2126 785 2208 837 παρ’
2236 788 2318 832 ἠνε-

1278 839 1403 890 μόεντα
1424 840 1604 890 Μίμαντα,
1627 841 1658 891 »]

1329 898 1488 950 νιφόεντα
1506 911 1515 937 ;
1531 898 1602 937 Τὸν
1624 898 1676 936 ἀεὶ
1691 899 1884 951 νιφόμενον,
1903 899 2151 951 χιονιζόμενον.
2176 908 2259 951 νίεῤ.

1333 958 1420 1007 (274).
1451 963 1615 1009 χαρεῖσαι
1631 971 1639 995 :
1656 957 1888 997 Ἥδυνθεῖσαι.
1907 958 2078 1011 γράφεται
2093 958 2128 997 δὲ
2147 966 2320 1012 φανεῖσαι.

1276 1038 1328 1043 --
1348 1018 1507 1068 φανεῖσαι
1527 1029 1536 1053 :
1560 1015 1859 1068 Παραγενόμεναι.
1883 1025 1923 1054 E.

1330 1088 1394 1112 275.
1426 1072 1541 1111 ἀέναοι
1563 1076 1612 1111 Na
1616 1073 1758 1125 φέλαι;

2340 861 2374 885 10

1784 1073 1813 1125 ff
1819 1077 1849 1112 H
1878 1074 2066 1118 ἐπεισόδιος
2085 1091 2173 1122 αυτη
2192 1075 2322 1128 στροφὴ

1278 1147 1337 1169 και
1354 1131 1427 1184 ῳδὴ
1444 1135 1504 1169 τοῦ
1524 1135 1630 1183 χοροῦ
1656 1130 1777 1169 κώλων
1794 1132 1867 1169 ἐστι
1890 1133 1931 1176 ις’
1943 1163 1952 1179 ,
1975 1137 2022 1170 ὡν
2047 1134 2091 1170 τὰ
2118 1136 2241 1186 πρῶτα
2261 1134 2321 1172 δύο
2343 1149 2375 1174 15

1279 1188 1470 1227 δακτυλικὰ
1494 1193 1755 1241 πενθημιμερη,
1782 1189 1803 1226 ἃ
1813 1193 1990 1228 καλεῖται
2011 1191 2252 1244 Αργιλόγεια,
2277 1195 2324 1236 ὡς

1292 1250 1495 1300 Ηφαιστιων
1514 1252 1559 1295 [p.
1581 1252 1628 1294 39]
1651 1247 1752 1300 φησὶ,
1770 1246 1825 1285 διὰ
1842 1248 1881 1286 τὸ
1898 1249 1955 1287 τὸν
1976 1249 2178 1301 Ἀρχίλοχον
2193 1250 2324 1293 τούτοις

1279 1309 1478 1358 χρησασθαι
1497 1307 1531 1342 ἐν
1550 1306 1683 1358 ἕπῳδῷ·
1705 1308 1750 1349 ὡς
1765 1305 1804 1343 τὸ

1447 1398 1477 1429 ἐν
1495 1398 1526 1429 δὲ
1541 1398 1767 1435 Βατουσιάδης.

1282 1495 1354 1530 εχει
1375 1494 1410 1516 οε
1432 1495 1471 1516 το
1497 1479 1771 1532 πενθημιμερὲς,
1792 1481 1837 1522 ὡς
1865 1479 2022 1531 εἴρηται,
2041 1480 2151 1524 πόδας
2180 1482 2239 1520 δύο
2266 1483 2325 1521 καὶ
2345 1500 2380 1525 20

1283 1537 1472 1582 συλλαῗην.
1491 1537 1529 1574 τὸ
1541 1538 1573 1588 γ’
1591 1537 1841 1575 ἀναπαιστικὸν
1857 1538 2107 1591 ἑφθημιμερὲς,
2119 1539 2137 1577 ὃ
2150 1542 2326 1590 καλεῖται,

1282 1611 1327 1636 ως
1344 1598 1478 1648 ἄρηται
1490 1625 1499 1641 ,
1519 1595 1765 1647 παροιμιακόν.
1785 1595 1858 1647 ἔχει
1878 1596 1913 1633 δὲ
1933 1595 2041 1640 πόδας
2057 1598 2088 1646 γ’
2100 1627 2109 1644 ,
2127 1599 2187 1636 καὶ
2205 1601 2329 1638 συλλα-

1283 1652 1360 1699 6ὴν,
1383 1655 1429 1696 ὡς
1457 1652 1605 1724 εἴρηται.
1626 1669 1665 1690 το
1692 1653 1720 1690 δ’
1746 1653 1950 1691 δακτυλικον
1979 1654 2209 1708 τετράμετρον
2236 1659 2328 1696 ἀκα-

1282 1711 1465 1757 τάληκτον·
1484 1710 1501 1748 δ
1515 1712 1671 1748 καλεῖται
1692 1711 1751 1748 καὶ
1769 1711 1852 1749 αὐτο
1873 1711 2123 1765 Ἀργιλόγειον.
2143 1715 2202 1753 καὶ
2218 1715 2329 1769 τούτῳ

1283 1769 1348 1821 γὰρ
1369 1768 1474 1812 οὕτως
1494 1772 1527 1807 ἐν
1550 1771 1693 1821 ἔπωδοῖς
1714 1769 1906 1821 ἐχρήσατο.
1926 1774 1971 1813 ὡς
1992 1771 2207 1824 Ἡφαιστίων
2229 1774 2325 1826 φησί.

1283 1826 1514 1880 τετράμετρον
1534 1826 1569 1864 δὲ
1585 1827 1736 1880 εἴρηται,
1756 1828 1841 1865 διότι
1856 1828 1946 1866 κατὰ
1963 1830 2169 1878 μονοποδίαν
2190 1833 2330 1884 μετρεῖ-

1283 1901 1341 1923 ται
1360 1902 1403 1922 τα
1420 1885 1623 1924 οακτυλικά.
1645 1886 1683 1923 τὸ
1703 1886 1727 1923 ε’
1746 1885 1875 1936 ὅμοιον.
1894 1886 1933 1924 τὸ
1947 1886 2044 1925 ἕκτον
2065 1888 2224 1941 δίμετρον
2242 1891 2331 1928 ἀκα-

2347 1794 2381 1820 25

1284 1946 1470 1990 ταληκτον.
1495 1944 1534 1982 τὸ
1554 1945 1581 1988 ζ’
1600 1943 1716 1994 ὅμοιον
1732 1947 1782 1997 τῷ
1798 1945 1966 1998 τετάρτῳ.
1984 1945 2023 1983 τὸ
2039 1947 2072 1992 η’
2086 1977 2096 1994 ,
2115 1947 2153 1985 τὸ
2169 1950 2196 1985 0'
2213 1949 2273 1986 καὶ
2291 1948 2331 1987 τὸ

1288 2019 1297 2040 ι
1326 2019 1441 2042 οιιοια.
1463 2002 1501 2040 τὸ
1521 2003 1565 2039 ια’
1587 2002 1703 2052 ὅμοιον
1724 2005 1773 2055 τῷ
1794 2003 1932 2056 πρώτῳ·
1952 2004 1992 2042 τὸ
2011 2005 2055 2042 ιδ’
2081 2006 2330 2045 ἀναπαιστικὸν

1286 2060 1550 2113 πενθημιμερές.
1566 2061 1605 2098 τὸ
1623 2062 1665 2112 ιγ’
1688 2062 1895 2100 δακτυλικὸν
1910 2062 2090 2115 τρίμετρον
2111 2064 2202 2102 κατὰ
2224 2081 2330 2116 μονο-

1286 2119 1422 2157 ποδίαν.
1437 2119 1476 2157 τὸ
1496 2120 1535 2156 ιδ’
1555 2118 1674 2170 ὅμοιον
1691 2122 1740 2172 τῷ
1757 2120 1799 2157 δ’·
1817 2119 1856 2158 τὸ
1876 2121 1912 2158 ιε’
1929 2120 2058 2171 ὅμοιον·
2075 2121 2114 2160 τὸ
2132 2123 2173 2166 ις’

2350 2083 2384 2108 30

1453 2212 1637 2253 τηλεσκόπῳ
1649 2212 1764 2253 ὄμματι
1778 2216 1870 2253 γαῖαν

1289 2294 1539 2331 ἅναπαιστικὸν
1557 2293 1799 2346 ἓφθημιμερές·
1816 2294 2024 2343 ὃκαλεῖται,
2046 2297 2093 2339 ὡς
2104 2295 2252 2349 εἴρηται,
2266 2313 2333 2335 πα-

1291 2351 1482 2402 ροιμιακόν.
1500 2351 1653 2405 ἔστιγὰρ
1671 2352 1767 2398 κων-λι
1786 2352 1945 2399 συλλαὸὴ
1965 2353 2004 2391 τὸ
2018 2370 2074 2406 πῳ
2086 2385 2096 2405 ,
2114 2354 2171 2392 διὰ
2186 2354 2225 2392 τὸ
2241 2354 2331 2407 ἔχειν

1290 2410 1481 2462 ἔμπροσθεν
1494 2414 1638 2459 φωνῆεν.
1652 2411 1708 2448 ἐπὶ
1723 2413 1772 2463 τῷ
1786 2411 1877 2448 τέλει
1890 2411 2135 2464 παράγραφος,
2151 2413 2211 2450 καὶ
2228 2415 2332 2460 διπλῆ

1290 2467 1358 2505 ἔσω
1382 2471 1578 2514 νενευκυῖα,
1600 2469 1752 2515 δηλοῦσα
1776 2468 1868 2520 ἔχειν
1894 2469 2134 2509 ἀνταπόδοσιν.
2169 2470 2333 2524 Ἄλλως]

1291 2527 1408 2563 ἀέναοι
1439 2527 1595 2578 Νεφέλαι
1628 2540 1636 2565 ;
1677 2526 1779 2565 Μετὰ
1807 2527 1870 2573 τὴν
1904 2531 1964 2564 τοῦ
1991 2528 2198 2579 Σωκράτους
2227 2529 2332 2581 εὐχὴν

1291 2587 1326 2621 αἱ
1346 2584 1501 2636 Νεφέλαι
1531 2585 1832 2636 παρακελεύονται
1861 2587 1960 2631 δῆθεν
1987 2588 2126 2629 ἑαυταῖς
2151 2591 2334 2634 πεισθῆναι

1289 2646 1332 2694 τῇ
1362 2644 1543 2689 ἐπικλήσει
1574 2658 1633 2680 και
1657 2645 1962 2696 συναθροισθῆναι,
1985 2643 2043 2680 καὶ
2069 2643 2176 2688 οὕτως
2209 2647 2333 2698 ἐπιφα-

1291 2717 1389 2747 νηναι
1409 2717 1458 2738 τω
1476 2700 1668 2753 Σωκράτει.
1690 2702 1729 2738 ἐκ
1746 2700 1875 2738 τούτων
1900 2700 1935 2738 δὲ
1963 2704 1980 2738 ὃ
2003 2716 2104 2754 χορος
2124 2702 2332 2750 συνέστηκεν

1293 2760 1412 2812 διόπερ
1425 2759 1484 2797 καὶ
1499 2758 1561 2806 τὴν
1576 2758 1770 2811 ἐπιγραφην
1786 2758 1916 2804 ταύτην
1933 2758 1991 2811 ἔχε
1977 2759 2055 2797 ,ιτὸ
2070 2760 2200 2811 δραμα.
2218 2761 2335 2801 ἀέναοι

1293 2815 1328 2854 δὲ
1349 2819 1384 2854 αἱ
1405 2816 1461 2854 διὰ
1480 2816 1608 2860 παντὸς
1628 2816 1785 2854 νάουσαι.
1804 2816 1928 2868 νεφέλη
1957 2816 1993 2854 δέ
2019 2819 2110 2855 ἐστιν
2131 2822 2152 2865 ἡ
2180 2818 2213 2864 ἐξ
2239 2820 2337 2872 ἀέρος

1292 2876 1351 2913 καὶ
1377 2874 1571 2926 πνεύματος
1599 2875 1698 2912 οὐσία
1724 2875 1948 2927 παχυνομένη
1975 2875 2228 2927 σωματοειδῶς.
2257 2879 2335 2931 [τοῦ

1293 2933 1329 2972 δὲ
1348 2938 1451 2986 χοροῦ
1472 2933 1532 2977 τὰς
1558 2935 1767 2986 ἑκατέρωθεν
1793 2934 1932 2985 λέγουσι
1952 2934 2140 2988 παρόδους,
2167 2935 2271 2980 οὔσας
2290 2938 2334 2981 ις’

1293 2991 1426 3029 κώλων.
1449 2994 1516 3029 τῶν
1538 2991 1573 3029 δὲ
1595 2994 1788 3043 ὑποκριτῶν
1809 2991 1923 3042 μέσων
1947 2992 2068 3040 ὄντων,
2095 2995 2134 3032 ἐκ
2159 2995 2287 3047 στίχων
2306 2996 2334 3041 ζ’

1295 3048 1519 3086 ἀναπαίστων
1539 3049 1777 3102 τετραμέτρων
1795 3051 2092 3104 καταληκτικῶν]

1349 3109 1478 3158 [καλῶς
1493 3101 1586 3145 εἶπεν
1600 3108 1728 3145 ἀέναοι.
1744 3107 1809 3145 εἰσὶ
1822 3107 1888 3160 γὰρ
1900 3108 2034 3146 ὑδάτων
2050 3108 2207 3161 μητέρες.
2223 3111 2336 3163 ἀρθῶ-

1296 3181 1358 3217 μεν
1384 3165 1437 3212 δὲ,
1460 3165 1770 3217 ἀναπηδήσωμεν]
1790 3190 1841 3195 -
1861 3165 1978 3204 ἀέναοι

1296 3224 1495 3268 στάζουσαι.
1524 3231 1606 3261 Ποῖ.

1351 3282 1461 3334 [μετὰ
1482 3282 1544 3328 τὴν
1564 3287 1622 3320 τοῦ
1643 3283 1848 3357 Σωκράτους
1866 3283 1971 3335 εὗγὴν
1992 3287 2027 3322 αι
2049 3284 2202 3337 Νεφέλαι
2221 3300 2337 3335 παρα-
2356 3314 2390 3338 5o

1298 3340 1497 3378 κελεύονται
1523 3342 1708 3388 ἀλληλαις,
1738 3341 1828 3380 ὥστε
1853 3342 2050 3386 πεισθείσας
2083 3345 2126 3394 τῇ
2155 3343 2337 3390 ἐπικλήσει

1301 3398 1509 3450 Σωκράτους
1531 3403 1834 3451 συναθροισθῆναι,
1855 3400 1914 3438 καὶ
1933 3399 2039 3443 οὕτως
2058 3401 2152 3453 αὐτῷ
2175 3404 2335 3454 φανῆναι.

2352 2439 2386 2463 35

2353 2736 2388 2762 40

2354 3024 2389 3049 45

2000 3181 2009 3206 1
2030 3167 2098 3206 Ἀεὶ
2119 3167 2256 3220 ῥέουσαι
2275 3168 2335 3206 καὶ

1299 3530 1317 3547 0
