2533 3808
201 242 273 276 270

199 324 261 360 οὐκ
282 320 404 371 ἔχομεν
418 316 455 353 δὲ
475 316 593 352 εἰπεῖν.
615 312 643 347 εἷ
664 307 698 345 δὲ
713 306 782 359 χρὴ
802 304 846 342 τὰ
864 306 1008 341 τοιαῦτα
1025 300 1152 346 ζητεῖν,
1169 301 1228 344 ζη·
1253 319 1262 361 Ῐ

198 379 364 416 τείτωσαν
381 374 441 412 καὶ
459 371 521 416 τὴν
538 369 593 414 ἑξῆ

201 435 301 486 μόνον
321 427 396 470 οἶδα
416 427 607 479 Λαμάχου,
626 423 858 475 Ξενόφαντον.

252 505 316 529 841.
343 487 476 526 ἐπαινεῖ
505 484 562 521 τὸν
593 482 765 532 Λάμαχον
788 482 857 516 νῦν·
882 475 950 523 ἤδη
967 473 1037 527 γὰρ
1061 470 1233 518 ἐτεθνήκει

166 567 182 590 5
201 552 233 587 ἐν
256 546 398 597 Σικελία
414 542 567 594 τετάρτῳ
588 540 654 578 ἔτει
669 538 845 590 πρότερον.

253 620 314 645 846.
344 601 485 655 τυφλὸς,
502 595 771 649 διεστραμμένος
790 593 852 640 τὴν
869 591 959 644 ὄψιν.
979 588 1134 641 Σώφρων
1149 604 1165 619 «ι
1180 587 1232 623 ἷλ-

203 684 217 699 «
236 662 359 716 λοτέρα
374 667 436 699 τᾶν
455 663 621 711 κορωνᾶν.
641 674 656 689 »

254 735 319 759 848.
349 719 420 757 ἄνω
440 717 505 770 γὰρ
527 715 692 767 ἐκέχρητο
711 714 754 763 τῇ
775 713 813 749 ἐκ
833 706 1072 757 Παλαμήδους
1092 701 1235 753 ἐπινοίᾳ.

255 788 318 812 850.
341 771 486 823 ὑπόγυον
505 765 763 818 δεδιδαγμένην.

155 849 187 873 10
258 847 321 871 852.
351 831 389 869 rb
420 828 625 872 κοικύλλειν,
656 824 772 878 φασὶν,
802 822 858 859 ἐπὶ
882 823 941 858 τοῦ
967 813 1238 868 περιῧλέπεσθαι

207 891 348 929 δύναται
367 888 426 927 καὶ
442 885 572 925 ἐνθάδε.
593 884 724 936 βέλτιον
746 880 781 918 δὲ
798 878 854 917 ἐπὶ
875 881 934 915 τοῦ
951 874 1185 924 κακοτεχνεῖν.
1201 869 1240 907 rb

208 948 243 987 δὲ
263 948 352 1000 ἔχων
366 945 532 998 παρέλκει
550 943 692 990 Ἀττικῷ
710 938 790 977 ἔθει.

261 1021 326 1045 855.
358 1004 392 1048 ἐξ
409 1002 552 1047 Ἑλένης
572 997 760 1050 Εὐριπίδου
773 992 887 1032 πολλὰ
904 990 1045 1030 τούτων.

262 1079 326 1103 857.
357 1061 490 1112 μέλανα
509 1059 568 1097 καὶ
585 1054 870 1110 συρμαϊζόμενον.
892 1053 915 1096 ἢ
937 1049 972 1087 δὲ
992 1044 1147 1099 συρμαία
1173 1043 1245 1096 κρί·

160 1138 191 1162 15
213 1121 301 1160 θινόν
326 1122 398 1158 ἐστι
416 1117 573 1166 πότημα.

264 1193 326 1218 861.
358 1176 416 1215 ἐπὶ
432 1174 580 1227 πονηρία
600 1170 839 1210 διαὸάλλεται.
859 1164 948 1208 τινὲς
967 1163 1003 1202 δὲ
1029 1162 1090 1201 καὶ
1109 1158 1245 1211 πατέρα

213 1239 306 1289 αὐτῷ
326 1235 429 1289 φασὶν
450 1235 584 1280 ἀληθῶς
604 1225 688 1268 εἶναι
707 1231 839 1266 τοῦτον.

268 1309 332 1334 863.
364 1297 425 1340 τ’ῆς
443 1289 639 1342 γυναικείας
656 1285 849 1338 μιμήσεως.

268 1368 331 1392 868.
362 1351 414 1389 ὅτι
434 1348 578 1401 πονηροὶ
597 1349 626 1385 οἱ
646 1345 809 1398 κόρακες,
838 1340 898 1379 καὶ
920 1338 971 1377 ὅτι
987 1336 1093 1389 μέχρι
1109 1334 1249 1386 νῧνιούκ

163 1421 198 1447 20
217 1409 414 1462 ἐσπάραξάν
436 1423 484 1445 σε.
543 1458 564 1466 ...

269 1483 332 1507 869.
362 1466 471 1505 σαίνει
489 1464 528 1502 rb
544 1469 653 1517 ᾀσμα.
1009 1505 1030 1515 ...

288 1540 334 1564 70.
365 1523 505 1569 σύνηθες
525 1521 564 1558 rb
585 1523 718 1571 σχῆμα.
740 1515 939 1568 Μένανδρος
962 1531 976 1546 «
997 1510 1080 1551 οἶσθ’
1107 1509 1125 1547 ὃ
1152 1507 1251 1553 ποίη-

219 1600 288 1622 σον.
310 1601 324 1615 υ
347 1582 526 1634 Σοφοκλῆς
552 1579 666 1623 Πηλεῖ
693 1594 708 1609 «
741 1573 789 1624 μὴ
816 1576 939 1626 ψεῦσον
968 1565 996 1609 ὦ
1025 1572 1104 1608 Ζεῦ·
1138 1567 1187 1617 μή
1217 1566 1252 1616 μ’

220 1642 300 1693 ἕλῃς
320 1640 400 1678 ἄνευ
424 1637 531 1690 δορός.
555 1654 569 1670 υ
596 1653 611 1669 α
631 1629 714 1673 οἷσθ’
740 1627 797 1670 οὐν
825 1632 843 1670 ὃ
870 1633 994 1684 δρᾶσον
1020 1648 1034 1662 u
1065 1625 1255 1679 Εὐριπίδης

168 1712 203 1736 25
222 1696 395 1751 Πολυίδῳ.

276 1772 339 1797 871.
370 1759 387 1793 ὃ
419 1752 609 1805 Εὐριπίδης
642 1748 883 1800 ἀναλαμὸάνει
913 1746 953 1785 τὸ
981 1744 1167 1799 πρόσωπον
1195 1744 1256 1779 τοῦ

223 1814 403 1856 Μενελάου
424 1812 483 1850 καὶ
497 1809 729 1862 ὑποκρίνεται.

278 1886 341 1911 876.
366 1869 531 1922 Πρωτέας
560 1866 648 1904 οὕτω
667 1863 878 1916 καλούμενος
898 1862 1094 1908 Ἀθηναῖος,
1121 1858 1156 1902 ὃς
1182 1860 1259 1897 ἐτε-

227 1931 341 1977 θνήκει
357 1927 547 1980 πρόπαλαι.

175 2004 209 2031 :30
279 2002 342 2027 878.
378 1984 557 2023 διαὸάλλει
582 1981 643 2027 τὴν
673 1980 848 2032 Αἴγυπτον
873 1981 919 2022 ὡς
946 1976 1106 2026 ἀλίμενον
1132 1974 1192 2013 καὶ
1216 1976 1261 2016 ὡς

229 2046 379 2083 κίνδυνον
396 2045 604 2093 ἐμποιοῦσαν
626 2042 700 2082 ταῖς
717 2037 849 2076 ναυσίν.

281 2116 343 2141 832.
373 2103 411 2139 ἐκ
425 2104 485 2145 τῆς
501 2098 690 2143 Θαλάσσης.
765 2096 771 2101 ”

282 2175 345 2199 897.
375 2159 416 2205 ἣν
435 2152 526 2195 εἶπεν
544 2155 705 2206 εΌμηρος
720 2159 795 2200 [Od.
813 2153 867 2199 Θ,
883 2152 950 2201 3136]
973 2148 1151 2189 Εἷδοθέαν.

283 2232 347 2256 898.
378 2216 446 2254 ἀπὸ
467 2215 575 2265 δήμου
596 2216 655 2259 τῆς
676 2211 838 2261 Αἰγηίδος
858 2210 981 2262 φυλῆς,
1002 2208 1081 2245 ἔνθα
1097 2207 1135 2245 rb
1157 2208 1265 2259 Εὐρυ.

180 2288 213 2312 35
234 2276 337 2319 σθέως
358 2274 536 2312 ἀπόκειται
557 2275 658 2321 σῶμα
676 2272 709 2308 ἐν
729 2272 778 2322 τῷ
797 2266 1013 2321 ἀκρωτηρίῳ.
1035 2266 1210 2318 ἐπίρρημα
1231 2265 1266 2302 δὲ

232 2334 270 2371 τὸ
284 2330 532 2385 Γαργηττόθεν.

287 2405 348 2430 002.
377 2389 437 2432 τὰς
456 2388 558 2439 κόρας
575 2401 635 2424 σου
653 2382 934 2436 ἀντιπροσώπους
955 2397 1013 2432 μοι
1033 2380 1188 2433 στρέψον.

288 2463 350 2487 903.
379 2445 496 2492 ἐπειδὴ
513 2445 663 2495 ξυρηθεὶς
679 2437 731 2488 ἦν.

290 2521 352 2545 910.
385 2505 458 2543 δέον
479 2506 585 2541 εἰπεῖν
606 2504 644 2539 ἐκ
662 2504 728 2538 τῶν
750 2499 874 2551 ὄψεων,
892 2492 984 2535 εἶπεν
1004 2499 1042 2535 ἐκ
1061 2500 1128 2535 τῶν
1149 2497 1268 2549 ἰφύων.

185 2582 220 2606 40
237 2565 334 2617 ἴφυον
364 2562 399 2600 δέ
424 2563 515 2599 ἐστιν
541 2554 626 2601 εἶδος
653 2557 771 2609 ἀγρίου
795 2556 972 2615 λαχάνου,
1000 2554 1052 2592 ὅτι
1084 2555 1271 2608 Εὐριπίδης

237 2618 518 2672 λαχανοπώλιδος
531 2618 696 2657 Κλειτοῧς
712 2613 780 2656 υἱὸς
794 2617 833 2658 ἠν
852 2612 1020 2658 δηλονότι.

292 2691 356 2716 913.
387 2675 447 2714 καὶ
477 2677 588 2712 ταῦτα
622 2674 661 2710 ἐκ
690 2674 751 2718 τῆς
781 2668 939 2716 Ἑλένης,
970 2670 1030 2707 καὶ
1060 2669 1207 2708 καθόλου
1230 2670 1273 2707 τὰ

240 2738 385 2774 πλεῖστα
391 2766 399 2774 .

294 2809 355 2833 915.
384 2796 495 2831 ταῦτα
520 2789 615 2840 λέγει
643 2789 836 2827 ἀκολουθῶν
861 2787 955 2837 αὐτῷ
979 2786 1039 2822 καὶ
1072 2785 1276 2837 βουλόμενος

190 2867 225 2892 45
245 2856 413 2907 ἐκφυγεῖν.

296 2925 359 2950 917.
388 2910 426 2947 rb
444 2924 469 2961 χ
492 2907 699 2960 παράκειται
718 2907 767 2956 τῷ
794 2904 916 2957 στίχῳ.
943 2905 1002 2943 καί
1027 2920 1111 2957 φησι
1140 2903 1277 2942 Καλλί-

247 2984 389 3021 στρατος
401 2968 440 2987 *⁴*
458 2968 496 3004 οὐ
516 2969 558 3017 τῇ
578 2963 739 3014 λαμπάδι
761 2956 868 3010 εἶπεν,
890 2962 979 3001 ἀλλὰ
997 2962 1036 3008 νὴ
1055 2965 1097 3013 τῇ
1120 2961 1214 3013 δᾳδὶ,
1234 2964 1280 3004 ὡς

248 3028 348 3072 δῆλον
377 3020 464 3063 εἶναι
490 3023 541 3062 ὅτι
567 3022 736 3074 ἑκατέρως
763 3020 891 3072 ἔλεγον.
919 3021 1051 3065 ἀνάξιος
1074 3019 1109 3058 δὲ
1129 3019 1170 3057 ἂν
1190 3019 1242 3065 εἴη
1263 3022 1280 3057 ὁ

252 3083 509 3133 Καλλίστρατος
527 3080 747 3119 πιστεύεσθαι
765 3082 810 3122 ὡς
826 3079 868 3116 ’ἂν
886 3079 966 3131 περὶ
989 3077 1198 3116 διδασκάλου
1221 3080 1280 3115 τοῦ

199 3163 233 3186 50
252 3139 511 3191 Ἀριστοφάνους
525 3137 646 3189 λέγων.

303 3211 366 3235 921.
394 3198 431 3234 οὐ
449 3196 589 3248 κυρίως,
602 3195 680 3233 ἀλλ’
696 3188 764 3233 οἷον
783 3194 1009 3237 κοινόὸουλος.

306 3268 369 3292 922.
400 3254 661 3304 ἐπανουργεῗτε,
687 3255 732 3295 ὡς
758 3251 799 3298 δὴ
818 3255 885 3290 τῶν
910 3250 1110 3301 Αἰγυπτίων
1129 3249 1285 3302 πανούρ-

255 3328 324 3362 γων
341 3311 459 3348 ὄντων.

308 3382 370 3407 926.
399 3368 460 3411 ἕως
475 3369 533 3411 ζῶ.

1291 483 1384 505 πτιοι
1409 467 1575 506 λινοποιοί
1603 469 1699 505 εἰσιν.

1308 1395 1402 1447 λέγει
1426 1395 1461 1433 δὲ
1486 1395 1679 1446 Δημήτρας
1703 1395 1763 1432 καὶ
1784 1395 2017 1448 Περσεφόνης.

1311 1454 1372 1497 τὰς
1393 1452 1531 1497 τελετὰς
1557 1453 1732 1502 αὔξωμεν·
1752 1458 1822 1496 τοῖς
1841 1452 1907 1506 γὰρ
1928 1453 2046 1503 ὕμνοις
2070 1452 2259 1506 ἐπαίρομεν
2285 1456 2327 1493 αὖ

728 215 984 258 SCHOLIA
1017 214 1078 252 IN
1113 207 1778 250 THESMOPHORIAZUSAS.

1343 310 1405 334 928.
1435 299 1457 342 ἡ
1478 295 1640 348 σπάρτος.
1665 291 1741 332 ’ἀντὶ
1765 297 1824 332 τοῦ
1844 297 1866 340 ἡ
1892 295 2048 346 μηχανή.
2075 297 2247 347 παροιμία
2266 298 2324 334 ἐπὶ

597 385 611 411 ς
622 398 631 414 ,
652 365 714 412 τὴν
732 362 920 414 Λαμάχου·
935 360 992 399 τὸν
1013 358 1080 409 γὰρ
1094 356 1230 409 πατέρα
1256 363 1260 407 2
1288 356 1356 390 τῶν
1372 352 1634 404 ἐπιχειρούντων
1651 369 1684 390 τι
1698 354 1805 390 ποιεῖν
1821 352 1881 389 καὶ
1899 352 2222 403 ἀποτυγχανόντων.

1343 424 1393 448 9'35
1437 410 1512 447 ἐπεὶ
1531 410 1602 447 ἄνω
1622 413 1669 447 αἱ·
1777 410 1806 433 '⁷
1901 412 1910 424 ³
1958 409 1967 424 “
2014 410 2059 436 '⁰-
2133 412 2143 426 ‘
2169 411 2199 434 “²
2252 412 2263 427 '
2295 410 2305 425 '

1361 439 1367 445 .
1398 440 1406 449 .
1668 425 1856 460 (υπτιαςειν
1875 425 1993 453 αυτους
2009 426 2093 463 ερη,
2114 427 2144 449 οι
2165 425 2200 449 οε
2218 415 2327 462 Αιγυ-

1755 471 1773 505 ὁ
1804 472 2004 521 πανοῦργος.
2035 468 2103 506 ἀπὸ
2131 476 2328 523 μεταφορᾶς

1292 528 1360 564 τῶν
1373 525 1417 564 τὰ
1435 526 1567 578 ἄρμενα
1583 525 1793 578 ῥαπτόντων.
2346 541 2363 566 5

1355 598 1422 623 940.
1463 584 1548 637 πρὸς
1576 584 1710 621 σανίσιν
1738 583 1962 633 ἐδεσμεύοντο
1985 583 2169 632 πολλάκις,
2199 588 2245 629 ὡς
2270 585 2330 624 καὶ

1297 645 1469 695 Κρατῖνος
1495 643 1606 689 δηλοῖ.
1635 660 1651 675 «ι
1680 641 1863 694 ἐπίτρεψον
1890 635 1948 679 οὐν
1975 645 2024 694 τῷ
2052 642 2171 694 τοξότῃ
2203 661 2219 677 »
2247 644 2332 697 φησὶ

1298 720 1312 735 «
1333 701 1461 752 γυμνόν
1481 717 1524 752 με
1539 701 1626 753 πρὸς
1640 704 1683 751 τῇ
1699 700 1810 738 σανίδι
1825 701 1941 745 δῆσαι.
1957 718 1972 733 ›‚

1350 772 1413 798 941.
1446 758 1535 808 μετὰ
1553 761 1730 810 κροκωτοῦ
1746 760 1816 800 τοῖς
1834 756 1970 810 κόραξιν
1987 756 2139 795 ἑστίασιν
2157 758 2333 812 παρέχων.

1300 817 1375 854 ἀντὶ
1391 821 1449 854 τοῦ
1467 816 1619 854 ἑστίασιν
1638 815 1814 868 παρέχων.
1835 814 1973 861 Ἀττικὴ
1992 814 2027 852 δὲ
2050 818 2071 861 ἡ
2092 815 2264 864 σύνταξις,
2284 817 2336 856 ὅτι
2357 836 2389 861 10

1298 875 1338 913 rb
1364 878 1479 913 ἑστιᾶν
1499 875 1558 912 καὶ
1585 876 1702 926 δοτικῇ
1725 873 1988 919 συντάσσουσιν,
2007 875 2054 916 ὡς
2077 873 2137 911 καὶ
2159 875 2242 926 παρ’
2262 876 2338 913 Εὐ-

1299 933 1415 971 πόλιδί
1435 935 1525 971 ἐστιν
1547 935 1583 972 ἐν,
1599 932 1789 984 Αὐτολύκῳ
1809 932 1940 984 θατέρῳ
1958 949 1972 964 «
1989 929 2072 969 ὥστ’
2091 931 2163 970 οὔτ’
2181 934 2254 971 ἐκεῖ
2267 932 2338 971 οὔτ’

1302 1011 1316 1026 «
1339 992 1458 1029 ἐνθάδε
1477 993 1526 1029 δεῖ
1546 991 1747 1035 ξενίζεσθαι.
1765 1009 1780 1024 »

1356 1063 1419 1088 944.
1449 1049 1501 1086 ὅτι
1532 1048 1760 1098 ἐνδυσάμενος
1787 1047 1847 1085 καὶ
1876 1045 1983 1084 ἐλθὼν
2012 1047 2058 1089 εἷς
2087 1045 2148 1090 τὰς
2177 1054 2344 1099 γυναῖκας

1304 1108 1497 1153 κατάδηλος
1514 1107 1693 1158 ἐγενόμην.
2364 1124 2395 1148 15

1358 1173 1421 1203 947.
1452 1165 1490 1202 τὸ
1509 1164 1685 1214 παίξωμεν
1706 1165 1736 1202 οἳ
1754 1162 1910 1201 Ἀττικοὶ
1934 1161 2117 1212 παίσωμεν
2135 1162 2263 1214 ἔλεγον,
2283 1165 2342 1203 καὶ

1306 1223 1345 1261 τὸ
1371 1222 1552 1273 παίσωμεν
1571 1222 1676 1260 πάλιν
1703 1221 1890 1271 παίζωμεν.
1914 1223 1971 1260 καὶ
1994 1229 2101 1270 [Hom.
2120 1226 2182 1258 Od·
2197 1224 2260 1270 Ψ,
2280 1223 2345 1273 134]

1308 1300 1323 1314 «
1343 1280 1621 1330 πολυπαίγμονος
1637 1281 1839 1331 ὀρχηθμοῖο.
1858 1297 1873 1312 n

1362 1351 1424 1376 948.
1450 1338 1531 1375 ὅταν
1557 1337 1600 1375 τὰ
1627 1337 1800 1389 μυστήρια
1823 1336 1995 1387 αὔξωμεν,
2021 1337 2137 1390 φησὶν,
2156 1339 2226 1375 τῶν
2247 1339 2345 1377 θεῶν.

2101 1392 2245 1438 Ἄλλως.
2266 1395 2348 1434 ὅταν
2367 1402 2402 1428 20

1311 1512 1384 1556 τάς.
1403 1512 1463 1550 καὶ
1479 1516 1579 1550 τοῦτο
1593 1511 1666 1548 ἐστὶ
1679 1511 1718 1548 rb
1734 1510 1928 1562 ἀνέχωμεν.

1366 1584 1429 1609 949.
1461 1569 1614 1630 Παύσων
1634 1572 1652 1606 ὃ
1680 1569 1857 1622 ζωγράφος
1883 1571 1929 1613 εἷς
1956 1568 2077 1607 πενίαν
2106 1568 2352 1620 διαὸάλλεται,

1314 1629 1374 1668 καὶ
1388 1628 1444 1666 διὰ
1458 1632 1560 1666 τοῦτο
1576 1632 1650 1666 εἰπε
1666 1627 1836 1673 νηστεύει.

1368 1701 1431 1725 968.
1460 1686 1512 1724 ὅτι
1526 1687 1559 1723 ἐν
1574 1685 1707 1738 θεάτρῳ
1723 1679 1824 1731 ἦσαν.
2373 1700 2407 1724 25

1370 1744 1488 1790 ἐπειδὴ
1508 1744 1691 1794 μέλλουσιν
1710 1745 1818 1781 ἐλθεῖν
1835 1745 1882 1786 εἷς
1897 1742 1959 1790 τὴν
1975 1742 2078 1796 ᾠδήν.

1370 1817 1432 1841 969.
1462 1802 1520 1839 τὸν
1534 1801 1748 1840 Ἀπόλλωνα.

1372 1874 1437 1899 971.
1458 1859 1521 1905 τὴν
1539 1858 1721 1911 παρθένον.

1373 1932 1437 1957 973.
1466 1916 1565 1970 ζΉρα
1584 1916 1699 1954 τελεία
1722 1916 1781 1953 καὶ
1804 1915 1890 1959 Ζεὺς
1901 1915 2029 1960 τέλειος
2051 1918 2219 1967 ἐτιμῶντο
2238 1919 2273 1955 ἐν
2289 1918 2358 1962 τοῖς

1320 1976 1443 2027 γάμοις
1462 1979 1507 2018 ὡς
1525 1974 1707 2027 πρυτάνεις
1725 1975 1818 2017 ὄντες
1839 1977 1907 2011 τῶν
1926 1974 2062 2024 γάμων.
2085 1976 2180 2019 τέλος
2202 1975 2238 2013 δὲ
2255 1978 2273 2013 ὁ
2289 1975 2356 2027 γά·-
2377 1983 2412 2010 30

1324 2050 1396 2085 μος.
1415 2034 1465 2072 διὸ
1482 2033 1541 2071 καὶ
1555 2032 1737 2085 προτέλεια
1757 2033 1914 2070 ἐκαλεῖτο
1931 2035 1953 2078 ἠ
1971 2034 2070 2070 θυσία
2090 2036 2111 2079 ἡ
2131 2033 2198 2085 πρὸ
2215 2035 2283 2071 τῶν
2300 2033 2361 2086 γά-

1325 2109 1398 2143 μων
1415 2091 1592 2142 γινομένη.

1377 2165 1440 2189 977.
1472 2149 1590 2202 ἔφορος
1604 2147 1670 2200 γὰρ
1686 2150 1753 2186 τῶν
1770 2148 1977 2199 θρεμμάτων
1995 2151 2012 2186 ὁ
2028 2148 2111 2192 θεός.

1378 2223 1441 2247 986.
1472 2210 1579 2259 τορῶς
1595 2207 1654 2244 καὶ
1671 2208 1802 2258 τρανῶς
1816 2205 1894 2257 λέγε
1909 2206 1971 2253 τὴν
1987 2207 2091 2259 ᾠδήν.

1381 2280 1462 2304 1001.
1492 2265 1566 2303 ἀντὶ
1593 2269 1653 2303 τοῦ
1683 2264 1767 2317 πρὸς
1791 2263 1854 2311 τὴν
1880 2264 2028 2318 αἰθρίαν.
2058 2264 2259 2318 βαρὸαρίζει
2286 2264 2322 2304 δὲ
2346 2268 2365 2304 ὃ
2381 2276 2417 2302 35

1327 2324 1474 2370 τοξότης.

1384 2397 1463 2421 1003.
1495 2381 1569 2419 ἀντὶ
1588 2384 1647 2418 τοῦ
1669 2381 1750 2433 δρῶ.
1769 2383 1872 2418 τοῦτο
1886 2380 1921 2418 δὲ
1935 2379 2040 2419 εἰπὼν
2053 2380 2158 2419 πλέον
2172 2381 2275 2420 αὐτὸν
2289 2383 2367 2420 ἐπι-

1330 2442 1479 2494 σφίγγει.
1602 2496 1610 2509 Ι

1386 2512 1464 2536 1007.
1495 2513 1627 2548 πορμός
1652 2496 1727 2533 ἀντὶ
1746 2500 1805 2533 τοῦ
1826 2495 1972 2549 φορμὸς,
1998 2495 2129 2548 ψίαθος.

1385 2556 1459 2593 ἀντὶ
1472 2558 1531 2592 τοῦ
1546 2554 1602 2591 ἵνα
1620 2553 1758 2606 φυλάξω
1775 2569 1826 2592 σε.
2386 2569 2421 2593 40

1389 2627 1466 2651 1009.
1495 2615 1558 2663 ὁρᾷ
1578 2611 1769 2663 Εὐριπίδην
1789 2610 1989 2662 προσιόντα.

1387 2683 1466 2708 1011.
1492 2668 1567 2705 ἀντὶ
1583 2671 1641 2705 τοῦ
1658 2670 1703 2710 ὡς
1719 2667 1884 2718 Περσεύς.

1390 2740 1468 2764 1012.
1499 2724 1728 2776 Ἀνδρομέδαν
1744 2738 1752 2763 :
1771 2726 1943 2767 πιθανῶς·
1962 2724 2224 2762 συνδεδίδακται
2243 2724 2310 2779 γὰρ
2325 2728 2369 2779 τῇ

1335 2784 1474 2834 εΕλένῃ.

1391 2855 1469 2880 1015.
1499 2840 1596 2892 παρὰ
1624 2839 1668 2876 τὰ
1697 2839 1730 2883 ἐξ
1758 2839 1984 2892 Ἀνδρομέδας
2011 2839 2200 2892 Εὐριπίδου
2230 2859 2245 2874 κ
2274 2841 2371 2894 φίλαι
2389 2852 2425 2877 45

1336 2899 1516 2950 παρθένοι,
1532 2898 1629 2951 φίλαι
1647 2912 1717 2948 μοι.
1734 2915 1750 2930 υ
1767 2898 1811 2935 τὰ
1824 2898 1859 2935 δὲ
1880 2897 2111 2950 ἐπιφερόμενα
2130 2898 2222 2950 πρὸς
2233 2898 2272 2937 rb
2288 2899 2373 2939 αὐτὸ

1336 2957 1520 3008 χρήσιμον.

1394 3029 1472 3054 1018.
1503 3013 1608 3051 πάλιν
1624 3012 1657 3056 ἐξ
1675 3012 1909 3064 Ἀνδρομέδας.

1392 3072 1477 3125 πρὸς
1491 3071 1553 3117 τὴν
1570 3070 1648 3122 ἠχὼ
1662 3070 1870 3123 Ἀνδρομέδα
1886 3070 1978 3121 λέγει
1996 3089 2011 3104 «ι
2028 3071 2300 3123 προσαιδουσσαι
2315 3070 2376 3116 τὰς

1342 3150 1357 3165 «
1378 3133 1412 3169 ἐν
1434 3130 1566 3182 ἄντροις
1586 3128 1789 3166 ἀπόπαυσον
1810 3128 1911 3167 ἔασον
1931 3131 2011 3181 ἀχοῖ
2027 3144 2070 3179 με
2089 3128 2151 3167 σὺν
2166 3128 2280 3182 φίλαις
2294 3129 2374 3180 γόου
2394 3144 2429 3171 ω

1344 3208 1358 3223 α
1380 3188 1484 3227 πόθον
1503 3187 1636 3225 λαὸεἷν.
1652 3205 1667 3220 u

1397 3245 1452 3283 διὰ
1475 3245 1514 3282 rb
1539 3244 1730 3294 λαμὸάνειν
1751 3245 2014 3295 ἀποσπάσματα
2035 3242 2216 3281 ἀσύνδετον
2241 3242 2280 3280 τὸ
2298 3242 2377 3286 ὅλον

1343 3304 1484 3355 γίνεται.
2318 3297 2326 3300 “

1401 3376 1479 3401 1021.
1504 3363 1549 3404 ὡς
1566 3362 1600 3398 ἐν
1620 3359 1798 3412 κωμῳδία.
