2533 3808
148 177 157 181 ’
200 194 276 228 298

198 276 293 324 μεῖον
309 272 362 321 δὲ,
378 272 434 310 διὰ
457 272 519 318 τὴν
541 269 792 322 προειρημένην
816 266 939 305 αἰτίαν.
964 267 1023 305 καὶ
1046 265 1226 316 ἐπιζήμιόν

198 347 231 369 τι
257 337 326 373 τοῖς
355 326 458 376 ἧττον
484 329 676 379 εἰσάγουσιν
706 325 908 372 ἀπεδέδοτο,
937 324 1093 376 καθάπερ
1127 323 1227 366 αὐτός

199 404 298 440 φησιν
316 386 557 438 Ἀριστοφάνης

321 491 398 529 (ἀλλ’
415 490 544 530 εὔχομαι
560 489 645 528 ’γωγ’
662 488 786 519 ἑλκύσαι
803 498 838 519 σε
854 487 905 519 τὸν
921 487 1069 527 σταθμὸν,

166 554 182 578 5
318 537 368 566 ἵνα
384 536 425 576 μή
443 546 480 575 με
494 537 732 576 προσπράττωσι
746 536 839 574 γραῦν
855 535 883 564 οἱ
900 532 1067 574 φράτορες.)

200 625 392 678 μειαγωγὸς
412 625 448 663 δὲ
467 625 602 677 ἐλέγετο
621 628 638 664 ὃ
656 624 818 676 προάγων
837 623 875 661 τὸ
895 625 1029 676 ἱερεῖον,
1052 622 1116 673 (ὅτι
1137 623 1232 672 μεῖον

199 685 238 722 τὸ
257 685 377 736 ἱερεῖον
395 683 523 734 ἔλεγον,
551 684 590 721 τὸ
613 683 869 735 παριστάμενον
897 681 980 733 ὑπὲρ
1005 683 1072 718 τῶν
1094 682 1139 722 εἰς
1157 678 1234 722 τοὺς

201 741 371 794 φράτορας
387 740 648 795 εἰσφερομένων.
668 743 762 791 μεῖον
779 739 815 778 δὲ
835 738 963 785 ἐκλήθη
982 738 1051 776 ἀπὸ
1067 741 1125 775 τοῦ
1142 753 1234 786 συμ-

202 798 389 843 ὅαίνοντος.
408 799 476 837 ἔδει
499 799 566 852 γὰρ
591 798 674 837 αὐτὸ
699 798 841 836 ἔλαττον
861 797 951 849 ἔχειν
978 798 1131 846 σταθμοῦ
1148 810 1236 838 τινος

152 886 185 910 ¹0
202 856 392 909 ὡρισμένου
413 856 468 894 διὰ
487 856 564 900 τοὺς
584 855 853 909 φιλοδοξοῦντας.
875 857 905 892 οἱ
925 854 960 891 δὲ
980 852 1162 906 φράτορες,
1179 850 1236 889 ἵνα

203 915 358 964 μείζονας
380 914 551 965 νέμωνται
588 914 748 967 μερίδας,
787 910 994 963 ἐπεφώνουν,
1031 913 1093 948 οὐκ
1118 912 1237 952 ἐῶντες

202 972 357 1018 ἱστάναι,
375 972 431 1009 διὰ
445 976 503 1010 τοῦ
522 972 616 1022 μεῖόν
640 974 757 1021 ἐστιν.)
783 969 943 1023 [Ἄλλως.
967 968 1026 1006 ἐάν
1047 984 1097 1011 τις
1113 967 1236 1018 εἰσάγῃ

203 1031 249 1071 εἰς
267 1028 345 1071 τοὺς
360 1029 464 1072 ἰδίους
483 1029 656 1082 φράτορας
674 1029 745 1066 υἱὸν
765 1030 800 1066 ἐν
817 1027 935 1078 ἡλικίᾳ
952 1025 1145 1077 γενόμενον,
1165 1041 1236 1062 πα-

205 1086 303 1136 ρίστη
334 1088 449 1130 αὐτοῖς
476 1087 533 1124 ἐπὶ
563 1086 744 1140 ὡρισμένῳ
769 1087 913 1136 σταθμῷ
937 1086 1070 1136 ἱερεῖον,
1092 1083 1176 1136 πρὸς
1202 1082 1238 1120 ὃν

154 1166 185 1190 15
203 1143 270 1181 ἔδει
286 1143 484 1196 προσάγειν,
502 1144 562 1182 καὶ
578 1146 640 1182 οὐκ
665 1143 742 1190 ἐξῆν
769 1146 883 1193 μεῖζον
906 1147 1112 1193 παρασχεῖν.
1131 1141 1187 1178 ὅτε
1205 1139 1239 1178 δὲ

204 1201 351 1247 ἐντεθείη
377 1202 416 1239 τὸ
441 1205 562 1255 ἱερεῖον
585 1203 630 1245 εἰς
645 1201 703 1240 τὸν
728 1201 839 1251 ζυγὸν,
864 1202 1088 1252 περιεστῶτες
1119 1198 1239 1244 ἐὸόων,

205 1259 299 1308 μεῖον
316 1261 422 1308 μεῖον·
441 1263 540 1297 τοῦτο
560 1259 717 1306 δηλονότι
746 1258 887 1296 ἔλαττόν
917 1260 1002 1295 ἐστι.
1027 1256 1124 1309 παρὰ
1141 1260 1241 1294 τοῦτο

205 1309 262 1352 οὐν
275 1314 369 1367 λέγει
383 1317 442 1354 καὶ
457 1323 663 1367 μειαγωγεῖν
680 1316 741 1362 τὴν
759 1315 971 1368 τραγῳδίαν,
987 1314 1144 1352 τουτέστι
1159 1313 1242 1365 πρὸς

204 1372 262 1409 τὸν
288 1373 386 1423 ζυγὸν
413 1373 622 1426 προσάξουσι
649 1373 709 1411 καὶ
736 1372 953 1424 στήσωσιν]
986 1370 1138 1422 (Ἄλλως.
1167 1370 1241 1408 ἐπεὶ

153 1451 188 1477 20
208 1429 347 1468 εἰώθασι
371 1431 576 1484 προσφέρειν
605 1433 634 1468 οἱ
664 1433 710 1474 εἰς
728 1430 805 1474 τοὺς
833 1430 1005 1483 φράτορας
1032 1429 1243 1481 γραφόμενοι

147 1500 153 1503 “
205 1488 394 1540 πρόὸατον,
410 1490 469 1527 καὶ
485 1492 515 1527 οἳ
531 1489 709 1540 ἱστάμενοι
724 1489 852 1539 ἔλεγον,
872 1494 966 1539 μεῖον
986 1492 1093 1537 μεῖον.
1112 1486 1171 1524 καὶ
1187 1486 1244 1524 τὸν

206 1545 390 1596 εἰσάγοντα
421 1546 615 1598 μειαγωγὸν
647 1547 821 1597 ἐκάλουν.)
851 1569 903 1575 —
933 1543 1213 1595 μειαγωγήσουσι
1234 1556 1242 1581 :

206 1605 252 1647 ὡς
269 1603 442 1656 πρόὸατον
461 1605 638 1651 στήσουσι.
655 1613 693 1643 R.
711 1613 750 1642 V.
769 1603 1075 1655 ζυγοστατήσουσι.
1094 1610 1154 1640 Βν.

259 1675 323 1701 799.
352 1662 431 1706 τοὺς
454 1663 623 1707 κανόναςτ
648 1663 784 1715 Κυρίως
800 1663 838 1700 τὸ
852 1661 969 1699 ἐπάνω
994 1664 1054 1707 τ’ἧς
1078 1659 1248 1712 τρυτάνης

157 1745 192 1768 „5
208 1718 244 1756 ὂν
260 1719 320 1757 καὶ
336 1721 382 1763 εἰς
398 1720 542 1767 ἰσότητα
558 1721 686 1767 ταύτην
704 1721 799 1771 ἄγον.

260 1790 324 1816 800.
354 1777 413 1815 καὶ
443 1779 591 1816 πλαίσια
620 1794 628 1818 :
654 1778 712 1818 Τὰ
735 1781 803 1816 τῶν
823 1777 930 1822 ξύλων
960 1775 1169 1828 τετράγωνα.
1197 1802 1248 1808 ..-

209 1832 326 1886 ὥσπερ
339 1835 478 1872 πλινθία
487 1865 496 1882 ,
510 1838 544 1873 ἐν
558 1831 606 1879 οἷς
619 1835 849 1874 πλινθεύουσι.
864 1835 903 1872 τὸ
919 1833 954 1871 δὲ
966 1833 1151 1883 ξύμπηκτα
1164 1831 1249 1882 πρὸς

209 1891 317 1938 οὐδὲν,
335 1893 410 1930 ἀλλ’
429 1887 496 1931 οἷον
513 1893 659 1947 περιττὰ
674 1894 733 1931 καὶ
754 1893 854 1945 σοφά.
871 1896 971 1930 τοῦτο
989 1890 1023 1928 δὲ
1043 1890 1128 1942 πρὸς
1145 1891 1249 1941 Εὐρι-

209 1948 328 1995 πίδην.
345 1957 382 1987 R.
398 1958 438 1988 V.
463 1959 501 1990 Θ.
529 1959 573 1988 Μ.
598 1952 657 1990 καὶ
683 1950 885 2004 διαμέτρους
914 1949 990 1992 τοὺς
1019 1948 1187 1994 διαὸήτας
1206 1949 1250 1988 ὡς

158 2031 194 2056 30
209 2005 370 2059 ’Όμηρος
397 2014 448 2055 [11.
466 2018 508 2056 Β,
533 2011 600 2061 765]
617 2028 630 2043 «
649 2009 826 2062 σταφύλην
843 2009 899 2046 ἐπὶ
924 2010 1030 2045 νῶτον
1051 2004 1155 2049 ἐίσας.
1174 2023 1189 2037 υ
1208 2013 1251 2043 V.

213 2063 391 2116 [πλαίσιον
410 2066 488 2119 γὰρ,
508 2068 660 2106 πλινθίον
679 2068 904 2119 τετράγωνον.
932 2066 1102 2119 Ἀφθόνιος
1122 2068 1168 2117 [p.
1184 2081 1250 2114 106,

214 2142 245 2177 m
261 2125 346 2175 W.]
364 2126 423 2163 καὶ
440 2125 479 2163 τὸ
496 2129 618 2177 σχῆμα
640 2125 803 2163 πλαίσιον
822 2124 987 2176 τυγχάνει
1006 2128 1065 2161 τοῦ
1085 2126 1250 2176 μηχανή-

213 2200 332 2235 ματος.
352 2183 531 2236 διάμετρος
546 2183 601 2230 δὲ,
620 2186 642 2229 ἡ
664 2185 698 2220 ἐν
718 2186 767 2235 τῷ
787 2182 903 2234 κύκλῳ
923 2181 1060 2233 κέντρον
1079 2181 1251 2231 τέμνουσα

214 2242 318 2292 μέσον
337 2241 498 2294 γραμμή.
527 2240 711 2286 διαὸήτης,
737 2239 908 2292 σταφύλη·
925 2240 1009 2291 ὅπερ
1033 2239 1126 2277 ἐστὶν
1143 2239 1251 2289 ὄνομα

160 2327 194 2352 35
213 2298 310 2351 παρὰ
337 2300 405 2341 τοῖς
426 2298 664 2351 ἀρχιτέκτοσιν
690 2298 747 2335 ἐπὶ
764 2301 824 2344 τῆς
848 2296 1053 2347 καθιεμένης
1079 2296 1252 2346 μολύὸδου

213 2356 401 2406 τιθέμενον.
432 2355 595 2408 ςΌμηρος
620 2374 635 2389 «
665 2354 843 2408 σταφύλην
865 2355 921 2393 ἐπὶ
946 2357 1053 2391 νῶτον
1081 2354 1221 2406 ἔχουσα.
1238 2372 1251 2387 n

214 2413 309 2452 οὐδὲν
326 2414 359 2451 δὲ
381 2414 455 2451 ἀλλ’
473 2409 541 2452 οἷον
558 2413 705 2466 περιττὰ
719 2413 778 2451 καὶ
801 2412 902 2465 σοφά.
917 2412 939 2459 ἢ
959 2412 1015 2450 διὰ
1031 2412 1159 2450 τούτων
1186 2413 1253 2450 δεί-

215 2488 333 2509 κνυσιν
345 2471 397 2509 ὅτι
410 2473 638 2515 παντοδαπῶς
651 2470 953 2522 ἐξετασθήσεται]
971 2494 1021 2499 -
1039 2470 1224 2521 ξύμπηκτα
1242 2484 1250 2509 :

215 2529 411 2579 <Ηνωμένα.
430 2538 489 2568 Br.

164 2612 199 2640 40
277 2601 339 2625 801.
369 2587 438 2625 ἀπὸ
460 2588 553 2636 (ἀντὶ
571 2595 612 2624 V.
630 2588 640 2637 )
667 2590 726 2623 τοῦ
748 2586 949 2636 καθιεμένου
976 2586 1131 2635 μολίὸου.
1153 2593 1192 2623 R.
1213 2593 1253 2622 V.

269 2657 333 2685 801.
363 2644 531 2695 ταυρηδὸν
551 2657 560 2683 z
579 2647 741 2687 Τοιοῦτος
760 2643 827 2696 γὰρ
843 2646 892 2696 τῷ
909 2643 1067 2694 σχήματι
1083 2642 1257 2694 ὀργιζόμε·

217 2718 271 2746 νος
289 2706 306 2741 ὃ
326 2702 512 2754 Αἰσχύλος.

271 2774 334 2800 807.
362 2760 440 2799 οὔτε
459 2760 526 2813 γὰρ
547 2760 772 2807 Ἀθηναίοισιν
795 2773 804 2798 :
826 2758 917 2798 Ἀντὶ
936 2761 995 2796 τοῦ
1017 2761 1079 2796 οὐκ
1097 2758 1254 2810 ἤρεσκεν.

218 2826 256 2856 R.
281 2820 351 2870 [ὡς
373 2818 512 2872 φαύλων
532 2819 612 2871 περὶ
631 2820 691 2862 τὰς
713 2817 908 2870 ἀποκρίσεις
931 2816 1035 2854 ὄντων
1061 2817 1123 2853 οὐκ
1143 2815 1255 2853 ἐστοί-

168 2899 203 2928 45
219 2877 365 2927 χησεν.]
383 2899 429 2904 —-
447 2876 643 2921 ξυνέὸαινεν
665 2891 673 2916 :
694 2874 876 2928 ’Έχαιρεν,
907 2874 1096 2926 ἀπεδέχετο
1123 2874 1254 2917 αὐτούς.

221 2934 370 2968 Bruncls.

273 2995 336 3019 808.
368 2980 465 3032 [τοὺς
486 2981 719 3035 τοιχωρύχους
742 2995 751 3021 :
771 2980 863 3024 Τοὺς
886 2979 1121 3033 προσέχοντας
1147 2979 1255 3029 Εὐρι-

220 3038 304 3090 πίδῃ
324 3040 525 3091 πονηρούς.]

274 3110 337 3135 809.
366 3097 470 3149 λῆρόν
485 3114 521 3135 τε
535 3097 633 3136 τᾶλλ’
646 3098 763 3148 ἠγεῖτο
778 3111 786 3136 :
800 3096 913 3148 [Ἀντὶ
922 3099 982 3134 τοῦ
992 3125 1001 3142 ,
1015 3095 1092 3139 τοὺς
1103 3095 1256 3140 ἄλλους]

170 3178 205 3203 50
226 3152 420 3200 Ἀθηναίους
434 3156 496 3205 μὲν
513 3155 667 3199 συνετοὺς
683 3159 802 3207 ἡγεῖτο
813 3185 822 3203 ,
841 3154 1010 3208 πονηροὺς
1026 3154 1061 3192 δὲ
1075 3153 1151 3196 τοὺς
1164 3152 1259 3190 πλεί·

225 3229 335 3262 στους.
355 3215 406 3253 διὸ
426 3215 474 3265 μὴ
492 3215 671 3267 ἐπιτρέψαι
691 3217 806 3258 αὐτοῖς
821 3213 883 3260 τὴν
900 3213 1023 3265 κρίσιν.
1044 3211 1121 3254 τοὺς
1140 3211 1175 3249 δὲ
1197 3210 1259 3248 ἄλ-

225 3276 304 3317 λους
334 3274 530 3326 ἀνθρώπους
548 3275 653 3325 λῆρον
671 3274 789 3323 ἡγεῖτο
808 3272 893 3325 πρὸς
912 3271 974 3318 τὴν
994 3271 1156 3316 τοιαύτην
1182 3268 1256 3313 ἐξέ-

224 3348 337 3371 τασιν.

959 182 1212 221 SCHOLIA
1246 183 1308 221 ΙΝ
1346 184 1546 224 RANAS.

1332 281 1395 306 811.
1425 270 1528 306 αὐτοῦ
1548 269 1613 321 γὰρ
1629 272 1646 307 ὁ
1665 269 1769 321 ἀγών.
1790 274 1827 304 R.

1333 339 1395 362 812.
1424 325 1469 369 ὥς
1489 326 1571 364 ὅταν
1590 327 1621 376 γ’
1641 329 1671 365 οἳ
1698 327 1861 365 δεσπόται
1883 342 1891 367 ;
1912 327 2025 368 Ὅταν
2045 328 2111 382 γὰρ
2132 331 2162 367 οἱ
2183 328 2311 367 δεσπό-

1282 396 1340 418 ται
1357 382 1575 427 σπουδάζωσι
1591 383 1711 421 θᾶττόν
1726 400 1759 421 τι
1775 386 2049 436 ἀπαρτισθῆναι,
2066 386 2313 433 ἐπιπλήττουσι

1284 444 1353 481 τοῖς
1372 438 1518 486 δούλοις,
1531 437 1586 477 ἵνα
1603 443 1724 478 θᾶττον
1745 442 1942 493 ἐνεργῶσιν.

1337 509 1404 535 814.
1434 491 1552 548 [ἦπου
1569 497 1676 534 δεινὸν
1693 498 1914 550 ἐριὸρεμέτας
1931 514 1940 539 :
1962 501 2116 553 Κορωνὶς
2134 501 2194 540 καὶ
2213 501 2321 539 εἴσθε-
2343 515 2359 539 5

1287 568 1339 596 σις
1368 553 1493 603 μέλους
1518 557 1624 606 χοροῦ
1653 556 1905 608 μονοστροφικὴ
1920 588 1929 603 ,
1953 557 2119 610 τέσσαρος
2148 558 2323 611 περιόδους

1287 609 1424 659 ὁμοίους
1454 610 1595 662 ἔχουσα.
1625 611 1668 648 τὰ
1700 613 1798 649 κῶλα
1822 614 1852 649 δ’
1881 613 2028 660 ἑκάστης
2051 615 2209 668 περιόδου
2238 615 2322 652 εἰσὶν

1288 666 1376 704 ἑπτὰ
1395 667 1574 720 ἰσόμετρα.
1590 662 1637 706 ὧν
1651 668 1695 706 τὰ
1712 668 1773 719 μὲν
1787 672 1908 721 πρῶτα
1920 671 1979 708 καὶ
1994 672 2093 723 τρίτα
2106 673 2165 710 καὶ
2179 673 2323 722 πέμπτα

1290 725 1490 762 δακτυλικά.
1512 726 1603 764 ἀλλὰ
1635 725 1680 763 τὰ
1707 726 1769 776 μὲν
1798 729 2036 784 ἑφθημιμερῆ,
2061 729 2106 766 τὰ
2125 729 2160 767 δὲ
2179 729 2323 779 πέμπτα

1289 786 1542 836 πενθημιμερῆ.
1552 782 1596 820 τὰ
1611 783 1753 836 δεύτερα
1769 784 1828 822 καὶ
1838 784 1986 836 τέταρτα
1997 785 2056 823 καὶ
2073 786 2156 824 ἕκτα
2170 788 2322 824 ἀναπαι-
2348 800 2379 825 ιο

1292 839 1393 878 στικὰ
1409 843 1641 893 ἑφθημιμερῆ.
1659 840 1705 879 τὰ
1721 842 1749 879 δ’
1766 841 1899 892 ἕὸδομα
1917 842 2090 895 τροχαϊκὰ
2109 838 2327 896 ἑφθημιμερῆ

1291 899 1507 952 Εὐριπίδεια.
1531 904 1735 953 μετροῦνται
1756 899 1872 951 μέντοι
1891 901 1950 939 καὶ
1967 900 2057 939 κατὰ
2080 900 2140 940 δύο
2165 902 2329 939 δακτυλι-

1291 956 1371 1000 κοὺς
1389 957 1596 1009 ἑξαμέτρους
1612 958 1672 996 καὶ
1691 957 1751 996 ἕνα
1768 958 2005 1011 πεντάμετρον
2023 958 2084 997 καὶ
2111 958 2171 997 ἕνα
2188 964 2331 1012 τροχαῖ-

1292 1015 1350 1053 κὸν
1369 1015 1526 1068 δίμετρον
1544 1015 1843 1068 καταληκτικόν.]]

1346 1068 1434 1119 ἦπου
1464 1074 1570 1111 δεινὸν
1599 1073 1821 1126 ἐριὸρεμέτας
1851 1088 1859 1113 :
1895 1074 1939 1113 ‘O
1968 1074 2140 1127 Αἰσχύλος
2175 1072 2261 1126 πρὸς
2290 1073 2330 1111 τὸ
2349 1085 2381 1109 15

1297 1133 1483 1183 βροντῶδες
1506 1134 1575 1169 τῶν
1606 1131 1772 1184 ῥημάτων
1798 1132 1859 1170 καὶ
1878 1133 2081 1183 κομπῶδες·
2102 1127 2158 1171 οἶά
2174 1134 2248 1170 ἐστι
2264 1132 2333 1169 κά-

1294 1190 1388 1227 κεῖνα
1403 1191 1437 1227 ἐν
1453 1191 1544 1242 ἀρχῇ
1563 1193 1621 1228 τοῦ
1642 1189 1855 1242 Προμηθέως

1420 1304 1526 1344 χθονὸς
1541 1304 1594 1344 μὲν
1609 1304 1638 1339 ἐς
1654 1304 1800 1345 τηλουρὸν
1812 1304 1927 1344 ἥκομεν
1943 1305 2047 1344 πέδον,

1420 1350 1537 1386 Σκύθην
1554 1350 1582 1385 ἐς
1595 1350 1696 1390 οἷμον,
1713 1350 1841 1390 ἄὸροτον
1857 1352 1899 1386 εἰς
1912 1351 2049 1391 ἐρημίαν.

1421 1397 1592 1436 ''Reputo-te,
1608 1397 1657 1427 σοὶ
1674 1397 1706 1427 δὲ
1721 1397 1779 1437 χρὴ
1794 1397 1893 1436 μέλειν
1907 1397 2089 1436 ἐπιστολὰς,
2356 1404 2392 1428 20

1423 1437 1458 1473 ἅς
1475 1448 1524 1467 σοι
1540 1437 1641 1477 πατὴρ
1655 1437 1752 1477 ἐφεῖτο
1762 1460 1771 1475 ,
1787 1437 1874 1468 τόνδε
1887 1438 1960 1478 πρὸς
1973 1438 2097 1478 πέτραις

1422 1484 1667 1524 ὑψηλοκρήμνοις
1682 1483 1734 1514 τὸν
1753 1483 1886 1524 λεωργὸν
1905 1483 2064 1524 ὀχμάσαι,

1425 1529 1637 1570 ἀδαμαντίνων
1651 1529 1772 1561 δεσμῶν
1788 1530 1818 1561 ἐν
1835 1530 1994 1570 ἀρρήκτοις
2007 1530 2122 1566 πέδαις.

1302 1626 1362 1665 καὶ
1382 1626 1488 1665 πάλιν

1427 1732 1635 1773 ἀδαμαντίνου
1648 1735 1700 1763 νῦν
1715 1731 1827 1771 σφηνὸς
1843 1731 1959 1769 αὐθάδη
1972 1731 2084 1770 γνάθον
2361 1742 2395 1766 25

1427 1780 1559 1820 στέρνων
1573 1778 1708 1819 διαμπὰξ
1719 1778 1892 1809 πασσάλευ’
1907 1778 2096 1819 ἐρρωμένως.

1359 1876 1582 1929 ἐριὸρεμέτας
1601 1890 1608 1915 :
1631 1876 1676 1915 ‘O
1697 1875 1937 1927 μεγαλόφωνος
1962 1874 2149 1926 Αἰσχύλος.
2167 1881 2228 1912 Br.

1358 1949 1421 1974 815.
1450 1933 1506 1972 τὸν
1526 1934 1627 1978 ὀξέως
1645 1935 1831 1971 λαλοῦντα.
1849 1940 1887 1970 R.
1905 1940 1946 1969 V.

1360 1993 1521 2044 θήγοντος
1540 1992 1679 2035 ὀδόντας
1713 2005 1722 2031 :
1755 1991 1839 2029 Ἀπὸ
1866 1995 2062 2042 μεταφορᾶς
2086 1983 2163 2026 εἷπε
2183 1991 2251 2027 τῶν
2269 1989 2345 2040 χοί-

1309 2067 1388 2103 ρων,
1408 2050 1441 2089 οἳ
1456 2050 1538 2088 ὅταν
1562 2052 1608 2093 εἰς
1627 2049 1746 2100 μάχην
1772 2047 2122 2101 παρασκευάζωνται,
2143 2049 2243 2084 τοῦτο
2265 2061 2346 2084 ποι-
2365 2069 2400 2094 30

1307 2113 1395 2148 οῦσι.
1417 2107 1647 2159 στροὸήσεται
1667 2106 1721 2153 δὲ,
1742 2106 1817 2143 ἀντὶ
1833 2109 1892 2143 τοῦ
1911 2103 2183 2156 ταραχθήσεται.

1359 2181 1422 2205 816.
1453 2165 1653 2218 Εὐριπίδου.
1671 2173 1710 2203 R.

1360 2238 1424 2263 817.
1454 2221 1724 2275 ταραχθήσεται.
1745 2229 1784 2259 R.

1361 2296 1425 2321 818.
1455 2281 1630 2334 ὑψιλόφων
1653 2296 1689 2317 τε
1712 2278 1822 2331 λόγων
1845 2292 1853 2317 :
1880 2280 1960 2317 Τῶν
1980 2281 2041 2316 τοῦ
2065 2275 2261 2328 Αἰσχύλου·
2292 2275 2350 2314 διὰ

1309 2341 1355 2388 τὸ,
1368 2339 1512 2393 ὑψηλόν.
1533 2338 1713 2391 [τουτέστι
1732 2335 1927 2387 μετεώρων,
1943 2334 2145 2386 uminum]
2167 2349 2350 2385 χαρακτη-
2368 2358 2403 2384 35

1312 2399 1394 2453 ρίζει
1416 2398 1451 2436 δὲ
1473 2396 1704 2449 ἀμφοτέρους,
1723 2393 1915 2447 Εὐριπίδην
1936 2392 1995 2430 καὶ
2013 2390 2200 2442 Αἰσχύλον.

1362 2471 1424 2495 819.
1455 2456 1675 2503 σκινδαλμῶν
1692 2468 1728 2490 τε
1747 2450 1938 2503 παραξόνια
1957 2463 1966 2487 :
1985 2447 2203 2497 Σκινδαλμὸς
2222 2447 2348 2498 κυρίως

1310 2515 1349 2553 τὸ
1372 2513 1452 2566 περὶ
1467 2513 1524 2550 τὸν
1545 2511 1658 2565 φλοιὸν
1678 2514 1736 2548 τοῦ
1757 2508 1918 2557 καλάμου
1940 2506 2062 2555 ξέσμα.
2084 2504 2277 2556 παραξόνια
2295 2503 2350 2550 δὲ,

1311 2568 1379 2611 οἷον
1400 2570 1589 2615 κινδυνώδη
1610 2568 1670 2606 καὶ
1690 2565 1897 2617 παράὸολα,
1924 2562 2003 2614 περὶ
2025 2562 2082 2599 τὸν
2105 2563 2229 2614 τροχὸν
2252 2559 2352 2598 ἑλκό-

1313 2645 1411 2680 μενα.
1434 2624 1518 2673 ’(καὶ
1544 2627 1615 2664 ἄνω
1643 2625 1718 2675 [99]
1751 2624 1815 2675 ἔφη
1847 2622 1902 2658 ἐπ’
1929 2622 2032 2657 αὐτοῦ
2065 2622 2125 2656 τοῦ
2158 2617 2347 2669 Εὐριπίδου
2370 2643 2404 2668 40

1313 2706 1328 2721 «
1347 2685 1511 2725 τοιουτονί
1531 2701 1562 2722 τι
1582 2677 1989 2736 παρακεκινδυνευμένον.
2015 2696 2030 2712 »
2112 2675 2256 2718 Ἄλλως.
2279 2690 2349 2713 πα-

1314 2745 1449 2798 ραξόνια
1461 2774 1470 2791 ,
1488 2740 1714 2790 κινδυνώδη·)
1737 2738 1804 2776 ἀπὸ
1820 2741 1880 2775 τοῦ
1898 2735 2026 2780 ἄξονος.
2044 2734 2098 2771 ἀεὶ
2113 2733 2181 2783 γὰρ
2197 2733 2236 2771 τὸ
2251 2732 2351 2785 μέρος

1311 2807 1412 2841 τοῦτο
1427 2799 1626 2840 κινδυνεύει.
1648 2796 1870 2848 σμιλεύματα
1891 2794 1944 2841 δὲ,
1962 2791 2006 2830 τὰ
2026 2790 2265 2841 ἐκὸαλλόμενα
2283 2789 2353 2828 ἀπὸ

1313 2861 1450 2911 σμίλης.
1471 2858 1548 2897 ἀντὶ
1567 2861 1626 2895 τοῦ
1649 2855 1898 2905 διαγλύμματα
1913 2882 1923 2901 ,
1942 2850 2165 2903 ἐρεθίσματα.
2186 2871 2238 2877 —-
2255 2863 2351 2899 σχιν-

1313 2920 1454 2969 δαλμῶν
1474 2930 1482 2956 :
1500 2916 1755 2964 Λεπτολογιῶν.
1793 2920 1853 2950 Br.
1872 2907 2157 2962 φιλονεικήματα.
2177 2913 2215 2943 R.
2371 2934 2404 2958 45

1365 2989 1430 3014 820.
1461 2970 1747 3027 [[φρενοτέκτονος
1768 2983 1776 3008 :
1797 2971 1869 3008 Τοῦ
1890 2969 1928 3005 ἐκ
1946 2968 2007 3011 τῆς
2024 2966 2129 3002 αὐτοῦ
2150 2962 2268 3016 φρενὸς
2294 2977 2350 3000 τε·

1313 3024 1537 3083 κταινομένου
1554 3031 1614 3069 καὶ
1630 3027 1843 3069 συντεθέντος
1858 3023 2048 3076 Αἰσχύλου.
2068 3025 2180 3059 ταῦτα
2193 3019 2230 3058 δὲ
2242 3018 2351 3069 λέγει,

1315 3091 1434 3137 ἐπειδὴ
1465 3089 1628 3132 τοιούτοις
1656 3086 1820 3136 ὀνόμασιν
1840 3082 2016 3135 Αἰσχύλος
2035 3079 2204 3131 ἐκέχρητο
2223 3076 2352 3115 κτύπον

1315 3151 1534 3188 ἀποτελοῦσι.
1554 3147 1593 3184 τὸ
1621 3145 1656 3183 δὲ
1678 3145 1769 3190 ἑξῆς,
1798 3141 1907 3195 φωτὸς
1937 3137 2176 3190 ἀμυνομένου,
2195 3133 2352 3173 τουτέστι

1314 3211 1374 3246 τοῦ
1396 3205 1580 3258 Εὐριπίδου
1597 3201 1813 3254 ἀμυνομένου
1829 3199 1873 3238 τὰ
1888 3195 2117 3246 ἱπποδάμονα
2134 3192 2273 3246 ῥήματα
2291 3194 2351 3228 τοῦ
2369 3220 2404 3245 50

1315 3264 1573 3319 φρενοτέκτονος
1590 3260 1728 3313 ἀνδρός·
1749 3257 1905 3297 τουτέστι
1924 3258 1984 3293 τοῦ
2005 3249 2223 3303 Αἰσχύλου]

1368 3339 1432 3365 821.
1463 3321 1559 3373 παρὰ
1580 3319 1642 3366 τὴν
1666 3318 1765 3371 βάσιν
1785 3320 1852 3354 τῶν
1870 3314 1999 3353 ἵππων.
2020 3318 2059 3348 R.
