2485 3808
871 253 1240 293 ARGUMENTA
1277 253 1526 294 NUBIUM.

134 343 216 394 πίδῃ
237 341 439 393 καλουμένῳ
464 339 683 393 φρονήματος
704 338 844 390 γέμοντι
863 340 1024 386 ἀστικοῦ,
1043 338 1101 376 καὶ
1119 338 1174 376 διὰ

133 406 196 453 τὴν
222 409 283 453 τῆς
309 404 421 447 οἰκίας
449 402 620 453 εὐγενείας
642 402 866 440 πολυτέλειαν
894 401 1010 440 πάντα
1035 402 1079 440 τὰ
1108 418 1177 445 τοις

133 473 267 522 γονεῦσι
299 466 474 520 προσόντα
508 465 819 512 καταναλώσαντι,
854 464 913 502 καὶ
951 465 1104 516 μάλιστα
1131 481 1177 508 εις

134 531 375 585 ἱπποτροφίας.
398 533 420 577 ἦ
440 528 507 583 γὰρ
533 532 600 567 τῶν
623 530 903 579 Ἀλκμαιωνιδῶν
923 528 1014 567 οἰκία
1040 529 1115 567 ὅθεν
1134 545 1155 575 η

134 596 173 634 τὸ
197 594 281 648 πρὸς
308 593 437 647 μητρὸς
466 593 560 644 γένος
587 595 636 644 τῷ
667 592 884 645 μειρακίσκω
910 592 944 636 ἐς
973 594 1106 644 ἀργῆς,
1131 590 1177 635 ὥς

134 674 238 712 φησιν
254 657 479 711 “Ηρόδοτος,“
473 656 680 709 ιπποτρόφος
697 660 738 702 ἠν
756 671 814 694 και
830 654 935 693 πολλ
924 672 960 698 ας
975 653 1175 707 ἀνῃρημένη

134 722 195 767 τὰς
210 722 324 769 νίκας,
346 721 408 765 τὰς
428 723 490 771 μὲν
507 720 741 771 Ὀλυμπίασι,
755 736 816 763 τας
833 719 868 757 δὲ
887 722 1014 765 Πυθοῖ,
1032 718 1124 762 ἐνίας
1141 718 1175 756 δὲ

135 786 270 837 Ἰσθμοῖ
285 785 344 823 καὶ
365 784 504 837 Νεμέα,
521 784 580 821 καὶ
597 784 706 827 ἄλλας
724 785 758 820 ἐν
777 783 905 826 ἄλλοις.
926 783 1176 832 εὐδοκιμουσαν

134 845 192 890 οῦν
221 853 308 904 ὁρῶν
329 853 347 888 6
365 849 540 892 νεανίσκος
563 847 727 886 ἀπέκλινε
746 847 830 899 πρὸς
848 845 887 884 τὸ
907 841 985 892 Γἦθος
1005 848 1072 883 τῶν
1091 861 1177 898 προς

83 937 117 963 10
137 914 266 968 μητρὸς
293 913 483 967 προγόνων.
507 915 525 950 6
544 912 662 964 πατὴρ
688 905 745 950 οῦν
772 909 990 962 Στρεψιάδης
1015 909 1081 947 ὑπὸ
1105 925 1174 946 των

131 980 245 1030 χρεῶν
263 974 563 1026 καταπονούμενος
582 973 638 1012 διὰ
657 973 720 1020 τὴν
736 977 796 1011 τοῦ
810 973 932 1016 παιδὸς
944 972 1174 1025 ἱπποτροφίαν

633 1035 814 1088 wapoe'oet
829 1051 887 1073 'tov
909 1036 1038 1083 παῖδα,
1054 1035 1098 1073 ἵν
1117 1052 1165 1073 UT(

134 1040 296 1093 βούλεται
311 1042 546 1114 προσαγαγεῖν
563 1039 613 1089 τῷ

132 1107 237 1143 αὐτοῦ
260 1102 436 1155 διδαχθείη
459 1101 517 1140 τὸν
543 1101 660 1138 ἄδικον
683 1099 796 1150 λόγον,
822 1102 868 1144 ὡς
894 1099 934 1137 ἂν
961 1101 1151 1138 ἐντεῦθεν
1133 1100 1174 1137 σι’

132 1169 238 1206 αὐτοῦ
274 1166 353 1210 τοὺς
371 1163 549 1208 δανειστὰς
581 1163 857 1217 ἀποκρούσηται.
884 1165 995 1201 δεῖται
1028 1167 1085 1202 οὖν
1114 1180 1174 1202 του

79 1242 111 1267 15
130 1229 252 1273 παιδὸς
272 1231 456 1275 πεισθῆναι
482 1229 552 1270 τοῖς
582 1225 863 1279 βεὸουλευμένοις
890 1228 999 1279 αὐτῷ·
1026 1226 1074 1277 μὴ
1098 1242 1176 1264 πει-

129 1292 265 1336 σθέντος
277 1290 314 1330 δὲ
330 1290 470 1339 τούτου,
489 1289 646 1341 διαγνοὺς
662 1288 763 1333 αὐτὸς
780 1288 887 1328 ἐλθὼν
906 1290 1089 1340 μανθάνειν
1102 1306 1172 1341 μη-

130 1355 251 1406 δεμίαν
267 1357 328 1402 τῆς
349 1357 408 1393 τοῦ
429 1353 543 1406 γήρως
564 1352 702 1399 ἡλικίας
732 1352 895 1405 φροντίδα
922 1353 1173 1404 ποιησάμενος,

130 1419 212 1470 μηδ’
232 1416 430 1468 ἐνθυμηθεὶς
446 1415 478 1454 εἴ
492 1431 580 1454 τισιν
596 1415 723 1454 ἄτοπον
742 1414 866 1460 δόξειεν
884 1415 971 1468 ἀνὴρ
992 1418 1026 1454 ἐν
1046 1415 1174 1469 γήραος

129 1483 219 1535 οὗδῷ
240 1480 423 1533 μανθάνειν
443 1479 602 1528 καθάπερ
622 1481 749 1530 κομιδῆ
770 1478 843 1523 νέος
862 1480 1073 1532 ἀρχόμενος,
1095 1481 1173 1518 ἀλλ’

76 1557 112 1581 20
131 1547 178 1589 εἷς
197 1545 232 1583 ἓν
248 1542 459 1598 ἀφεωρακὼς
480 1543 582 1594 μόνον
599 1543 724 1590 ἐκεῖνο,
751 1542 810 1580 ἐὰν
838 1542 905 1595 ἄρα
930 1537 998 1586 οἷός
1016 1559 1052 1581 τε
1072 1543 1171 1594 γένη-

129 1626 188 1648 ται
207 1609 285 1653 τοὺς
312 1607 491 1651 δανειστὰς
513 1606 569 1645 διὰ
595 1610 732 1650 πειθοῦς
759 1609 997 1660 ἀποστερῆσαι
1016 1607 1059 1645 τὰ
1085 1607 1172 1660 χρή-

131 1689 245 1724 ματα,
265 1673 366 1716 αὐτὸς
382 1671 538 1724 πρόσεισι
557 1673 606 1724 τῷ
627 1669 827 1723 Σωκράτει,
845 1670 904 1708 καὶ
921 1670 1080 1721 μαθητήν
1098 1687 1173 1709 τινα

129 1740 188 1774 τοῦ
209 1736 418 1789 Σωκράτους
433 1734 614 1772 καλείσθαι
635 1734 678 1783 (1.
691 1733 852 1783 καλέσας)
877 1734 1074 1786 διαλέγεται
1092 1734 1172 1787 περὶ

128 1800 268 1848 τούτου,
301 1800 362 1838 καὶ
388 1802 450 1846 τῆς
481 1798 661 1852 διατριὸἧς
696 1798 928 1846 διαλυθείσης,
958 1801 988 1837 οἱ
1019 1800 1173 1849 μαθηταὶ

78 1878 112 1902 ει5
128 1864 246 1917 κύκλῳ
270 1862 460 1914 καθήμενοι
483 1861 622 1916 πιναροὶ
648 1864 858 1916 συνορῶνται
883 1863 942 1901 καὶ
967 1865 1070 1907 αὐτὸς
1096 1863 1131 1902 δὲ
1157 1866 1174 1902 6

130 1927 321 1981 Σωκράτης
343 1926 400 1965 ἐπὶ
415 1927 612 1980 κρεμάθρας
632 1926 864 1981 αἰωρούμενος
883 1929 942 1966 καὶ
963 1931 1173 1968 ἀποσκοπῶν

128 1990 173 2028 τὰ
192 1990 350 2043 μετέωρα
370 1993 560 2043 θεωρεῖται.
582 1990 670 2040 μετὰ
692 1995 803 2029 ταῦτα
823 1993 934 2029 τελεῖν
954 1993 1173 2046 παραλαῧὼν

128 2054 186 2092 τὸν
204 2054 402 2107 πρεσὸύτην
427 2054 486 2092 καὶ
505 2054 584 2099 τοὺς
602 2054 845 2105 νομιζομένους
866 2057 949 2109 παρ’
971 2059 1065 2109 αὐτῷ
1081 2057 1175 2102 θεοὺς

128 2118 345 2168 παραδοῦναι
359 2117 460 2170 Ἀέρα
476 2133 513 2155 τε
530 2117 589 2155 καὶ
604 2117 734 2171 Αἰθέρα
747 2148 757 2166 ,
777 2119 862 2172 πρὸς
882 2119 917 2157 δὲ
941 2119 1001 2157 καὶ
1019 2120 1175 2173 Νεφέλας

76 2198 112 2224 30
131 2181 396 2231 μετακαλεῖται·
413 2179 499 2233 πρὸς
515 2180 551 2218 ’δὲ
568 2180 631 2227 τὴν
652 2180 758 2232 εὐχὴν
783 2181 1001 2234 εἰσέρχονται
1020 2183 1175 2236 Νεφέλαι

129 2247 234 2297 χοροῦ
265 2247 388 2296 σχῆμα
422 2246 637 2297 πληροῦσαι·
666 2245 726 2283 καὶ
759 2246 1075 2298 φυσιολογήσαντος
1113 2249 1175 2286 οὐκ

131 2306 306 2350 ἀπιθάνως
336 2311 396 2345 τοῦ
425 2298 634 2360 Σωκράτους
669 2310 948 2362 ἀποστραφεῖσαι
976 2310 1062 2362 πρὸς
1097 2309 1175 2354 τοὺς

132 2369 254 2414 θεατὰς
273 2370 352 2423 περὶ
371 2371 538 2409 πλειόνων
558 2372 787 2424 διαλέγονται.
812 2372 900 2422 μετὰ
919 2376 1032 2411 ταῦτα
1051 2376 1069 2411 6
1089 2390 1174 2427 πρε-

132 2433 262 2481 σὸύτης
287 2434 531 2485 διδασκόμενος
552 2434 615 2486 μὲν
640 2437 675 2474 ἐν
700 2438 749 2488 τῷ
773 2439 929 2489 φανερῷ,
957 2436 1005 2487 μὴ
1033 2438 1121 2490 ἔχων
1146 2439 1175 2476 δ’

78 2519 112 2545 35
134 2499 371 2550 ὑπηρετοῦντα
402 2501 444 2549 τῇ
481 2498 642 2550 βουλήσει
668 2499 726 2537 τὸν
746 2503 835 2547 νοῦν,
857 2502 903 2543 εἷς
923 2500 1059 2551 γέλωτα
1080 2505 1174 2548 κινῆ-

133 2562 212 2597 σθαι
227 2561 270 2611 (1.
285 2559 440 2611 κινήσας)
451 2560 528 2605 τοὺς
542 2561 700 2612 μαθητὰς
719 2566 778 2600 τοῦ
791 2563 1035 2602 διδασκαλείου
1046 2564 1176 2603 ἐκὸάλ-

133 2624 230 2662 λεται
251 2623 311 2662 καὶ
331 2624 530 2678 προσελθὼν
548 2619 642 2669 αὖθις
660 2628 710 2679 τῷ
727 2626 844 2673 παιδὶ,
863 2628 1008 2670 πολλαῖς
1027 2627 1172 2667 πέπεικε

131 2688 206 2731 ταῖς
233 2688 391 2735 δεήσεσιν
417 2687 477 2727 ἕνα
501 2692 570 2727 τῶν
592 2690 802 2742 Σωκράτους
827 2693 1004 2742 ὁμιλητῶν
1030 2696 1176 2744 γεγενῆ-

134 2753 224 2790 σθαι.
245 2750 444 2798 συνίστησιν
470 2745 528 2790 οῦν
554 2752 658 2790 αὐτὸν
682 2756 732 2805 τῷ
759 2753 941 2807 Σωκράτει
967 2754 1027 2793 καὶ
1050 2755 1174 2807 ἐξαγα-

80 2829 117 2855 40
134 2813 251 2865 γόντος
279 2815 488 2867 Σωκράτους
515 2817 550 2854 ἐν
572 2819 622 2870 τῷ
654 2817 789 2870 θεάτρῳ
808 2818 866 2856 τὸν
887 2819 1004 2858 ἄδικον
1036 2821 1096 2858 καὶ
1116 2820 1173 2858 τὸν

135 2875 266 2914 δίκαιον
295 2876 409 2928 λόγον,
430 2879 691 2930 διαγωνίζονται
720 2880 805 2932 πρὸς
834 2881 1006 2928 ἀλλήλους
1022 2884 1053 2920 οἱ
1079 2882 1174 2935 λόγοι

134 2937 196 2976 καὶ
226 2939 376 2986 νικηθεὶς
403 2942 422 2977 6
449 2940 565 2985 ἄδικος
592 2943 809 2994 παραλαὸὼν
837 2943 895 2981 τὸν
921 2944 995 2983 νέον
1022 2945 1109 2997 πρὸς
1136 2946 1175 2984 τὸ

136 2999 288 3048 διδάξαι,
307 3001 368 3039 καὶ
385 3003 512 3047 ἱκανῶς
539 3004 749 3046 ἐκδιδάσκει.
778 3008 824 3050 ὡς
842 3001 900 3045 οῦν
919 3007 986 3054 ἤδη
1015 3009 1174 3046 ἐκπεπο-

135 3062 284 3113 νημένον
312 3063 545 3114 κομισάμενος
572 3066 676 3104 αὐτὸν
695 3070 713 3106 6
740 3068 858 3121 πατὴρ
892 3070 1076 3123 ἐπηρεάζει
1107 3072 1176 3115 τοῖς

82 3146 118 3172 45
136 3123 325 3175 χρήσταις,
367 3123 427 3161 καὶ
462 3126 508 3168 ὡς
542 3131 786 3179 κατωρθωκὼς
824 3130 864 3168 τὸ
897 3131 1174 3182 σπουδαζόμενον

138 3185 290 3237 εὐωχίαν
323 3184 540 3232 συνίστησιν·
561 3189 596 3226 ἐν
624 3184 648 3240 ’ᾗ
674 3191 733 3229 καὶ
769 3193 963 3245 ἀντιλογίας
993 3195 1175 3246 γινομένης

137 3247 273 3300 πληγὰς
287 3246 436 3285 λαὸὼν“
424 3247 491 3285 υπὸ
507 3253 569 3287 τοῦ
587 3251 710 3296 παιδὸς
728 3253 845 3304 βοὴν“
831 3271 964 3302 ιστ-ησι·
980 3257 1044 3303 χαὶ
1064 3273 1173 3310 προσ-

141 3309 476 3360 καταλαλούμενος
463 3310 530 3348 υπὸ
556 3315 615 3349 τοῦ
634 3314 799 3358 παιδὸς”
778 3332 832 3354 οτι
851 3317 985 3357 δίκαιον
1010 3319 1088 3363 τοὺς
1105 3336 1176 3358 πα-

144 3373 245 3426 τέρας
274 3372 342 3411 ὑπὸ
379 3375 446 3411 τῶν
479 3375 560 3412 υιῶν
596 3374 781 3415 τύπτεσθαι
815 3382 1020 3433 ὑπεραλγῶν
1055 3384 1177 3422 τούτου

1149 467 1158 480 ³

1136 523 1177 565 τν

1143 845 1150 857 ι

1200 2890 1204 2917 1

2221 269 2267 300 7‘)

1234 338 1337 391 χάριν
1379 339 1620 377 κατασκάπτει
1651 339 1711 378 καὶ
1753 340 1951 394 ἐμπίπρησι
1979 342 2020 382 τὸ
2056 359 2268 398 σωκρατικον

1232 403 1504 456 φροντιστήριον.
1522 404 1594 442 ἐστὶ
1624 403 1660 442 δὲ
1688 406 1727 442 τὸ
1755 406 1872 459 δρᾶμα
1902 409 1970 445 τῶν
1995 407 2086 447 πάνυ
2116 411 2271 454 δυνατῶς

1233 466 1505 518 πεποιημένων.]

1643 567 1860 582 ——uooooe—

1458 633 1710 678 SCHOLIA
1744 637 1807 679 IN
1842 638 2046 682 NUBES.

1287 733 1316 786 [[
1322 736 1352 772 H
1368 733 1460 772 εἴσθε
1464 750 1515 778 σις
1528 738 1589 773 τοῦ
1602 735 1775 787 δράματος
1797 737 1942 790 ἄρχεται
1960 742 1998 777 ἐκ
2015 745 2276 792 συστηματικῆς

1233 791 1410 840 περιόδου,
1428 808 1488 829 και
1511 792 1585 838 ἑξης
1603 795 1641 831 ἐκ
1660 795 1856 845 προσώπων
1874 797 2080 847 ἀμοιὲαίων·
2100 802 2130 837 οἱ
2148 800 2183 837 δε
2199 801 2272 838 στί·

1231 865 1288 901 χοι
1320 850 1405 887 εἰσὶν
1438 850 1598 900 ἷαμὸικοὶ
1629 852 1807 906 τρίμετροι
1841 855 2078 902 ἀκατάληκτοι
2104 859 2174 895 σνθ’
2187 888 2196 905 ,
2225 862 2272 896 ὧν
2294 871 2310 896 5

1232 906 1431 959 προτίθεται
1450 909 1485 945 ἐν
1503 910 1595 960 ἀρχῇ
1606 913 1666 947 τοῦ
1684 910 1859 962 δράματος
1872 914 1982 950 κῶλον
2000 913 2164 963 ἷαμὸικὸν
2177 916 2275 965 μονό-

1233 980 1356 1018 μετρον
1377 965 1635 1012 ἀκατάληκτον.
1658 969 1693 1005 ἐν
1712 968 1842 1006 εκθέσει
1858 972 1969 1008 κωλον
1987 972 2152 1022 ἷαμὸικὸν
2175 973 2272 1024 μονό-

1233 1038 1358 1074 μετρον
1383 1024 1638 1072 ἀκατάληκτον·
1656 1042 1716 1064 και
1734 1026 1823 1078 μετα
1849 1028 1908 1066 τὸν
1925 1029 2162 1068 διακοσιοστὸν
2179 1047 2276 1083 τρια-

1231 1081 1354 1119 κοστὸν
1400 1082 1514 1135 τρίτον
1555 1099 1669 1136 ετερον
1711 1087 1823 1123 κῶλον
1864 1086 2028 1137 ἷαμὸικὸν
2067 1105 2276 1142 μονομετρον

1234 1140 1587 1192 βραχυκατάληκτον.
1617 1144 1814 1188 τελευταῖος
1846 1144 1882 1183 δὲ
1901 1146 2041 1185 πάντων
2070 1147 2200 1186 τούτων
2222 1153 2277 1187 06-

1231 1213 1288 1242 τος

2298 1164 2330 1189 10

1354 1280 1625 1322 καταπαττόμενος
1638 1282 1696 1324 γὰρ
1708 1283 1849 1322 παιπάὶη
1863 1285 2047 1327 γενήσομαι.

1232 1348 1289 1386 Επὶ
1308 1364 1383 1392 ταῖς
1407 1350 1514 1389 <inoffi
1499 1367 1591 1390 ‘6362
1612 1369 1680 1390 'tov
1699 1355 1933 1406 συστημάτων
1954 1373 2194 1412 παραγραφῦς.
2220 1360 2276 1397 ἐπ’.

1232 1423 1267 1445 ΟΞ
1283 1424 1332 1446 τω
1351 1408 1442 1446 τέλει
1458 1425 1599 1448 παντων
1618 1427 1686 1448 των
1704 1412 1832 1464 στίγων
1849 1415 2005 1467 ΧΟρωνίς.
2009 1415 2027 1468 Ἦ

1285 1480 1310 1504 I.
1341 1465 1392 1503 ἷΟυ
1419 1466 1470 1504 ἷΟυ
2300 1495 2330 1519 15

1498 1481 1506 1506 :
1530 1469 1804 1520 Σχετλιαστικὸν
1834 1472 2026 1525 ἐπίρρημα.
2057 1473 2114 1512 διὰ
2141 1474 2207 1527 γὰρ
2240 1475 2278 1514 τὸ

1231 1524 1451 1597 ἐγρηγορέναι
1464 1526 1524 1563 καὶ
1540 1528 1725 1579 ἀγρυπνεῖν
1740 1530 1916 1582 δυσφορῶν
1932 1532 2076 1584 ἀναὸοᾷ.
2090 1533 2276 1583 συμὸαίνει

1229 1582 1296 1635 γὰρ
1310 1584 1380 1626 τοῖς
1394 1585 1606 1636 ἀγρυπνοῦσι
1624 1586 1804 1637 (μάλιστα)
1819 1589 1975 1639 μεγάλας
1990 1590 2052 1634 τὰς
2070 1590 2197 1636 νύκτας
2219 1608 2277 1631 νο-

1232 1641 1353 1691 μίζειν.
1367 1641 1595 1695 [ἠγρύπνει
1565 1659 1599 1681 οε
1614 1646 1630 1681 6
1641 1645 1860 1698 Στρείιιάδης
1877 1664 1925 1697 μη
1942 1648 2128 1698 δυνάμενος
2139 1648 2277 1688 ὑπνώτ-

1231 1715 1300 1736 τειν
1326 1699 1392 1737 ὑπὸ
1422 1703 1482 1746 τῆς
1513 1717 1580 1738 των
1605 1716 1716 1754 γρειΝ
1750 1704 1937 1756 φροντίδος.
1972 1705 2011 1744 τὸ
2035 1706 2070 1744 δὲ
2095 1707 2276 1759 προοίμιον

1232 1758 1529 1809 σχετλιαστικὸν
1513 1774 1552 1796 εκ
1573 1763 1631 1797 τοῦ
1646 1760 1892 1834 πράγματρς]
2297 1786 2333 1812 20

1284 1830 1312 1855 2.
1351 1818 1523 1868 βασιλεῦῑ
1544 1819 1656 1856 Οὐκ
1637 1834 1680 1870 αρ
1682 1821 1750 1870 γῶς
1768 1819 1837 1872 χρὴ
1858 1824 1960 1858 τοῦτο
1976 1820 2123 1871 νομίζειν
2144 1823 2279 1875 εἰρηκέ-

1231 1890 1287 1912 ναι
1309 1874 1366 1912 τὸν
1386 1890 1545 1922 ποιηιην·
1577 1875 1697 1927 ἔγεται
1715 1876 1782 1930 γὰρ
1803 1878 1954 1931 ἱστορίας
1972 1879 2011 1916 τὸ
2028 1882 2055 1917 ὠ
2087 1883 2153 1920 Ζεῦ
2179 1884 2278 1932 βασι-

1231 1935 1291 1971 λεῦ
1307 1933 1480 1980 τοιαύτης.
1498 1939 1569 1978 τοῖς
1587 1934 1775 1982 Ἀθηναίοις
1790 1936 2081 1990 Πυθόγρηστον’
2066 1938 2200 1988 εγένετο
2215 1955 2280 1977 κα-

1231 1993 1381 2030 ταλῦσαι
1393 1991 1455 2043 μὲν
1469 1991 1531 2036 τὰς
1544 1993 1739 2045 βασιλείας,
1757 1995 2021 2047 προστήσασθαι
2039 1995 2074 2034 δὲ
2090 1997 2150 2035 καὶ
2165 1997 2279 2035 σέὲειν

1232 2049 1301 2088 Δία
1335 2050 1495 2102 βασιλέα.
1529 2050 1619 2089 ὥστε
1651 2052 1691 2090 τὸ
1721 2052 1844 2105 λεχθὲν
1875 2057 1935 2100 τῆς
1968 2054 2121 2107 ἱστορίας
2151 2054 2279 2102 ταύτης

1233 2108 1374 2160 ἔχεσθαι
1393 2108 1461 2162 χρὴ
1482 2110 1642 2179 νομίζειν.
1665 2135 1714 2139 -
1733 2111 1873 2150 εἰώθασι
1894 2112 1930 2150 δὲ
1946 2112 2043 2166 παρὰ
2063 2112 2125 2157 τὰς
2145 2130 2279 2167 συμφο-

1234 2183 1294 2219 ρας
1314 2168 1466 2205 ἀναὲοαν
1501 2168 1558 2206 τὸν
1579 2168 1665 2216 Δία,
1692 2171 1738 2212 ὡς
1764 2169 1862 2222 παρὰ
1887 2187 1936 2222 τῳ
1955 2175 2082 2224 ποιητῇ
2102 2177 2209 2218 [Iliad.
2235 2181 2280 2220 Κ,

1235 2229 1280 2271 15]
1322 2225 1550 2276 Ἀγαμέμνων
1568 2244 1582 2260 α
1613 2227 1868 2280 προθελύμνους
1899 2211 2018 2267 ἕλκετο
2037 2229 2163 2281 χαίτας
2184 2230 2280 2283 ὑψόθ’

1233 2282 1322 2321 ἕοντι
1339 2260 1406 2322 Δῖί.
1430 2302 1444 2317 »
1460 2293 1498 2322 R.
1530 2292 1571 2322 V.

1285 2340 1324 2378 τὸ
1346 2344 1470 2394 χρῆ-μα
1491 2344 1559 2379 τῶν
1591 2345 1721 2380 νυκτῶν
1752 2356 1761 2382 :
1792 2343 1843 2382 T6
1873 2343 2031 2396 μέγεθος,
2063 2345 2102 2383 τὸ
2130 2344 2280 2398 ἔκταμα.

1238 2398 1360 2449 (ἔθος
1342 2398 1377 2436 03
1396 2414 1465 2442 τοις
1497 2400 1659 2444 Ἀττικοῖς
1686 2402 1853 2453 ἐπαγωγῇ
1873 2406 2024 2473 χρησθαι
2037 2434 2047 2452 ,
2067 2399 2152 2454 οἷον,
2179 2421 2280 2448 ιππος

1234 2456 1380 2494 σπάνιόν
1399 2473 1432 2495 τι
1452 2473 1587 2510 χρημα·
1614 2458 1704 2509 [καὶ]
1729 2460 1815 2509 γυνὴ
1837 2460 1981 2498 σπάνιόν
2001 2477 2034 2499 τι
2053 2464 2188 2513 χρῆμα·
2220 2479 2280 2501 και

1233 2530 1292 2551 επι
1317 2530 1385 2552 των
1405 2514 1519 2552 ἄλλων
1549 2515 1674 2566 ὁμοιως
1704 2519 1762 2554 ὧν·
1772 2516 1812 2554 ἂν
1833 2517 1979 2571 ἐξευρεῖν
1999 2519 2213 2572 βούλωνται
2208 2521 2281 2558 μά-

1231 2573 1360 2623 λιστα.)
1376 2598 1422 2602 —-
1439 2575 1473 2611 αἱ
1493 2573 1622 2618 νύκτες.
1643 2573 1750 2613 ὅσον;
1774 2575 1885 2615 Πολύ.
1901 2578 1947 2616 Θ.

1569 2631 1659 2670 Ἀντι
1675 2636 1733 2670 τοῦ
1756 2633 1869 2684 μέγα,
1893 2639 1932 2673 οὗ
1962 2635 2070 2688 πέρας
2087 2638 2148 2674 οὐκ
2169 2637 2276 2677 ἔστιν.

1233 2690 1263 2727 οἳ
1283 2688 1318 2727 δε
1339 2689 1529 2741 ἀπέραντον
1561 2689 1648 2740 μετὰ
1679 2695 1738 2729 τοῦ
1758 2708 1775 2728 ν
1803 2692 1996 2745 γράφοντες
2026 2694 2278 2747 ἁμαρτάνουσι.

1235 2746 1438 2793 ζητεῖται
1407 2756 1442 2785 οε
1458 2751 1531 2791 πῶς
1545 2748 1700 2799 μεγάλας
1715 2748 1776 2793 τὰς
1790 2750 1916 2794 νύκτας
1931 2751 2035 2802 λέγει.
2051 2756 2278 2790 Διονυσιακοῦ

1233 2804 1301 2857 γὰρ
1319 2805 1414 2848 ὄντος
1426 2810 1485 2843 τοῦ
1501 2806 1676 2859 δράματος
1687 2837 1697 2854 ,
1710 2808 1940 2845 συνεστάλθαι
1959 2825 2020 2852 τας
2033 2808 2157 2853 νύκτας
2173 2810 2235 2847 ἀνά
2238 2826 2278 2861 γ-

1232 2879 1298 2909 κη,
1330 2862 1386 2901 διὰ
1418 2863 1458 2901 τὸ
1484 2864 1629 2917 τοιούτῳ
1665 2869 1777 2918 καιρῷ
1804 2865 2009 2904 ὑποπίπτειν
2031 2866 2075 2904 τὰ
2100 2867 2276 2906 Διονύσια·

1233 2921 1326 2968 πλὴν
1344 2923 1373 2958 εἷ
1392 2922 1440 2972 μὴ
1460 2922 1571 2974 τούτῳ
1592 2922 1743 2972 μεγάλαι
1761 2923 2034 2975 καταφαίνονται
2053 2925 2122 2978 (τῷ
2141 2925 2277 2978 φροντί-

1232 2981 1299 3024 ζειν
1334 2979 1394 3016 καὶ
1428 2979 1646 3031 ἀγρυπνεῖν),
1675 2980 1758 3033 ὅπερ
1797 2981 1982 3031 συμὸαίνει
2014 2982 2165 3034 πάσχειν
2199 2983 2277 3027 τοὺς

1234 3039 1502 3090 ἀγρυπνοῦντας.
1531 3038 1779 3091 παρεπιγραφὴ
1802 3039 1849 3076 δέ.
1870 3040 2196 3092 συγκεκαλυμμένος
2217 3043 2276 3080 καὶ
2323 3040 2328 3047 ’

1233 3095 1408 3133 καθεύδων
1441 3095 1640 3133 ὑποτίθεται
1666 3095 2014 3149 ἐξανακαλυψάμενος
2041 3099 2101 3137 καὶ
2121 3099 2185 3144 ἔξω
2213 3099 2274 3146 τὴν
2321 3133 2326 3137 ,

1233 3152 1388 3205 κεφαλην
1399 3168 1546 3198 ποιησας
1556 3169 1615 3191 του
1594 3154 1896 3206 ’“’περιὸληματος.
1904 3179 1956 3185 -
1964 3156 2059 3203 ἀπλή
2064 3172 2182 3210 ρωτον,
2197 3159 2275 3195 ἀτε-

1233 3194 1388 3248 λείωτον.
1407 3220 1466 3249 Br.
1481 3210 1664 3263 ἀπέρατον,
1690 3212 1728 3250 τὸ
1750 3212 1798 3263 μὴ
1829 3213 1908 3265 ἔχον
1933 3213 2054 3287 πέρας·
2082 3214 2273 3268 ἀπέραντον
2291 3229 2324 3255 45

1256 3268 1288 3315 ὲ,
1308 3267 1348 3306 τὸ
1365 3267 1412 3318 μὴ
1431 3268 1690 3320 περαινόμενον,
1709 3271 1768 3308 καὶ
1786 3271 1823 3309 τὸ
1844 3271 1928 3324 ὅπερ
1949 3272 1998 3322 μὴ
2017 3271 2144 3310 δύναιτ’
2165 3272 2205 3309 ἄν
2224 3288 2274 3315 τις

1235 3325 1393 3370 ἐξελθεῖν.
1411 3334 1447 3364 C.
1470 3328 1598 3371 ἀτελες·
1619 3330 1650 3366 οἱ
1671 3328 1737 3382 γὰρ
1755 3331 2005 3381 ἀγρυπνοῦντες
2021 3330 2087 3368 ὑπὸ
2101 3330 2273 3382 φροντίδος

1236 3383 1325 3428 τινὸς
1342 3385 1497 3435 μεγάλας
1518 3385 1576 3430 τὰς
1592 3386 1718 3431 νύκτας
1737 3388 1942 3438 λογίζονται.
1961 3391 2006 3428 Θ.

2298 2076 2332 2101 25

1285 2644 1312 2669 3.
1344 2631 1544 2684 ἀπέρατονε
2299 2662 2332 2687 35

2295 2959 2330 2984 40
