2533 3808
224 294 297 327 200

224 375 304 412 ὅταν
322 372 385 422 ἔχῃ
405 368 467 415 τὴν
484 365 592 417 μέσην
610 363 759 410 ἠλικίαν,
779 359 885 411 ἀμνὸς
903 360 1074 398 καλεῖται.
1096 359 1126 395 οἵ
1144 356 1179 395 83
1197 356 1254 394 τὸν

221 430 388 469 ἐνιαύσιον
409 426 496 478 ἄρνα
517 422 624 473 ἀμνὸν
644 422 822 458 καλοῦσιν.

272 512 336 536 939.
367 498 412 538 ὡς
435 492 534 530 πάνθ’
562 490 612 528 ὅσ’
638 490 678 527 ἂν
702 488 774 531 θεὸς
799 486 881 538 θέλῃ
911 500 919 525 :
945 485 1000 535 (Ὁ
1020 483 1123 537 χορὸς
1146 487 1256 521 ταῦτα

220 554 403 625 θαυμάζων
432 551 484 588 ὅτι
512 548 707 601 ηὖτύγησεν
735 549 752 584 ὁ
776 546 885 599 γέρων
916 545 991 582 καθ’
1022 542 1154 580 ἑαυτόν.
1183 546 1257 579 εἶτα

184 628 200 652 5
220 614 303 663 πρὸς
321 612 379 649 τὸν
397 606 596 660 πρεσὸύτην
616 604 699 658 φησὶ
718 603 756 653 τὸ
775 618 882 655 χωρει
902 600 993 639 κατὰ
1009 604 1098 646 νοῦν,
1121 603 1194 636 εἶτα
1215 598 1258 635 τὰ

219 671 294 716 ἑξῆς
313 668 418 707 πάλιν
439 665 534 717 ἰδία.)
555 662 642 705 τινὲς
663 661 697 699 83
717 660 823 704 ούτως
844 679 859 693 α
879 658 976 697 aad&
1001 658 1041 696 ἂν
1064 657 1206 695 θέλωσιν
1228 658 1258 694 οἱ

220 727 307 773 θεοι,
328 742 387 764 και
402 727 424 770 ἡ
442 723 532 775 τύχη
549 723 757 773 κατορθοῖ.»

272 796 390 840 διπλῆ·
416 791 536 830 ἕπεται
563 788 630 841 γὰρ
660 805 700 839 με
688 789 777 835 λξος,
806 786 823 825 8
853 787 987 824 ὑπονοῶ
1017 784 1078 836 μὲν
1106 783 1196 835 ἔχειν
1220 783 1259 820 τὸ

221 852 444 904 ἀντίστροφον
461 851 493 886 ἐν
512 847 661 899 διεχεία,
681 846 818 899 φέρεται
837 844 872 882 83
887 847 932 887 ὡς
948 843 1119 896 διάφορον.
1139 840 1259 893 διόπερ

170 921 249 949 ιοπ
222 909 388 963 πρότερον
405 905 654 960 παραθήσομαι
673 907 718 947 ὡς
735 919 775 956 φε
768 903 888 956 ’ρεται.
907 918 967 939 και
988 901 1076 939 εὀικε
1078 916 1095 937 ν
1115 902 1260 938 ἐνταῦθα

219 968 259 1007 τὸ
283 969 446 1019 κατορθοῖ
472 961 684 1017 περιττεύειν
711 978 770 999 και
795 964 812 998 ὃ
834 977 871 998 τε
897 959 1085 1009 σύνδεσμος
1109 957 1193 1010 πρὸς
1221 955 1260 993 τὸ

221 1045 238 1060 «ι
259 1025 298 1064 σέ
317 1040 369 1063 τοι
386 1022 507 1075 θύρασι
523 1019 592 1073 χρὴ
613 1019 725 1071 μένειν
745 1019 845 1061 ὄντας
860 1017 1004 1060 τινάς.»
1022 1016 1081 1054 καὶ
1102 1019 1203 1052 τοῦτο
1226 1013 1260 1051 83

222 1082 416 1136 ἁμάρτημά
440 1083 543 1126 ἐστιν,
565 1078 617 1116 ὅτι
636 1081 759 1131 πριΝ)τα
776 1077 807 1149 γ’
827 1076 924 1114 κωλά
951 1077 1023 1112 ἐστι
1048 1073 1107 1111 καὶ
1135 1076 1250 1122 μετς

222 1141 313 1182 ἀλλὰ
328 1145 439 1179 ταῦτα
453 1138 513 1190 μὲν
526 1137 654 1183 ἐατέον,
668 1139 712 1179 ὡς
728 1135 762 1173 83
776 1152 791 1172 ε
793 1150 869 1186 χει
888 1132 1081 1183 ἐξηγητέον.
1096 1130 1135 1168 τὸ
1152 1129 1262 1167 τοίνυν

171 1217 202 1241 15
221 1202 356 1253 πρῶτον
373 1214 441 1236 των
461 1200 564 1249 τριῶν
580 1195 700 1234 κώλων
718 1198 775 1231 τοῦ
795 1196 978 1243 ὑποκριτοῦ
997 1189 1124 1239 ἴαμὸος
1140 1187 1262 1240 τετρά-

223 1274 345 1311 μετρος
375 1253 628 1301 καταληκτικὸς
659 1268 719 1290 και
761 1248 996 1288 ἀναπαιστικὰ
1029 1247 1088 1285 δύο
1120 1246 1264 1297 δίμετρα

226 1313 467 1361 ἀκατάληκτόν
499 1329 536 1351 τε
569 1312 628 1350 καὶ
661 1308 928 1355 καταληκτικόν.
961 1311 1035 1344 εἶτα
1071 1321 1104 1342 εν
1137 1303 1266 1341 ἐκθέσει

225 1373 341 1426 στίχος
356 1372 518 1423 ἷαμὸικος
534 1370 761 1422 τετράμετρος
777 1365 1030 1412 καταληκτικὸς
1047 1368 1105 1401 τοῦ
1124 1365 1266 1413 ὑποκρι-

225 1437 283 1471 τοῦ
300 1432 359 1470 καὶ
377 1433 410 1468 ἐν
428 1429 572 1468 εἷο-θέσει
590 1432 649 1465 του
665 1429 795 1479 χοροῦ,
812 1428 850 1462 οὑ
866 1425 906 1462 τὸ
922 1425 1058 1475 πριΝ)τον
1079 1421 1268 1474 προσοδια-

174 1505 209 1529 20
228 1490 285 1529 κὸν
304 1489 549 1537 ἑνδεκάσημον,
567 1486 606 1524 τὸ
629 1486 657 1534 β’
682 1482 932 1522 ἀναπαιστικὸν
949 1481 1103 1534 τρίπουν,
1123 1479 1162 1517 τὸ
1182 1478 1217 1516 83
1234 1474 1268 1528 γ’

228 1547 390 1599 ἰαμὸικὸν
421 1543 672 1617 ἑφθημιυιερὲς,
691 1558 730 1580 το
767 1542 802 1579 83
832 1542 859 1579 δ’
883 1540 1027 1591 σύζυγον
1054 1536 1264 1588 ἷαμῧικὸν
1246 1554 1268 1582 η

229 1604 491 1650 ἀναπαιστικὸν,
512 1603 550 1641 τὸ
575 1602 610 1640 δε
637 1602 662 1638 ε’
681 1599 845 1651 ἷαμὸικὸν
873 1596 1088 1651 ἐφθημιμερέ
1091 1613 1119 1639 ς.
1141 1600 1216 1633 εἶτα
1236 1611 1270 1632 εν

229 1663 358 1702 ἐκθέσει
377 1666 436 1700 τοῦ
457 1664 642 1713 ὑποκριτοῦ
665 1659 810 1710 δίστιγοι
829 1657 952 1707 ’ἴαμὸοι
973 1657 1136 1714 δίμετροι
1157 1669 1270 1691 κατα-

227 1721 397 1769 ληκτικοί.
418 1737 477 1758 και
495 1722 528 1757 ἐν
551 1718 695 1756 εἷσθεσει
715 1723 773 1756 τοῦ
791 1719 897 1768 χοροῦ
917 1714 950 1758 ἒξ
972 1715 1089 1759 κῶλα,
1111 1717 1157 1750 ὣν
1178 1711 1217 1749 τὸ
1238 1728 1258 1748 α

176 1799 210 1823 25
229 1780 428 1831 ἷαμὸικὸν
411 1778 568 1830 οίμετρον
587 1776 845 1821 ἀκατάληκτον,
863 1774 902 1811 τὸ
921 1774 986 1824 β’ἐ
990 1770 1189 1821 ’ξῖαμὸικης
1209 1769 1271 1821 βά-

231 1854 316 1882 σεως
335 1854 394 1876 και
412 1838 603 1889 τρογαϊκης
621 1835 894 1878 καταληκτικῆς.
916 1830 956 1868 τὸ
976 1831 1005 1880 γ’
1034 1828 1197 1879 ἷαμὸικὸν
1218 1826 1271 1864 δί-

233 1911 356 1949 μετρον
374 1894 630 1941 ἀκατάληκτον.
648 1891 687 1929 τὸ
706 1893 734 1935 ς’
758 1889 913 1929 Ἰωνικὸν
934 1886 1106 1938 ἡμιόλιον.
1126 1894 1167 1923 V.

284 1980 348 2005 940.
379 1965 491 2007 ἄλλως
517 1964 612 2016 ἄλλῳ
639 1960 730 2000 κατὰ
756 1959 866 2012 τύχην
893 1957 1076 1997 ἀποὸαίνει
1104 1955 1149 1994 τὰ
1177 1955 1273 2008 πρά-

231 2039 361 2078 γματα.
382 2032 422 2061 V.

180 2107 214 2132 30
285 2102 348 2128 941.
370 2087 500 2127 τούτων
516 2101 525 2126 2
539 2084 672 2137 Ἤγουν
686 2085 753 2121 τῶν
769 2079 971 2133 εὐτυχιῶν-ὴ
987 2082 1053 2118 τῶν
1070 2078 1272 2132 ἀνθρώπων.

240 2156 324 2186 Vl'CI.

285 2223 350 2249 942.
381 2212 426 2252 ὡς
456 2210 569 2246 ταῦτα
598 2204 687 2253 δῆλά
715 2204 745 2256 γ’
776 2203 867 2242 ἔστιν
896 2215 905 2241 2
936 2201 1020 2241 Ἀπὸ
1051 2200 1181 2239 τούτων
1208 2199 1274 2251 γὰρ

232 2267 428 2314 κατάδηλόν
444 2267 548 2312 ἐστιν,
566 2264 597 2302 εἴ
613 2280 651 2315 γε
664 2262 733 2316 χρὴ
750 2261 991 2314 τεκμήρασθαι
1011 2260 1080 2303 τοῖς
1094 2263 1274 2312 παροῦσιν.

232 2327 272 2364 τὸ
291 2326 326 2364 83
347 2325 488 2378 θύρασιν
509 2323 584 2361 ἀντὶ
601 2327 662 2360 τοῦ
684 2322 718 2366 ἐξ
738 2320 890 2369 ἑτοίμου.

181 2415 216 2439 35
287 2409 352 2434 943.
383 2394 570 2444 ἐπείγετε;
596 2390 672 2444 [Τὰ
699 2393 842 2428 τοιαῦτα
863 2388 936 2435 εἴδη
962 2388 1120 2425 καλεῖται
1141 2385 1277 2425 ἀλλοιό-

235 2468 379 2505 στροφα.
399 2452 462 2490 εἶσι
482 2454 563 2502 γοῦν
584 2453 644 2495 τῆς
662 2447 723 2498 μὲν
744 2446 885 2499 πρώτης
905 2460 1055 2497 στροφης
1074 2445 1171 2481 κῶλα
1192 2446 1277 2480 ἀνα-

235 2509 404 2548 παιστικὰ
424 2509 505 2547 δέκα
515 2505 783 2579 ἐπιμεμιγμένα
807 2504 1178 2556 προκελευσματικοῖς,
1198 2500 1277 2538 τού-

234 2584 303 2606 των
323 2569 352 2606 δ’
372 2567 393 2604 ἃ
410 2566 472 2617 μὲν
492 2564 637 2618 δίμετρά
657 2565 741 2601 εἰσιν
763 2560 1013 2608 ἀκατάλη,κτα
1039 2559 1060 2596 ἃ
1082 2560 1109 2596 δ’
1131 2561 1277 2611 ἑφθημι-

236 2629 324 2679 μερῆ
350 2641 410 2664 και
440 2623 578 2677 βάσεις,
607 2620 696 2672 μετὰ
723 2619 758 2658 83
781 2634 892 2657 ταυτα
919 2617 1064 2667 ἰαμὸεἷα
1091 2616 1133 2661 C.
1161 2620 1223 2662 τῆς
1243 2615 1278 2653 δὲ

185 2703 217 2726 40
236 2684 395 2737 δευτέρας
423 2685 572 2735 στροφῆς
598 2680 643 2718 τὰ
668 2680 765 2717 κῶλα
794 2676 891 2730 τρία,
920 2679 967 2713 ὧν
993 2675 1032 2713 τὸ
1053 2674 1115 2725 μὲν
1141 2690 1278 2745 πρωτον

237 2741 411 2793 ἷαμὸεῖον,
429 2742 474 2779 τὰ
488 2740 516 2779 δ’
534 2740 624 2778 ἄλλα
641 2734 895 2781 ἀναπαιστικὰ,
915 2733 1059 2785 δίμετρα
1076 2731 1138 2782 μὲν
1155 2732 1278 2784 ἄμφω,

236 2800 276 2839 τὸ
293 2799 330 2839 δέ
346 2814 399 2838 τοι
419 2798 573 2851 δεύτερον
591 2793 860 2842 καταληκτικόν.
882 2794 932 2829 ὃ(
920 2790 996 2837 εξης
1014 2794 1073 2829 τοῦ
1093 2793 1278 2841 ὑποκριτοῦ

239 2859 357 2911 στίχος
372 2856 535 2908 ἷαμὸικὸς
554 2854 786 2908 τετράμετρος
802 2847 1070 2895 καταληκτικός.
1089 2864 1148 2893 της
1163 2847 1281 2900 τρίτης

240 2919 389 2970 στροφῆς
407 2914 451 2954 τὰ
470 2917 567 2953 κῶλα
592 2909 827 2951 ἀναπαιστικὰ
832 2908 1028 2979 Νειτέσσαρα
1017 2906 1109 2952 πλὴν
1136 2909 1196 2942 τοῦ
1221 2921 1280 2942 τε-

188 2991 221 3014 4:-
239 2975 399 3013 λευταίου
416 2973 654 3019 ἀκατάληκτα.
669 2987 699 3009 οι
718 2968 792 3015 εξῆς
809 2970 903 3009 αὖθις
919 2970 977 3003 τοῦ
995 2967 1181 3016 ὑποκριτοῦ
1199 2965 1282 3014 ἰαμ-

244 3033 335 3071 6ικοὶ
351 3032 574 3084 τετράμετροι
588 3025 851 3074 καταληκτικοί.
869 3028 930 3071 τῆς
949 3022 984 3061 83
1000 3022 1166 3074 τετάρτης
1182 3037 1281 3091 στρο-

246 3095 309 3144 φ’ἧς
333 3090 377 3128 τὰ
401 3092 497 3128 κῶλα
518 3087 656 3127 Ἰωνικὰ
677 3086 746 3124 ἀπὸ
772 3084 923 3135 μείζονος
949 3089 978 3125 ς’
987 3112 996 3129 ,
1024 3078 1282 3130 ἐπιμεμιγμένα

245 3149 376 3186 παίωσι
395 3163 454 3185 και
473 3147 666 3199 κρητικοῒς,
688 3143 915 3213 ἀκατάληκτα
933 3139 1024 3186 πλὴν
1043 3143 1104 3177 τοῦ
1121 3137 1282 3188 πέμπτου

248 3208 504 3252 καταληκτικοῦ
522 3221 581 3242 και
597 3208 653 3242 τοῦ
676 3219 696 3246 ς·
698 3200 899 3252 Ὕῆμιολίου.
919 3201 973 3251 ὑφ’
991 3198 1008 3236 8
1027 3199 1062 3235 αἱ
1081 3195 1284 3248 ἀμφοτέρω-

195 3288 230 3312 56
250 3267 332 3303 θεν
323 3264 386 3308 ἔξω
407 3265 538 3301 οιπλαῒ.
563 3262 772 3301 τιθέσθωσαν
793 3259 828 3297 83
848 3260 912 3296 κάν
932 3258 1006 3299 ταῖς
1026 3254 1228 3293 ἀποθέσεσιν
1249 3256 1284 3291 αἱ

250 3320 537 3391 παράγραφοιἮ
523 3337 556 3357 εν
577 3319 646 3372 ὅσῳ
667 3335 782 3392 φησιν,
801 3319 839 3355 ἐκ
858 3332 926 3353 των
947 3317 1030 3352 θεῶν
1054 3312 1097 3350 τὰ
1118 3311 1208 3350 κατὰ
1228 3312 1284 3349 τὸν

251 3380 427 3431 πόλεμον
414 3379 621 3417 εκπέπνευκε
633 3378 691 3416 καὶ
704 3375 915 3428 λελώφηκεν,
928 3371 1201 3420 σπουδάσωμεν“
1195 3369 1287 3422 ιδρύ-

996 269 1256 309 SCHOLIA
1284 269 1343 307 IN
1372 269 1583 309 PACEM.

1315 371 1363 407 αχ
1373 356 1515 396 θέντων.
1537 356 1677 409 σοὸαρὰ
1694 358 1729 396 δὲ
1758 359 1999 411 σεσοὸημένη,
2021 362 2208 409 εὖκίνητος.
2239 362 2351 413 μετά-

1313 428 1438 466 τροπος
1454 414 1490 451 δὲ
1509 414 1584 452 ἀντὶ
1603 419 1662 453 τοῦ
1683 415 1846 470 εὔκρατος
1864 419 2138 467 μεταὸληθεῖσα.

1368 484 1430 510 944.
1460 472 1601 524 κατέχει
1619 473 1663 511 τὰ
1682 475 1834 527 ἡμέτερα
1854 476 2058 528 πράγματα.
2075 485 2113 514 R.
2133 485 2174 515 V.

1368 544 1432 569 946.
1463 531 1538 568 ἀντὶ
1557 536 1615 569 τοῦ
1633 535 1654 578 ἠ
1674 532 1817 584 Εἰρήνη.
1840 541 1877 571 R.

1369 601 1433 627 948.
1463 588 1545 632 ὀλὰς
1567 603 1575 628 :
1599 589 1683 628 εὈτι
1704 590 1893 643 ἐκέκρυπτο
1910 593 1944 628 ἕν
1966 594 2015 644 τῷ
2035 595 2130 645 κοινῷ
2149 596 2170 639 ἡ
2196 592 2354 644 μάχαιρα
2375 605 2390 629 5

1314 649 1390 690 ταῖς
1406 647 1500 690 ὂλαῗς
1515 647 1575 684 καὶ
1590 649 1658 691 τοῖς
1677 647 1866 698 στέμμασι.
1885 649 1944 686 καὶ
1960 650 2112 688 ἐντεῦθεν
2132 655 2270 694 κανοῦν,
2287 649 2357 688 ἀπὸ

1315 709 1375 743 τοῦ
1396 705 1537 744 καίνειν.
1560 705 1712 744 Πλάτων
1734 707 1918 759 Παιδαρίῳ
1940 726 1954 740 «
1974 707 2053 759 φέρε
2075 710 2165 746 τοῦτ’
2188 708 2265 759 ἐμοὶ
2285 709 2358 746 δεῖ-

1319 782 1334 797 a
1350 763 1403 808 ξον
1420 764 1458 802 τὸ
1475 768 1599 802 κανοῦν
1618 780 1676 815 μοι
1695 766 1805 818 δεῦρο·
1824 765 1872 816 μὴ
1892 765 2036 818 μάγαιρ’
2054 766 2115 805 ἔνι.
2134 785 2150 800 »
2169 790 2221 796 —
2273 765 2358 806 Ἄλ-

1317 824 1396 866 λως·
1418 822 1557 860 εἰώθασι
1582 822 1648 874 γὰρ
1675 822 1732 860 ἐπὶ
1752 823 1790 861 τὸ
1809 828 1934 861 κανοῦν
1956 823 2018 870 τὴν
2044 824 2223 877 μάγαιραν
2244 824 2359 878 φέρειν

1317 880 1616 933 κατακρύπτοντες
1637 879 1744 929 αὐτὴν
1764 887 1840 924 ταῖς
1859 883 1954 925 ὂλαῖς
1972 881 2031 919 καὶ
2050 869 2121 926 τοῖς
2145 881 2357 933 στέμμασιν.
2381 896 2415 921 10

1318 946 1398 975 Ven.

1373 1010 1436 1034 951.
1466 998 1622 1056 Χαῒρις;
1650 999 1731 1036 Των
1757 996 1836 1050 περὶ
1861 996 1923 1040 τὰς
1952 996 2069 1041 θυσίας
2093 998 2254 1045 αὐλητῶν
2279 1001 2320 1044 ἠν
2346 998 2364 1034 ὁ

1320 1055 1458 1106 Χαῖρις.
1479 1059 1520 1100 ἠν
1539 1054 1574 1092 83
1593 1071 1653 1092 και
1673 1054 1785 1107 ε’τερος
1803 1054 2006 1107 κιθαρι)δός.

1374 1125 1438 1151 956.
1462 1111 1551 1150 ούτω
1567 1112 1630 1158 τὴν
1646 1112 1768 1164 χερνιβ
1772 1129 1792 1149 α
1813 1114 1944 1163 μᾶλλον
1960 1111 2256 1166 προπαροξυντέον
2273 1110 2365 1150 κατὰ

1321 1169 1383 1216 τὴν
1406 1170 1606 1221 ἀναλογίαν.
1626 1173 1656 1208 οἱ
1677 1170 1712 1208 83
1731 1170 1877 1208 Ἀττικοὶ
1897 1170 2144 1222 παροξύνουσιν
2164 1173 2209 1214 ὡς
2230 1173 2265 1208 ἐν
2281 1185 2366 1222 τρα-
2387 1183 2419 1208 15

1322 1228 1431 1280 γῳδίᾳ
1452 1228 1511 1265 καὶ
1531 1228 1710 1281 κωμῳδίᾳ.
1732 1228 1790 1266 δύο
1811 1229 1931 1266 διπλαῖ
1949 1229 2008 1266 καὶ
2035 1231 2069 1266 ἐν
2097 1229 2227 1268 ἐκθέσει
2253 1228 2366 1280 στίχοι

1324 1285 1482 1336 ἷαμῧικοὶ
1502 1285 1676 1338 τρίμετροι
1702 1286 1940 1332 ἀκατάληκτοι
1962 1286 2013 1330 ιζ’.
2034 1294 2074 1323 V.
2326 1273 2335 1280 ο

1379 1357 1442 1382 957.
1463 1343 1588 1396 περίιθι
1609 1357 1618 1382 1
1637 1346 1751 1382 Τοῦτο
1767 1346 1903 1396 πρῶτον
1920 1344 2056 1382 ἐποίουν
2073 1343 2295 1396 καθαίροντες
2310 1343 2368 1382 τὸν

1328 1401 1460 1453 βωμόν.

1379 1474 1444 1499 959.
1475 1459 1564 1497 οὕτω
1591 1459 1647 1497 διὰ
1673 1463 1732 1498 τοῦ
1758 1460 1781 1497 λ
1799 1460 1817 1497 ὃ
1841 1458 1903 1505 τὴν
1931 1459 2091 1510 κωμικὴν
2119 1459 2257 1513 γράψας
2280 1460 2369 1505 λέξιν
2389 1477 2424 1503 20

1328 1517 1569 1569 ἀναγινώσκει.
1591 1525 1630 1555 V.

1380 1576 1419 1613 τὸ
1440 1575 1556 1613 δαλίον
1578 1588 1587 1614 :
1608 1575 1661 1615 Τὸ
1681 1574 1771 1627 ὕδωρ
1790 1573 1926 1613 ἐδόκουν
1947 1574 2124 1627 καθαίρειν
2144 1575 2372 1614 ἀποὸάπτον-

1328 1632 1383 1676 τες
1401 1649 1434 1670 τι
1458 1637 1517 1670 τοῦ
1542 1632 1661 1685 πυρός·
1680 1632 1889 1685 καθαρτικὸν
1908 1632 1975 1684 γὰρ
1994 1632 2134 1670 πάντων
2161 1633 2200 1671 τὸ
2219 1637 2301 1686 πῦρ,
2326 1636 2373 1677 ὡς

1330 1691 1522 1744 Ευριπίδης
1538 1691 1706 1743 εΗρακλεῖ
1728 1692 1810 1742 [928]
1831 1709 1844 1723 «
1867 1690 2004 1740 μέλλων
2026 1691 2060 1729 83
2083 1691 2186 1730 δαλὸν
2205 1707 2298 1744 χειρι
2315 1694 2374 1730 δε-

1331 1768 1346 1784 «
1368 1749 1421 1802 ξιᾷ
1444 1749 1575 1801 φέρειν,
1597 1749 1653 1786 ἐπὶ
1679 1748 1809 1801 χέρνιὸ
1833 1750 1889 1798 (ὡς
1914 1748 2066 1801 βάψειεν)
2089 1749 2285 1799 Ἀλκμήνης
2312 1750 2373 1788 τό·
2392 1771 2426 1797 25

1331 1826 1346 1841 «
1368 1824 1436 1851 κος.
1468 1825 1481 1841 »
1502 1807 1553 1845 διὸ
1575 1806 1635 1845 καὶ
1656 1808 1694 1844 οὗ
1714 1806 1899 1859 γραπτέον,
1919 1806 1964 1850 ὥς
1982 1823 2086 1854 τινες,
2111 1807 2237 1859 δᾳδίον·
2257 1808 2373 1846 ἱκανὸν

1331 1865 1398 1919 γὰρ
1417 1866 1456 1903 τὸ
1474 1865 1663 1917 Εὐριπίδου
1682 1866 1727 1908 εἷς
1746 1864 1876 1904 πίστιν.

1384 1937 1446 1961 969.
1476 1924 1559 1976 πρὸς
1578 1923 1620 1961 τὸ
1634 1923 1754 1974 ἱερεῖον
1772 1922 1877 1973 λέγει.
1897 1922 2107 1967 ἐσπούδαζον
2125 1921 2192 1976 γὰρ
2211 1923 2376 1962 ἐπισπέν-

1333 1983 1446 2025 δοντες
1461 1981 1519 2019 ἵνα
1540 1981 1638 2034 σείσῃ
1659 1980 1723 2028 τὴν
1743 1980 1898 2033 κεφαλὴν
1918 1981 1979 2019 καὶ
1998 1981 2165 2020 ἐπινεύειν
2183 1983 2253 2026 τοῖς
2274 1985 2377 2035 ἱεροῖς

1333 2041 1427 2091 δοκῇ.
1451 2049 1489 2078 Β.
1510 2048 1551 2077 V.

1385 2113 1447 2137 962.
1478 2097 1552 2136 δέον
1570 2100 1677 2136 εἰπεῖν
1697 2116 1710 2132 «
1732 2100 1828 2150 ῥῖπτε
1845 2100 1912 2135 τῶν
1931 2097 2020 2135 ὅλων
2036 2101 2176 2151 κριθῶν,
2194 2117 2210 2132 »
2227 2093 2377 2137 νῦνεῖπε

1332 2159 1487 2208 γενικῶς.
1509 2156 1587 2193 ὂλαὶ
1606 2155 1672 2209 γὰρ
1690 2157 1725 2193 αἱ
1745 2155 1829 2208 πρὸς
1849 2154 1967 2193 θυσίαν
1992 2155 2118 2209 κριθαί.
2139 2168 2180 2198 v.

1386 2228 1450 2254 965.
1483 2214 1567 2268 πρὸς
1586 2214 1647 2261 τὴν
1666 2213 1786 2267 κριθὴν
1802 2214 1941 2264 παίζει,
1960 2213 2066 2252 ὅτιτὸ
2082 2217 2150 2252 τῶν
2171 2216 2302 2268 ἀνδρῶν
2323 2217 2378 2253 αἷ-

1334 2274 1422 2312 δοῒον
1449 2272 1568 2326 κριθὴν
1594 2273 1722 2324 ἔλεγον,
1742 2272 1780 2310 τὸ
1803 2272 1838 2311 83
1863 2274 2057 2324 γυναικεῖον
2079 2273 2219 2326 βύρσον.
2239 2296 2290 2302 -
2310 2289 2379 2312 κα-

1333 2332 1518 2385 κεμφοίτως
1536 2332 1575 2370 τὸ
1594 2331 1686 2374 πέος
1706 2339 1744 2368 R.
2397 2348 2432 2373 :35

1387 2404 1449 2429 968.
1478 2391 1560 2442 τῇδε
1582 2403 1590 2429 :
1622 2388 1833 2432 Σπένδοντες
1857 2387 1923 2440 γὰρ
1947 2387 2076 2439 ἔλεγον,
2099 2387 2151 2432 τίς
2176 2389 2277 2441 τ’ᾗδε,
2303 2390 2380 2428 ἀντὶ

1334 2451 1394 2485 τοῦ
1406 2446 1483 2495 ,τίς
1501 2447 1682 2499 πάρεστιν.
1701 2440 1776 2484 εἶτα
1795 2448 1824 2483 οἱ
1840 2444 2008 2496 παρόντες
2024 2445 2287 2498 εὖφημιζόμενοι
2304 2446 2380 2485 ἔλε-

1335 2521 1407 2556 γον,
1421 2505 1543 2543 πολλοὶ
1558 2521 1603 2542 κα
1591 2505 1716 2555 γαθοί-
1793 2507 1893 2541 τοῦτο
1910 2502 1975 2540 δὲ’
1962 2503 2098 2541 εποίουν
2115 2505 2147 2540 οἱ
2161 2503 2380 2553 σπένδοντες,

1334 2561 1390 2600 ἵνα
1423 2564 1453 2599 οἷ
1487 2560 1675 2604 συνειδότες
1704 2576 1738 2598 τι
1769 2563 1903 2602 ἑαυτοῖς
1933 2559 2062 2598 ἄτοπον
2095 2561 2280 2613 ἐκχωροῒεν
2311 2564 2378 2599 τῶν

1336 2620 1504 2658 σπονδῶν.
1522 2631 1559 2661 R.
1577 2632 1618 2662 V.
1639 2618 1678 2656 τὸ
1699 2617 1734 2656 83
1753 2622 1820 2656 ποῦ
1839 2616 1923 2655 ποτὲ
1943 2617 2018 2655 ἔστι
2037 2616 2131 2667 λέγει
2150 2619 2185 2656 ἐν
2204 2618 2291 2664 ἤθει.
2311 2622 2378 2657 ποῦ
2398 2633 2432 2660 40

1336 2677 1420 2716 εἰσὶν
1441 2680 1471 2715 οἱ
1491 2679 1742 2728 ἐπιφωνοῦντες
1753 2706 1762 2723 ,
1778 2676 1834 2713 ἵνα
1854 2677 1948 2728 αὐτῷ
1965 2675 2158 2727 ἐπιλέγοιεν
2173 2679 2338 2720 πιθανῶς.
2355 2675 2378 2724 ἢ

1336 2737 1381 2778 ὡς
1402 2734 1546 2785 μηδενὸς
1565 2733 1661 2776 ὄντος
1679 2736 1787 2771 καλοῦ
1804 2735 1973 2784 κάγαθοῦ.
1992 2735 2033 2769 V.

1389 2806 1454 2831 969.
1483 2790 1592 2829 τοισδὶ
1617 2804 1626 2829 :
1648 2793 1731 2833 Ἰοῖς
1755 2791 1946 2842 χορευταῖς.
1974 2792 2125 2842 καταχεῖ
2149 2789 2184 2829 δὲ
2208 2791 2321 2830 αὖτῶν
2340 2791 2380 2830 τὸ

1338 2849 1463 2901 ὕδωρ’
1449 2849 1505 2887 επὶ
1521 2847 1647 2899 γέλωτι
1666 2847 1725 2885 καὶ
1745 2847 1888 2885 ουδενιε
1875 2847 1993 2900 ετέρῳ.

1391 2920 1454 2946 974.
1475 2908 1579 2952 διπλῆ
1595 2906 1654 2943 καὶ
1669 2905 1812 2949 εἴσθεσις
1832 2907 1877 2949 εἷς
1895 2905 2121 2954 ἀνάπαιστον,
2136 2906 2288 2960 περίοδοι
2306 2907 2378 2955 δύο,
2396 2926 2432 2953 45

1337 2965 1400 3011 τὴν
1423 2964 1484 3015 μὲν
1504 2963 1985 3016 πεντεκαιτριακοντάμετρον
2009 2966 2048 3002 ιθ’
2068 2963 2247 3012 κώλων,“
2225 2981 2278 3003 οτι
2305 2964 2379 3016 ἔχει

1341 3022 1536 3074 μονόμετρα
1556 3027 1605 3072 γ’,
1624 3021 1662 3059 τό
1685 3037 1721 3059 τε
1745 3023 1773 3073 β’
1797 3021 1856 3059 καὶ
1881 3021 1933 3068 ιά,
1954 3022 2013 3059 καὶ
2034 3022 2094 3069 ις’,
2116 3021 2179 3069 τὴν
2200 3021 2236 3060 83
2261 3021 2379 3067 ἑξκαι-

1339 3079 1727 3132 τεσσαρακοντάμετρον
1760 3080 1810 3131 κγ’
1840 3079 1975 3128 κώλων,
2003 3080 2056 3118 ὅτι
2082 3080 2156 3133 ἔχει
2182 3080 2379 3134 μονόμετρα

1340 3138 1432 3191 τρία.
1455 3146 1495 3176 V.

1393 3210 1455 3234 981.
1484 3195 1744 3248 παρακλίνασαι
1763 3209 1771 3234 :
1790 3195 2065 3248 Παρανοίξασαι.
2081 3195 2242 3248 θΟμηρος
2263 3201 2315 3242 [11.
2333 3203 2378 3242 θ,
2397 3213 2431 3238 50

1342 3259 1406 3300 395]
1428 3272 1441 3288 u
1462 3253 1549 3303 ἠμὲν
1570 3255 1751 3291 ἀνακλῖναι
1769 3253 1910 3291 πυκινὸν
1930 3252 2028 3306 νέφος
2042 3254 2096 3299 ἠδ’
2115 3254 2290 3291 ἐπιθεῖναι.
2309 3271 2326 3286 »

1395 3326 1458 3351 986.
1487 3311 1576 3349 ποίει
1604 3311 1710 3361 μηδὲν
1737 3325 1745 3350 :
1768 3311 1829 3358 Μὴ
1855 3310 1946 3349 κατὰ
1967 3315 2095 3349 ταυτοῦ
2121 3311 2233 3361 ὀλίγον
2257 3310 2379 3364 χρόνον

2395 2060 2430 2085 3ῦ

1315 3358 1359 3442 Ἦ
1341 3368 1489 3420 ποιήσῃς
1506 3372 1598 3419 ἡμᾶς
1614 3368 1813 3406 ἀπολαῦσαί
1830 3383 1909 3416 σου,
1930 3368 2006 3406 ἀλλ’
2027 3368 2075 3410 εἷς
2092 3367 2208 3407 τέλεον
2228 3367 2378 3420 φανερὰν

255 3441 381 3476 σασθαι
401 3437 461 3483 τὴν
482 3435 655 3487 Θεωρίαν,
673 3437 739 3471 τῶν
756 3436 816 3478 τ’ἧς
835 3430 970 3484 εἰρήνης
990 3431 1127 3480 ἀγαθιΝΝ
1146 3430 1283 3465 ἀντεισ-
1315 3445 1319 3461 ι
1342 3430 1426 3476 ἡμῖν
1444 3426 1575 3473 σαυτὴν
1591 3426 1742 3474 ποίησον.
