2533 3808
1136 235 1423 274 PRAEFATIO.

342 341 461 385 serre
484 338 750 396 videbatur,
777 348 876 383 tum
896 339 935 384 si
955 337 1133 400 quibus
1151 348 1302 384 totam
1324 338 1502 384 molem
1519 338 1831 400 scholiorum,
1854 360 2061 406 quorum
2079 361 2229 407 prope

339 435 536 481 dimidia
567 452 676 498 pars
710 435 770 482 ab
805 434 1012 481 indoctis
1054 437 1284 498 magistris
1318 437 1587 500 composita
1628 448 1725 495 est,
1764 440 2035 502 perlegendi
2074 443 2225 487 otium

338 548 436 578 non
458 542 527 577 est
552 542 632 577 aut
654 532 869 589 animus,
895 531 1028 578 utilia
1055 532 1216 576 omnia
1242 530 1316 576 his
1342 532 1527 594 paginis
1558 531 1767 579 breviter
1789 535 1933 581 relata
1961 538 2225 584 invenient.

337 635 453 676 Nam
476 630 571 676 hoc
597 630 808 677 studiose
837 640 1139 677 consectatus
1166 647 1273 676 sum
1302 647 1362 676 ne
1385 630 1652 693 quidquam
1683 633 1955 680 omitterem
1983 636 2116 698 quod
2140 653 2230 682 usu

334 725 496 789 aliquo
522 742 623 772 esse
647 727 812 790 possit.
837 726 1096 773 Sciendum
1119 736 1187 772 est
1208 736 1370 772 autem

531 825 742 868 Rommo
768 832 815 868 et
839 822 1019 885 vulgari
1042 822 1313 869 charactere
1333 823 1506 886 scripta
1528 839 1628 869 6556
1651 839 1827 881 POETAE,

529 920 712 976 Italico,
743 937 840 966 esse
867 936 1277 978 scnmmsmaum,

527 1018 867 1081 parentheseos
893 1020 1035 1081 signis
1064 1019 1357 1066 circumdata
1385 1035 1412 1065 a
1436 1036 1575 1065 Noms

334 1113 498 1159 addita
539 1130 638 1160 esse
677 1113 872 1176 quando
906 1115 1225 1160 necessarium
1260 1113 1523 1159 videbatur.
1568 1115 1614 1161 Si
1651 1115 1758 1177 quis
1791 1116 1988 1177 repetita
2015 1115 2231 1176 quaedam

334 1211 513 1258 alicubi
539 1229 639 1258 esse
663 1222 709 1258 et
737 1212 929 1258 brevius
960 1212 1361 1274 commodiusque
1385 1210 1575 1274 disponi
1612 1212 1825 1274 potuisse
1858 1212 2229 1271 animadvertet,

337 1311 454 1356 scito
492 1328 580 1356 nos
614 1311 662 1357 id
697 1322 929 1375 spectasse
963 1322 1017 1357 ut
1045 1311 1162 1374 quid
1196 1321 1240 1357 et
1270 1320 1505 1374 quantum
1535 1310 1595 1357 de
1636 1327 1827 1374 quaque
1864 1327 1914 1356 re
1954 1312 2003 1356 in
2036 1328 2232 1373 quoque

336 1409 444 1454 loco
479 1420 631 1472 poetae
663 1419 744 1455 aut
782 1409 1079 1456 scholiorum
1112 1409 1290 1472 legatur
1327 1418 1550 1472 appareat
1577 1426 1586 1453 :
1609 1425 1714 1471 quae
1752 1410 1938 1455 notatio
1979 1409 2234 1455 contractis

336 1503 584 1548 nonnullis
609 1504 840 1566 periisset.

403 1597 635 1644 Absoluto
661 1599 810 1645 indici
836 1609 1002 1645 nostro
1035 1599 1369 1644 Kusterianum
1399 1597 1718 1654 contulimus,
1746 1607 1793 1643 et
1822 1613 1928 1660 quae
1952 1597 2002 1643 in
2029 1613 2087 1642 eo
2114 1596 2232 1642 vidi-

337 1710 442 1741 mus
482 1695 625 1741 nobis
655 1713 755 1742 non
797 1697 962 1755 relata,
992 1697 1128 1742 uncis
1159 1695 1345 1742 inclusa
1372 1711 1483 1741 cum
1522 1695 1717 1741 nomine
1760 1695 1908 1759 ipsius
1948 1693 2233 1757 adjecimus,

337 1810 628 1857 quamquam
654 1795 714 1842 ab
751 1806 918 1843 nostro
944 1796 1145 1843 consilio
1167 1795 1331 1842 aliena.
